4010 6078
170 260 299 328 533

1512 246 1788 317 ἘΕΒΤΑ
1828 247 2247 315 TANCREDI.

3469 240 3590 304 534

172 394 531 472 sanguinem
556 411 571 451 :
595 395 720 461 sed,
743 392 992 452 reversis
1018 389 1090 449 ad
1114 388 1275 449 socia
1302 405 1468 447 arma
1484 388 1824 455 victoribus,
1857 388 1913 455 Α
1943 383 2112 444 ducis
2141 383 2385 447 civitas:
2436 399 2609 456 porro
2655 384 2850 441 Emma
2904 382 2963 437 et
3004 380 3237 449 Hormo,
3287 377 3590 437 Tancredo

174 486 355 545 allata
386 486 539 561 palis
568 486 763 558 capita
788 485 1133 557 inﬁguntur,
1157 481 1276 555 pali
1306 478 1517 537 tellure
1547 484 1681 535 ante
1711 494 1837 532 mu-

172 595 273 635 ros
302 578 365 633 in
402 578 722 648 conspectu
766 574 1028 630 hostium
1079 572 1360 629 seriatim.
1412 570 1719 625 Inventum
1748 572 1837 623 est

173 683 365 723 unum
400 667 554 722 inter
579 668 786 720 catera
816 667 874 718 et
918 662 1028 719 hoc
1071 659 1413 717 memoriale
1442 659 1515 714 ab
1565 657 1733 714 oculo
1761 657 1834 712 ad

173 755 418 814 oculum
446 751 864 827 semipedalem
907 750 1247 807 distantiam
1294 749 1535 805 habens.
1567 746 1837 803 Clamant

175 846 276 920 qui
304 847 585 918 inﬁgunt,
616 841 1019 916 spectantibus
1057 841 1129 896 de
1172 839 1360 895 muris
1409 836 1669 894 civibus:
1703 851 1833 891 ecce

173 952 313 1009 spes
340 938 561 999 vestra,
594 949 724 988 ecce
753 930 925 987 mina
939 933 1166 995 vestra,
1198 945 1329 984 ecce
1350 928 1632 984 adversus
1655 926 1833 981 Fran-

173 1042 273 1082 cos
296 1024 458 1080 vires
488 1025 824 1095 corrogata,
850 1020 1053 1075 eadem
1075 1018 1242 1074 vobis
1262 1016 1553 1090 stipendia
1580 1030 1835 1071 reserva-

172 1130 330 1183 mus,
364 1110 581 1169 similis
627 1111 816 1166 exitus
873 1107 1099 1164 similes
1156 1110 1373 1171 manet,
1408 1103 1618 1160 inclusi
1669 1102 1830 1167 estis,

172 1206 377 1276 erepta
408 1204 499 1258 est
528 1200 686 1273 fuga,
723 1200 1074 1271 consumpta
1093 1196 1286 1261 Ceres,
1338 1195 1522 1267 fames
1570 1192 1829 1259 inducta,

168 1291 512 1350 subsidium
541 1290 906 1361 ademptum,
937 1286 1183 1342 adversa
1211 1284 1428 1342 omnia.
1451 1281 1589 1338 Viso
1611 1279 1835 1337 audito-

171 1400 284 1457 que
310 1381 479 1454 quod
500 1382 807 1453 gesserant
837 1375 1062 1442 Franci,
1095 1391 1163 1430 ac
1193 1374 1499 1430 dixerant:
1534 1371 1684 1427 Urbs
1720 1373 1834 1424 tre-

170 1473 339 1547 pitat,
376 1486 487 1526 nec
517 1469 589 1525 de
619 1471 828 1523 catero
860 1466 1013 1521 sicut
1043 1464 1208 1537 prius
1257 1465 1457 1536 portas
1501 1459 1709 1532 aperit,
1742 1461 1831 1513 ta-

173 1560 359 1618 bescit
390 1560 451 1615 in
480 1558 655 1621 fame,
686 1556 847 1630 luget
877 1555 936 1611 in
974 1555 1189 1610 timore
1216 1570 1232 1621 ;
1265 1552 1323 1607 in
1368 1552 1476 1608 hac
1522 1565 1622 1605 ver
1651 1548 1832 1604 conti-

172 1663 360 1704 nuum
394 1644 728 1702 calamitate
757 1642 1116 1716 transigunt,
1150 1639 1318 1714 panis
1362 1637 1623 1711 inopiam
1653 1653 1833 1691 verna

172 1737 339 1811 copia
371 1734 686 1792 frondibus
705 1731 1024 1804 herbisque
1050 1747 1213 1787 more
1235 1729 1525 1802 pecudum
1548 1727 1828 1782 levantes.

171 1828 337 1884 Tunc
376 1822 719 1889 Cassianus,
750 1821 859 1877 hoc
888 1825 1013 1877 erat
1033 1817 1316 1893 principis
1348 1816 1559 1873 inclusi
1590 1831 1826 1880 nomen,

172 1915 268 1972 dat
296 1913 649 1977 edictum,et
676 1909 777 1983 qui
800 1912 1135 1966 scrutentur
1158 1906 1357 1973 mittit,
1390 1910 1457 1962 ut
1475 1905 1631 1978 apud
1652 1919 1829 1977 quem

172 2005 393 2063 civium
424 2000 785 2058 inveniretur
822 2015 1093 2067 annona;
1124 1997 1429 2054 dimidiam
1470 1996 1597 2069 ipse
1628 1993 1700 2050 ad
1734 2008 1830 2048 cu-

173 2094 319 2151 riam
342 2091 608 2148 mitteret
631 2106 646 2155 ;
668 2089 741 2145 de
762 2087 988 2160 reliquo
1004 2090 1070 2143 ut
1089 2089 1306 2160 posset,
1336 2085 1518 2140 vitam
1540 2084 1830 2140 sustenta-

172 2186 275 2240 ret.
327 2179 571 2245 Civitas,
628 2178 738 2234 hoc
794 2175 1016 2244 audito,
1074 2192 1249 2250 grave
1305 2175 1519 2239 ferunt,
1578 2169 1831 2229 tolerant

170 2276 371 2328 tamen
398 2286 414 2325 :
446 2282 743 2325 annonam
775 2264 1108 2333 dimidiant,
1138 2264 1248 2320 hoc
1286 2264 1459 2321 curia
1491 2260 1637 2317 illud
1666 2259 1825 2326 vita;

174 2359 411 2434 mitigat
457 2358 746 2414 damnum
798 2371 941 2411 usus
990 2355 1117 2428 ipse
1166 2354 1541 2418 damnorum,
1575 2348 1827 2405 maxime

174 2448 328 2523 quod
373 2444 735 2503 bellatricem
786 2460 1027 2500 manum
1078 2447 1353 2516 sumptus
1394 2440 1493 2497 ille
1553 2438 1705 2495 alere
1735 2437 1829 2493 de-

173 2538 370 2594 bebat.

241 2625 440 2682 LVIII.
485 2655 552 2665 —
581 2623 755 2681 Multi
790 2622 952 2679 dum:
989 2621 1057 2678 ab
1094 2620 1373 2679 obsidione
1399 2624 1751 2676 recesserunt.

238 2716 670 2772 Abscesserant
696 2713 919 2768 interea
937 2727 1006 2768 ex
1035 2711 1243 2767 castris
1271 2709 1428 2766 exosi
1456 2708 1628 2764 tadio
1652 2704 1828 2761 comi-

172 2808 257 2861 tes
284 2802 591 2861 Blesensis
622 2801 681 2856 in
713 2800 1011 2874 Cyliciam,
1044 2798 1375 2856 Laodiciam
1407 2799 1822 2862 Normannus;

170 2892 472 2950 Blesensis
504 2890 796 2947 Tharsum
844 2889 918 2945 ob
966 2887 1289 2945 remedium
1341 2887 1638 2961 egestatis,
1680 2885 1824 2940 Nor-

170 2998 431 3039 mannus
452 2980 529 3036 ad
558 2977 799 3053 Anglos,
820 2995 921 3050 spe
944 2976 1381 3034 dominationis.
1405 2974 1575 3049 Angli
1595 2966 1663 3030 ea
1682 2978 1827 3029 tem-

168 3076 397 3146 pestate
428 3067 763 3125 Laodiciam
810 3067 1106 3135 tenebant,
1138 3066 1307 3122 missi
1353 3065 1429 3120 ab
1475 3064 1825 3137 imperatore

1946 488 2296 558 serviebant,
2329 500 2580 555 cumque
2608 483 2704 540 his
2725 482 2913 542 multa
2942 483 3001 538 et
3024 479 3289 555 proxima
3307 480 3517 539 castris
3530 485 3591 538 et.
3645 536 3657 543 .

1944 578 2259 635 uberrima.
2292 577 2420 650 Ipse
2450 575 2680 649 primus
2709 572 3591 643 adventaverat,omnium,sicut

1944 685 2125 741 supra
2152 666 2491 734 memoravi,
2525 681 2886 739 pracursor:
2922 681 3048 738 qua
3079 663 3394 737 pracursio
3438 663 3587 723 illud

1942 756 2100 830 vulgi
2128 755 2333 813 effectu
2364 772 2471 812 suo
2499 754 2853 822 corroborat,
2885 753 2987 826 qui
3037 753 3265 827 primus
3301 752 3586 821 nascitur,

1943 847 2171 920 primus
2201 844 2461 918 pascitur
2482 861 2638 913 ;nam
2661 843 2761 899 ubi
2786 843 2970 900 fames
2992 842 3431 916 increbuit,ipse
3450 860 3590 917 opu-

1942 936 2138 992 lentus
2170 935 2462 991 neminem
2494 934 2566 990 de
2596 931 2936 990 domesticis
2965 931 3091 988 suis
3112 948 3147 989 a
3174 948 3381 989 mensa
3399 931 3589 989 exclu-

1942 1024 2040 1090 sit,
2074 1023 2293 1081 multos
2321 1024 2394 1080 ab
2419 1022 2551 1080 aliis
2579 1020 2845 1078 exclusos
2865 1019 3126 1093 suscepit
3146 1038 3213 1077 ac
3240 1019 3587 1078 fovit.Vallis

1940 1115 2090 1171 Doxa
2120 1112 2525 1170 Boamundum
2555 1110 2766 1182 alebat,
2808 1127 2937 1185 qua
2987 1108 3194 1166 merito
3234 1109 3352 1166 tale
3381 1108 3590 1168 sortita

1941 1205 2032 1257 est
2061 1216 2295 1267 nomen,
2329 1198 2378 1255 si
2418 1198 2655 1272 quidem
2683 1197 2814 1272 ipsa
2859 1198 3012 1254 inter
3067 1201 3304 1254 cateras
3341 1195 3585 1255 vallium

1941 1288 2125 1362 gloria
2155 1288 2471 1354 messibus,
2501 1288 2708 1355 vineis,
2741 1286 3069 1354 arboribus,
3102 1286 3241 1343 rivis
3283 1287 3582 1358 exuberat,

1941 1380 2008 1432 ut
2037 1376 2368 1450 antiquitus
2389 1382 2603 1450 Dapnc,
2635 1377 2791 1450 quod
2824 1377 2979 1449 apud
3012 1375 3242 1434 Gracos
3272 1378 3587 1437 amcenitas

1940 1469 2111 1521 sonat
2139 1465 2251 1521 dici
2283 1469 2622 1532 mereretur,
2652 1464 2968 1521 Antiochia
2985 1465 3261 1539 contigua
3289 1464 3364 1522 ab
3383 1469 3585 1523 austro

1939 1570 2152 1627 magno
2182 1553 2436 1628 indiguit
2462 1557 2676 1620 tutore,
2709 1552 2809 1627 qui
2839 1552 3092 1610 esuriem
3143 1553 3358 1611 civium
3389 1571 3586 1614 arcere

1939 1644 2288 1700 sufficereta
2337 1643 2504 1717 copia
2548 1642 2984 1699 alimentorum.
3037 1642 3341 1700 Habebunt
3387 1647 3447 1701 et
3483 1643 3584 1701 alii

1939 1731 2234 1806 principes
2264 1731 2380 1788 alia
2409 1731 2643 1805 oppida,
2675 1747 2926 1805 quorum
2944 1732 3289 1789 memoriam
3320 1731 3447 1790 dies
3463 1732 3585 1790 lon-

1938 1836 2043 1894 gos
2071 1819 2315 1878 delevit:
2348 1837 2464 1877 non
2507 1820 2719 1879 delevit
2766 1825 2964 1878 tamen
3005 1821 3335 1879 Raimundo
3381 1818 3580 1879 comiti

1937 1911 2196 1979 Rubeam,
2230 1910 2449 1983 Rufum,
2485 1911 2749 1978 Ανσίεαη,
2780 1911 3084 1984 Belmcsyn,
3114 1910 3438 1986 municipia
3464 1928 3581 1969 ser-

1936 2015 2111 2055 V1858.

2250 2088 2362 2146 LX.
2394 2120 2462 2132 —
2494 2088 2687 2147 Gravis
2715 2089 2776 2146 in
2805 2089 3050 2146 exercitu
3073 2091 3266 2162 fames.

2009 2176 2105 2234 Sic
2135 2176 2415 2251 primates
2463 2178 2824 2252 provinciam
2872 2182 3318 2252 occupaverant.
3352 2181 3458 2237 Ast
3480 2178 3579 2237 alii

1938 2267 2105 2323 fama
2135 2266 2399 2335 minoris,
2431 2266 2568 2324 licet
2597 2284 2823 2342 magna
2875 2267 3063 2324 multa
3090 2267 3335 2342 penuria
3362 2268 3580 2327 afficie-

1936 2357 2182 2414 bantur:
2196 2358 2477 2431 quoniam
2495 2356 2732 2431 quidem
2748 2373 2852 2413 nec
2868 2356 3025 2414 exire
3035 2373 3326 2425 mors,nec
3345 2373 3581 2416 manere

1937 2446 2124 2525 fames
2144 2445 2390 2520 gemina
2419 2445 2590 2519 quasi
2620 2445 2746 2503 sine
2766 2445 2959 2502 medio
2979 2445 3264 2521 augustia
3295 2445 3577 2520 populum

1936 2535 2693 2593 dimittebant.lnduxerant
2719 2533 2878 2591 enim
2900 2535 3115 2591 famem
3141 2551 3307 2592 mora
3322 2534 3583 2610 longa,et

1935 2623 2191 2698 populus
2220 2624 2488 2682 infinitus
2513 2641 2527 2693 ;
2560 2640 2732 2697 porro
2764 2640 2880 2680 non
2909 2627 3036 2681 erat
3052 2614 3179 2681 dies
3199 2623 3580 2698 qniobsiden-

1934 2714 2080 2770 tium
2116 2730 2288 2770 aures
2316 2714 2387 2771 de
2402 2729 2773 2788 egressorum
2793 2713 2866 2769 ad
2876 2712 3152 2770 victualia
3165 2730 3307 2771 nece
3326 2730 3442 2771 non
3462 2718 3580 2772 ter-

1935 2808 2087 2860 reret
2114 2803 2352 2860 audita:
2386 2802 2679 2876 principes
2708 2806 2904 2859 tamen
2941 2819 3097 2858 nunc
3152 2800 3267 2870 hic,
3299 2819 3457 2860 nunc
3483 2802 3582 2862 ille

1932 2892 2190 2948 vicissim
2224 2891 2560 2964 prasidium
2580 2890 2903 2947 viatoribus
2922 2889 3508 2958 ferebant,interdum
3523 2896 3582 2950 et

1932 2982 2046 3056 ipsi
2068 2982 2337 3057 prasidio
2381 2986 2657 3057 egentes:
2709 2998 2847 3038 nam
2896 2998 3078 3055 supra
3124 2985 3448 3039 memorata
3475 2980 3580 3039 illa

1934 3071 2212 3129 australis
2243 3075 2411 3145 porta
2431 3069 2909 3145 semperinsidiis
2929 3074 3467 3144 patens,nunquam
3483 3071 3578 3129 de-

164 3137 394 3229 tutela;
440 3159 613 3231 cujus
662 3158 810 3213 lines
846 3173 1031 3230 vagus
1077 3154 1470 3229 populabatur
1510 3150 1818 3219 exercitus,
1851 3137 1894 3204 (ἶ
1933 3159 2176 3216 sistebat
2203 3137 2471 3217 cohortes
2502 3137 2764 3228 fundere,
2798 3137 3202 3231 qua-augusta
3226 3137 3454 3215 viarum
3475 3159 3576 3217 ob-

164 3249 361 3323 ipsam
396 3261 631 3321 quoque
647 3262 780 3302 cum
800 3244 1075 3302 violentia
1091 3244 1418 3316 irrumpere
1440 3238 1821 3306 tentantes,in

1931 3248 2116 3306 sidere
2126 3253 2205 3314 nt,
2238 3248 2438 3321 sicque
2453 3247 2773 3304 viatoribus
2793 3252 3164 3303 occurrerent
3181 3246 3424 3320 ignaris.
3437 3247 3571 3306 Jam

169 3338 275 3395 hac
287 3335 612 3394 formidine
631 3332 801 3409 Angli
823 3337 1174 3390 assertorem
1190 3336 1395 3388 vocant
1416 3330 1822 3403 prwscriptum
1928 3355 2063 3395 vero
2092 3337 2278 3395 acrior
2298 3336 2502 3403 altera,
2534 3336 2592 3392 id
2624 3339 2711 3393 est
2743 3336 2928 3393 fames
2956 3336 3416 3410 praponderavit
3443 3353 3572 3411 qua

168 3426 476 3491 comitem,
508 3422 819 3480 consilium
869 3421 1037 3478 ﬁdele
1084 3438 1151 3477 ac
1197 3421 1474 3494 prudens.
1523 3418 1680 3475 Fidei
1714 3417 1825 3472 fuit

167 3514 412 3571 ﬁdelem
443 3513 686 3568 domino
743 3528 850 3568 suo
904 3510 1116 3578 virum,
1150 3509 1244 3566 cui
1301 3526 1364 3568 se
1421 3507 1825 3581 manciparent

166 3603 489 3669 asciscere,
501 3602 647 3674 jugo
664 3599 1053 3657 Normannico
1073 3616 1136 3655 se
1166 3597 1822 3666 substraxerant,denuo

165 3692 462 3760 subdunt,
497 3690 607 3746 hoc
638 3689 979 3763 prudentia,
1005 3687 1196 3761 gentis
1214 3687 1378 3743 illius
1408 3687 1582 3742 fidem
1605 3684 1824 3757 experti

164 3788 223 3838 et
253 3796 509 3838 munera
545 3777 711 3835 facile
731 3779 977 3835 redeunt
996 3778 1152 3833 unde
1181 3776 1456 3832 exierant.
1483 3775 1663 3849 Igitur
1683 3775 1824 3830 Nor-

165 3886 432 3928 mannus
461 3883 661 3923 comes
702 3868 1008 3947 ingressus
1037 3865 1394 3933 Laodiciam,
1429 3880 1634 3921 somno
1654 3880 1822 3919 vaca-

164 3961 263 4016 bat
294 3964 359 4015 et
403 3956 564 4024 otio;
598 3973 702 4012 nec
751 3955 978 4011 inutilis
1024 3960 1222 4012 tamen
1270 3955 1411 4009 dum
1460 3951 1819 4027 opulentiam

164 4054 404 4113 nactus,
438 4045 574 4102 aliis
595 4044 992 4118 indigentibus
1022 4043 1183 4117 large
1206 4044 1517 4117 erogabat:
1542 4042 1820 4115 quoniam

162 4153 453 4195 conserva
481 4135 705 4207 Cyprus
730 4133 974 4199 Baccho,
1025 4134 1250 4200 Cerere,
1284 4136 1341 4188 et
1389 4131 1574 4189 multo
1619 4148 1823 4205 pecore

161 4226 485 4284 abundans
505 4223 838 4279 Laodiciam
862 4222 1200 4296 repleverat,
1225 4223 1443 4295 quippe
1463 4221 1822 4295 indigentem

162 4315 423 4371 vicinam
474 4311 881 4369 Christicolam
930 4315 987 4367 et
1042 4310 1210 4384 quasi
1271 4310 1652 4367 collacteam:
1695 4311 1825 4382 ipsa

168 4418 433 4476 namque
465 4419 583 4457 una
610 4401 671 4457 in
706 4400 898 4457 littore
928 4401 1071 4474 Syro
1101 4404 1158 4456 et
1186 4400 1485 4457 Christum
1516 4398 1824 4467 colebat,et

1931 3432 2127 3500 spreta
2156 3443 2298 3482 nece
2325 3425 2441 3482 huc
2466 3423 2607 3481 illuc
2663 3424 2951 3498 palantes,
2998 3423 3178 3481 veluti
3228 3441 3407 3498 apum
3436 3441 3576 3483 exa-

1932 3515 2094 3572 mina
2124 3514 2286 3571 misit
2313 3514 2651 3571 exercitum.
2685 3513 2833 3581 Quid
2866 3513 3051 3571 fames
3082 3530 3200 3571 non
3231 3513 3574 3588 spernit?ad

1932 3603 2074 3677 quid
2106 3620 2222 3658 non
2264 3601 2561 3675 impellit?
2607 3617 2785 3675 quem
2845 3600 3065 3673 pudere
3116 3600 3301 3658 sinit?
3331 3599 3436 3658 Illa
3465 3600 3580 3658 fuit

1931 3691 2109 3749 etiam
2140 3691 2388 3748 Guidoni
2424 3691 2623 3747 Rubeo
2654 3688 3086 3762 Wilbelmoque
3115 3689 3428 3764 agnomina
3448 3693 3578 3747 Car-

1930 3781 2195 3855 pentario
2226 3780 2537 3837 abscessus
2558 3796 2756 3848 causa,
2774 3779 2914 3834 viris
2936 3777 3267 3836 illustribus
3305 3778 3574 3852 interque

1929 3870 2221 3945 palatinos
2246 3869 2399 3943 regis
2428 3868 2681 3925 Francia
2699 3885 2814 3925 non
2846 3866 3145 3925 obscuris:
3178 3867 3273 3935 iis,
3305 3866 3571 3941 inquam,

1931 3957 2093 4015 abire
2145 3956 2512 4030 parantibus,
2564 3956 2940 4013 Boamundus
2991 3956 3179 4012 adest.
3212 3978 3240 4007 «
3272 3956 3342 4012 Et
3371 3972 3572 4029 quam,

1930 4046 2146 4119 inquit,
2176 4045 2339 4102 vobis
2372 4045 2630 4118 requiem
2664 4045 2948 4118 quaritis,
2980 4044 3126 4100 nihii
3174 4045 3245 4101 de
3275 4044 3573 4102 communi

1930 4135 2128 4193 labore
2158 4133 2442 4191 solliciti?
2472 4132 2696 4191 nobiles
2716 4132 3055 4207 estis,patet
3073 4133 3185 4201 via,
3217 4137 3309 4191 est
3337 4132 3432 4191 hic
3454 4137 3576 4190 ten-

1932 4225 2082 4282 toria
2111 4224 2433 4280 manebunt
2478 4223 2550 4280 ad
2581 4228 2861 4280 aternum
2895 4221 3151 4279 nominis
3194 4222 3313 4279 imo
3342 4220 3575 4295 generis

1930 4313 2106 4371 vestri
2140 4314 2230 4386 [[2,
2263 4311 2592 4384 infamiam]
2633 4310 2877 4385 publica
2928 4310 3278 4367 reservanda
3306 4309 3516 4366 cloaca
3546 4332 3575 4361 »ι

1933 4402 2252 4460 Discedunt
2278 4401 2359 4457 illi
2393 4400 2648 4457 infamia
2689 4399 2903 4467 securi,
2934 4400 3118 4456 fames
3149 4396 3408 4455 stimulis
3437 4414 3576 4454 con-

166 4492 377 4550 Alexio
399 4490 707 4547 serviebat.
739 4490 854 4545 Sed
886 4506 991 4545 nec
1020 4488 1102 4545 sic
1141 4493 1414 4545 excusato
1451 4488 1588 4557 otio,
1623 4490 1825 4561 pradi-
1855 4509 1901 4574 Ι)
1932 4491 2141 4549 temnit
2168 4490 2505 4546 infamiam:
2540 4490 2811 4545 comitem
2856 4492 3183 4561 sequuntur
3211 4486 3577 4560 Stephanum
3650 4490 3659 4495 ’

168 4588 301 4639 ctus
334 4595 537 4637 comes
566 4579 785 4635 frustra
814 4578 995 4635 semel
1019 4583 1194 4651 atque
1224 4578 1436 4634 iterum
1451 4578 1522 4634 ad
1537 4582 1826 4634 castrare-

167 4675 437 4727 vocatur.
464 4668 661 4724 Tertio
692 4668 803 4725 sub
831 4668 1202 4724 anathemate
1232 4667 1474 4734 accitus,
1508 4667 1656 4723 redit
1674 4666 1824 4723 invi-

168 4764 269 4816 tus
293 4756 619 4814 :diflicilem
653 4756 811 4812 enim
838 4756 1090 4813 habebat
1117 4756 1433 4812 transitum
1455 4756 1823 4824 commeatio,

170 4864 303 4921 qua
334 4844 537 4902 comiti
572 4843 908 4901 ministrare
938 4842 1211 4900 Laodicia
1235 4843 1475 4900 veniens
1501 4843 1768 4901 debebat.

408 4932 551 4989 LIX.
583 4964 653 4974 -—
684 4932 1060 4990 Obsidcnlium
1088 4932 1291 4988 ducum
1316 4932 1592 4989 stationes.

242 5021 547 5096 Principes
578 5020 680 5078 alii
712 5021 989 5095 propiora
1034 5025 1457 5094 occupaverant
1485 5021 1823 5094 municipia,

172 5114 425 5186 ideoque
454 5110 623 5167 facile
652 5110 846 5167 alebat
874 5126 973 5168 eos
1001 5110 1408 5184 opportunitas
1439 5110 1820 5167 commodior.

170 5200 319 5260 Deci
352 5200 581 5257 sedium
613 5199 937 5273 contigerat
957 5199 1212 5272 copiosa,
1239 5198 1525 5271 populosa
1546 5198 1748 5255 civitas
1769 5205 1825 5255 et

172 5290 398 5347 vinosa.
412 5289 639 5346 Vallem
657 5289 1043 5363 propinquam
1058 5288 1293 5344 tenebat
1313 5286 1593 5343 Flandria
1608 5305 1824 5359 comes,

1934 4579 2034 4654 qui
2064 4580 2124 4634 in
2155 4577 2382 4651 Cylicia
2406 4576 2622 4635 finibus
2643 4577 2900 4651 quietem
2931 4592 3101 4650 agere
3121 4591 3302 4649 supra
3321 4573 3579 4648 scriptus

1933 4674 2041 4726 est.
2075 4668 2260 4725 Unius
2310 4665 2722 4742 generationis,
2755 4665 2934 4722 unius
2979 4663 3162 4721 moris
3208 4662 3337 4733 viri,
3371 4663 3582 4720 unani-

1934 4759 2109 4814 miter
2126 4756 2385 4813 laborem
2405 4755 2860 4823 oderant,otium
2882 4753 3579 4826 sectabantur,pugnaces

1935 4852 2130 4905 tamen
2156 4863 2170 4901 :
2202 4847 2306 4902 sed
2337 4844 2491 4901 inter
2522 4843 2673 4901 bella
2701 4842 2927 4900 deliciis
2951 4842 3194 4899 assueti.

2292 4933 2429 4990 LXI.
2461 4966 2531 4975 —
2557 4933 2992 4990 Provincialium
3019 4947 3213 4988 mores.

2006 5024 2205 5083 Gentis
2236 5024 2416 5097 hujus
2442 5023 2717 5081 sublimis
2745 5026 2835 5080 est
2861 5020 3087 5092 oculus,
3121 5020 3368 5095 spiritus
3399 5020 3579 5088 ferox,

1932 5118 2213 5189 prompta
2238 5114 2310 5171 ad
2334 5130 2500 5170 arma
2518 5113 3068 5181 dextera,caterum
3089 5111 3163 5168 ad
3184 5108 3583 5184 spargendum

1933 5204 2209 5278 prodiga,
2244 5204 2316 5260 ad
2349 5201 2826 5278 congregandnm
2880 5202 3122 5273 ignava.
3155 5198 3258 5256 His
3295 5201 3584 5273 quantum

1936 5292 2093 5349 anati
2122 5293 2362 5367 gallina,
2397 5289 2787 5367 provinciales
2815 5289 3102 5360 moribus,
3133 5287 3368 5355 animis,
3400 5284 3585 5352 cultu,

175 5381 235 5438 in
282 5395 405 5453 qua
450 5379 681 5447 Baiana,
741 5378 1137 5445 Barthcmolin,
1195 5375 1462 5432 Corsehcl.
1525 5376 1827 5434 Barsoldau
1936 5381 2093 5437 victu
2127 5383 2619 5442 adversabantur:
2676 5397 2821 5453 pace
2862 5379 3128 5447 vivendo,
3176 5374 3421 5434 sollicife
3466 5389 3592 5445 per-

172 5470 396 5545 oppida
422 5472 610 5535 erant,
643 5473 851 5542 prater
879 5468 1001 5525 hac
1031 5464 1372 5538 complura:
1409 5464 1542 5523 inde
1564 5469 1654 5522 est
1674 5470 1829 5540 quod
1940 5474 2283 5539 scrutando,
2314 5471 2645 5532 laboriferi:
2680 5470 2788 5525 sed
2819 5487 2894 5527 ne
2917 5483 3117 5523 verum
3146 5469 3372 5521 taceam
3398 5459 3598 5520 minus

172 5560 371 5619 adhuc
399 5557 503 5618 illa
529 5557 745 5620 dicitur
762 5553 1201 5622 Valliscomitis,
1224 5553 1377 5611 sicut
1403 5555 1578 5612 etiam
1601 5555 1833 5620 sedium
1944 5557 2233 5620 bellicosi.
2262 5562 2543 5625 Muliebre
2570 5557 2829 5634 quidam
2857 5572 3004 5628 esse,
3034 5552 3215 5620 aiunt,
3245 5554 3304 5611 et
3320 5553 3602 5621 tanquam
