3984 6078
328 306 446 370 535

335 531 645 605 invigilant
675 548 741 586 ac
772 532 1088 594 mulorum,
1134 534 1240 588 Sed
1254 533 1427 590 ulitas
1458 532 1690 588 illorum
1722 539 1982 605 tempore

340 621 511 677 famis
535 621 717 676 multo
740 620 1038 693 plusjuvit
1062 640 1236 695 quam
1252 628 1454 695 gentes
1477 622 1984 696 plurimm,bellare

341 711 728 784 promptiores
757 710 814 779 ;ii
840 711 936 765 ubi
969 710 1165 767 deerat
1196 712 1383 784 panis,
1408 712 1661 767 contenti
1689 714 1986 770 radicibus

343 800 652 869 durabant,
687 800 928 872 siliquas
961 818 1073 856 non
1109 807 1509 873 aspernantes,
1544 820 1741 858 eorum
1776 804 1985 859 dextra:

344 876 501 960 lengi
534 888 745 960 gerulae
781 889 910 943 ferri
946 906 1078 944 cum
1110 908 1223 961 quo
1257 889 1407 944 intra
1437 890 1655 946 viscera
1687 897 1849 946 terrae
1881 909 1987 946 an-

349 994 575 1053 nonam
597 976 1068 1032 fascinabantur:
1106 978 1239 1034 inde
1264 984 1351 1033 est
1382 981 1533 1051 quod
1569 980 1758 1035 adhuc
1790 998 1991 1053 puero-

350 1050 779 1141 rumdecantat
812 1066 1025 1120 mania:
1064 1070 1266 1123 Franci
1314 1068 1383 1123 ad
1434 1070 1596 1137 bella,
1627 1073 1991 1142 provinciales

349 1155 418 1233 ad
451 1156 729 1211 vz'rtualia.
764 1155 954 1210 Unum
989 1156 1226 1228 quidem
1261 1156 1367 1212 fuit
1399 1160 1551 1231 quod
1585 1160 1793 1233 cupide
1816 1160 1991 1215 nimis

351 1230 795 1300 Committebant
821 1262 886 1299 ac
912 1245 1198 1317 turpiter:
1229 1246 1499 1303 caninam
1531 1266 1765 1304 carnem
1796 1268 1900 1322 pro
1922 1250 1996 1306 le-

351 1349 507 1405 pore,
534 1350 636 1405 pro
662 1350 835 1404 capra
855 1332 1141 1388 asininam
1157 1336 1429 1407 gentibus
1444 1337 1575 1393 aliis
1595 1339 1991 1406 venditabant,

351 1421 438 1477 vel
473 1420 518 1476 si
556 1426 776 1477 remoto
812 1421 999 1478 indice
1038 1423 1109 1478 ad
1160 1441 1376 1496 equum
1407 1426 1834 1499 pinguem,sive
1865 1446 1994 1484 mu-

356 1510 480 1567 lum
513 1511 727 1567 licebat
759 1513 1047 1580 accedere,
1084 1531 1187 1585 per
1226 1520 1556 1572 retroneum
1589 1536 1691 1573 seu
1724 1524 1997 1591 purgato-

357 1601 509 1656 rium
540 1602 796 1656 foramen
831 1601 889 1656 in
921 1603 1140 1657 viscera
1170 1602 1410 1660 vulnera
1440 1606 1840 1672 demittebant,
1876 1626 1998 1663 mo-

359 1688 729 1762 riebaturque
751 1690 1111 1761 jumentum.
1141 1693 1358 1765 Stupor
1377 1696 1673 1761 omnibus,
1693 1698 1789 1769 qui
1815 1696 2001 1767 ignari

359 1778 583 1836 fraudis
616 1778 758 1834 illud
808 1778 1042 1853 pingue,
1089 1780 1297 1850 alacre,
1363 1783 1689 1852 robustum,
1720 1785 2001 1842 lascivum

362 1871 534 1926 modo
566 1869 868 1924 viderant:
904 1869 1063 1924 nulla
1096 1872 1508 1943 comparebant
1537 1873 1779 1946 vestigia
1799 1875 2004 1931 vulne-

362 1978 515 2026 rum,
542 1958 701 2014 necis
732 1958 965 2029 signum
991 1959 1231 2014 omnino
1253 1959 1486 2015 latebat.
1512 1962 1877 2034 Spectatores
1900 1970 2007 2019 ter-

363 2050 459 2104 riti
489 2049 612 2103 viso
657 2053 955 2103 monstro:
990 2072 1015 2097 ‹‹
1068 2048 1438 2105 Absistamus
1483 2051 1704 2121 procul,
1752 2051 2004 2121 aiebant,

365 2137 650 2195 dmmonis
681 2136 924 2209 spiritus
956 2135 1417 2208 hocjumentum
1445 2139 1659 2194 afflavit
1685 2140 1798 2196 :bis
1830 2140 2007 2197 disce-

366 2228 661 2293 dentibus,
696 2242 854 2281 nems
886 2225 1099 2280 conscii
1126 2229 1405 2298 tanquam
1431 2229 1609 2283 nescii
1634 2231 2007 2297 accedebant,

372 2314 761 2388 prohibitique
793 2318 1029 2385 tangore
1054 2331 1066 2367 :
1092 2314 1412 2382 malumus,
1446 2315 1878 2388 inquiebant,in
1902 2318 2011 2374 hac

370 2422 501 2461 esca
520 2403 687 2469 mori,
713 2402 1538 2476 quamjejuni.»Miserabatur
1560 2408 1759 2462 damni
1784 2409 2013 2480 patiens

370 2492 677 2559 illatorem,
712 2491 906 2546 illator
937 2491 1017 2545 illi
1051 2491 1234 2548 risum
1288 2496 1657 2565 rependebat.
1693 2498 1856 2553 Tunc
1887 2514 2013 2554 cor-

372 2599 576 2638 verum
609 2580 666 2635 in
703 2598 921 2636 morem
957 2580 1027 2636 ad
1057 2580 1300 2637 cadaver
1344 2599 1488 2654 gens
1519 2583 1619 2639 illa
1654 2584 2011 2653 advolanles,

375 2688 522 2743 quas
553 2669 802 2743 quisque
847 2673 1113 2741 poterant
1163 2671 1477 2742 particulas
1521 2673 1782 2731 divulsus
1821 2681 1924 2731 aut
1957 2676 2013 2730 in

373 2765 634 2816 ventrem
668 2764 769 2814 aut
799 2760 868 2814 ad
903 2758 1213 2814 macellum
1238 2761 1640 2817 demittebant.

555 2849 720 2904 LXII.
753 2881 819 2889 —
847 2848 1096 2904 Cassiani
1123 2866 1254 2919 erga
1281 2857 1580 2907 Annonam
1603 2852 1835 2909 duritia.

450 2938 559 2995 Sed
577 2938 702 3007 jam
718 2942 987 3009 expertus
1003 2936 1431 3011 miseratusque
1443 2940 1691 2997 athletas
1703 2959 1842 2997 suos
1863 2943 2020 2998 (Ebri-

380 3026 696 3093 stus,ltetos
722 3026 797 3081 ad
824 3026 1011 3081 exitus
1034 3043 1280 3097 agonem
1305 3027 1465 3083 ducit
1492 3047 1504 3095 ;
1537 3034 1773 3100 perusto
1796 3030 2021 3088 solibus

379 3115 615 3188 populo,
648 3115 873 3178 urbem,
906 3120 961 3169 et
989 3116 1259 3170 umbram
1310 3115 1495 3188 aperit
1524 3115 1632 3173 hoc
1665 3120 1855 3175 modo.
1892 3120 2023 3176 Fuit

381 3185 533 3260 inter
563 3222 681 3275 eos,
715 3221 962 3277 quorum
997 3203 1311 3259 Cassianus
1350 3222 1640 3262 annonam
1679 3208 2018 3265 dimidiave-
2052 3185 2094 3251 (ἶ

384 3300 493 3360 rat,
526 3294 612 3349 vir
652 3294 810 3349 dives
850 3294 1158 3359 Armeuus,
1212 3293 1311 3365 qui
1370 3295 1776 3351 abrenuntiato
1809 3298 2021 3355 Christi

384 3386 654 3455 dogmate
672 3399 897 3437 errores
918 3381 1227 3452 gentilium
1247 3382 1601 3453 sequebatur
1624 3384 1695 3439 :is
1712 3384 2023 3457 plurimam

385 3473 635 3529 habebat
666 3469 970 3531 familiam.
996 3471 1280 3542 juxtaque
1314 3471 1541 3526 familiae
1577 3490 1886 3537 numerum
1921 3493 2024 3530 an-

386 3578 597 3617 nonam
618 3559 791 3632 :quod
828 3559 925 3613 ubi
957 3559 1109 3613 fame
1138 3559 1537 3616 crebrescente
1568 3560 1845 3617 Cassiano
1867 3563 2027 3619 iuno-

389 3650 519 3718 tuit,
553 3650 745 3704 denuo
780 3647 917 3702 illud
952 3646 1221 3701 dimidiat
1250 3648 1404 3719 quod
1449 3648 1614 3719 prius
1643 3651 1770 3705 vita:
1803 3652 2027 3707 misera:

388 3740 704 3813 reliquerat
735 3736 995 3791 solamen
1023 3752 1034 3790 :
1072 3735 1228 3807 prior
1283 3737 1468 3791 fuerat
1498 3754 1601 3809 per
1630 3740 1835 3795 domos
1863 3746 1920 3795 et
1952 3741 2029 3795 fa-

389 3818 583 3895 milias
614 3822 901 3896 generalis
935 3822 1312 3895 rapina:th
1348 3824 1681 3896 singularis,
1703 3844 1884 3901 eoque
1903 3846 2029 3901 gra-

386 3915 529 3980 vior,
562 3913 728 3985 quasi
761 3914 975 3967 damno
1008 3912 1234 3981 adjecta
1263 3910 1500 3983 injuria.
1525 3914 1819 3985 Spoliatus
1839 3916 1933 3972 ille
1955 3918 2031 3971 vi-

388 4010 457 4059 tm
489 4003 773 4065 subsidio,
805 3999 1070 4073 lugubris
1102 4006 1153 4055 et
1205 4018 1409 4057 amens
1455 4001 1735 4075 principis
1788 4006 2031 4078 vestigia

389 4091 708 4153 osculatur,
739 4088 938 4144 liberis
962 4089 1233 4160 inopibus
1257 4089 1530 4146 solatium
1556 4098 1820 4163 repetens
1841 4095 2033 4151 adem-

390 4184 578 4251 ptum.
613 4179 791 4243 Quem
828 4193 938 4230 non
975 4182 1198 4231 moveat
1226 4177 1617 4249 lacrymarum
1656 4180 1888 4247 fluvius,
1920 4181 2033 4237 cla-

391 4283 633 4339 morque
667 4265 880 4321 (ethera
900 4265 1111 4321 feriens
1130 4265 1158 4320 ?
1188 4290 1213 4314 ‹‹
1243 4265 1335 4319 Va:
1358 4266 1519 4322 vobis
1535 4267 1732 4324 liberis
1752 4269 1898 4326 meis
1916 4288 2029 4327 non

385 4359 509 4430 jam
546 4353 825 4421 dicendis,
862 4360 923 4408 ut
958 4353 1135 4427 prius,
1172 4353 1363 4409 charis
1392 4354 1860 4429 pignoribus.sed
1888 4360 2033 4416 diris

392 4445 770 4500 vulneribus:
801 4449 987 4497 vestra
1031 4444 1212 4499 fames
1260 4460 1449 4499 meam
1496 4447 1808 4513 consumit,
1842 4454 2034 4504 vestra

394 4550 494 4589 eor
526 4550 716 4587 meum
752 4535 1032 4605 penetrat,
1067 4549 1255 4586 meam
1308 4550 1421 4587 non
1467 4533 1674 4589 sentio.
1718 4534 1863 4599 Quid
1898 4553 1999 4607 pro
2067 4555 2113 4618 ί)

396 4623 524 4678 dest
553 4622 698 4677 cibis
714 4621 939 4693 pavisse
957 4619 1240 4687 delicatis,
1266 4620 1482 4693 quibus
1501 4623 1673 4678 modo
1691 4624 2029 4696 denegatur.

398 4712 494 4784 qui
530 4711 711 4766 servis
742 4710 914 4765 datur
946 4708 1276 4774 inutilibus,
1309 4709 1476 4782 panis
1494 4709 1719 4766 ?Satius
1753 4714 1899 4783 patri
1935 4714 2034 4769 mi-

397 4818 525 4856 sero
561 4800 745 4856 fuerat
775 4799 965 4853 videre
999 4799 1336 4864 trucidatos,
1359 4815 1532 4870 quarn
1558 4797 1750 4855 inedia
1767 4802 2035 4869 afflictos,

398 4888 560 4961 prius
589 4888 801 4943 lancea:
833 4887 1152 4959 genitorem
1207 4887 1558 4958 perfodiant,
1594 4887 1756 4958 prius
1790 4889 2039 4947 fulmina

398 4983 676 5042 crement,
712 4977 873 5048 prius
893 4975 1076 5030 maria
1093 4975 1675 5047 submergant,qnam
1699 4983 1952 5032 vestrum
1980 4979 2041 5034 il-

397 5063 519 5119 lum
547 5082 718 5137 quem
752 5061 1672 5134 animameaabborretaspiciam
1709 5065 2034 5121 tinem.Vzr:

400 5153 481 5208 sic
511 5152 645 5207 erit:
676 5151 785 5206 hoc
819 5168 999 5205 unum
1025 5151 1148 5222 jam
1184 5156 1361 5205 restat
1395 5150 1535 5205 mihi
1566 5150 2037 5217 solatium,mors

358 5286 371 5295 .
400 5259 529 5297 mea
561 5240 804 5314 prmibit,
836 5240 1101 5294 liberabit
1138 5256 1227 5294 me
1278 5257 1311 5293 a
1358 5246 1669 5311 conspectu
1702 5247 1903 5296 vestra:
1937 5249 2040 5299 aut

400 5348 621 5393 mucro,
658 5334 756 5383 aut
786 5328 1048 5400 laqueus.
1101 5329 1208 5383 Sed
1255 5328 1633 5393 miseremini,
1666 5349 1699 5386 o
1731 5330 1918 5387 cives!
1955 5332 2039 5386 in-

398 5418 673 5473 tercedite
706 5435 806 5489 pro
840 5416 1095 5479 innoxio,
1139 5415 1222 5469 vel
1269 5423 1422 5472 certe
1475 5419 1684 5489 puniar
1712 5437 1816 5485 ego
1850 5426 1911 5473 ut
1944 5438 2039 5475 no-

400 5524 555 5573 cens,
581 5508 722 5562 dum
750 5524 874 5563 mea
911 5505 1082 5561 fumis
1128 5510 1416 5560 tormento
1470 5524 1579 5561 non
1633 5509 1924 5564 crucietur
1957 5510 2036 5565 fa-

403 5594 578 5652 milia.
617 5602 643 5645 ἲ)

834 308 937 370 AD
983 305 1492 373 GODEFRIDUM
1536 309 1876 372 APPEND.
1904 309 1999 372 'Ii.
2028 332 2111 355 -ι
2145 306 2459 375 NONUM.
2504 309 2609 375 DE
2651 312 2899 378 BELLO
2944 313 3223 380 SACRO.

331 440 443 498 vile
476 439 747 512 rejiciunt
776 441 1035 515 corporis
1083 447 1385 512 ornatum;
1420 461 1703 515 equorum
1746 445 1975 501 ornatui
2008 448 2063 514 Α

3617 313 3739 382 538

2510 447 2700 503 LXIII.
2731 478 2801 489 -—
2825 450 3087 506 Proditar
3112 454 3326 508 civitas.

2163 532 2364 589 Multis
2412 537 2479 591 ad
2534 536 2688 592 hunc
2736 539 2979 594 modum
3027 539 3123 595 ille
3173 540 3603 611 miserabiliter,
3637 545 3741 602 sed

2092 620 2381 678 inutiliter
2418 625 2642 692 effusis,
2693 627 3009 700 spernitur,
3061 628 3357 697 irridetur,
3415 632 3739 705 repellitur.

2094 709 2422 768 Commissa
2452 712 2504 769 ei
2537 713 2725 770 fuerat
2754 716 2825 771 ab
2856 716 3183 775 obsidionis
3220 720 3455 776 exordio
3488 721 3739 778 turrium

2097 798 2274 855 unius
2304 802 2592 868 custodia,
2610 802 2780 876 Iunge
2801 805 2873 859 ab
2896 806 3150 862 exercitu
3174 807 3232 862 in
3255 807 3470 881 angulo
3492 810 3746 868 civitatis

2097 888 2167 941 ad
2199 888 2516 961 zephyrum
2549 906 2729 964 supra
2753 900 3011 949 montem
3036 895 3160 951 sitae
3186 896 3387 969 :hujus
3418 898 3743 971 proximam

2098 974 2429 1033 inferiorem
2462 979 2624 1034 fratri
2657 982 2786 1054 ejus
2826 983 3266 1041 custodiendam
3299 986 3612 1043 Cassianus
3630 993 3750 1044 tra-

2101 1064 2345 1133 diderat,
2380 1072 2446 1122 ut
2475 1068 2587 1123 dici
2623 1076 2820 1142 posset
2869 1090 3093 1129 sorores
3125 1074 3273 1130 duas
3302 1076 3533 1132 duobus
3554 1077 3745 1133 fratri-

2101 1153 2214 1210 bus
2244 1171 2369 1211 esse
2402 1158 2781 1215 commissas:
2828 1177 2932 1217 nec
2970 1165 3165 1217 tamen
3211 1162 3443 1219 incaute
3490 1164 3619 1231 hoc,
3656 1165 3746 1221 vel

2106 1241 2419 1299 casualiter
2447 1250 2645 1301 actum
2668 1253 2789 1303 est:
2822 1252 3141 1321 prudenter
3159 1250 3327 1324 longe
3353 1252 3754 1309 aChristianis

2108 1330 2368 1403 deputati
2398 1339 2537 1389 sunt
2556 1338 2851 1404 custodes,
2885 1338 2982 1411 qui
3006 1338 3321 1413 aliquando
3353 1341 3759 1398 fuerantChri-

2106 1419 2306 1487 stiani,
2342 1420 2448 1477 hoc
2467 1424 2762 1495 provisum
2787 1432 2875 1483 est
2897 1432 2952 1483 et
2974 1428 3084 1485 boc
3107 1434 3327 1485 aetum.
3352 1430 3583 1487 Sed'ubi
3608 1431 3757 1488 alter

2109 1508 2355 1565 fratrum
2387 1510 2484 1566 ille
2503 1513 2772 1584 repulsus
2792 1516 3087 1585 objectum
3110 1535 3171 1573 se
3190 1517 3752 1586 centumeliisvidet,

2110 1597 2272 1652 nullo
2304 1598 2715 1668 intercedente,
2751 1604 2912 1661 nullo
2944 1605 3258 1662 miserante
3282 1607 3477 1675 ;saluti
3506 1609 3755 1682 rropria

2110 1686 2382 1753 consulit,
2408 1690 2662 1760 generali
2681 1691 2893 1748 civium
2919 1693 3242 1766 perditione
3259 1708 3398 1752 suas
3418 1696 3653 1754 ulturus
3673 1698 3759 1753 in-

2102 1774 2313 1845 jurias.
2346 1776 2560 1849 Sopitis
2590 1784 2756 1836 nocte
2789 1781 3139 1855 intempesta
3162 1783 3450 1855 excubiis,
3484 1786 3554 1841 de
3585 1802 3755 1843 muro

2113 1863 2205 1919 cui
2228 1865 2500 1936 junctam
2535 1868 2740 1924 turrim
2772 1870 3349 1934 observabat,funem
3374 1873 3763 1948 demittit.per

2115 1952 2271 2008 hunc
2299 1954 2532 2025 gemino
2567 1958 2878 2013 comitatus
2902 1960 3142 2032 pignere
3160 1961 3310 2017 desc-
3333 1962 3657 2035 ndit,longo
3681 1966 3764 2019 το.-

2114 2041 2333 2113 tigatus
2365 2042 2609 2099 circuitu
2643 2047 2715 2101 ad
2760 2048 3163 2104 Boamundum
3210 2051 3445 2106 tandem
3477 2051 3762 2123 pervenit.

2116 2129 2263 2184 Eum
2289 2130 2440 2187 inter
2459 2137 2877 2208 czetcrosquasi
2895 2137 3224 2211 principum
3243 2139 3564 2212 principem
3575 2140 3766 2197 orien-

2119 2218 2254 2274 talis
2288 2219 2384 2275 ille
2416 2222 2668 2294 populus
2691 2226 3264 2300 arbitrabalur,quod
3296 2227 3434 2284 olim
3460 2229 3766 2286 Wis’oardo

2120 2306 2394 2363 Graeciam
2416 2310 2769 2379 'debellante,
2789 2314 3106 2371 Boamundi
3132 2317 3288 2371 fama
3314 2321 3770 2373 terrueratGrie-

2121 2412 2220 2451 cos
2271 2397 2523 2468 plurimo
2574 2402 2892 2459 certamine
2956 2402 3249 2477 gloriosa;
3300 2410 3510 2461 extum:
3562 2406 3768 2462 factus

2108 2481 2267 2541 {Asia}
2299 2485 2562 2557 celebris,
2587 2507 2742 2546 nunc
2763 2509 2995 2565 quoque
3018 2493 3283 2550 omnium
3305 2494 3580 2551 dominus
3604 2499 3769 2568 putas

2122 2572 2314 2629 batur.
2341 2576 2450 2631 Sed
2474 2578 2683 2648 jussus
2713 2581 2785 2635 ad
2818 2581 2956 2653 quid
2976 2582 3230 2638 venisset
3249 2600 3534 2655 exponere
3563 2587 3765 2638 Arme-

2126 2680 2275 2719 nus:
2307 2663 2469 2720 urbis
2498 2666 2800 2724 introitum
2852 2671 3102 2742 pandere
3149 2687 3212 2726 se
3243 2671 3576 2744 paciscitur,
3607 2672 3767 2727 diem

2125 2753 2331 2807 statuit
2358 2758 2415 2808 et
2439 2754 2663 2811 horam.
2688 2755 2997 2831 locumque
3010 2759 3190 2814 aditui
3214 2761 3769 2833 opportunumJlfux

2125 2839 2262 2895 ﬁliis
2274 2842 2580 2899 obsidibus
2599 2844 2747 2901 ultro
2760 2846 3458 2921 oblatis,datisque,solus
3478 2850 3550 2904 ad
3564 2848 3769 2904 funem

2127 2929 2875 2999 revertitur,eomitantibus
2887 2941 3079 2992 tamen
3096 2937 3173 2991 im
3182 2937 3768 3010 pallentibusqueira,

2127 3017 2390 3085 audacia,
2425 3038 2547 3093 spe,
2578 3022 2805 3089 timore,
2850 3040 3085 3081 sursum
3120 3025 3285 3082 facile
3314 3028 3485 3083 volat.

2134 3123 2317 3179 LXIV.
2349 3127 2794 3215 -ᾏΒιξφηςεηᾷςιρς
2821 3130 3065 3215 episcopo
3096 3132 3497 3215 Podfensinrem
3524 3127 3773 3204 nuntiat,

2396 3198 2581 3255 Oratio
2610 3198 2889 3258 Podicnsi's
2916 3198 3157 3275 episcopi
3184 3203 3255 3259 ad
3281 3205 3504 3260 milites.

2202 3287 2274 3340 At
2318 3289 2691 3344 Boamundus
2742 3304 3042 3362 nunquam
3093 3290 3217 3364 pari
3264 3291 3489 3350 excitus
3534 3293 3773 3366 gaudio,

2135 3374 2253 3430 sole
2310 3382 2434 3430 orto
2483 3379 2910 3449 Appodiensem
2958 3380 3319 3453 episcopum,
3366 3380 3556 3437 virum
3592 3394 3776 3452 quem

2135 3480 2287 3535 papa
2312 3462 2585 3521 Urbanus
2615 3472 2893 3540 tanquam
2918 3468 3168 3526 alterum
3198 3470 3469 3527 eumdem
3499 3469 3776 3526 exercitui

2136 3552 2485 3623 praefecerat,
2520 3555 2662 3624 adit,
2694 3555 2882 3628 ipsius
2915 3557 3047 3615 fidei
3077 3564 3362 3614 secretum
3382 3559 3493 3614 hoc
3515 3558 3780 3614 commit~

2137 3641 2226 3695 tit.
2262 3641 2582 3715 Episcopus
2612 3650 2809 3701 autem
2840 3651 2897 3701 et
2928 3647 3174 3703 fideliter
3214 3660 3335 3703 rem
3368 3653 3581 3719 tegere,
3613 3651 3780 3702 et'te-

2138 3736 2290 3784 ctam
2306 3731 2508 3787 sedulo
2522 3750 2583 3787 se
2595 3736 3209 3807 spondetpromovere.
3222 3735 3611 3810 Igiturstatim
3624 3744 3784 3790 exer-

2138 3823 2358 3874 eituum
2386 3825 2635 3901 rectpres
2683 3827 2980 3888 convocat,
3010 3829 3068 3879 et
3112 3824 3211 3896 qui
3262 3827 3430 3880 erant
3474 3823 3531 3879 in
3566 3823 3783 3896 populo

2139 3909 2424 3977 majores;
2458 3909 2672 3981 quibus
2699 3912 3066 3984 congregatis
3094 3911 3177 3968 sic
3209 3914 3392 3969 fatur:

2216 4020 2243 4047 ‹‹
2277 3997 2524 4054 Multum
2557 3999 2796 4073 diuque,
2830 4001 3059 4070 fratres,
3091 4001 3315 4058 vexavit
3335 4019 3442 4058 nos
3460 4001 3623 4058 labor
3643 4012 3784 4073 prte-

2140 4102 2297 4156 scns,
2332 4086 2584 4143 multum
2645 4089 2881 4161 diuque,
2937 4089 3049 4146 nisi
3094 4090 3304 4147 oculus
3353 4089 3577 4147 Domini
3604 4100 3789 4161 super

2142 4192 2248 4231 nos
2307 4175 2500 4242 fuerit,
2550 4178 2798 4233 vexabit.
2860 4179 3160 4235 Machinas
3217 4180 3564 4244 struximus,
3588 4177 3785 4250 palam

2141 4264 2404 4331 obstitit;
2436 4265 2652 4321 mmnia
2680 4267 2957 4323 fodimus.
2991 4266 3210 4338 repulsi
3236 4280 3446 4324 sumus
3469 4280 3482 4334 ;
3508 4265 3791 4339 pugnavi-

2143 4368 2297 4419 mus,
2330 4352 2437 4408 hoc
2464 4372 2645 4409 unum
2670 4372 2942 4427 prospere
2968 4357 3179 4412 cessit:
3213 4358 3314 4412 Sed
3334 4356 3665 4412 timendum
3692 4359 3790 4410 est

2144 4457 2215 4496 ne
2246 4439 2366 4496 hazc
2395 4459 2574 4512 quam
2601 4441 2821 4497 instare
2846 4442 3013 4498 aiunt
3028 4459 3317 4516 pugna,eo
3335 4441 3654 4515 sitgravior
3668 4458 3790 4513 quo

2144 4530 2529 4585 numerosior.
2561 4530 2658 4586 Ille
2671 4530 2926 4586 hostium
2951 4530 3579 4604 numerusquindecim
3603 4529 3791 4585 millia

2144 4615 2290 4671 fuit:
2322 4615 2381 4670 hi
2412 4620 2570 4685 sunt,
2603 4622 2669 4672 ut
2700 4618 3024 4689 perhibent,
3058 4624 3266 4691 quater
3302 4623 3548 4674 centena
3578 4616 3788 4685 millia,

2144 4703 2402 4759 hostium
2433 4705 2583 4760 vires
2616 4722 2730 4761 non
2761 4713 3292 4775 cessanterescere,
3317 4723 3423 4763 nec
3454 4712 3669 4763 nostrae
3685 4706 3794 4761 mi-

2147 4794 2270 4849 nui.
2305 4799 2379 4847 At
2408 4794 2679 4865 respicite
2707 4812 2835 4867 quze
2862 4801 2957 4852 est
2975 4795 3223 4851 ﬁrmitas
3245 4795 3428 4861 urbis,
3458 4795 3597 4867 quis
3618 4793 3696 4851 sit
3717 4794 3795 4849 εἰ-

2146 4885 2242 4937 tus
2267 4899 2279 4935 :
2318 4883 2482 4938 fossa:
2513 4883 2641 4953 ejus
2670 4883 2781 4938 tria
2806 4883 2988 4939 latera
3019 4884 3295 4957 impervie
3323 4885 3791 4952 ambitintmuar-

2147 4975 2272 5025 tum
2308 4970 2477 5042 palus
2506 4976 2563 5027 et
2595 4972 2826 5039 ﬂuvius,
2861 4990 2962 5045 per
2989 4973 3295 5030 circuitum
3321 4972 3719 5046 muri,quibus
3740 4972 3793 5027 si

2147 5058 2284 5115 velit
2316 5061 2573 5115 mundus
2606 5078 2772 5132 pares
2800 5068 3061 5119 astruere
3086 5080 3199 5119 non
3222 5063 3610 5129 habet,fontes
3632 5059 3797 5118 intus
3854 5086 3861 5095 ·

2148 5148 2500 5215 scaturiunt,
2535 5156 2738 5206 cratera
2767 5152 2838 5206 ad
2872 5170 3041 5207 usum
3076 5152 3202 5207 vita:
3250 5164 3601 5225 congregare
3616 5150 3798 5207 sufﬁ-

2147 5237 2367 5292 cienter
2395 5244 2726 5310 potuerunt,
2761 5241 2913 5312 apud
2946 5258 3097 5314 quos
3144 5258 3247 5314 per
3290 5241 3576 5296 adventus
3606 5238 3797 5294 nostri

2148 5326 2340 5381 minus
2372 5344 2563 5383 annus
2596 5327 2844 5383 transiit.
2889 5330 2933 5384 Ο
2974 5328 3300 5400 Antiochia,
3352 5334 3456 5384 aut
3486 5338 3793 5400 nunquam

2147 5432 2327 5479 esses,
2349 5422 2450 5469 aut
2472 5434 2629 5487 nunq
2642 5433 2673 5470 ιι
2685 5433 2768 5471 rm
2794 5417 3090 5473 obviasses
3115 5417 3127 5473 l
3152 5434 3329 5473 causa
3350 5418 3453 5471 viae
3468 5414 3799 5474 Jerusalem

2147 5510 2255 5570 est,
2290 5505 2431 5575 quid
2462 5504 2778 5560 Antiochiae
2809 5510 2867 5562 et
2880 5505 3050 5562 nobis
3070 5506 3098 5561 ἱ)
3118 5506 3275 5578 quod
3291 5505 3341 5563 si
3373 5505 3523 5563 hanc
3547 5509 3804 5578 posuer-

2148 5609 2287 5665 gum
2301 5591 2730 5662 dimittimus,si
2750 5594 2821 5649 ab
2844 5593 2950 5651 hac
2970 5594 3189 5668 repulsi
3201 5594 3356 5654 ultra
3367 5593 3800 5668 progredimur,
