3984 6078
236 316 365 398 857

1588 322 1844 396 GESTA
1882 327 2306 395 TA'NCREDI.

3528 312 3647 390 338

235 465 394 530 iilril
425 471 516 526 est
544 470 763 535 aetum,
794 465 939 524 nihil
970 471 1151 525 restat
1178 467 1557 541 sperandum.
1592 467 1772 533 Hanc,
1805 467 1892 522 in-
1922 465 1976 531 Α
2008 467 2327 541 praemittit,
2362 465 2461 540 qui
2492 465 2753 531 excubet,
2787 464 2885 538 qui
2916 464 3244 539 praevideat,
3279 463 3326 521 si
3362 460 3526 521 tutus
3548 483 3646 522 sa-

236 566 446 633 quam,
483 556 531 613 si
563 552 1055 625 dimittimus,non
1076 558 1204 630 ipsa
1220 575 1326 613 nos
1351 558 1641 613 dimittet:
1666 574 1898 629 semper

204 644 520 720 osequi‘tur
549 658 777 712 comes;
811 647 911 703 sed
945 653 1010 702 ut
1047 647 1242 704 verius
1290 646 1502 707 dicam.
1538 647 1897 703 adversatrix

238 736 371 792 haec
398 735 524 791 vias
556 736 836 801 obstruet,
873 736 994 791 haec
1023 753 1055 791 a
1087 740 1268 810 tergo,
1304 736 1423 792 haec
1451 753 1485 791 a
1511 738 1699 791 fronte
1744 753 1895 808 pug-

239 824 433 892 ωδῖι,
466 825 587 881 hac
612 824 919 892 resistens,
977 824 1287 882 resistendi
1334 843 1497 898 spem
1550 825 1680 881 aliis
1712 826 1893 893 dabit,

241 930 378 985 qua;
410 918 581 987 capta
597 930 800 969 omnes
823 913 968 970 alias
991 915 1300 970 formidine
1322 915 1677 971 involvisset.
1702 914 1745 970 Ο
1764 931 1899 970 moe-

238 999 371 1058 nia!
405 998 635 1061 utinam
670 1010 773 1058 aut
798 1018 1103 1076 nunquam
1138 1004 1584 1077 surgeretis,aut
1606 1004 1805 1077 procul
1824 1004 1896 1059 ab

237 1088 434 1148 oculis
464 1088 639 1163 atque
681 1090 923 1151 auribus
970 1094 1217 1149 nostris!
1254 1095 1366 1151 Sed
1417 1093 1830 1161 deliberemus,
1864 1110 1897 1148 o

237 1174 552 1254 proderesl
590 1181 959 1237 conferamus
988 1182 1047 1238 in
1079 1182 1290 1251 medio,
1325 1200 1722 1256 proponamus
1754 1200 1895 1254 prae-

238 1266 436 1325 mium
477 1269 1330 1345 virtuti,excitabimus,spero,
1364 1273 1541 1329 corda
1585 1272 1895 1328 hominum

238 1350 450 1414 audita
470 1367 718 1415 summa
746 1361 1142 1432 praemiorum.
1179 1361 1465 1434 Respicite
1496 1361 1634 1419 Saul
1659 1362 1797 1434 quid
1826 1362 1899 1417 fe-

236 1447 485 1515 cerit,et
515 1440 585 1504 de
619 1446 881 1522 antiquis
910 1450 1176 1523 exempla
1206 1468 1532 1508 sumamus.
1556 1452 1679 1506 Non
1706 1450 1814 1506 fuit
1836 1451 1894 1506 in

240 1530 527 1603 Hebraeis,
556 1532 659 1610 ‘qui
690 1542 894 1595 contra
922 1533 1151 1595 Goliath
1202 1545 1484 1614 surgeret,
1520 1540 1701 1596 donec
1743 1540 1896 1611 regis

240 1620 370 1680 ﬁlia
394 1630 452 1681 et
480 1618 722 1683 libertas
752 1628 951 1700 patriae
974 1629 1172 1684 domui
1199 1630 1490 1701 promissa
1508 1630 1685 1685 David
1710 1629 1894 1685 susci-

235 1717 469 1770 tarunt.
501 1715 677 1771 Aiunt
704 1716 861 1773 intra
892 1734 953 1773 se
982 1716 1175 1782 multi,
1210 1722 1383 1790 atque
1433 1718 1605 1773 etiam
1652 1718 1842 1790 palam
1880 1735 1893 1773 :

238 1803 339 1858 cui
371 1800 612 1860 laboro?
640 1807 713 1860 ad
747 1805 887 1878 quid
918 1819 1024 1862 me
1077 1805 1314 1862 crucio?
1345 1824 1450 1862 cur
1477 1807 1718 1862 vulnera
1746 1807 1894 1862 exci-
1926 1840 1972 1904 Β

235 1891 383 1964 pio?
402 1906 518 1966 ego
542 1892 726 1949 vitam
758 1904 950 1950 meam
985 1894 1236 1968 pretium
1259 1896 1574 1951 Antiochize
1597 1896 1891 1951 dabo?in-

237 1984 450 2054 gratus
493 1976 789 2056 quispiam
844 1983 1040 2039 nescio
1071 1983 1204 2056 quis
1251 1984 1693 2057 principabitur.
1729 1984 1896 2041 Absit

236 2080 350 2142 ego
372 2068 623 2142 plorem,
654 2070 809 2128 alius
840 2088 943 2145 per
966 2071 1258 2147 lacrymas
1291 2090 1451 2153 meas
1482 2074 1668 2129 rideat
1699 2075 1892 2147 ingra-

235 2153 564 2227 t‘us.0uare
592 2162 887 2235 agite,non
923 2167 1149 2218 moveat
1174 2180 1275 2218 vos
1297 2163 1555 2219 ambitus
1578 2165 1889 2237 regnandi:

238 2248 346 2304 sed
374 2244 574 2321 potius
602 2251 707 2305 vim
739 2256 937 2323 emptae
984 2253 1413 2307 consummatio
1447 2270 1460 2307 :
1499 2252 1709 2307 melius
1767 2254 1897 2326 ipsa

238 2336 450 2393 civitas
482 2336 564 2392 illi
596 2338 1232 2410 c‘orftingat'merces,si
1268 2342 1438 2413 cujus
1471 2358 1578 2414 cpe
1610 2360 1716 2397 nos
1746 2349 1899 2398 rece-

241 2420 419 2498 perit,
452 2436 627 2499 quam
661 2427 883 2501 praemii
913 2438 1117 2500 expers
1147 2430 1335 2485 virtus
1366 2434 1610 2503 torpeat,
1656 2448 1896 2488 excusa-

240 2516 467 2572 tionem
502 2528 678 2589 quam
708 2517 957 2574 audistis
982 2516 1285 2589 objiciens.
1320 2519 1438 2575 Hoc
1470 2524 1558 2575 est
1608 2522 1762 2593 quod
1804 2530 1896 2576 s‘a-

244 2603 407 2671 nius,
440 2606 594 2678 quod
642 2606 956 2673 efficacius,
990 2606 1143 2677 quod
1176 2610 1570 2680 praestantius,
1605 2610 1895 2677 meditari,

241 2694 548 2766 indagare,
594 2688 918 2767 exe0gdtare
965 2708 1131 2751 mens
1178 2710 1310 2752 mea
1356 2702 1593 2769 potest:
1627 2699 1897 2755 discretio

244 2787 467 2845 vestra,
486 2796 526 2838 ‘o
571 2784 866 2857 proceres!
898 2785 945 2839 si
993 2785 1133 2857 quid
1192 2785 1391 2843 minus
1453 2787 1716 2856 dixerim,
1753 2806 1898 2860 sup-

248 2866 441 2944 plent;
473 2871 523 2927 si
572 2866 728 2944 plus,
759 2872 1009 2943 adimat;
1043 2874 1092 2929 si
1153 2874 1325 2941 male,
1361 2879 1575 2932 mutet:
1621 2876 1669 2931 si
1728 2878 1899 2943 bene,

250 2965 498 3016 annuat.
522 2974 550 3011 Si

449 3099 519 3108 -—
549 3064 899 3144 Priacz'patus
930 3070 1081 3125 urbis
1119 3073 1174 3126 ei
1212 3073 1557 3144 promittitur
1597 3088 1698 3144 per
1744 3089 1903 3144 quem

663 3141 721 3195 in
750 3142 923 3212 ipsam
950 3143 1175 3213 futurus
1204 3149 1281 3198 cst
1308 3143 1508 3197 aditus.

2007 558 2081 615 tis
2114 564 2202 614 est
2249 558 2318 612 ad
2369 556 2585 613 moenia
2632 572 2922 611 accessus.
2974 555 3223 610 Sanctus
3264 554 3359 610 ille
3387 555 3648 627 proditor

2003 640 2342 719 hujusmcdi
2369 648 2601 719 signum
2627 646 2861 701 dederat
2879 646 3199 702 abscedens
3222 663 3234 700 :
3268 668 3295 696 «
3318 644 3463 701 Cum
3484 662 3650 700 vene-

2005 739 2106 804 ris,
2132 738 2344 809 inquit,
2377 736 2611 791 domine
2645 736 2743 801 mi,
2779 736 3051 790 nuntium
3097 736 3168 790 ad
3220 735 3425 807 pedem
3470 733 3648 789 turris

2006 845 2145 883 meae
2178 825 2495 899 praemitte;
2528 842 2632 896 ego
2657 824 2714 878 in
2747 826 2933 880 muris
2964 824 3205 880 sedulus
3236 823 3567 880 excubabo:
3599 822 3648 878 si

2006 933 2284 989 prospera
2313 915 2530 978 omnia,
2563 914 2816 985 lapidem
2849 920 2983 985 post
3010 913 3263 985 lapidem
3318 911 3645 978 demittam,

2007 1005 2056 1061 si
2089 1006 2251 1060 adest
2282 1002 2627 1075 periculum,
2663 1020 2819 1058 unus
2848 1002 3186 1058 indicabit.»
3213 1002 3295 1057 Ad
3330 1002 3450 1057 haec
3471 1001 3653 1075 igitur

2006 1090 2454 1150 discernendum
2505 1094 2819 1148 excubator
2860 1091 3219 1164 praemissus,
3255 1092 3403 1148 turri
3449 1107 3652 1163 appro~

2005 1184 2174 1257 pians
2206 1184 2402 1239 statim
2459 1183 2816 1255 agnoscitur,
2850 1181 3084 1253 agnitus
3129 1179 3531 1253 prosperitatis
3568 1179 3648 1235 si-

2004 1290 2186 1345 gnum
2236 1271 2463 1343 accipit,
2524 1272 2757 1327 rediens
2825 1271 3135 1325 annuntiat
3192 1269 3348 1341 quod
3406 1268 3646 1324 audivit.

2006 1363 2385 1417 Boamundus
2418 1378 2574 1432 ergo,
2610 1361 2762 1416 sicut
2791 1364 3062 1433 eruperat,
3096 1360 3167 1415 ad
3198 1358 3415 1414 moenia
3452 1374 3648 1431 perve-

2006 1450 2112 1517 nit,
2146 1438 2345 1507 funem
2378 1450 2592 1506 deforis
2641 1450 2988 1523 pendentem
3032 1448 3270 1515 invenit,
3301 1447 3361 1503 in
3393 1463 3459 1503 eo
3511 1464 3650 1503 suos

2005 1539 2167 1613 ligat,
2200 1542 2487 1595 Armenus
2516 1540 2731 1606 trahit;
2764 1556 3016 1610 cumque
3065 1538 3208 1593 satis
3255 1538 3458 1593 firmos
3503 1540 3652 1592 stru-

2005 1629 2186 1685 xisset
2217 1646 2420 1695 nexus,
2446 1630 2727 1700 juventus
2745 1627 2997 1684 volucris
3021 1632 3273 1700 pennata
3300 1642 3543 1698 corpora
3562 1642 3652 1681 ac-

2005 1717 2177 1773 cincti
2211 1717 2424 1791 gladiis
2457 1734 2557 1790 per
2605 1718 2775 1773 funes
2820 1718 3035 1783 volant,
3069 1715 3247 1772 Gouel
3279 1710 3650 1771 Carnotensis

2005 1806 2253 1879 primus,
2288 1808 2440 1862 sicut
2470 1806 2667 1878 aquila
2695 1823 3015 1878 provocans
3045 1804 3236 1877 pullos
3276 1808 3415 1859 suos
3445 1802 3516 1858 ad
3549 1819 3651 1858 vo-

2004 1895 2269 1961 landum,
2303 1902 2360 1950 et
2389 1913 2568 1968 super
2597 1913 2694 1952 eos
2724 1896 2995 1961 volitans,
3018 1894 3105 1949 vir
3133 1894 3230 1949 ille
3263 1890 3497 1958 nobilis,
3531 1895 3588 1946 et
3617 1908 3652 1946 a

2004 1999 2182 2056 puero
2213 1982 2355 2037 nihil
2387 1984 2650 2039 esuriens
2683 1988 2745 2038 ut
2774 1982 3009 2038 laudem
3055 1999 3241 2055 neque
3272 1980 3501 2047 sitiens,
3532 1986 3650 2037 non

2004 2075 2240 2144 prepter
2265 2073 2441 2127 vitam
2475 2072 2721 2138 laudari,
2770 2071 2869 2127 sed
2903 2076 3138 2144 propter
3183 2070 3415 2126 laudem
3464 2068 3651 2125 viVere

2003 2160 2293 2231 cupiebat.
2330 2160 2520 2216 Primo
2554 2161 2793 2216 tacitum
2825 2164 2934 2229 est,
2969 2160 3109 2216 dum
3144 2158 3408 2232 paucitas
3448 2154 3651 2214 multi-

2003 2249 2266 2305 tudinem
2302 2250 2665 2304 formidavit:
2701 2254 2758 2305 at
2808 2249 2906 2305 ubi
2939 2248 3255 2304 multitudo
3295 2248 3649 2312 introducta,

2005 2337 2377 2392 formidinem
2410 2337 2692 2405 exclusit;
2719 2340 2844 2410 jam
2877 2339 2935 2393 in
2964 2337 3161 2394 leones
3192 2337 3362 2393 vertit
3392 2336 3647 2405 animus,

2006 2442 2152 2497 quos
2184 2424 2398 2498 aquilis
2429 2426 2786 2482 similaverat
2816 2439 3116 2484 ascensus.

2434 2516 2645 2572 LXVII.
2680 2547 2749 2557 -ο
2780 2517 2961 2573 C-I’dcs
2988 2518 3213 2572 civium.

2077 2605 2331 2659 Currunt
2388 2606 2458 2659 ad
2512 2610 2730 2676 portas,
2792 2606 3009 2677 quibus
3065 2606 3115 2661 si
3173 2600 3307 2677 quis
3376 2603 3649 2675 occurrit,

2007 2693 2322 2747 occumbit.
2358 2693 2587 2750 Primus
2642 2693 2868 2766 gladios
2914 2711 3115 2750 eorum
3147 2698 3418 2767 expertus
3448 2697 3557 2760 est,
3590 2692 3650 2749 in

2007 2783 2177 2853 cujus
2209 2782 2459 2854 primam
2485 2784 2696 2839 turrim
2719 2783 3332 2849 descenderunt,illius
3353 2782 3444 2839 sui
3470 2781 3652 2839 intro-

2010 2870 2270 2927 ductoris
2300 2888 2634 2945 germanus,
2669 2889 2842 2945 quem
2876 2872 3081 2928 secreti
3112 2872 3292 2942 hujus
3323 2871 3499 2928 frater
3529 2869 3655 2927 reli-

2009 2964 2214 3031 querat
2244 2960 2536 3033 ignarum,
2561 2978 2633 3017 ne
2661 2976 2909 3034 gnarum
2961 2961 3147 3017 facere
3195 2960 3304 3016 hoc
3350 2964 3505 3017 esset
3541 2958 3653 3016 sibi

2010 3048 2251 3120 suisque
2308 3049 2637 3121 patibulum
2688 3055 2931 3106 struere.
2966 3049 3069 3105 lllo
3126 3050 3323 3122 itaque
3363 3049 3655 3121 sociisque

2011 3138 2286 3193 custodiae
2318 3138 2617 3209 repentino
2649 3139 2841 3212 gladio
2868 3137 3261 3212 jugulatis,fit
3291 3138 3651 3209 clamor,quo

322 3222 405 3283 At]
438 3224 891 3284 bacuniversus
913 3229 1138 3285 consilii
1164 3230 1324 3286 favor
1348 3250 1359 3286 ε
1388 3232 1550 3303 prius
1577 3233 1675 3306 qui
1702 3234 1898 3306 primi,
1934 3212 1976 3276 C
2015 3232 2206 3282 turres
2227 3226 2351 3297 alia:
2382 3227 2750 3293 tremiscunt,
2775 3229 3007 3301 fugiunt
3028 3227 3232 3300 vigiles
3254 3227 3469 3299 quibus
3496 3224 3650 3292 licet,

248 3312 352 3388 qui
373 3319 509 3388 past
538 3316 759 3388 primos
788 3318 1082 3389 posterius
1104 3336 1208 3391 pro
1231 3320 1516 3393 dignitate
1539 3340 1644 3377 sua
1680 3323 1899 3396 singuli

248 3409 538 3460 assonant
564 3420 581 3459 :
618 3410 789 3461 nemo
820 3414 935 3461 nou
970 3408 1140 3474 favet,
1163 3425 1367 3465 omnes
1394 3410 1442 3465 ei
1468 3411 1803 3484 quicunque
1830 3412 1906 3467 sit

246 3488 458 3550 urbem
517 3499 806 3560 annuunt,
834 3511 937 3568 per
993 3513 1169 3568 quem
1218 3497 1413 3553 aditus
1464 3500 1704 3571 patebit.
1739 3502 1904 3557 Tunc

247 3579 672 3639 Boamundus:
701 3576 1902 3660 «Premissum,inquit,quodjurejurando

248 3668 779 3744 obstringiturjam
805 3671 973 3745 quasi
1004 3674 1205 3729 datum
1243 3678 1350 3739 est,
1376 3679 1439 3731 ut
1472 3681 1730 3732 transeat
1759 3695 1903 3750 quo-

248 3754 572 3817 dammodo
618 3760 883 3816 futurum
907 3762 965 3816 in
988 3772 1260 3834 praesens,
1296 3782 1433 3836 spea
1468 3764 1527 3820 in
1568 3768 1849 3838 gaudium
1886 3785 1899 3823 :

249 3850 408 3922 quod
434 3850 481 3905 si
506 3849 697 3906 soluta
712 3851 782 3906 ab
796 3850 904 3906 hoc
916 3851 1145 3907 vinculo
1160 3856 1386 3908 tantum
1412 3856 1903 3928 suntverba,quid

250 3937 478 3994 confert
495 3936 731 3995 autem?
750 3939 1024 4011 pollicitis
1053 3938 1212 3997 dives
1230 3942 1476 4013 quilibet
1504 3961 1631 4000 esse
1661 3949 1852 4017 potest
1885 3963 1899 4001 :

252 4035 436 4107 quare
449 4025 505 4083 ἐἰ
528 4024 743 4100 cupitis
758 4033 952 4083 ratum
971 4029 1088 4084 fieri
1100 4029 1417 4103 ,ﬁxuque
1430 4034 1763 4106 stare,quod
1777 4052 1903 4107 pro-

252 4106 488 4171 mittitis
519 4115 895 4187 conjuretis.»
924 4110 1094 4173 Nulla
1129 4118 1194 4172 fit
1222 4130 1405 4187 mora,
1426 4118 1586 4176 nulla
1610 4123 1898 4192 retractio,

250 4200 409 4259 sicut
439 4203 643 4259 moniti
669 4204 813 4260 sunt
833 4205 1058 4276 jurant,
1091 4200 1266 4262 etiam
1300 4207 1348 4262 si
1395 4210 1617 4281 majora
1648 4210 1741 4265 his
1777 4229 1902 4267 mo-

252 4286 506 4360 nuisset,
530 4291 593 4347 in
625 4300 789 4365 spem
823 4293 1063 4349 remedii
1094 4306 1296 4367 parere
1325 4304 1438 4353 'non
1473 4298 1624 4353 duri.
1659 4299 1751 4354 Sic
1782 4300 1900 4370 iam

251 4378 466 4436 certior
483 4378 986 4455 experrectiortu
1008 4383 1385 4440 Boamundus
1406 4384 1627 4457 aliquot
1644 4388 1904 4459 primati-

251 4470 365 4525 bus
390 4469 708 4525 consilium
742 4484 913 4526 suum
946 4472 1442 4543 aperit,omnibus
1473 4474 1541 4529 ad
1577 4475 1903 4549 ingredien-

2013 3315 2143 3371 aliis
2173 3320 2311 3387 ipsa:
2343 3318 2501 3371 facta:
2528 3317 2763 3383 tumuli,
2799 3315 3061 3389 sepultos
3100 3320 3332 3372 servant
3376 3333 3409 3371 a
3439 3312 3654 3387 quibus

2012 3405 2185 3459 modo
2216 3406 2615 3473 servabantur;
2638 3406 2721 3461 sic
2743 3406 2816 3461 ad
2844 3410 3042 3477 portas
3064 3405 3427 3461 descendunt
3447 3402 3653 3470 nostri,

2013 3494 2340 3567 propiorem
2372 3494 2431 3550 in
2464 3511 2694 3563 occasu,
2727 3494 3022 3567 repagulis
3052 3493 3282 3561 excisis,
3315 3494 3654 3550 Bo‘amundo

2013 3582 2283 3654 aperiunt
2338 3582 2579 3639 alteram
2631 3600 2758 3655 quae
2807 3584 3044 3640 boream
3093 3582 3307 3656 excipit
3336 3586 3394 3639 et
3418 3584 3654 3654 pontem

2013 3672 2361 3727 Raimundo.
2380 3674 2463 3727 Ad
2496 3672 2659 3727 illam
2692 3689 2794 3745 per
2823 3673 3074 3746 abrupta
3101 3689 3204 3746 per
3223 3671 3351 3728 avia
3371 3670 3658 3728 Boamun-

2013 3756 2124 3815 dus
2153 3761 2553 3829 descenderat,
2588 3762 2738 3816 hanc
2783 3763 2854 3817 de
2884 3762 3147 3834 proximo
3197 3761 3298 3816 diu
3348 3760 3657 3817 obsederat

2013 3848 2507 3921 Raimundus,qui
2539 3850 2738 3906 audito
2770 3850 3027 3906 tumultu
3060 3850 3131 3908 de
3152 3850 3473 3918 intus,mox
3493 3848 3659 3907 adest

2011 3934 2155 3992 nihil
2188 3943 2519 3994 cunctatus.
2555 3941 2763 3995 Fuerat
2788 3938 2889 3995 illa
2930 3950 3206 3996 curarum
3253 3939 3528 4009 maxima,
3561 3939 3657 3996 ille

2011 4026 2187 4082 timor
2207 4042 2558 4099 magnus,ne
2578 4030 2928 4085 introductis
2946 4028 3658 4100 nostris,occurreretcivi-

2010 4125 2119 4186 tas,
2154 4122 2352 4190 portas
2383 4124 2661 4186 tueretur,
2696 4119 2978 4175 auxilium
3010 4118 3369 4186 excluderet;
3392 4123 3452 4174 at
3484 4114 3655 4174 mise-

2012 4213 2174 4263 rante
2204 4208 2487 4281 populum
2519 4226 2692 4264 suum
2724 4208 2973 4273 Christo,
3006 4208 3147 4262 dum
3178 4204 3238 4262 hi
3278 4207 3538 4274 veniunt,
3572 4205 3656 4262 illi

2011 4296 2270 4369 fugiunt;
2306 4302 2482 4370 portae
2515 4296 2780 4353 custodia
2799 4285 3069 4353 vacantes
3101 4294 3266 4352 facile
3296 4300 3518 4369 patent,
3555 4295 3655 4351 ubi

2011 4400 2243 4442 secures
2275 4387 2596 4442 altrinsecaa
2628 4387 2683 4441 in
2716 4385 2920 4441 mediae
2950 4386 3136 4440 trahis
3167 4384 3457 4441 excidium
3497 4384 3655 4440 labo-

2010 4475 2299 4531 rant.Nox
2329 4477 2613 4531 hactenus
2639 4473 2987 4531 Christianis
3016 4475 3293 4529 obsecuta
3321 4478 3657 4539 est,aurora

252 4552 396 4614 dum
423 4560 752 4631 parandum
786 4568 911 4616 esse
942 4560 1311 4616 manifestius
1332 4558 1574 4635 indicat,
1605 4558 1897 4622 maturam
1932 4576 1976 4642 D
2010 4564 2229 4631 rutilat,
2254 4566 2379 4621 dies
2410 4565 2734 4621 accelerans
2756 4568 2986 4619 tantum
3016 4561 3170 4618 nocti
3203 4562 3485 4635 gaudium
3509 4560 3655 4615 invi-

250 4654 422 4721 Opem
454 4647 602 4703 adeo
633 4650 743 4705 sub
775 4653 930 4704 certa
958 4660 1063 4721 's'pe
1096 4651 1582 4722 promittit.Tunc
1612 4653 1738 4710 vale
1762 4654 1903 4711 invi-

250 4734 379 4792 cem
393 4729 627 4802 dato,ad
646 4734 883 4810 propria
909 4738 1172 4806 redeunt,
1190 4737 1429 4796 funibus
1453 4742 1751 4799 struendis
1765 4744 1905 4799 dant

250 4818 923 4897 operamdnemaxime
953 4826 1051 4899 qui
1075 4842 1231 4883 unus
1261 4828 1411 4885 inter
1439 4835 1739 4888 Currentes
1771 4834 1901 4890 bra-

248 4910 409 4969 vium
453 4912 951 4987 comprehendere
996 4915 1279 4982 intendit;
1313 4915 1409 4973 ille
1457 4919 1755 4988 accelerat,
1804 4921 1900 4978 ille

252 4996 487 5076 cogitat,
519 4996 617 5058 ille
646 5004 808 5060 totus
837 4997 908 5060 de
939 5005 1126 5061 noctis
1158 5006 1431 5078 proximis
1464 5008 1710 5064 adventu
1754 5028 1899 5083 pen-

253 5086 507 5164 det'qute
536 5086 706 5164 pigra
726 5092 844 5148 sibi
873 5108 1051 5165 supra
1080 5095 1237 5167 quod
1271 5096 1521 5152 amicam
1543 5100 1897 5171 exspectanti

250 5170 336 5236 vel
361 5182 513 5253 opus
542 5176 894 5238 debeatibus
922 5181 1170 5239 videtur.
1369 5194 1374 5198 '

671 5261 860 5326 LXVI.
880 5303 958 5329 .——
993 5272 1249 5328 Traditur
1275 5274 1487 5329 civitas.

322 5358 403 5413 Ea
460 5358 698 5415 tandem
746 5376 880 5415 cum
931 5361 1282 5432 advenisset,
1336 5362 1526 5418 medio
1575 5367 1772 5421 omnia
1816 5370 1898 5423 te-

253 5451 431 5503 nente
452 5445 709 5514 silentio,
740 5450 1116 5505 Boamundus
1147 5450 1499 5522 promissam
1547 5454 1658 5509 sibi
1690 5457 1899 5513 turrim

251 5551 368 5593 non
394 5534 522 5592 sine
547 5535 735 5593 multo
761 5538 972 5594 sudore
998 5540 1177 5611 pedes
1200 5538 1348 5608 adit,
1382 5556 1570 5613 neque
1591 5543 1747 5600 enim
1786 5546 1899 5602 loci

250 5622 538 5698 asperitas
566 5640 748 5698 equos
768 5626 1116 5685 admittebat
1141 5644 1156 5684 :
1185 5630 1377 5686 eundo
1398 5634 1593 5688 tamen
1626 5635 1897 5693 nuntium

2009 4652 2125 4708 det.
2161 4653 2343 4725 Igitur
2371 4660 2496 4710 orta
2527 4654 2677 4720 luce,
2708 4650 3022 4708 Christiani
3054 4649 3271 4723 palatia
3299 4651 3652 4721 irrumpunt,

2013 4747 2191 4813 captaa
2250 4743 2381 4797 urbi
2436 4743 2744 4809 insultant,
2776 4741 3019 4797 latibula
3076 4739 3385 4807 rimantur,
3421 4755 3652 4805 aurum,

2009 4830 2635 4901 parvulos,matronas,
2663 4831 2906 4903 puellas,
2931 4835 3207 4903 praeterea
3233 4828 3370 4901 quid
3403 4825 3654 4900 quisque

2008 4919 2248 4987 invenit,
2265 4921 2499 4993 arripit;
2529 4939 2717 4977 mares
2740 4923 2893 4994 quod
2912 4921 3249 4977 bellicosum
3271 4924 3361 4977 est
3377 4920 3652 4981 trucidat,

2008 5010 2164 5081 quod
2196 5008 2430 5065 imbelle
2456 5013 2814 5066 reservat.At
2838 5011 3117 5083 cives,qui
3151 5015 3458 5084 promptus
3481 5010 3653 5081 fuge,

2007 5097 2102 5171 qui
2138 5098 2283 5171 pede
2314 5098 2709 5165 celer,relictis
2731 5100 3091 5165 omnibus,in
3116 5104 3376 5155 montem
3399 5099 3652 5171 fugiunt,

2009 5187 2275 5244 saucium
2311 5195 2474 5261 pater
2497 5189 2683 5243 ﬁlium
2715 5207 2828 5244 non
2862 5194 3174 5262 exspectat,
3208 5189 3309 5246 sed
3345 5205 3450 5243 nec
3497 5184 3655 5244 ﬁlius

2010 5284 2229 5351 patrem
2264 5281 2659 5351 grandaevum.

2010 5385 2249 5440 LXVIII.
2285 5418 2352 5425 ——
2383 5387 2643 5459 Princeps
2696 5387 2996 5444 Antiochicc
3043 5389 3336 5443 Cassianus
3382 5390 3518 5459 fuga
3547 5387 3658 5442 sibi
3763 5443 3768 5449 ,

2706 5460 2959 5515 consulit.

2080 5546 2271 5602 Situm
2322 5547 2382 5601 in
2423 5563 2659 5604 summa
2688 5565 2831 5621 rupe
2862 5552 3117 5604 castrum
3149 5547 3366 5604 multos
3415 5549 3654 5620 rccepit,

2008 5652 2184 5709 quam
2216 5635 2453 5710 plurimi
2485 5637 2895 5707 excluduntur,
2919 5653 3067 5711 quos
3097 5635 3465 5694 Christianus
3495 5637 3655 5693 ensis
