3984 6078
301 265 418 333 539

823 270 926 336 AD
972 271 1491 343 GODEFRIDUM
1530 280 1867 345 APPEND.
1911 268 1989 345 Il.
2013 316 2092 330 -—
2120 282 2433 351 MONUM.
2464 288 2566 351 DE
2610 287 2863 354 BELLO
2907 289 3182 355 SACRO.

3586 291 3719 359 540

300 406 507 466 obvius
537 408 744 467 avertit
777 428 790 467 :
822 410 882 469 hi
913 431 1049 487 pars
1087 414 1147 471 in
1179 421 1437 474 montem
1487 423 1786 488 corruunt,
1821 418 1949 491 qui-
1981 417 2035 484 Α
2063 420 2219 492 quod
2243 423 2425 476 restat
2448 422 2837 496 exstinguere.
2871 423 3019 492 Quid
3042 423 3249 497 plura?
3267 424 3582 484 immemor
3610 427 3722 493 ho:

300 499 433 555 dam
466 517 569 572 per
597 501 900 559 interiores
932 506 1149 577 gradus
1181 508 1507 563 ascendunt
1558 525 1776 576 muros,
1806 510 1950 565 dant

303 588 521 645 saltum
556 590 1036 657 foras,exitialem
1072 595 1221 655 aliis.
1248 600 1421 669 atque
1452 597 1582 653 aliis
1606 597 1945 655 redivivum.

302 678 481 734 Latus
512 679 657 735 illud
688 682 871 749 urbis,
906 688 970 737 ut
1010 701 1188 755 supra
1237 686 1458 741 dictum
1502 691 1609 752 est,
1646 689 1949 745 obsessore

299 768 571 837 vacabat;
605 770 850 842 ideoque
883 790 1029 843 quos
1060 774 1392 845 egrediendi
1419 774 1653 832 licentia
1684 778 1946 850 expedie-

303 857 432 925 bat;
464 858 656 915 visum
712 865 802 916 est
854 861 971 917 illis
1024 867 1225 935 aptum
1270 865 1416 938 fugae
1448 866 1784 922 divortium.
1821 870 1948 939 Ipse

300 947 478 1003 etiam
510 949 779 1022 princeps
811 950 1125 1007 Cassianus
1157 953 1428 1009 verticem
1471 954 1684 1027 gladio,
1718 961 1947 1029 tergum

298 1036 717 1110 lanceajaculo
735 1040 972 1097 saucius
995 1041 1185 1097 femur
1215 1042 1322 1098 hac
1354 1050 1951 1117 evaserat,quantum-

305 1143 417 1199 que
446 1144 580 1196 nox,
604 1128 949 1189 diluculum.
976 1129 1184 1197 calcar,
1209 1148 1394 1204 equus
1443 1135 1945 1206 adjuverant,jam

297 1232 477 1288 prope
495 1217 752 1273 Rubrum
789 1220 1066 1291 oppilum
1099 1220 1464 1295 elongaverat
1489 1241 1500 1279 :
1526 1224 1645 1280 illic
1677 1242 1825 1297 equo
1849 1227 1946 1282 de-

299 1304 562 1371 stitutus,
596 1324 661 1362 ac
685 1308 939 1365 tenebris
971 1309 1029 1363 in
1066 1310 1276 1366 fruteto
1301 1312 1949 1387 absconditur,sperans

298 1393 418 1451 sive
450 1395 519 1450 de
551 1396 822 1468 praesenti
855 1396 983 1453 luce
1006 1399 1282 1455 viatorem
1317 1402 1715 1472 opiferum,vel
1740 1404 1946 1459 saltem

298 1483 371 1539 de
401 1489 568 1541 nocte
599 1486 839 1542 instanti
890 1488 1161 1544 tenebras
1207 1490 1358 1563 fugae
1405 1491 1714 1548 solatium:
1746 1493 1855 1549 hac
1888 1494 1946 1548 in

299 1590 402 1646 spe
461 1574 641 1630 miser
697 1575 793 1632 ille
844 1576 1099 1645 saucius,
1135 1583 1197 1634 ut
1250 1579 1388 1645 dixi,
1422 1581 1688 1648 anhelus,
1717 1582 1944 1650 sitiens,

298 1662 539 1718 arrectis
571 1663 836 1731 auribus,
869 1665 1055 1722 oculis
1087 1669 1159 1724 ad
1212 1668 1336 1723 vias
1378 1669 1640 1738 intentis,
1676 1671 1734 1726 in
1768 1672 1947 1727 dumo

2060 507 2457 582 nesti,pietate
2489 510 2770 585 neglecta,
2795 529 3000 569 servus
3030 514 3338 570 dominum
3370 513 3533 572 clava
3566 518 3707 574 sub-

2056 597 2175 654 lata
2205 598 2469 667 dilaniat,
2500 601 2801 657 cerebrum
2845 602 3089 676 spargit,
3124 603 3310 676 spolia
3355 605 3497 661 satis
3548 613 3712 664 arcta

2058 687 2392 761 ingentibus
2424 690 2731 762 praeferens
2758 692 3086 763 promissis.

2059 794 2217 850 LXX.
2254 827 2317 837 —
2354 797 2653 853 Tancredus
2681 798 2905 872 hujusce
2932 800 3293 872 expeditionis
3339 818 3396 858 se
3433 804 3711 860 conscium

2535 886 2645 925 non
2672 871 2844 942 fuisse
2862 871 3232 944 conqueritur.

2128 956 2468 1012 Tancredus
2496 956 2720 1014 interea
2748 958 2989 1032 ignarus
3018 962 3286 1017 omnium
3320 978 3449 1035 quas
3480 963 3711 1021 accide-

2058 1049 2209 1112 rant,
2241 1046 2316 1117 (3)
2338 1063 2498 1102 more
2547 1064 2652 1103 suo
2702 1048 2828 1104 vias
2856 1048 3058 1121 procul
3090 1050 3163 1106 ab
3194 1051 3339 1108 urbe
3381 1051 3708 1124 obsidebat,

2057 1150 2184 1206 quae
2204 1135 2505 1191 introitum
2538 1136 2879 1210 exitumque
2908 1138 3123 1211 saepius
3154 1139 3524 1198 indulserunt
3543 1143 3714 1199 urba-

2058 1224 2150 1279 nis
2171 1241 2184 1279 :
2206 1240 2338 1279 cum
2370 1241 2506 1297 ergo
2528 1242 2563 1280 a
2591 1225 2854 1299 profugis
2874 1226 3006 1284 illae
3021 1227 3272 1301 egressis
3293 1230 3597 1303 captisque
3617 1248 3712 1288 res

2056 1317 2251 1385 gestas
2282 1314 2637 1385 accepisset:
2664 1314 2829 1371 «Heu
2857 1315 3032 1372 mihi!
3069 1317 3212 1373 heul
3246 1318 3704 1393 ingeminat,qui

2056 1401 2114 1456 in
2147 1406 2309 1459 tanto
2339 1406 2461 1471 tam
2495 1403 2775 1459 ineffabili
2805 1406 3019 1477 gaudio
3051 1406 3213 1463 solus
3263 1424 3440 1480 cogor
3485 1408 3701 1467 dolere.

2057 1490 2204 1546 Proh
2236 1491 2449 1562 pudor!
2486 1492 2620 1564 quis
2661 1492 2968 1559 laboravit,
3001 1499 3059 1551 et
3105 1512 3211 1569 ego
3255 1497 3488 1568 quievi?
3517 1497 3712 1571 qualis

2056 1579 2377 1647 excubavit,
2397 1584 2454 1636 et
2483 1598 2587 1655 ego
2619 1582 2868 1638 stertui?
2890 1583 2933 1639 Ο
2954 1584 3310 1652 Boamunde,
3335 1585 3704 1643 Boamundel

2058 1668 2189 1725 aliis
2220 1669 2413 1741 palam
2444 1670 2654 1738 fecisti,
2679 1671 2829 1727 clam
2859 1672 3002 1728 mihi
3040 1690 3053 1729 :
3082 1691 3114 1729 o
3145 1679 3389 1748 cognate
3420 1677 3666 1751 sanguis
3690 1678 3717 1734 l-

297 1749 588 1860 latitabat,
622 1753 924 1825 lepusculo
961 1756 1171 1813 similis
1215 1775 1390 1829 quem
1423 1759 1746 1815 catulorum
1772 1760 1947 1817 fauci-
1976 1794 2021 1860 Β
2059 1758 2302 1860 hoccine
2322 1758 2437 1860 fuit.
2459 1760 2689 1833 cognati
2721 1761 3412 1860 sanguinis‘I-Absentasti‘
3456 1749 3570 1860 me,
3605 1784 3709 1823 cu-

296 1840 409 1897 bus
440 1846 705 1913 ereptum
752 1844 944 1916 vepris
974 1845 1138 1901 celat.
1174 1847 1279 1903 Pro
1313 1849 1519 1904 mundi
1550 1849 1761 1922 gloria!
1796 1850 1943 1917 Quid
1977 1840 2021 1860 ¹¹
2046 1848 2150 1920 jus
2170 1849 2539 1920 praesentiam
2569 1850 2892 1906 noverasin
2928 1851 3036 1907 hac
3058 1855 3222 1909 tanta
3244 1853 3455 1910 militia
3484 1854 3709 1927 primas

297 1946 455 1986 nunc
484 1948 550 1986 eo
581 1931 910 1989 infelicius?
940 1934 1095 1990 idem
1128 1935 1251 1992 heri
1285 1938 1603 1994 Antiochia:
1650 1939 1941 2012 princeps,

298 2019 473 2093 Syrize
505 2020 840 2078 dominator
868 2040 934 2079 ac
966 2023 1292 2093 Phcenicize,
1325 2028 1570 2100 Assyriae
1622 2033 1826 2097 terror,
1864 2047 1947 2086 re-

296 2123 439 2181 gum
470 2108 844 2166 orientalium
875 2114 1342 2184 potentissimus,
1380 2115 1478 2171 uni
1522 2116 1796 2173 Solidano
1843 2118 1945 2191 qui

296 2213 543 2270 regnum
563 2198 801 2255 Persida
822 2205 1513 2273 regnaverat,secundus;
1538 2206 1638 2262 sed
1660 2207 1801 2262 dum
1822 2211 1947 2263 tan-

295 2284 372 2342 tis
419 2285 598 2342 miser
642 2292 948 2345 vexaretur
994 2292 1303 2364 angustiis,
1336 2293 1465 2349 sitis
1494 2295 1681 2350 acrior
1722 2296 1945 2354 viscera

295 2375 576 2448 torrebat,
606 2377 729 2433 viso
762 2379 1013 2436 ruricola
1042 2398 1204 2454 aquae
1238 2382 1582 2455 amphoram
1614 2385 1941 2457 baiulante;

295 2462 382 2520 illi
410 2464 624 2534 innuit,
648 2467 911 2538 accessit,
947 2469 1113 2525 bibit.
1145 2471 1446 2543 Aspiciens
1477 2474 1731 2531 rusticus
1778 2475 1942 2531 habi-

296 2557 447 2621 tum,
471 2554 676 2611 faciem
710 2559 1537 2634 contemplatur,stupensque
1569 2563 1640 2618 ad
1664 2580 1865 2620 casum
1888 2569 1945 2620 et

296 2642 573 2700 vulnera:
599 2668 626 2695 «
652 2646 803 2701 Heu!
829 2646 1290 2720 inquit,domine
1325 2650 1405 2705 mi
1438 2650 1730 2724 princeps,
1750 2652 1842 2708 cui
1873 2655 1943 2710 de

296 2735 353 2789 te
374 2737 604 2788 tantum
634 2734 1000 2809 licuit,cujus
1016 2736 1074 2793 in
1098 2742 1154 2793 te
1172 2743 1337 2795 tanta
1353 2739 1604 2795 surrexit
1626 2742 1939 2798 audacia?»

297 2828 611 2895 agnoverat
639 2824 796 2881 enim
828 2842 986 2894 eum,
1011 2832 1075 2882 ut
1107 2844 1340 2900 semper
1370 2828 1556 2902 plebis
1587 2830 1737 2886 oculi
1768 2832 1839 2887 ad
1862 2848 1943 2887 re-

294 2910 451 2984 giam
482 2913 847 2983 majestatem
878 2914 1299 2972 intenduntur:
1335 2919 1605 2991 stupebat
1625 2936 1760 2993 ergo
1783 2938 1945 2977 even-

294 3003 392 3059 tus
423 3000 615 3059 adhuc
645 3004 895 3061 recentis
926 3004 1188 3079 ignarus.

665 3093 854 3149 LXIX.
888 3126 957 3135 —
988 3100 1027 3151 Α
1062 3096 1266 3153 rustico
1295 3097 1578 3154 occiditur.

2052 1943 2246 2009 partes
2278 1955 2391 1993 non
2424 1937 2736 1996 declinare.
2769 1939 3020 1996 Noveras
3060 1940 3109 1996 si
3158 1942 3446 2013 adessem,
3476 1944 3710 2016 primus

2053 2026 2126 2082 ad
2158 2027 2372 2083 muenia
2399 2043 2714 2096 currerem,
2733 2028 2962 2101 primus
2994 2029 3164 2086 funes
3186 2030 3708 2104 apprehenderem,

2052 2114 2280 2187 primus
2319 2115 2770 2188 supervolarem,
2803 2116 3031 2188 primus
3079 2117 3490 2175 detruncarem
3515 2136 3529 2174 :
3555 2119 3711 2176 hanc

2052 2201 2196 2258 mihi
2225 2202 2471 2275 gloriam
2500 2202 2782 2275 invidisti,
2815 2221 3156 2277 quanquam
3203 2204 3311 2261 tibi
3361 2223 3493 2262 eam
3522 2206 3701 2275 vires,

2052 2292 2463 2362 aetas,fortasse
2492 2292 2727 2348 animus
2749 2294 3059 2365 negabant.
3076 2293 3120 2349 Ο
3142 2292 3278 2350 felix
3308 2293 3425 2361 ille,
3451 2295 3704 2367 quicun-

2052 2397 2165 2453 que
2195 2380 2418 2453 est,qui
2448 2382 2557 2438 has
2586 2380 2832 2438 Domino
2863 2381 2979 2438 Deo
3010 2387 3209 2440 nostro
3239 2382 3534 2456 primitias
3554 2382 3701 2440 liba-

2048 2470 2159 2526 vit!
2194 2470 2292 2526 sed
2325 2488 2727 2544 properemus,
2748 2488 2781 2528 o
2804 2471 3334 2544 socii,praecursum
3365 2472 3698 2543 amisimus,

2052 2556 2260 2614 saltem
2294 2558 2746 2631 subsequamur.
2780 2560 2978 2632 Neque
3022 2560 3179 2618 enim
3229 2554 3350 2618 haec
3399 2560 3497 2619 ille
3526 2562 3706 2619 etiam

2052 2647 2292 2714 auferet,
2326 2646 2427 2720 qui
2456 2665 2557 2704 vos
2587 2666 2874 2722 pauperes
2922 2649 3076 2717 fecit,
3108 2666 3203 2707 me
3250 2649 3586 2724 inglorium.
3628 2654 3704 2707 At

2054 2734 2153 2808 qui
2184 2735 2352 2791 ﬁnxit
2381 2735 2683 2811 sigillatim
2716 2738 2891 2794 corda
2915 2738 3244 2807 hominum,
3280 2738 3381 2812 qui
3433 2738 3708 2813 intelligit

2054 2841 2230 2897 opera
2267 2824 2552 2898 ipsorum,
2587 2826 2711 2898 ipse
2751 2827 3002 2899 judicet,
3035 2827 3160 2901 ipse
3203 2827 3475 2884 vindicet.
3514 2849 3537 2880 ι
3574 2829 3705 2884 Haec

2053 2912 2209 2968 fatus
2254 2915 2621 2971 Antiochiam
2672 2916 2847 2985 venit,
2879 2916 3162 2989 gaudium
3211 2915 3450 2984 invenit,
3484 2923 3541 2973 et
3578 2917 3708 2991 ipse

2054 3003 2152 3074 qui
2187 3004 2358 3059 modo
2390 3004 2562 3061 ﬂebat
2591 3022 2726 3061 cum
2758 3003 3054 3072 ﬂentibus,
3080 3006 3207 3078 jam
3238 3022 3372 3062 cum
3403 3006 3710 3080 gaudenti-

2054 3092 2166 3149 bus
2195 3094 2410 3167 gaudet
2440 3110 2454 3149 :
2489 3094 2705 3168 quippe
2734 3095 3017 3168 gaudium
3050 3111 3384 3162 commune,
3416 3094 3705 3167 privatam

366 3180 531 3237 Tunc
554 3181 870 3240 Cassianus
908 3184 1199 3241 misertori
1230 3186 1588 3243 infelicitatis
1620 3205 1737 3244 sum
1768 3188 1942 3244 ﬁdem
1974 3163 2017 3231 C
2055 3181 2127 3237 de
2156 3163 2327 3238 corde
2357 3163 2536 3238 nobili
2570 3163 2806 3256 expellit
2835 3182 3152 3241 tristitiam.
3172 3163 3627 3240 Accedit—tamen
3648 3188 3709 3240 et

230 3330 239 3336 .
297 3268 604 3337 adhibens,
640 3271 818 3327 simul
850 3278 1116 3330 metuens
1149 3293 1219 3330 ne
1255 3275 1682 3332 dissimulando
1714 3277 1941 3333 diffide-

297 3361 404 3425 ret,
464 3358 783 3416 diffidendo
855 3362 1010 3418 vices
1066 3363 1251 3419 hostis
1309 3366 1545 3437 exsequi
1603 3365 1939 3422 videretur:

297 3468 326 3495 «
349 3446 579 3504 Perdita
609 3453 717 3517 est,
747 3450 958 3522 inquit,
981 3451 1311 3518 Antiochia,
1348 3454 1551 3509 Franci
1582 3458 1800 3510 tenent.
1825 3456 1943 3528 Ego

298 3533 530 3607 qualem
559 3537 719 3593 vides
751 3542 914 3594 terno
962 3538 1051 3595 lac
1098 3540 1338 3597 vulnere
1365 3542 1460 3597 vix
1487 3542 1685 3615 aufugi
1725 3561 1737 3599 :
1768 3547 1827 3599 at
1855 3548 1942 3611 tu,

296 3623 635 3690 obsecro,ne
666 3626 860 3698 palam
893 3628 1072 3684 facias
1104 3647 1117 3684 :
1150 3629 1373 3702 vesperi
1394 3630 1614 3687 scilicet
1636 3632 1782 3705 fugae
1805 3649 1943 3705 ope-

296 3729 422 3768 ram
454 3714 625 3769 dabo.
658 3716 745 3771 Tu
778 3717 1103 3773 mercedem
1135 3736 1311 3791 quam
1343 3719 1657 3776 maximam
1680 3738 1714 3777 a
1746 3738 1859 3789 me,
1893 3721 1944 3777 si

297 3818 553 3869 evasero,
584 3808 911 3876 exspecta.»
940 3806 1166 3879 Vulgus
1198 3808 1493 3864 fortunam
1525 3810 1809 3882 sequitur,
1829 3826 1947 3882 qua

297 3890 539 3958 ridente,
575 3892 793 3950 multos
851 3894 908 3951 in
968 3912 1034 3952 eo
1084 3897 1418 3954 numerabit
1461 3898 1709 3968 amicos;
1741 3900 1945 3955 eadem

297 3978 472 4047 tristi,
506 3980 821 4055 dilIugiunt
850 3983 1086 4041 siccatis
1117 3986 1277 4041 cadis
1308 4004 1441 4042 cum
1474 3987 1628 4055 faece,
1663 3990 1809 4044 ferre
1846 3989 1944 4058 ju-

296 4084 439 4140 gum
472 4069 687 4141 pariter
716 4070 921 4128 dolosi.
958 4074 1248 4130 Attonitus
1274 4079 1457 4147 tanto,
1484 4081 1605 4131 tam
1638 4076 1941 4149 repentino

299 4174 440 4213 casu
464 4158 904 4232 rusticus,apud
934 4178 996 4218 se
1014 4179 1130 4218 non
1162 4163 1537 4230 est,infremit
1566 4163 1795 4236 spiritu,
1821 4168 1945 4219 stu-

296 4250 413 4318 pet,
438 4245 721 4303 deliberat
749 4250 987 4305 tandem
1019 4252 1159 4323 quid
1191 4251 1248 4306 in
1282 4257 1446 4308 tanto
1472 4270 1668 4309 rerum
1712 4254 1948 4309 cardine

300 4333 378 4391 sit
407 4336 717 4406 agendum.
756 4337 966 4393 Statim
1018 4344 1229 4395 tractat
1269 4340 1568 4397 interitum
1601 4343 1749 4413 ejus,
1778 4342 1949 4413 cujus

300 4423 473 4480 modo
497 4424 739 4482 vulnera
771 4427 1180 4500 miserabatur,
1204 4428 1262 4484 in
1308 4447 1425 4502 qua
1455 4447 1514 4485 rc
1545 4431 1659 4485 duo
1692 4434 1898 4502 pensat
1931 4447 1943 4486 :

2053 3271 2350 3327 communi
2382 3270 2581 3326 laetitia
2609 3289 2805 3343 parva,
2841 3273 2995 3345 quod
3030 3272 3213 3328 relicti
3257 3273 3328 3329 ad
3362 3272 3546 3329 tutela
3574 3289 3703 3329 cas-

2054 3364 2301 3427 trorum,
2334 3377 2471 3432 pars
2501 3359 2723 3415 militiae
2752 3361 2953 3418 audito
2986 3361 3294 3418 turbarum
3325 3361 3542 3430 sonitu,
3563 3377 3701 3417 cum

2054 3448 2392 3504 Boamundo
2413 3448 3128 3522 introierant,abseutique
3158 3448 3395 3506 domino
3415 3448 3700 3522 palatium

2055 3543 2520 3609 preparaverant
2548 3537 2776 3612 insigne
2809 3554 2823 3593 :
2848 3539 3093 3611 jamque
3125 3537 3498 3611 introgressis
3518 3536 3703 3593 omni-

2054 3626 2167 3682 bus
2198 3625 2298 3697 qui
2329 3627 2831 3700 principabantur,
2862 3626 3024 3684 solus
3055 3625 3350 3684 Blesensis
3379 3643 3573 3683 comes
3595 3643 3703 3682 au-

2057 3713 2167 3768 fuit
2199 3732 2211 3770 :
2247 3732 2350 3769 seu
2381 3716 2588 3771 merita
2618 3732 2898 3788 superum
2931 3715 3036 3782 ira,
3072 3731 3175 3770 seu
3207 3716 3452 3771 fortuna
3482 3714 3705 3771 invidia

2057 3803 2345 3876 pudenter
2373 3804 2665 3861 exclusus.

2423 3893 2608 3949 LXXI.
2643 3924 2710 3936 --
2742 3893 2817 3962 (4)
2851 3894 3019 3950 Casus
3038 3893 3338 3950 mirabilis.

2128 3980 2349 4037 Accidit
2380 3998 2482 4054 per
2508 3981 2565 4037 id
2596 3980 2877 4054 temporis
2893 3981 3178 4054 quiddam
3200 3980 3561 4055 inopinabile
3582 3981 3710 4038 sine

2056 4070 2318 4143 exemplo
2350 4087 2543 4138 casus,
2577 4071 2747 4143 cujus
2777 4069 3007 4144 generis
3036 4088 3143 4126 nec
3174 4070 3560 4127 antecessisse
3603 4086 3712 4127 nec

2057 4163 2325 4214 secutum
2356 4176 2483 4215 esse
2513 4158 2848 4232 prodigium
2881 4163 3020 4216 aetas
3049 4158 3245 4232 prisca
3287 4159 3581 4228 meminit,
3611 4164 3714 4217 aut

2058 4264 2335 4320 praesens.
2364 4247 2755 4304 Considebant
2786 4247 3126 4304 Boamundo
3155 4248 3343 4304 vocati
3378 4249 3450 4305 ad
3483 4265 3712 4305 coenam

2058 4336 2322 4405 comites,
2373 4335 2747 4392 Flandrensis
2807 4336 3024 4405 dexter,
3077 4335 3255 4394 laevus
3311 4336 3712 4396 Boloniensis:

2059 4425 2260 4481 aderat
2290 4424 2475 4481 multa
2506 4422 2694 4497 plebis
2731 4422 2949 4497 palatio
2997 4424 3055 4480 in
3106 4425 3311 4482 eodem
3363 4424 3711 4499 frequentia,

300 4529 602 4570 accessum
634 4514 1171 4585 facilem,eil'ectum
1202 4518 1426 4574 utilem.
1461 4518 1521 4574 Si
1554 4518 1710 4574 hunc
1732 4518 1951 4575 occide—
1983 4535 2027 4599 θ
2059 4530 2196 4586 pars
2217 4514 2817 4586 discumbentes,pars
2840 4512 3194 4582 ministri,ut
3209 4515 3276 4570 fit
3297 4514 3398 4571 ubi
3417 4514 3715 4588 principes

299 4601 393 4671 rit,
429 4608 637 4676 przesto
688 4609 778 4661 est
828 4623 1072 4673 merces,
1103 4611 1292 4663 vestes
1341 4606 1511 4677 regiae
1561 4612 1618 4662 et
1646 4624 1854 4679 equus,
1876 4608 1944 4663 ad

299 4690 420 4747 haec
454 4692 811 4749 Francorum
843 4696 1031 4766 gratia
1062 4712 1073 4751 :
1109 4696 1466 4768 prmferenda
1487 4700 1682 4750 tamen
1716 4694 1807 4751 his
1838 4697 1954 4752 fue~

300 4784 433 4835 rant
461 4780 686 4838 amicus
705 4781 1168 4855 Christus,cujus
1202 4783 1506 4839 inimicum
1538 4783 1949 4851 interemisset,

299 4871 357 4924 et
385 4867 456 4924 de
486 4870 632 4925 tanti
669 4888 807 4927 nece
838 4870 1122 4942 principis
1152 4870 1281 4927 laus
1313 4870 1684 4938 immortalis,
1721 4888 1846 4944 quae
1892 4872 1951 4926 in

301 4961 549 5013 mortem
583 4958 796 5014 multos
829 4958 1066 5031 impulit
1098 4958 1375 5016 mortales
1408 4977 1421 5015 :
1457 4960 1555 5016 sed
1588 4959 1709 5015 hmo
1765 4960 1956 5017 aliena

300 5062 335 5101 a
364 5051 559 5101 mente
590 5047 808 5102 rustica
830 5046 1023 5103 nobile
1046 5046 1191 5103 nihil
1217 5049 1550 5104 attendente
1577 5066 1589 5103 :
1617 5048 1701 5104 sic
1732 5048 1954 5104 utilita-

301 5138 417 5190 tem
450 5135 798 5190 considerat.
834 5135 1009 5191 Porro
1035 5136 1278 5203 fessum,
1303 5153 1679 5210 exsanguem,
1707 5138 1954 5193 semine-

300 5239 447 5289 cem,
481 5222 692 5289 solum,
727 5223 1007 5300 inermem
1040 5223 1213 5294 videt,
1256 5226 1422 5281 facile
1471 5225 1790 5281 arbitratur
1817 5227 1949 5281 vitae

372 5364 448 5431 (3)
473 5363 807 5420 Econtrario
840 5364 1174 5422 Baldericus
1203 5366 1305 5422 lib.
1332 5381 1371 5421 ιι
1406 5382 1421 5421 :
1460 5365 1760 5422 Tancrcdus
1777 5369 1948 5433 enim,

300 5436 411 5509 ait,
434 5436 626 5509 suique
653 5437 965 5509 consiliarii
989 5454 1102 5494 rem
1132 5439 1395 5509 lotamab
1426 5439 1638 5509 origine
1664 5447 1948 5495 noverant.

303 5506 643 5589 Sed-major"
666 5508 809 5564 ﬁdes
841 5513 1039 5565 nostro
1073 5508 1396 5589 lladulpho.
1515 5506 1536 5589 ἰ
1631 5583 1640 5589 _
1673 5578 1683 5589 ,

375 5577 452 5650 (4)
473 5579 606 5647 Quae
629 5577 737 5636 hoc
759 5597 1001 5643 numero
1020 5577 1649 5651 continentur,exstant
1670 5578 1729 5635 in
1751 5577 1952 5638 charta

2058 4601 2207 4656 tanti
2263 4606 2383 4657 tres
2439 4602 2512 4657 ad
2564 4618 2831 4658 mensam
2883 4600 3260 4659 conveniunt.
3294 4602 3473 4659 Cibus
3502 4604 3714 4660 tacitos

2062 4691 2231 4759 facit;
2256 4690 2611 4764 potus,quod
2642 4707 2746 4763 per
2766 4692 3080 4763 quemdam
3110 4692 3458 4765 prudentem
3487 4691 3713 4749 dictum

2061 4784 2170 4847 est,
2200 4778 2476 4851 loquaces
2511 4797 2524 4835 :
2557 4778 2812 4835 librabat
2843 4780 3223 4837 Boamundus
3255 4781 3459 4838 dextra
3506 4779 3715 4837 cultel-

2061 4866 2186 4924 lum
2234 4872 2367 4940 post
2414 4884 2661 4936 caenam,
2695 4884 2832 4924 cum
2881 4867 3163 4926 Flandriie
3208 4886 3404 4926 comes
3447 4868 3715 4926 alludens

2062 4956 2147 5013 sic
2179 4956 2259 5012 ait
2294 4974 2305 5013 :
2340 4976 2372 5009 ι
2403 4956 2553 5023 Quid
2584 4955 2695 5013 sibi
2723 4956 2850 5013 vult
2876 4956 2998 5013 hac
3028 4956 3304 5015 libratio?
3332 4958 3714 5015 manifestum

2062 5049 2172 5112 est,
2204 5044 2390 5112 video,
2424 5044 2660 5101 solliciti
2713 5044 2972 5120 signum,
3026 5063 3144 5102 non
3199 5050 3331 5120 eget
3385 5046 3545 5103 curis
3604 5045 3717 5104 hoc

2059 5139 2314 5206 tempus,
2347 5133 2493 5190 hora
2521 5137 2612 5190 est
2661 5133 2881 5208 gaudii,
2918 5152 3033 5190 non
3084 5152 3361 5192 curarum
3395 5153 3410 5191 :
3445 5137 3592 5204 lmo,
3622 5134 3711 5191 in-
3772 5138 3779 5143 ’

2061 5223 2188 5295 quit
2219 5223 2617 5291 Boamundus,
2649 5221 2885 5279 domine
2914 5228 3131 5293 comes,
3156 5223 3272 5279 alia
3301 5228 3391 5280 est
3414 5240 3528 5294 res,
3562 5240 3709 5297 prea-

2059 5363 2243 5438 gesti_s_
2276 5363 2561 5420 Tancredi
2583 5363 2960 5438 assuta_,_sive
2990 5365 3063 5421 ab
3094 5365 3296 5423 eodem
3330 5365 3713 5433 auctore,sive

2061 5434 2133 5492 ab
2164 5434 2279 5508 alio
2305 5440 2445 5508 post
2469 5436 2708 5491 modum
2726 5435 2926 5508 addita
2949 5452 2963 5491 :
2986 5452 3114 5508 quae
3139 5442 3337 5496 tamen
3358 5438 3714 5496 narrationis

2061 5507 2271 5565 seriem
2301 5506 2723 5581 interrumpere
2749 5506 3039 5565 videntur.
