3984 6078
195 313 333 381 διι-

1488 294 1497 299 “
1552 322 1803 386 casm
1847 320 2264 387 TANCREDI.

3482 331 3600 392 542

194 450 602 509 sentiavestra
618 469 734 509 non
757 469 851 510 me
870 452 1010 511 sinit
1032 470 1161 512 esse
1182 453 1843 521 sollicitum,cuiludum
1876 458 1930 524 Α
1960 459 2205 533 populos
2234 460 2432 529 trahit,
2464 479 2534 518 ne
2568 463 2710 520 forte
2737 462 2862 520 suis
2892 461 3017 537 ipse
3048 460 3343 519 alimentis
3371 461 3600 519 hostem

173 544 366 598 ,struo
396 542 540 597 dum
570 543 792 599 trutino
821 543 1159 600 cultellum:
1184 546 1349 600 Hunc
1370 547 1542 618 cujus
1571 545 1851 619 grossitu-

194 630 274 686 do
330 635 571 687 ceteros
615 633 827 704 premit
856 637 937 703 (et
981 635 1219 690 ardebat
1269 652 1464 691 coram
1514 654 1579 691 eo
1627 637 1848 693 caeteris

191 718 462 793 grossior
489 737 669 793 super
713 722 1128 779 candelabrum
1170 726 1392 797 cereus)
1424 725 1602 791 hunc,
1632 725 1843 797 inquit,

193 807 380 865 semel
403 808 587 864 ictum
610 809 672 865 in
693 810 724 866 d
737 827 808 866 uo
826 810 1225 884 dispertiam.»
1237 814 1413 871 Visus
1425 819 1514 871 est
1535 815 1847 871 comitibus

192 912 394 954 sermo
424 897 666 969 delirus,
697 903 754 955 et
782 917 958 972 quem
991 901 1153 957 nulla
1183 905 1368 976 possit
1396 904 1560 976 sequi
1608 905 1847 960 effectus

192 986 450 1042 facultas
474 1004 489 1042 :
514 994 870 1062 quapropter
898 990 1137 1062 subjicit
1160 992 1535 1049 Flandrensis
1559 1010 1572 1048 :
1598 995 1846 1067 «Aggre-

193 1077 336 1132 dere
362 1077 517 1148 quod
542 1079 758 1149 jactas,
793 1079 1088 1152 princeps,
1118 1083 1235 1137 voti
1269 1088 1595 1154 compotem
1619 1084 1847 1139 donabo

193 1164 495 1221 chlamide
525 1182 655 1223 mea
690 1184 703 1223 :
736 1171 798 1223 tu
830 1184 964 1225 vero
994 1169 1185 1243 impos
1216 1188 1307 1226 me
1354 1176 1456 1226 tua
1508 1188 1579 1227 ne
1623 1174 1848 1228 abnuas

192 1252 479 1309 donare.»
496 1253 845 1312 Conceditur
869 1274 883 1312 :
909 1258 1009 1330 qui
1029 1275 1161 1315 mox
1178 1260 1408 1315 sublato
1430 1262 1492 1316 B.
1516 1260 1635 1317 ictu
1659 1266 1850 1333 astam-7

193 1347 321 1399 tem
350 1341 609 1399 dissecat
636 1347 1259 1414 cereum,descendens
1280 1350 1497 1423 quippe
1526 1367 1593 1406 ex
1614 1350 1850 1421 obliquo

192 1430 406 1487 dextra
434 1431 664 1488 facilem
694 1438 861 1491 caute
891 1436 1222 1509 impetravit
1248 1439 1585 1496 sectionem.
1621 1440 1711 1495 Fit
1741 1440 1850 1494 ita-

194 1536 316 1592 que
366 1536 570 1578 cereus
627 1539 781 1579 unus
832 1524 966 1592 duo,
1008 1526 1164 1597 quod
1214 1527 1406 1584 dictus
1435 1533 1524 1585 est
1566 1528 1848 1599 mirabile,

195 1609 419 1665 ardens
448 1609 719 1667 ardentes
752 1628 765 1667 :
800 1613 962 1668 ardet
991 1631 1118 1686 quze
1149 1617 1361 1673 ardens
1391 1618 1686 1675 deciderat
1717 1636 1853 1690 pars

194 1697 506 1771 superior;
529 1699 696 1755 ardet
724 1700 963 1757 inferior
995 1719 1122 1775 quae
1172 1705 1284 1760 ﬁxa
1315 1707 1564 1773 astabat,
1598 1708 1853 1764 neminis

193 1803 383 1843 manu
435 1788 671 1845 admoto
720 1788 852 1863 igne
900 1807 1004 1863 per
1033 1809 1094 1848 se
1126 1810 1389 1850 accensa.
1422 1796 1846 1868 Aspicientium
1886 1831 1932 1896 Β

195 1880 444 1948 stupent
487 1880 734 1945 mentes,
768 1878 964 1936 omine
1021 1881 1133 1936 acti
1194 1887 1355 1939 actor
1405 1884 1530 1957 ipse
1580 1890 1846 1941 terretur.

193 1963 495 2021 Volitante
516 1966 800 2039 populum
825 1968 908 2024 rei
930 1970 1105 2038 fama,
1129 1988 1197 2027 ex
1228 1973 1386 2028 omni
1411 1974 1663 2043 atrio,ex
1693 1975 1852 2030 omni

196 2053 442 2110 officina
470 2056 1418 2132 accurritur,stupetur,nequcunt
1447 2063 1658 2134 expleri
1678 2064 1854 2118 corda

193 2143 443 2206 tuendo,
476 2142 668 2200 adhuc
697 2146 1072 2217 stupentibus
1109 2147 1203 2215 iis,
1236 2150 1428 2205 adhuc
1476 2152 1851 2223 mirantibus,

196 2230 300 2286 ille
331 2231 532 2288 subito
563 2249 847 2290 accensus
877 2235 1072 2292 subito
1094 2253 1326 2310 quoque
1356 2239 1508 2312 ignis
1539 2242 1853 2314 exstingui-

197 2324 319 2386 tur,
346 2321 666 2391 augurium
698 2321 885 2378 triste.
919 2322 1082 2390 Quod
1115 2325 1163 2381 si
1197 2326 1530 2385 societatem
1564 2331 1851 2405 integram

198 2408 483 2464 manendi
512 2411 913 2483 pereundique
957 2429 1091 2469 cera
1136 2420 1192 2470 et
1236 2416 1477 2472 flamma
1516 2436 1853 2476 conservas-

200 2496 539 2571 sent,longa
567 2498 1078 2577 hereditasdonga
1110 2506 1548 2577 promitteretur
1568 2510 1849 2578 succesio,

200 2587 276 2642 ad
308 2603 653 2659 supremum
685 2588 881 2644 saeculi
914 2590 1069 2647 diem
1103 2594 1511 2665 perducenda:
1537 2599 1676 2671 quia
1720 2617 1852 2655 vero

200 2679 370 2731 ortus
401 2676 637 2731 evanuit
673 2678 829 2749 quod
878 2687 1239 2739 succreverat
1287 2684 1600 2757 igniculus,
1635 2688 1854 2745 sobolis

199 2763 445 2836 quidem
477 2765 776 2838 aruspices
807 2769 1160 2839 promittunt
1190 2789 1353 2843 spem
1386 2774 1689 2844 futurze,at
1721 2795 1855 2834 mox

197 2853 559 2908 transiture.
590 2854 928 2924 Ostendent,
964 2858 1149 2925 aiunt,
1191 2861 1361 2917 terris
1410 2863 1565 2919 hunc
1623 2871 1853 2922 tantum

200 2940 341 3006 fata,
374 2958 483 2997 nec
512 2941 668 2999 ultra
697 2961 825 3001 esse
855 2945 1068 3015 sinent,
1102 2951 1159 3003 et
1188 2954 1394 3007 caetera
1424 2969 1552 3024 quae
1592 2955 1855 3011 subdidit

201 3028 594 3086 Mantuanus:
619 3048 745 3104 quae
773 3050 880 3090 nos
909 3034 968 3089 in
992 3053 1130 3092 nece
1153 3039 1469 3095 Boamundi
1496 3042 1750 3113 junioris
1772 3045 1853 3099 vi-

202 3118 403 3174 dimus
420 3119 728 3192 completa.
746 3122 997 3196 Prodigii
1021 3125 1246 3181 novitas
1265 3129 1533 3185 comitem
1558 3133 1850 3189 defendit:

1959 554 2222 623 pasceret
2250 551 2590 607 instantem.
2622 552 2818 608 Voluit
2847 553 3052 619 Guido,
3085 553 3294 625 vixque
3342 556 3602 607 retentus

1957 643 2063 703 est,
2100 639 2367 711 quamvis
2395 641 2589 697 Greece
2622 641 2935 698 destitutus
2975 642 3208 707 auxilio,
3241 640 3602 697 Christicolis

1957 745 2126 801 opem
2158 729 2304 783 ferre
2335 729 2580 785 inclusis
2613 748 2625 785 :
2661 731 2760 786 sed
2787 731 2989 787 eodem
3022 749 3136 804 quo
3160 731 3475 805 imperator
3504 731 3601 786 de-

1956 817 2224 873 hortante
2256 819 2593 874 retrahitur.

2261 908 2499 963 LXXIII.
2532 941 2600 949 —
2632 910 2765 965 Dira
2788 912 2935 982 fame
2963 913 3315 983 afﬂiguntur.

2030 994 2254 1050 Interea
2280 1001 2473 1069 septos
2506 997 2698 1053 hostili
2734 998 2917 1055 milite
2958 1001 3229 1066 Francos,

1958 1083 2248 1140 anibus
2281 1086 2558 1153 inclusos,
2591 1088 2895 1143 Persarum
2927 1088 3151 1161 spicula
3176 1105 3401 1161 passos,

1959 1172 2095 1229 Dira
2128 1175 2309 1229 fames
2342 1176 2586 1242 cruciat;
2622 1194 2713 1232 res
2745 1178 2912 1243 dura,
2945 1178 3043 1233 sed
3077 1178 3338 1250 asperior
3375 1193 3529 1249 spes.

1958 1263 2132 1319 Nulla
2162 1264 2327 1336 quies
2358 1265 2590 1322 miseris
2624 1284 2634 1321 :
2668 1266 2805 1321 hinc
2837 1271 3035 1323 monte
3064 1270 3300 1338 pluente
3338 1264 3601 1338 sagittas,

1960 1354 2125 1410 Illinc
2159 1354 2418 1427 planitie,
2454 1356 2727 1411 cohibent
2755 1356 2904 1412 hanc
2939 1374 3144 1412 murus
3177 1360 3233 1411 et
3262 1355 3440 1410 unda.

1962 1444 2175 1499 Mentel
2209 1443 2355 1498 nihil
2387 1444 2597 1499 horum
2623 1463 2635 1500 :
2664 1462 2832 1502 mons
2863 1446 3098 1502 nervius
3127 1445 3332 1501 incitat
3353 1444 3602 1499 hostem.

1959 1534 2108 1606 Ergo
2132 1534 2257 1588 dics
2283 1533 2521 1600 bellum,
2556 1534 2773 1589 bellum
2805 1552 2916 1590 nox
2947 1534 3097 1590 excit
3125 1551 3306 1607 opaca

1962 1623 2205 1677 Summa
2234 1626 2433 1678 tenent
2464 1624 2660 1689 Turci,
2693 1624 3016 1679 defendunt
3046 1623 3163 1678 ima
3194 1622 3405 1689 Latini,

1960 1711 2280 1766 Adversum
2314 1711 2653 1768 innumeras
2685 1717 2800 1768 stat
2828 1712 3031 1768 lancea
3060 1729 3245 1784 pauca
3266 1711 3532 1784 sagittas,

1964 1800 2174 1872 Dispar
2204 1804 2519 1867 certamen,
2554 1818 2857 1866 numerus,
2889 1801 3063 1869 vires,
3097 1801 3260 1857 locus
3293 1816 3488 1867 arma;

1963 1888 2172 1945 Omnia
2202 1888 2478 1961 disparia,
2514 1894 2793 1961 praestant
2823 1891 2942 1946 haec
2975 1889 3173 1946 omnia
3201 1888 3428 1945 Turcis.

1963 1979 2216 2034 Tantum
2251 1978 2430 2033 animi
2484 1979 2720 2035 Francis
2772 1980 2985 2035 animis
3028 1978 3459 2052 praestrutibus,
3491 1993 3609 2033 om-

3380 2068 3538 2138 [nem

1963 2160 2288 2217 Tristitiam
2323 2159 2550 2232 pellunt
2584 2177 2596 2215 :
2632 2162 2912 2232 superant
2958 2159 3172 2232 quibus
3220 2157 3418 2213 omnia
3476 2172 3612 2228 pre-

3329 2248 3531 2321 (stant,

1963 2338 2285 2395 Consilium
2321 2338 2561 2395 faciunt.
2592 2356 2708 2410 qua
2734 2337 3027 2395 declinare
3056 2338 3314 2395 laborem

1962 2432 2099 2484 Arte
2130 2432 2353 2500 queunt
2385 2444 2399 2482 :
2435 2428 2705 2500 oculique
2734 2427 2886 2484 leves
2917 2428 3193 2484 inducere
3223 2444 3481 2484 somnos.

2035 2518 2272 2573 LXXIV.
2306 2550 2373 2557 —
2407 2519 2681 2573 Resistunt
2709 2525 2758 2572 et
2782 2518 3196 2589 propugnacula
3235 2519 3536 2573 instruunt.

1964 2608 2347 2674 Ccementum,
2378 2606 2622 2679 lapides,
2656 2605 3500 2679 perpendicula,artificesque,

1965 2698 2174 2763 Funes,
2208 2712 2364 2761 vasa,
2400 2695 2638 2751 dolabra
2673 2700 2907 2768 parant;
2932 2695 3277 2768 cunctisque
3296 2695 3536 2769 paratis,

1962 2785 2240 2840 Nocturni
2266 2785 2570 2855 fabricant,
2603 2786 2752 2839 bona
2783 2802 2895 2851 res,
2927 2785 3118 2840 lucem
3148 2788 3348 2840 tamen
3379 2783 3536 2851 odit;

1962 2874 2092 2928 Exit
2120 2890 2266 2946 opus
2297 2878 2547 2944 noctem,
2582 2875 2827 2929 redeunt
2856 2874 2913 2927 in
2944 2873 3073 2930 luce
3113 2874 3358 2947 sagittae,

1964 2964 2182 3018 Lancea
2211 2965 2327 3017 stat
2358 2967 2576 3029 contra,
2603 2961 2860 3035 dumque
2890 2961 3089 3029 instat,
3120 2962 3342 3017 fabrica
3362 2961 3572 3034 surgit.

1964 3051 2113 3106 Dum
2146 3051 2377 3123 refugit,
2410 3055 2628 3118 cessat;
2663 3052 2747 3106 sic
2777 3052 3068 3106 fortunam
3096 3050 3249 3106 inter
3277 3054 3607 3123 utramque.

1968 3140 2339 3196 Construitur
2365 3157 2591 3207 murus,
2617 3134 2827 3196 Turcis
2856 3141 3234 3195 descensibus
3265 3140 3429 3206 obex,

202 3223 321 3261 non
350 3211 442 3302 est
486 3207 557 3263 de
589 3208 980 3302 pppignerata
1026 3213 1316 3272 chlamide
1348 3224 1700 3292 ramentum,
1735 3222 1852 3278 imo
1888 3201 1931 3267 ί]
1970 3230 2027 3285 Si
2061 3229 2135 3285 sit
2164 3247 2310 3301 opus
2342 3229 2538 3301 lignis,
2563 3201 2627 3283 ut
2657 3229 2961 3285 materiam
2995 3233 3150 3302 petat
3171 3228 3357 3301 ignis;

204 3311 344 3368 opes
378 3301 557 3369 atque
587 3297 803 3371 inopia,
840 3300 924 3355 hae
955 3303 1276 3376 principem
1310 3306 1409 3361 illa
1440 3310 1711 3366 comitem
1740 3310 1856 3366 cir-

204 3384 655 3442 cumvallantes.
680 3388 878 3461 Itaque
915 3408 1027 3445 non
1061 3392 1251 3449 solum
1286 3397 1437 3468 quod
1472 3398 1718 3454 debetur
1740 3419 1855 3455 non

206 3472 462 3544 exigitur
494 3490 507 3528 :
544 3491 742 3531 verum
774 3477 951 3533 etiam
984 3478 1236 3552 plurimo
1259 3500 1634 3541 communere
1656 3505 1856 3543 cumu~

202 3557 382 3614 latur.

203 3664 418 3722 LXXII.
450 3697 519 3708 —-
548 3669 855 3726 Christiani
880 3673 1014 3751 urbe
1036 3677 1301 3751 potitng
1335 3679 1645 3751 inﬁdelibus
1686 3685 1854 3739 inn-u-

763 3745 931 3799 meris
956 3745 1293 3802 obsidentur.

270 3826 410 3882 Dies
441 3826 545 3882 illa
590 3828 716 3886 dies
765 3832 964 3903 gaudii
994 3834 1125 3901 fuit,
1161 3840 1221 3892 at
1269 3839 1526 3894 crastina
1566 3844 1851 3900 mmroris.

201 3913 501 4004 Corbozan
535 3917 691 3991 regis
722 3919 1029 3977 Persarum
1079 3923 1196 3979 dnx
1243 3942 1376 3982 cum
1410 3930 1855 4004 quadringentis

201 4002 470 4059 millibus
513 4005 779 4078 equitum
832 4010 1019 4077 adest,
1059 4014 1264 4069 urbem
1312 4016 1559 4085 obsidet,
1610 4002 1855 4079 inclusis

200 4096 456 4148 mortem
474 4094 737 4151 minatur
750 4101 807 4153 et
830 4114 1142 4157 carcerem.
1159 4103 1288 4158 Haec
1305 4105 1549 4162 audiens
1563 4108 1854 4169 Blesensis

199 4195 420 4248 comes,
439 4187 731 4253 quantum
762 4183 897 4241 licet
927 4194 1186 4245 maturat
1219 4192 1435 4266 fugam,
1469 4194 1656 4253 instar
1681 4200 1853 4257 victo.

199 4269 298 4324 riae
331 4275 635 4343 reputans,
673 4272 722 4328 si
754 4274 995 4332 evadere
1028 4278 1204 4335 datur
1241 4281 1434 4348 sociis,
1470 4288 1856 4356 przesentibus

198 4358 375 4414 morti
409 4359 681 4417 addictis.
698 4361 885 4434 Igitur
905 4365 1186 4422 Graeciam
1210 4385 1410 4426 versus
1432 4377 1855 4442 revertens,im-

198 4447 457 4519 peratori
484 4447 685 4506 Alexio
717 4452 871 4524 apud
905 4454 1109 4511 Cuthai
1135 4456 1426 4515 civitatem
1458 4461 1639 4533 Lyciae
1663 4465 1855 4523 obviat

1967 3317 2108 3374 Illuc
2130 3319 2201 3373 ad
2236 3335 2473 3391 sparsas
2498 3319 2644 3390 juga
2675 3319 2841 3374 mitte
2873 3318 2964 3373 bis
2994 3321 3121 3374 octo
3148 3318 3416 3390 sagittas,

1962 3407 2229 3479 Accipias
2259 3407 2500 3462 reduces
2533 3406 2744 3462 fluidos
2775 3407 2987 3462 sudore
3008 3406 3261 3479 jugales.

1966 3497 2146 3551 Nemo
2174 3496 2324 3551 redit
2351 3512 2592 3563 vacuus,
2620 3495 2923 3566 pharetras
2954 3495 3195 3568 implere
3226 3499 3500 3568 paratus;

1965 3586 2083 3658 Ego
2113 3584 2371 3658 aliquam
2406 3590 2627 3649 nactos,
2652 3586 2751 3640 sed
2782 3584 2875 3639 vix
2905 3589 3201 3657 utcunque
3232 3584 3485 3656 quietem
3521 3601 3534 3639 :

1965 3673 2162 3729 Serius
2193 3673 2467 3746 inﬂigunt
2487 3675 2614 3745 jam
2648 3672 2873 3728 Partica
2901 3672 3128 3745 spicula
3156 3674 3428 3742 Francos,

1964 3763 2094 3819 Jam
2126 3767 2360 3817 versant
2389 3762 2534 3818 alias
2553 3761 2664 3817 alio
2694 3761 3033 3818 discrimine
3063 3779 3254 3829 curas,

1964 3851 2314 3907 Omnimoda
2342 3851 2593 3923 populus
2622 3851 2900 3925 lacryma,
2934 3852 3239 3919 anxietate,
3269 3851 3488 3924 labore,

1964 3941 2175 4014 Plagis,
2209 3941 2419 4011 esurie,
2453 3941 2631 4008 curis,
2667 3940 2881 4014 algore,
2913 3940 3130 4009 calore;

1965 4031 2125 4096 Quod
2159 4033 2425 4102 poterant
2456 4029 2607 4085 avidi
2634 4032 2950 4103 carpebant
2979 4035 3146 4087 nocte
3176 4048 3464 4104 soporem.

1962 4118 2064 4175 Ille
2092 4119 2216 4174 loco
2248 4120 2416 4185 panis
2448 4124 2676 4175 ventres
2708 4121 2983 4193 pascebat
3003 4121 3215 4176 inanis.

2072 4207 2259 4263 LXXV
2265 4251 2278 4263 .
2311 4240 2378 4248 -—
2409 4210 2549 4263 Dum
2580 4208 2867 4278 indulgent
2890 4226 3075 4265 somno
3105 4211 3270 4266 hostis
3303 4212 3486 4266 instat.

1964 4297 2115 4352 Dum
2146 4314 2289 4370 gens
2321 4298 2619 4365 stertebat,
2655 4315 2860 4353 murus
2890 4298 3130 4355 custode
3162 4299 3395 4355 carebat
3427 4315 3439 4352 :

1964 4386 2131 4452 Nam,
2167 4386 2251 4441 sic
2280 4385 2492 4459 vulgus
2524 4386 2623 4452 ait,
2659 4386 2809 4442 male
2840 4392 3030 4443 servat
3059 4387 3160 4459 qui
3208 4388 3353 4443 bene
3400 4386 3608 4449 stertit,

1964 4474 2143 4545 Cujus
2175 4480 2341 4530 erant
2369 4492 2614 4530 summa:
2645 4475 2936 4530 latebrosa
2965 4474 3182 4547 palatia
3213 4492 3421 4543 causae,

197 4538 815 4637 cumGraecisccntum
840 4542 1183 4603 millibusin
1202 4546 1483 4605 auxilium
1500 4552 1852 4631 Francorum
1885 4573 1931 4637 D
1962 4538 2210 4619 Vieatim
2244 4563 2529 4630 clamans,
2563 4581 2594 4619 ο
2627 4563 2867 4637 surgite,
2898 4538 3140 4637 surgite,
3172 4581 3387 4637 praeco;

199 4622 821 4713 festinanti.Veniebat
843 4646 978 4687 cum
1008 4648 1075 4688 eo
1102 4634 1288 4691 Guido
1311 4624 1634 4696 Boamundi
1657 4643 1851 4713 frater,

197 4719 253 4766 et
283 4712 530 4784 quidam
563 4714 662 4771 alii
705 4717 1058 4776 Francorum
1104 4722 1329 4780 nobiles
1380 4727 1609 4785 circiter
1653 4732 1852 4788 decem

197 4799 387 4856 millia
406 4806 667 4861 armatos
685 4804 1141 4865 habentes.Cum
1164 4828 1299 4884 ergo
1322 4814 1390 4869 de
1412 4816 1669 4876 obsessis
1685 4820 1855 4876 Fran-

197 4888 304 4955 cis,
338 4890 412 4945 de
433 4891 843 4951 obsessoribus
875 4896 1067 4953 Persis
1116 4898 1434 4972 imperator
1474 4922 1505 4959 a
1557 4907 1852 4979 Stephano

198 4992 499 5034 rumorem
529 4982 853 5054 accepisset
884 5001 898 5039 :
934 4985 1091 5041 fama
1119 4991 1210 5043 est
1229 4989 1416 5060 primo
1439 5008 1575 5049 eum
1598 4996 1851 5055 voluisse

198 5081 562 5137 succurrere,
595 5071 697 5127 sed
727 5072 859 5143 ejus
889 5073 989 5145 qui
1019 5074 1260 5133 incitare
1292 5079 1516 5150 debuit,
1536 5085 1728 5142 verbis
1762 5106 1847 5145 re-

197 5158 492 5248 :ocatum,
527 5173 810 5216 cessasse.
837 5161 1159 5235 Respondit
1188 5166 1538 5240 Stephanus,
1571 5173 1756 5248 aiunt,
1778 5180 1849 5235 de

196 5239 507 5300 Persarum
540 5263 782 5305 numero
808 5252 1142 5323 consultus;
1176 5255 1246 5327 si,
1266 5239 1717 5330 inquit,domine
1740 5239 1845 5337 ini,

194 5332 489 5389 exercitus
518 5334 610 5391 hic
639 5340 777 5394 tuus
807 5338 891 5395 illi
924 5358 1027 5414 pro
1058 5360 1191 5400 esca
1223 5346 1461 5403 daretur
1494 5366 1507 5404 :
1534 5368 1648 5407 non
1683 5332 1846 5411 sum;

194 5424 353 5512 ceret
380 5426 448 5477 ut
476 5427 889 5501 unusquisque
920 5433 1216 5489 modicum
1249 5434 1392 5507 quid
1423 5440 1844 5512 accipiat.Ter~

193 5508 346 5566 ritus
374 5512 555 5569 verbo
579 5512 915 5588 imperator,
947 5520 1007 5576 in
1040 5520 1319 5578 Graeciam
1353 5508 1584 5600 refugit,
1610 5532 1843 5604 oppida,

194 5611 352 5670 rura,
387 5616 560 5659 casas
580 5620 683 5677 per
712 5621 841 5677 qua:
873 5608 1023 5664 redit
1070 5608 1337 5669 incendio
1383 5620 1592 5690 vastat,
1624 5625 1755 5692 post
1784 5639 1845 5681 se

1966 4652 2160 4708 Hostis
2192 4654 2377 4720 adest,
2410 4658 2602 4707 turres
2634 4653 2913 4719 ascendit,
2940 4654 3065 4724 jam
3097 4657 3257 4709 tenet
3285 4653 3487 4708 urbem
3522 4669 3536 4707 :

1962 4740 2078 4797 Vos
2110 4758 2235 4813 qua:
2268 4741 2434 4814 pigra
2465 4740 2672 4813 quies?
2703 4740 2900 4797 miseri
2931 4742 3254 4798 succurrite
3282 4742 3466 4798 vobis.

1963 4829 2091 4885 Haec
2123 4831 2262 4885 dum
2295 4829 2530 4894 clamat,
2557 4830 2626 4884 ad
2653 4829 2773 4885 haec
2804 4829 3054 4886 clamata
3083 4830 3165 4885 ita
3192 4830 3454 4903 surgitur
3473 4848 3539 4887 ac
3561 4832 3609 4887 si

1963 4917 2222 4973 Ismarus
2251 4923 2307 4973 et
2337 4919 2590 4990 Rodope,
2627 4936 2774 4990 quas
2804 4919 2977 4974 durat
3006 4918 3254 4975 Thracia
3283 4937 3459 4992 rupes

1962 5007 2210 5079 Surgere
2234 5007 2406 5077 jussa
2436 5008 2643 5071 forent,
2670 5007 2825 5079 jussi
2860 5007 3217 5064 clamoribus
3250 5007 3482 5080 iisdem,

1961 5094 2104 5150 Hinc
2137 5112 2404 5167 proceres
2434 5099 2704 5151 statuunt
2733 5096 3101 5170 latebrasque
3150 5098 3435 5172 sedesque
3483 5116 3610 5156 cre-

3303 5187 3488 5262 [mare
3522 5206 3535 5244 :

1956 5273 2198 5328 iEdibus
2228 5272 2507 5341 accensis,
2532 5274 2803 5329 custodes
2826 5292 3031 5331 murus
3063 5276 3320 5333 habebit.

1959 5362 2170 5417 LXXXI
2181 5394 2266 5415 .—
2289 5363 2546 5417 Robertus
2566 5362 2755 5418 urbem
2779 5364 3018 5420 incendit
3043 5372 3099 5420 ut
3123 5382 3252 5420 mox
3271 5367 3416 5423 adsit
3432 5369 3607 5426 miles.

1959 5450 2347 5523 Flandrigena
2377 5451 2513 5507 huic
2538 5452 2694 5524 operi
2730 5453 3018 5509 Robertus
3049 5455 3252 5511 adesse
3283 5461 3560 5513 monetur
3595 5476 3607 5514 :

1957 5538 2212 5612 Impiger
2242 5539 2366 5612 ipse
2396 5540 2596 5614 pigros
2628 5542 2779 5598 celer
2807 5542 2978 5612 excit,
3009 5547 3065 5599 et
3096 5543 3203 5599 hac
3231 5560 3337 5617 ope
3381 5547 3608 5619 tardos,

1954 5628 2036 5685 Ne
2067 5632 2307 5702 pereant
2336 5629 2555 5702 magni,
2589 5631 2731 5687 dum
2762 5635 3013 5690 tractant
3041 5632 3160 5689 otia
3189 5633 3351 5707 parvi
