4010 6078
354 312 475 380 543
574 363 576 366 ,

354 449 444 509 Fit
473 451 626 525 quod
660 451 883 509 dictum
913 457 1021 521 est,
1055 455 1259 511 urbem
1291 457 1576 512 Robertus
1601 461 1663 511 et
1695 455 1829 528 igne

353 539 579 610 Vastat,
613 547 670 598 et
701 543 956 598 urbanos
988 545 1129 599 dum
1162 551 1354 600 servat
1385 545 1595 600 muenia
1627 545 1833 600 salvat.

356 629 416 688 Si
448 635 600 686 recte
629 631 888 697 memini,
925 633 1221 689 Provincia
1251 634 1488 690 miserat
1515 635 1668 700 illos,

357 723 511 787 Quos
542 721 762 776 umbrae
796 721 1010 793 pigros,
1044 723 1258 778 celeres
1309 724 1546 779 flamma
1595 723 1793 780 addita
1834 723 1994 791 fecit;

359 809 464 865 Illa
488 826 654 864 secus
687 816 966 874 montem,
987 812 1084 864 sed
1120 829 1230 866 non
1265 818 1459 868 tamen
1493 813 1552 868 in
1587 813 1730 884 pede
1762 813 1995 869 montis.

355 891 426 945 At
453 889 642 945 vicina
676 891 804 961 pedi
825 907 968 963 gens
999 892 1147 946 atria
1179 893 1431 948 maxima
1462 893 1731 961 habebat,

357 979 584 1034 Primos
615 978 888 1035 introitus
921 980 1102 1052 portis
1135 981 1339 1036 sortita
1370 982 1634 1051 reclusis,

357 1067 549 1123 Primo
581 1084 729 1138 quas
761 1065 980 1138 placuit
1009 1086 1274 1124 summas
1303 1070 1555 1144 elegerat
1584 1073 1755 1138 aedes,

357 1154 640 1226 Principis
670 1155 808 1210 hinc
839 1155 1012 1211 etiam
1045 1158 1371 1216 Raimundo
1397 1161 1640 1234 contigit
1669 1161 1823 1227 aula,

357 1244 498 1300 Inde
528 1244 693 1316 quies
725 1246 880 1317 genti
915 1235 1125 1317 partim
1159 1267 1326 1318 agre,
1351 1251 1717 1322 superbaque
1749 1251 1960 1322 partim
1987 1267 1999 1306 :

354 1336 461 1391 Ast
493 1334 590 1390 ubi
622 1335 919 1391 Vulcanus
952 1335 1211 1409 depascit
1241 1338 1518 1407 culmina,
1545 1345 1794 1412 surgunt

357 1423 466 1491 Qui
498 1423 948 1497 pigritabantur,
984 1415 1140 1499 piget
1171 1427 1484 1484 indulsisse
1515 1428 1719 1500 quieti.

361 1507 618 1570 Currunt
647 1513 716 1569 ad
753 1531 975 1581 muros,
1011 1521 1246 1588 propter
1276 1517 1524 1573 tentoria
1545 1519 1755 1592 ﬁgunt.

360 1603 500 1659 Pars
531 1608 751 1677 tegetes
785 1605 1090 1672 fabricant,
1124 1606 1206 1661 sic
1240 1608 1504 1679 proxima
1533 1608 1844 1680 perditioni

360 1693 574 1749 Maenia
603 1699 928 1759 servantur,
959 1695 1042 1749 sic
1073 1695 1303 1752 damnis
1333 1697 1551 1752 damna
1579 1697 1863 1766 levantur,

361 1782 454 1839 Sic
483 1783 749 1854 generale
780 1783 1000 1839 malum
1035 1801 1292 1851 cessans,
1325 1786 1383 1840 in
1417 1787 1758 1859 particulari

361 1873 560 1929 Sancit
591 1873 742 1945 quod
776 1871 990 1946 legitur
1023 1891 1035 1929 :
1069 1875 1222 1930 dolor
1250 1885 1324 1931 est
1355 1876 1627 1932 medicina
1657 1878 1879 1932 doloris.

491 1955 750 2018 LXXVII.
770 1993 838 2003 —
869 1963 1083 2035 Templa
1104 1972 1154 2020 et
1181 1967 1392 2036 palatia
1422 1968 1569 2036 ignis
1597 1969 1882 2022 consumit.

361 2049 512 2107 Urbs
541 2067 785 2106 accensa
818 2051 1004 2124 magis
1037 2053 1394 2122 accenditur,
1419 2071 1484 2109 ac
1517 2055 1725 2127 magis,
1758 2055 1935 2110 eheu!

359 2139 598 2198 Excedit
627 2139 917 2196 medicina
947 2143 1209 2208 modum,
1243 2143 1630 2216 domibusque
1662 2143 1889 2200 nocenti

363 2230 502 2302 Igne
532 2230 862 2302 perreratis,
896 2230 1131 2286 innoxia
1153 2231 1374 2304 templa
1403 2238 1738 2289 cremantur
1771 2251 1784 2288 :

365 2316 628 2391 Templa,
651 2318 864 2390 quibus
890 2319 1029 2374 visis
1060 2322 1383 2392 stupuissct
1413 2322 1600 2393 pictor
1627 2323 1900 2390 Achivus,

361 2407 500 2464 Auri
533 2408 694 2464 fusor
720 2409 926 2476 Arabs,
960 2409 1284 2482 sculptores
1310 2412 1542 2467 Scottus
1572 2417 1630 2468 et
1657 2412 1900 2484 Anglus.

365 2499 411 2555 Ο
442 2501 744 2570 quantam,
771 2515 946 2570 quam
981 2499 1286 2555 materiam
1310 2501 1482 2556 decor
1513 2501 1607 2557 ille
1639 2503 1870 2573 tegebat

365 2585 587 2660 Quippe
608 2585 1012 2642 columnarum
1048 2589 1226 2659 pariis
1257 2589 1327 2644 de
1357 2591 1627 2646 cautibus
1656 2592 1830 2658 ordo;

368 2678 575 2734 Forma
596 2675 933 2748 pavimenti,
956 2676 1204 2732 vitreum
1235 2696 1414 2745 mare,
1449 2697 1554 2751 par
1573 2681 1817 2736 cristalli

367 2766 446 2822 De
479 2765 668 2821 cedris
699 2765 904 2821 Libani
935 2766 1254 2840 fragrantia
1282 2767 1462 2840 tigna,
1498 2769 1710 2824 Coetus

365 2857 682 2912 Exsecuere
711 2853 906 2910 trabes
935 2855 1006 2910 dc
1036 2855 1197 2912 silvis
1229 2857 1626 2930 mtheritangis
1660 2875 1672 2913 :

367 2944 623 3001 Marmor
675 2943 856 3012 Atlas,
889 2942 1107 3000 vitrum
1156 2947 1363 3019 Tyrus,
1398 2965 1475 3004 aes
1534 2948 1777 3020 Cyprus,
1811 2947 2015 3020 Anglia

1231 3091 1236 3100 .
1676 3036 1936 3110 [ferrum.

368 3115 613 3196 Singula
641 3140 818 3196 regna
849 3141 956 3180 sua
984 3125 1338 3181 studuerunt
1368 3127 1594 3182 mittere
1615 3144 1787 3200 gazas
1817 3145 1829 3182 :

367 3213 437 3268 Et
467 3213 735 3285 quamvis
755 3213 962 3269 furnus
991 3211 1182 3270 latens
1213 3221 1425 3288 coquat
1451 3217 1847 3273 Antiochenus

369 3301 704 3369 Plumbum,
729 3302 1166 3376 aiunt,templis
1190 3304 1420 3362 misisse
1445 3307 1797 3363 Amathonte
1821 3313 2014 3379 tegen-

1807 3397 1941 3467 [dis,

2035 1827 2083 1891 Β

2043 3194 2086 3263 0

367 3478 621 3536 Alterius
650 3479 873 3536 domini
904 3481 1196 3538 culturam
1232 3488 1418 3539 mater
1437 3485 1691 3540 habebat
1715 3502 1727 3539 :

368 3567 628 3624 Alterum
661 3571 783 3624 erat
812 3569 1014 3625 Jacobi
1043 3571 1346 3627 dubitatur
1376 3590 1448 3627 an
1479 3590 1617 3629 ense
1649 3574 1857 3642 necati,

368 3652 645 3730 An'ligno
677 3658 827 3713 necti
859 3659 928 3714 de
957 3659 1173 3730 templo
1205 3662 1570 3734 praecipitati.

371 3745 542 3803 Tales
574 3747 846 3815 materiae,
880 3751 1111 3804 tantum
1136 3749 1331 3817 decus,
1367 3751 1474 3808 hoc
1506 3753 1655 3824 perit
1683 3753 1834 3824 igne.

375 3835 656 3892 LXXVIII.
683 3869 748 3876 —
767 3839 1010 3893 Servatis
1031 3841 1227 3906 muris,
1253 3840 1795 3898 instatnihilomz'nus
1826 3843 2010 3898 hostis.

373 3924 626 3996 Sedjam
658 3926 901 3982 servatis
935 3931 1092 3982 tanto
1119 3929 1458 3986 discrimine
1489 3931 1694 3998 muris,

373 4013 568 4068 Hostis
597 4012 786 4068 adhuc
817 4014 996 4070 instat
1028 4031 1040 4070 :
1076 4017 1347 4072 custodes
1370 4018 1567 4074 fallere
1597 4024 1802 4086 tentat,

373 4101 495 4157 Nox
521 4106 682 4158 cavet
711 4102 1106 4172 insidias,vlux
1134 4107 1360 4178 spernit
1391 4107 1537 4162 scire
1568 4109 1874 4164 cavendas.

375 4189 483 4258 Qui
514 4195 780 4263 spectant
809 4191 942 4248 altis
973 4193 1044 4248 de
1075 4195 1321 4267 rupibus
1351 4195 1642 4265 inferiora,

375 4279 597 4335 Cuncta
626 4279 820 4351 palam
853 4285 1135 4353 spectant,
1171 4285 1268 4356 qui
1305 4286 1516 4352 stertit,
1550 4287 1684 4357 quis
1729 4285 2018 4359 vigilatve,

379 4372 512 4436 Quae
545 4373 735 4425 tutore
765 4375 964 4426 carent
991 4377 1205 4443 partes,
1241 4391 1366 4446 quae
1398 4375 1642 4446 praeside
1671 4378 1948 4448 gaudent.

377 4455 531 4516 Gens
561 4458 1014 4516 Alemannorum
1039 4461 1287 4518 frontem
1311 4481 1436 4535 qua:
1459 4469 1684 4536 spectat
1703 4467 1775 4520 ad
1802 4467 2020 4521 Eurum

378 4549 562 4604 Noctu
589 4549 874 4617 servabat,
908 4550 1130 4606 somnis
1157 4551 1214 4606 in
1246 4551 1374 4608 luce
1396 4554 1639 4609 vacabat
1671 4573 1683 4610 :

380 4637 604 4709 Saepius
633 4635 755 4692 haec
785 4633 956 4693 Turci
989 4657 1224 4696 summa
1252 4641 1323 4696 de
1355 4659 1497 4714 rupe
1526 4644 1811 4709 videntes,

381 4727 556 4800 Spem
588 4725 830 4798 capiunt
859 4727 1082 4783 somnis
1103 4731 1415 4786 ascendere
1449 4749 1619 4804 posse
1650 4733 1760 4788 sub
1783 4732 1918 4788 illis.

383 4815 583 4872 Scalas
612 4833 746 4888 ergo
769 4822 997 4888 parant,
1021 4817 1261 4873 veniunt
1289 4820 1359 4874 ad
1391 4821 1606 4877 muenia
1636 4822 1836 4878 furtim
1870 4838 1882 4876 :

383 4901 545 4958 Ilicet
576 4905 918 4972 ascendunt,
954 4904 1113 4962 nullo
1146 4907 1507 4978 prohibente,
1533 4911 1810 4981 jacebant

385 4991 668 5048 Custodes
701 4993 918 5061 miseri,
952 4995 1121 5066 quasi
1153 5001 1337 5053 morte
1367 5015 1572 5070 sopore
1602 4999 1777 5055 soluti
1811 5017 1824 5054 :

388 5079 683 5136 Plurimus
717 5081 774 5136 in
805 5085 1141 5156 turresjam
1174 5085 1480 5142 scanderat
1511 5105 1682 5144 arcus
1728 5094 1786 5145 et
1815 5089 1995 5156 ensis,

389 5170 536 5226 Cum
569 5169 638 5224 de
669 5168 987 5243 longinquo
1015 5179 1334 5231 cernuntur
1364 5175 1504 5231 talia
1536 5195 1720 5233 muro.

392 5260 482 5316 Fit
513 5255 754 5326 clamor,
790 5260 984 5316 fremit
1015 5263 1155 5318 urbs
1176 5265 1412 5332 tandem
1443 5266 1635 5337 sopita
1663 5268 1918 5339 resurgit

392 5349 590 5406 Turba
619 5353 832 5420 stupet,
869 5349 1006 5404 visis
1038 5368 1212 5424 prope
1244 5371 1304 5409 se
1337 5355 1662 5410 discurrere
1701 5355 1927 5411 Turcis.

395 5439 532 5496 Pars
562 5437 787 5510 gladios
816 5438 1132 5511 stringunt,
1167 5459 1300 5513 pars
1331 5443 1649 5516 diffugiunt
1679 5443 1985 5516 stupefacti
2020 5459 2034 5499 :

393 5527 502 5594 Qui
533 5527 830 5601 stringunt
859 5529 1096 5596 feriunt,
1131 5531 1229 5604 qui
1263 5531 1579 5603 diffugiunt
1619 5533 1930 5602 feriuntur,

390 5616 621 5676 Instant
649 5619 1026 5687 Christicolae,
1054 5619 1288 5695 fugiunt
1317 5620 1391 5677 ad
1411 5621 1626 5679 mmnia
1655 5622 1860 5678 Persea.

860 316 962 380 AD
1008 319 1525 385 GODEFRIDUM
1567 319 1896 382 APPEND.
1940 317 2021 381 II.
2051 341 2131 365 ι·-
2172 317 2487 383 MONUM.
2535 320 2636 383 DE
2679 317 2927 384 BELLO
2971 318 3248 384 SACRO.

2025 454 2082 521 Α
2113 461 2265 519 Felix
2291 459 2390 516 cui
2423 458 2592 516 scalae
2619 456 2706 514 've‘l
2729 455 2914 513 cordae
2943 453 3194 528 contigit
3217 469 3390 520 usus,

2107 555 2211 613 Gui
2244 556 2462 610 neutra:
2493 547 2693 604 infelix
2723 563 2736 602 :
2773 546 2842 601 de
2867 543 3162 600 mcenibus
3191 541 3383 598 exsilit
3403 538 3548 598 altis

2107 647 2310 702 Audax
2339 642 2400 697 in
2431 640 2644 704 silices,
2669 636 2914 692 timidus
2944 633 3178 690 strictos
3209 631 3357 704 fugit
3387 646 3581 696 enses,

2109 737 2258 791 Dum
2289 732 2526 787 tandem
2557 726 2723 784 exciti
2754 729 3027 798 surgunt,
3047 725 3260 795 urgent
3285 716 3616 783 Alemanni,

2109 824 2308 881 Turba
2339 821 2700 882 Latinorum,
2729 814 2944 888 pudor!
2978 817 3044 868 ut
3068 814 3360 867 metant-ur
3388 812 3446 864 et
3467 804 3607 879 ipsi,

2114 915 2216 971 Per
2245 912 2467 985 plateas
2497 905 2676 964 Graeci
2707 903 3030 961 clamantes
3055 901 3206 956 Caco
3228 895 3555 954 Alemanni.

2112 1018 2338 1078 LXXIX.
2373 1046 2442 1055 —
2473 1013 2719 1082 Obsessos
2773 1013 2946 1082 fames
3002 1017 3228 1082 urgens
3250 1005 3320 1082 ab
3363 1002 3506 1058 urbe
3550 997 3768 1056 nobiles

2557 1077 2818 1157 quosdam
2841 1081 2995 1135 exire
3025 1077 3317 1150 cmnpelh‘t.

2113 1182 2226 1237 Nec
2258 1183 2398 1233 tunc
2429 1172 2656 1230 destitit
2685 1172 2918 1227 fortuna
2946 1169 3230 1223 lacessere
3258 1163 3581 1227 Christum,

2113 1271 2223 1326 Seu
2248 1264 2464 1324 Christi
2496 1261 2769 1326 famulos,
2793 1261 3070 1330 superata
3100 1267 3404 1325 resurgere
3431 1252 3624 1306 tentet

2112 1357 2343 1431 Aquila,
2363 1351 2673 1411 succubuit
2699 1347 3012 1409 scandens,
3041 1343 3424 1431 ingressuque
3449 1345 3659 1431 muros

2115 1428 2474 1504 Descensum
2521 1449 2941 1512 egressumque
2988 1437 3155 1507 parat
3185 1447 3200 1486 :
3233 1428 3380 1485 nihil
3409 1429 3772 1483 intentatum

2117 1537 2438 1607 Linque'ns,
2457 1547 2615 1598 nunc
2644 1529 2849 1583 dextra
2877 1526 3106 1588 tractat,
3124 1529 3282 1576 nunc
3311 1514 3770 1607 arma'sinietra;

2116 1604 2347 1691 Dicevns,
2381 1621 2430 1677 si
2464 1629 2687 1690 nequeo
2719 1627 2983 1686 superos,
3016 1609 3346 1664 Acheronta
3377 1604 3641 1661 mbvebo.

2117 1709 2492 1770 Christicolas
2515 1706 2750 1762 clausos
2780 1701 3066 1774 patientes
3094 1705 3303 1769 aspera
3330 1693 3480 1761 luce,

2116 1805 2337 1874 Aspera
2365 1797 2744 1854 nocte‘fames
2771 1789 2934 1848 omni
2965 1785 3256 1844 crudelior
3285 1784 3452 1874 hoste

2120 1871 2356 1962 Affligit,
2387 1887 2623 1950 lacerat,
2657 1879 2973 1946 consumit,
3004 1878 3284 1941 macerat,
3313 1871 3498 1962 inflat.

2118 1957 2282 2035 Trux
2305 1977 2627 2044 here,‘nunc
2647 1971 2883 2036 trucior,
2905 1983 3054 2032 eras,
3070 1967 3334 2038 posterae
3364 1957 3776 2028 saevierattu

2119 2067 2333 2124 Saevior
2361 2062 2605 2127 accedit,
2638 2066 2856 2132 quanto
2889 2053 3079 2127 magis
3101 2067 3242 2108 esca
3261 2047 3500 2106 recedit.

2119 2159 2253 2224 Quze
2283 2159 2448 2210 tanta
2477 2150 2683 2216 macie,
2715 2151 2878 2202 tanta
2901 2143 3056 2199 inter
3080 2139 3254 2197 taedia
3275 2137 3404 2194 vita:

2118 2247 2333 2316 EXpers
2363 2239 2584 2307 auxilii,
2618 2249 2753 2310 pars
2783 2232 3005 2290 militias
3033 2227 3301 2303 fugiendi

2119 2311 2440 2390 Consilium
2471 2331 2683 2384 tractat
2709 2343 2723 2393 ;
2756 2323 2962 2396 proba,
2991 2317 3226 2385 nobilis,
3259 2314 3474 2388 inclyta
3503 2311 3655 2369 bello

2120 2423 2315 2494 Usque
2343 2420 2456 2475 sub
2486 2418 2596 2472 hoc
2628 2407 3242 2486 tempus,digntissim‘a
3269 2403 3444 2460 laude
3457 2402 3776 2494 juVenWs,

2121 2492 2472 2565 Wilhelmus
2504 2509 2830 2574 fratre‘Sque
2859 2498 2977 2564 sui,
3009 2494 3333 2560 Albericus,
3363 2496 3426 2548 et
3456 2492 3573 2546 Ivo.

2122 2601 2220 2656 Isti
2255 2605 2372 2652 tres
2403 2609 2726 2667 cognomen
2759 2589 2982 2645 habent
3010 2586 3084 2641 de
3115 2585 3306 2640 Graue
3335 2579 3593 2646 Μαὲδηέι,

2121 2690 2201 2745 De
2233 2683 2570 2743 Fontenella
2597 2681 2722 2737 Red
2735 2677 2952 2750 u'lpbus
2983 2679 3042 2730 et
3071 2673 3122 2730 is
3151 2667 3514 2762 Turonensis
3543 2683 3557 2722 :
3597 2754 3607 2762 _
3742 2751 3756 2762 .

2120 2779 2190 2833 At
2220 2777 2448 2840 fratres,
2482 2772 2682 2844 pudet,
2715 2767 2859 2824 heu!
2895 2764 3096 2838 pudet,
3119 2760 3261 2817 heu!
3289 2754 3786 2918 Normanqiatmi-

2561 2888 2572 2894 -
3549 2873 3552 2876 ~
3604 2855 3652 2899 si
3689 2877 3704 2900 δ

3549 2873 3552 2876 ~
3581 2844 3704 2900 lsit.

2123 2954 2273 3012 Itlud
2306 2952 2521 3024 ubique
2546 2963 2737 3023 genus
2765 2942 3028 3010 victoria,
3059 2938 3247 3014 gloria
3275 2936 3505 3005 mundi,

2121 3043 2437 3117 AnglOrum
2469 3039 2652 3095 victor
2682 3033 2954 3109 populus,
2986 3029 3170 3086 victor
3194 3026 3546 3117 Siculorum,

2122 3114 2319 3188 Vin—tor
2343 3131 2700 3192 Graecorum,
2733 3124 3166 3196 Captianorum,
3199 3114 3611 3189 Apulicorum;

2127 3222 2230 3278 Cui
2253 3214 2732 3280 Cenomanensis,
2757 3211 3018 3274 Calaber,
3051 3207 3145 3264 cui
3177 3204 3357 3262 servit
3371 3202 3637 3268 et-Aﬂ‘er,

2123 3310 2226 3367 Cui
2258 3308 2448 3380 Japix,
2483 3305 2695 3360 horum
2726 3300 2949 3373 patitur
2978 3297 3049 3352 de
3077 3295 3260 3366 stirpe
3283 3292 3595 3365 pudorem.

2125 3397 2417 3456 Admoniti
2447 3393 2648 3467 plures
2677 3390 2913 3446 illorum
2944 3401 3082 3443 voce
3113 3384 3372 3449 fuerunt,

2124 3489 2198 3545 Ut
2230 3488 2435 3542 fierent
2459 3481 2604 3539 tanti
2637 3477 2882 3536 comites
2912 3475 2985 3531 ad
3016 3474 3233 3530 findera
3262 3469 3459 3544 probri
3493 3486 3506 3524 :

2125 3577 2237 3634 Sed
2269 3576 2444 3640 Deus,
2479 3568 2880 3639 Arnulfusque
2909 3581 3053 3620 suus
3083 3577 3286 3635 parere
3317 3562 3551 3632 paratos

2124 3668 2355 3729 Arcent,
2389 3667 2446 3717 et
2466 3658 2625 3731 turpi
2651 3658 2927 3712 revocant
2957 3669 2990 3708 a
3017 3649 3348 3707 conditione
3378 3665 3392 3703 :

2125 3757 2229 3811 Ast
2257 3751 2438 3808 oblita
2468 3748 2591 3813 Dei,
2629 3745 2968 3818 patriisque,
2997 3741 3213 3812 suique
3233 3739 3517 3811 juventus

2128 3843 2232 3900 Illa
2257 3841 2534 3914 probrosa
2563 3836 2666 3890 visa
2691 3831 2955 3905 emptrix,
2985 3835 3307 3900 auctorque
3337 3823 3641 3898 pudendas,

2130 3934 2351 3989 Perstat
2380 3929 2440 3982 in
2471 3925 2742 3996 incmpto,
2776 3919 2937 3976 nullo
2972 3916 3314 3974 revocabilis
3345 3923 3445 3970 ere
3478 3930 3492 3967 :

2128 4019 2438 4092 Egregium
2471 4015 2806 4076 factu'rata,
2837 4007 3298 4081 praclarUmque
3327 4001 3513 4092 relatu
3547 4017 3562 4056 ἴ

2129 4091 2199 4166 Si
2222 4105 2463 4178 reliquis
2488 4101 2676 4169 caesis,
2696 4099 2828 4155 haec
2859 4114 2922 4154 se
2942 4093 3328 4152 substraxerit
3354 4091 3534 4148 hosti.

2128 4199 2278 4269 Ergo
2301 4177 2478 4250 struit
2506 4193 2695 4257 mnes,
2729 4185 2971 4244 structis
2993 4184 3424 4257 quibus-atque
3451 4177 3677 4252 ligatis,

2131 4283 2388 4342 Pendula
2416 4282 2489 4337 de
2519 4291 2688 4336 muro
2721 4278 2785 4332 fit
2805 4280 3021 4332 noctua
3049 4277 3220 4329 nocte
3246 4269 3495 4327 volando
3527 4285 3540 4322 :

2132 4375 2226 4431 Sic
2246 4375 2535 4428 nocturna
2566 4367 2738 4439 fugit,
2761 4365 2902 4438 fuga
2928 4362 3054 4420 sole
3080 4362 3304 4418 oriente
3331 4355 3602 4432 patescit,

2133 4464 2381 4533 Moxque
2410 4460 2478 4514 fit
2499 4455 2762 4514 edictum
2793 4471 2867 4508 ne
2897 4451 3030 4525 quis
3051 4448 3374 4506 dissolvere
3403 4446 3602 4501 funes.

2059 4565 2103 4629 Β
2134 4551 2382 4617 Audeat,
2413 4543 2715 4620 opprobrii
2743 4540 3177 4598 monimentum
3205 4533 3554 4629 posteritati.

2316 4635 2522 4693 LXXX.
2554 4663 2624 4674 -—-
2655 4631 2864 4688 Obsessi
2895 4629 3160 4701 iethiferis
3188 4627 3326 4682 cibis
3353 4625 3606 4680 utantur.

2137 4731 2287 4801 Ergo
2321 4725 2418 4782 ubi
2453 4725 2570 4796 iam
2587 4720 2794 4794 paleas
2827 4717 3178 4792 pepulerunt
3204 4723 3433 4771 vannus
3463 4716 3522 4801 et
3546 4715 3721 4776 aura,

2137 4799 2356 4875 Puram
2381 4813 2537 4886 quod
2569 4813 2832 4866 remanet
2863 4809 3246 4872 frumentum,
3271 4811 3484 4859 aurum
3503 4799 3644 4873 igne
3665 4803 3812 4871 an»

3471 4890 3723 4958 [butum

2141 4997 2458 5068 Purgatum
2489 4995 2678 5054 terrae,
2711 5003 2856 5061 gens
2885 4981 3282 5058 imperterrita
3307 4984 3612 5045 constans,

2141 5086 2250 5142 Sed
2283 5083 2536 5138 lacerata
2565 5079 2738 5146 fame,
2773 5073 3146 5140 miserabilis,
3173 5069 3514 5142 irreqixieta,

2142 5175 2206 5229 In
2239 5187 2402 5245 spem
2431 5167 2660 5224 vivendi
2691 5169 2939 5222 currunt
2965 5163 3038 5218 ad
3069 5169 3233 5235 opes,
3265 5155 3553 5215 moriendi

2145 5261 2463 5318 Letbiferos
2495 5261 2729 5330 gustus,
2763 5258 2830 5310 ut
2853 5257 2992 5310 sunt
3020 5251 3296 5316 salvinea,
3315 5247 3535 5315 cicuta,

2142 5351 2498 5413 Elleborum,
2530 5346 2726 5418 lapan,
2759 5339 3233 5409 Iolium,zizania
3263 5336 3567 5393 mandant.

2146 5441 2248 5497 His
2280 5436 2480 5494 miseri
2513 5435 2585 5491 ad
2616 5434 2795 5490 vitam
2829 5433 2973 5487 dum
2996 5431 3336 5494 vescuntur,
3366 5423 3730 5481 moriuntur.

2149 5531 2429 5586 Praeterea
2453 5527 2683 5579 ventres
2701 5520 2884 5576 soleae
2913 5531 3269 5591 quocunque
3295 5517 3565 5587 reposta.

2150 5619 2221 5676 Et
2249 5612 2537 5689 quidquid
2568 5609 2710 5669 oorii
2725 5601 3736 5678 ‘inmium‘ubieunquearejwtum.
