4010 6078
199 392 553 457 Immissum
578 389 814 461 aqua“,
845 388 1107 453 ﬂammis
1132 386 1422 461 mollescit
1440 391 1498 444 et
1526 387 1722 455 uadis,

201 483 351 543 lude
378 483 621 540 struunt
634 460 870 554 epulas,
902 477 1036 535 felix
1064 477 1158 535 cui
1183 460 1312 535 sors
1341 478 1500 537 dedit
1528 476 1679 545 illas,

197 575 272 633 At
300 570 523 646 quibus
550 569 759 625 invidit
788 574 1038 625 mortem
1071 569 1422 640 morbosque
1454 566 1709 639 reliquit.

200 658 637 728 Pusamalis,
669 661 906 727 “sueta
934 657 1115 723 bonis
1134 660 1257 714 tam
1288 655 1507 713 nobilis
1523 655 1651 727 illa,

200 751 353 809 Tun
372 746 657 823 pnulara
673 746 1557 820 duomwmitumwegumque
1577 760 1853 818 pmgago,

203 838 450 907 Qualem
476 836 643 895 nulla
670 836 834 910 prius
862 839 1175 909 nupserunt
1204 834 1421 891 moenia
1452 851 1557 891 nec
1596 838 1748 908 post,

202 929 465 1005 Expavat
489 926 744 997 esuriem
774 942 789 984 :
825 942 935 998 me
954 929 1187 989 nectare
1214 922 1309 987 vix
1356 924 1537 985 habet
1563 939 1823 981 amnem.

204 1017 357 1087 Hinc;
384 1015 615 1081 uentris
634 1015 853 1085 ﬂuxus,
879 1013 1087 1081 febris,
1113 1012 1251 1079 hinc
1281 1012 1757 1086 pestissquesa:

207 1105 453 1166 Nullum
484 1104 773 1177 solamen,
799 1107 1031 1184 partem
1058 1102 1217 1165 videt
1244 1102 1509 1177 undique
1551 1106 1823 1161 mortem.

212 1265 451 1327 LXXXI.
484 1296 555 1313 -—
581 1264 881 1339 Simulare
921 1272 1196 1339 certamen
1223 1280 1342 1339 _ore
1396 1265 1550 1323 Petri
1602 1263 1863 1323 Eremz'tw

790 1342 987 1413 petunt
1012 1351 1049 1391 α
1075 1335 1279 1395 Persis.

213 1461 405 1531 Μιιὶιξι
430 1462 659 1530 ειιιάριι
682 1459 875 1527 volvit.
908 1458 1180 1527 rimatur;
1215 1458 1481 1529 circinat,
1512 1460 1720 1523 ambit.

206 1553 335 1619 Qua
360 1551 419 1608 vi
448 1567 637 1625 quove
666 1550 861 1618 modo.
896 1566 1152 1622 quanam
1184 1548 1406 1609 ratione
1436 1548 1527 1607 vel
1563 1554 1688 1606 arte

203 1639 481 1709 Declinet
501 1643 772 1709 mortem.
802 1638 985 1703 vitam
1017 1642 1247 1699 revocet
1272 1637 1617 1712 fugientem,

201 1730 291 1787 Sit
320 1746 465 1800 nux,
488 1728 633 1793 sitve
662 1728 791 1795 diss
826 1732 1057 1795 tractat,
1090 1726 1231 1787 fecit
1252 1726 1371 1785 ista
1405 1726 1720 1801 pulsatque

200 1818 583 1891 Con'silioque
611 1816 760 1885 inito
787 1816 1011 1891 legatus
1042 1815 1274 1877 mittam
1304 1817 1375 1875 ad
1408 1815 1577 1873 illum

202 1907 520 1967 Persarum
551 1911 871 1979 satrapam,
903 1905 1003 1968 cui
1027 1921 1245 1965 nomen
1288 1904 1553 1973 Coboran
1593 1906 1813 1963 audent
1843 1921 1857 1961 :

201 1996 500 2070 Quinque,
530 1994 796 2069 inquam,
831 1994 1097 2063 mittunt,
1128 1993 1283 2053 inter
1309 2011 1463 2067 quos
1489 1993 1730 2050 Petrum
1754 1995 1863 2051 Ere

1585 2083 1812 2156 [mitam
1844 2099 1859 2140 :

199 2176 443 2244 Petrum
475 2173 653 2246 cuiius
677 2176 845 2239 erant
873 2171 1033 2234 color
1063 2175 1209 2240 ater,
1240 2171 1485 2245 spiritus
1514 2188 1665 2241 acer,

203 2264 315 2320 Pes
348 2263 583 2331 nudus,
604 2266 835 2328 statura,
860 2261 1073 2330 brevia,
1106 2260 1282 2319 facies
1315 2260 1650 2317 macilenta.

204 2355 405 2411 ιιι-εἰω-
433 2351 667 2421 asellus
683 2350 820 2425 equi
850 2349 1113 2423 phalerae.
1130 2349 1245 2409 sibi
1279 2349 1435 2407 sicut
1464 2351 1649 2406 aselli.

208 2442 455 2499 Petrum
485 2458 651 2507 more
673 2439 851 2503 omni
879 2438 1167 2499 vilissima
1195 2456 1382 2513 uappa
1406 2440 1640 2513 tegebat
1670 2456 1685 2494 :

208 2531 486 2600 808m
513 2531 633 2595 sub
656 2529 762 2591 tali
790 2530 1041 2592 trabeati
1069 2530 1191 2588 adit
1218 2546 1323 2587 ora
1350 2529 1603 2604 tyranni.

210 2620 535 2691 Gemma
560 2619 863 2689 habitum.
885 2618 1136 2689 vultum,
1169 2635 1305 2683 mox
1332 2623 1540 2677 caetera
1568 2619 1755 2676 Persae

210 2710 513 2779 Gaudeat.
541 2712 605 2771 et
629 2713 866 2782 sperant
888 2708 1273 2782 procumbere
1298 2707 1445 2765 velle
1476 2707 1773 2765 misellum

214 2797 511 2872 Principis
539 2802 679 2861 ante
706 2797 907 2871 pedes,
937 2801 1004 2855 nt
1034 2797 1219 2854 ﬂexus
1249 2797 1505 2863 ﬂecteret
1531 2796 1727 2870 ipsum

216 2885 451 2961 Papias,
482 2887 647 2948 et-ad
677 2903 879 2960 pacem
911 2886 1278 2960 praenuntius
1310 2891 1444 2943 ante
1473 2886 1713 2949 veniret.

215 2977 343 3033 Non
376 2976 469 3041 sie,
489 2974 787 3058 inpietas,
817 2990 941 3035 non
966 2975 1051 3033 sic
1083 2991 1099 3031 :
1133 2975 1241 3037 sed:
1267 2974 1458 3048 pulvis
1486 2980 1552 3031 ut
1579 2975 1678 3032 ille

216 3066 403 3131 Quem
428 3068 642 3121 ventus
674 3063 881 3136 reiicit,
915 3062 1000 3121 sic
1019 3067 1077 3120 et
1106 3066 1177 3119 tu
1201 3063 1481 3136 rejiciere.

217 3154 389 3220 Tune
416 3151 505 3217 sic
530 3157 630 3213 est
652 3169 825 3213 orans
854 3152 955 3209 sed
988 3156 1144 3211 recto
1170 3152 1385 3211 vertice
1415 3152 1623 3209 Petrus
1652 3169 1666 3209 :

219 3265 249 3296 α
281 3241 511 3307 Gallica
537 3241 825 3305 nobilitas
846 3239 1063 3301 Christi
1096 3240 1405 3315 peregrina
1433 3241 1792 3315 sepulcrum.

221 3334 377 3397 Dum
404 3328 815 3406 petit,cgregia
843 3346 975 3403 qua
1002 3329 1087 3387 nil
1114 3329 1283 3401 timet
1310 3330 1453 3387 urbe
1490 3331 1734 3404 potitur,

224 3419 434 3477 Petrus
462 3418 769 3493 apostolici
798 3419 919 3480 dux
941 3418 1197 3493 agminis
1226 3418 1323 3475 hic
1350 3418 1709 3487 dominatur,

223 3512 391 3565 Hanc
421 3509 579 3573 fovet
606 3507 889 3582 hospitio.
917 3524 1229 3567 conservos
1256 3508 1475 3581 gaudet
1498 3509 1734 3566 habere.

224 3598 315 3655 Tu
348 3597 500 3663 fines
528 3597 667 3669 eius,
687 3595 1011 3671 popularis,
1034 3600 1097 3653 et
1122 3596 1427 3657 obsidione

224 3686 469 3745 Claudia
498 3684 879 3751 Christicolas
905 3703 923 3745 ε
945 3685 1126 3758 iubeo
1152 3685 1265 3744 sub
1292 3686 1530 3747 nomine
1568 3686 1807 3756 Christi,
1922 3714 1931 3721 -

225 3776 352 3834 Sub
385 3774 563 3842 Petri,
595 3774 828 3832 discede
857 3774 989 3845 suis
1012 3775 1084 3843 de
1121 3774 1361 3845 ﬁnibus,
1394 3779 1453 3835 et
1481 3776 1598 3837 cito
1629 3794 1643 3835 :
1675 3777 1765 3834 vel
1794 3776 1846 3834 si

223 3863 533 3923 Justitiam
566 3862 849 3937 sequeris,
883 3863 934 3920 si
961 3863 1195 3920 Persica
1223 3880 1406 3938 regna
1433 3864 1575 3937 quid
1623 3882 1880 3939 aequum,

224 3953 385 4020 Quid
412 3956 643 4010 metum
668 3946 1210 4020 curant,armentur
1239 3956 1296 4008 et
1324 3953 1700 4026 egrediantur

225 4042 317 4099 ᾗ
335 4040 561 4098 vestris
580 4041 719 4097 deni
743 4039 833 4098 vel
862 4057 983 4110 sex,
1015 4039 1105 4099 vel
1127 4040 1380 4113 denique
1408 4042 1561 4098 terni
1590 4060 1605 4099 :

226 4130 450 4187 Contra
480 4147 585 4203 par
607 4146 892 4187 numerus
922 4134 1231 4185 concurrat
1260 4130 1766 4200 Christicolarum,

228 4219 453 4275 Vincat
471 4223 603 4275 nter
630 4217 905 4292 populus,
937 4217 1049 4281 sibi
1081 4218 1299 4275 serviat
1332 4218 1730 4277 Antiochenus
1760 4239 1774 4278 :

228 4308 439 4365 Victus
470 4312 600 4364 uter
626 4306 824 4374 fuerit,
853 4307 1117 4364 discedat
1143 4307 1221 4364 ab
1243 4306 1624 4366 Antiocheno.

232 4401 357 4453 Aut
384 4395 439 4453 si
464 4395 735 4453 conditis
747 4395 947 4470 gravis
971 4395 1095 4455 haec
1122 4396 1233 4452 tibi
1254 4394 1547 4470 displicet,
1579 4398 1717 4456 audi

233 4485 389 4553 Quid
414 4484 704 4558 sequitur,
732 4483 875 4558 quid
922 4501 1033 4543 nos
1059 4485 1465 4560 proponimus,
1496 4486 1679 4546 altera
1709 4492 1891 4547 restat

234 4573 541 4633 Fortassis
558 4574 794 4648 gravior
824 4590 838 4632 :
870 4591 1014 4635 cum,
1033 4573 1290 4632 crastina
1318 4574 1548 4633 fulserit
1575 4578 1687 4634 Eos

232 4665 327 4723 Na
350 4663 613 4733 dubites,
646 4662 865 4721 bellum
893 4663 1002 4721 tibi
1032 4663 1262 4721 noveris
1292 4664 1471 4722 affore
1496 4671 1753 4738 partum.

234 4753 375 4811 Hec
400 4757 544 4810 sunt
566 4769 707 4826 quo
730 4751 985 4827 populus
1004 4753 1247 4813 mandat
1264 4753 1375 4810 tibi
1391 4754 1567 4812 verba
1588 4756 1889 4814 Latinus.»

556 4894 817 4963 LXXXII,
848 4926 918 4937 —-
942 4896 1241 4965 Pergama
1268 4898 1567 4973 responsio.

232 5021 398 5083 Dum
428 5020 638 5078 Petrus
664 5019 881 5077 mediis
906 5019 1181 5093 proponit
1206 5019 1350 5076 talia
1380 5019 1591 5089 Persis,

236 5110 412 5166 Ridet
436 5108 617 5165 turba
638 5108 881 5176 ducum,
914 5107 1064 5165 ridet
1090 5124 1329 5182 quoque
1355 5125 1494 5184 grex
1532 5109 1854 5184 popularis,

234 5198 585 5255 Subsannat
608 5200 895 5255 miserum
919 5198 1173 5256 trabeati
1201 5216 1366 5258 more
1402 5198 1667 5258 locutum
1697 5218 1710 5258 :

234 5287 503 5355 Tandem
526 5286 655 5344 dux
674 5287 907 5344 tumide
930 5289 1245 5362 respondet
1272 5293 1512 5363 gutture
1560 5306 1855 5349 summus.

238 5398 267 5427 α
301 5380 619 5434 Persarum
648 5392 897 5452 regnum
925 5376 1275 5451 populantes
1302 5392 1448 5451 gens
1481 5380 1793 5453 peregrina

242 5464 552 5523 Oﬂendere
568 5465 755 5522 deum
780 5465 1282 5540 Mametpique
1306 5467 1632 5524 secundum

242 5552 455 5616 Solum
483 5552 851 5631 Splidanum,
877 5553 1487 5636 perquirere,me
1510 5556 1753 5634 missus,

1545 253 1797 317 GES'I‘A
1836 253 2256 317 TANCBBDI.

3482 255 3602 322 548

1877 390 1936 457 Α
1964 386 2163 445 Inveni
2194 387 2453 461 pristiam
2486 402 2498 442 :
2532 386 2633 443 sed
2665 384 2946 443 claudunt
2982 387 3215 457 mcenla,
3240 388 3528 463 frangam,

1960 476 2215 549 Corpora
2242 479 2434 532 vestra
2465 492 2674 532 canum
2709 476 2858 532 dabo
2880 475 3324 551 rictibus,atque
3344 477 3601 537 leonum.

1966 568 2090 622 llaec
2122 583 2251 621 mea
2281 566 2423 622 vade
2454 565 2572 621 tuis
2602 566 2889 638 responde
2917 567 3090 631 verba
3121 566 3347 631 Latinis,
3374 585 3387 623 :

1962 654 2109 710 Nam
2131 654 2272 728 quid
2292 670 2399 728 ego
2422 654 2753 727 Petro,quid
2774 659 2965 711 vestro
2983 656 3222 712 reddere
3244 657 3470 714 Christo

1965 743 2303 801 Inveniam?
2332 743 2543 810 Quanti
2576 744 2802 813 Petrus,
2832 744 2975 803 tanti
3012 745 3163 815 mihi
3181 745 3453 807 Christus
3483 765 3496 803 :

1965 832 2117 889 Cura
2145 832 2290 887 mihi
2322 838 2545 901 neuter,
2578 832 2733 889 risus
2764 832 2929 902 mihi,
2965 834 3119 891 risus
3150 830 3413 915 uterque.
3449 861 3471 890 ι

1967 921 2102 978 Post
2131 920 2330 978 audita
2360 921 2562 978 Petrus
2592 921 2916 999 spiramina
2942 927 3105 979 tanta
3135 924 3453 995 minarum,

1965 1011 2051 1066 Ad
2083 1010 2271 1067 socios
2302 1015 2542 1081 remeat,
2576 1010 2795 1068 rabiem
2828 1012 2996 1069 ducis
3025 1013 3227 1069 ordine
3255 1019 3474 1074 narrat.

1970 1099 2234 1159 Protinos
2265 1100 2578 1173 accingunt
2598 1116 2660 1156 se
2690 1099 2841 1169 bello
2866 1101 3111 1158 audacia
3131 1101 3279 1167 Galli

1969 1188 2240 1258 Pectora;
2272 1189 2374 1245 sed
2434 1193 2785 1262 consumpta
2840 1189 3013 1258 fame,
3058 1198 3115 1246 et
3162 1190 3289 1247 sine
3335 1194 3613 1259 carnibus

3430 1282 3609 1355 [083%.

2090 1411 2374 1469 LXXXIII.
2408 1442 2478 1453 —-
2507 1412 2720 1469 Fideles
2750 1368 3492 1485 inuptionemrwdihmtur.

1972 1546 2122 1600 Area
2152 1544 2272 1600 lata
2293 1545 2450 1616 jacet
2481 1545 2590 1601 sub
2622 1562 2790 1602 muro
2821 1546 3085 1618 proxima
3114 1552 3313 1620 portas,

1973 1635 2108 1700 Qua:
2138 1638 2297 1707 patet
2326 1634 2384 1689 in
2416 1634 2854 1707 Boream,ponti
2885 1638 3246 1695 contermina
3273 1643 3331 1695 et
3361 1640 3541 1698 amni.

1889 1763 1939 1829 Β
1976 1721 2119 1778 Illuc
2148 1721 2603 1789 conveniunt,ibi
2635 1740 2698 1779 se
2728 1724 2968 1780 metitur
2998 1725 3239 1783 inermis

1973 1809 2071 1867 llle
2103 1827 2268 1868 sacer
2296 1811 2844 1884 populus,statuunt
2874 1814 3007 1886 quis
3037 1814 3265 1891 primus
3292 1815 3351 1871 in
3392 1817 3613 1889 hostes,

1970 1900 2040 1955 Et
2065 1900 2197 1972 quis
2230 1900 2421 1973 prima
2450 1916 2703 1973 sequens
2733 1900 2901 1958 tollat
2928 1902 3135 1959 vexilla
3162 1907 3465 1963 secundus.
3491 1925 3505 1964 :

1972 1988 2067 2045 Sic
2098 1987 2303 2061 reliqui
2334 1992 2491 2045 certo
2522 1990 2847 2062 disponunt
2875 1992 3077 2049 ordine
3107 1992 3347 2063 bellum,

1973 2080 2097 2145 Quo
2127 2082 2285 2134 stent
2313 2077 2434 2151 pila
2462 2077 2608 2148 loco,
2637 2096 2752 2152 quo
2781 2078 3002 2150 lancea,
3036 2098 3219 2154 quove
3249 2084 3476 2158 sagitta:

1974 2167 2137 2224 Unde
2167 2183 2364 2240 eques,
2401 2168 2556 2223 unde
2588 2168 2765 2241 pedes
2795 2172 2899 2224 aut
2922 2168 3126 2240 irruat,
3151 2176 3254 2233 aut
3284 2177 3397 2229 stet
3423 2173 3482 2230 in
3514 2173 3619 2237 ho.

3423 2264 3619 2336 [stem,

1977 2345 2191 2402 Ordine
2220 2349 2433 2401 cuncta
2463 2363 2570 2402 suo
2602 2346 2685 2403 sic
2718 2348 3166 2422 disponentibus
3196 2350 3336 2419 illis,

1977 2434 2074 2491 Sol
2110 2436 2246 2502 ruit,
2280 2435 2604 2492 extrahitur
2632 2436 2691 2491 in
2722 2438 2977 2503 crastina
3006 2443 3271 2513 tempora
3309 2441 3547 2501 bellum.

1979 2524 2316 2581 Transierat
2346 2524 2560 2597 Byssaa,
2588 2527 2846 2583 restabat
2876 2527 3046 2584 tertia
3074 2529 3281 2601 noctis,

1978 2613 2123 2669 Cum
2154 2631 2298 2670 suus
2326 2612 2549 2669 Arnulfi
2581 2631 2757 2671 cursu
2791 2616 3038 2679 festinus
3068 2617 3295 2688 anhelo,

1978 2707 2131 2759 Voce
2162 2720 2459 2776 manuque
2490 2702 2667 2759 simul
2698 2704 3035 2767 didascalus
3065 2707 3215 2765 atria
3246 2708 3464 2782 pulsat,

1980 2793 2166 2865 Surge
2196 2809 2324 2865 age,
2357 2809 2531 2866 surge
2560 2793 2694 2862 cito,
2728 2793 2869 2866 quid
2916 2795 3105 2869 signa,
3138 2797 3458 2872 polumque
3500 2816 3627 2859 nio-.-

1981 2968 2222 3026 Coelitus
2251 2986 2384 3026 ecce
2411 2970 2589 3027 mieat
2615 2970 2878 3040 victoria,
2911 2972 3143 3046 suspice
3169 2974 3369 3032 stellas
3397 2887 3627 3031 frum?

1981 3061 2128 3115 Ante
2158 3060 2511 3132 sequebatur
2539 3061 2712 3117 modo
2742 3060 2841 3133 qui
2874 3063 3166 3134 praecedit,
3200 3069 3260 3120 at
3286 3063 3388 3121 illa

1905 3134 1949 3200 C
1985 3150 2119 3215 Quae
2152 3165 2307 3204 nunc
2337 3152 2670 3215 retromeat,
2688 3166 2842 3205 nunc
2866 3152 3624 3229 usque,Arnulfe,préeibat:

1986 3238 2191 3309 Surge,
2224 3238 2517 3312 ducesque
2546 3236 2726 3308 ciens,
2758 3238 2818 3293 in
2850 3238 3046 3312 przelia
3076 3257 3239 3314 coge,
3269 3241 3467 3322 pericli

1987 3325 2047 3383 Si
2078 3326 2401 3398 quidquam
2425 3331 2535 3396 est,
2567 3327 2739 3384 obses
2761 3332 2974 3397 teneat,
3005 3345 3229 3386 cremer
3258 3336 3360 3387 aut
3395 3331 3629 3389 cruciﬁ-

1986 3504 2059 3560 Et
2088 3505 2318 3576 conjux,
2351 3508 2408 3560 et
2436 3509 2681 3578 uterque
2711 3523 2945 3580 parens,
2977 3512 3037 3565 et
3072 3512 3287 3583 gnatus
3335 3422 3629 3584 υἱεῖ-ἓξὲξ

1987 3596 2251 3667 Namque
2281 3599 2338 3650 et
2368 3599 2611 3668 uterque
2642 3613 2875 3669 parens,
2903 3596 3203 3671 gnatique,
3227 3615 3487 3673 uxorque
3511 3602 3636 3657 erat

1989 3772 2206 3829 Doctus
2235 3772 2330 3828 hic
2361 3790 2395 3829 a
2415 3790 2594 3846 puero
2626 3791 2742 3848 quo
2773 3779 3013 3833 currant
3042 3775 3244 3834 ordine
3274 3777 3455 3833 stellae

1990 3861 2092 3918 Vel
2122 3861 2264 3934 quid
2294 3864 2668 3934 portendant,
2698 3881 2802 3920 seu
2834 3869 3022 3925 mutet
3053 3882 3233 3939 regna
3262 3871 3540 3937 cometes,

1991 3950 2121 4008 Sive
2150 3968 2325 4008 senex
2353 3950 2585 4028 gelidus
2616 3969 2849 4026 pyrram
2875 3953 3179 4013 minitetur
3202 3959 3260 4011 et
3286 3954 3537 4025 imbres,

1991 4040 2106 4096 Seu
2140 4039 2535 4099 Phaetontazos
2563 4058 2793 4113 currus,
2826 4042 2915 4099 leo
2942 4060 3149 4113 saavus,
3183 4048 3241 4100 et
3265 4044 3430 4119 ignes

1989 4130 2106 4185 Aut
2133 4127 2289 4186 latus
2319 4129 2551 4187 ensiferi
2584 4130 2763 4187 nimis
2783 4136 2988 4188 aestuet
3017 4132 3248 4189 Orionis

1992 4220 2336 4292 Auspicium
2368 4219 2524 4288 belli,
2553 4220 2643 4277 vel
2671 4220 2954 4297 quidquid
2986 4239 3229 4296 quaeque
3260 4222 3537 4298 minetur,

1995 4308 2278 4366 Summus
2309 4308 2368 4365 in
2400 4309 2508 4366 hac
2537 4310 2739 4366 doctor
2767 4310 2983 4368 multos
3014 4311 3369 4368 instruxerat
3396 4316 3547 4381 arte,

1996 4397 2060 4453 In
2091 4398 2306 4471 quibus
2332 4398 2663 4467 Arnull‘um,
2690 4399 3070 4473 geminasgue
3102 4401 3433 4463 ostenderat
3464 4399 3550 4456 illi

1918 4509 1968 4575 Β
1998 4486 2141 4543 Belli
2173 4505 2207 4543 a
2235 4487 2521 4560 principio
2552 4490 2862 4562 prodentes
2892 4489 3091 4545 omina
3116 4487 3337 4545 stellas.

1995 4576 2191 4632 Altera
2212 4575 2575 4633 Christicolis
2605 4578 2787 4633 fatum
2824 4577 3021 4647 dabat,
3051 4576 3231 4633 altera
3260 4577 3466 4643 Turcis
3500 4595 3514 4637 :
3586 4584 3599 4595 ‘

1999 4665 2213 4722 Ordine
2236 4670 2377 4721 tunc
2406 4665 2520 4722 alio
2551 4672 2871 4734 currentes,
2905 4683 2971 4722 ac
3002 4666 3164 4739 prius
3196 4666 3309 4723 illis

2000 4754 2252 4811 Exitium
2284 4754 2474 4812 Persis
2504 4756 2846 4828 prodebant,
2879 4755 3095 4833 gaudia
3125 4755 3365 4813 Francis
3397 4774 3417 4823 εΔ

2334 4906 2612 4964 LXXXIV.
2645 4938 2714 4949 —-
2739 4908 2974 4964 Irruunt
3001 4909 3063 4964 in
3092 4908 3313 4966 hostem.

2000 5024 2150 5097 Ergo
2182 5024 2281 5080 ubi
2313 5022 2483 5099 signa
2513 5023 2626 5098 poli
2659 5022 2861 5099 lingua
2889 5024 3191 5099 digitoque
3234 5025 3504 5100 magistri

2004 5114 2251 5170 Linceus
2279 5113 2502 5169 Arnulﬁ
2534 5114 2792 5188 percepit
2821 5112 3041 5177 ocellus
3071 5120 3128 5170 et
3157 5114 3316 5171 auris
3347 5132 3362 5171 ε

2001 5203 2086 5259 Ad
2118 5219 2385 5277 proceres
2418 5218 2688 5263 summos
2717 5202 2872 5261 citue
2903 5202 3018 5260 exit
3051 5208 3107 5260 et
3134 5203 3286 5261 excit
3328 5203 3390 5259 in
3438 5219 3603 5265 arma.
3634 5222 3651 5267 ὅ

2002 5293 2072 5348 Et
2098 5309 2265 5350 verso
2292 5308 2527 5350 versum
2558 5309 2770 5351 cursus
2800 5294 2968 5351 docet
2998 5293 3202 5349 ordine
3239 5294 3422 5349 fatum
3458 5309 3472 5348 :

2002 5381 2136 5438 Jam
2167 5384 2322 5441 bona
2350 5388 2563 5447 cuncta
2591 5388 2760 5449 noi'a,
2793 5384 2935 5459 quia
2961 5380 3281 5447 transivere
3312 5381 3524 5452 priora.

2006 5470 2234 5530 Interea
2261 5471 2479 5532 Phoebo
2508 5490 2621 5530 nox
2652 5477 2931 5542 cesserat,
2963 5488 3098 5546 ergo
3129 5467 3377 5535 reclusis

2007 5560 2290 5624 Esuriens
2316 5561 2542 5626 bellum
2568 5576 2720 5642 gens
2747 5562 2945 5623 exsilit
2969 5559 3187 5638 inclyta
3207 5555 3413 5638 portis.
