4010 6078
372 204 492 266 547

878 201 985 265 AD
1030 201 1547 267 GODEFRIDUM
1591 201 1934 264 APPEND.
1977 199 2057 262 η.
2089 230 2165 246 --
2195 166 2508 266 MONUM.
2555 201 2658 264 DE
2699 202 2953 265 BELLO
2996 201 3276 266 sacco.

3659 203 3782 265 548

373 336 540 392 Nunc
570 351 699 410 ope,
733 351 891 392 nunc
921 351 1069 410 opus
1099 340 1209 405 est,
1242 353 1419 404 nunc,
1453 335 1708 409 Spiritus
1737 333 2020 403 alme,vo-
2050 334 2101 402 Α
2128 334 2370 409 Assyrii,
2406 335 2611 405 Persea,
2644 335 2865 405 Parthi,
2892 334 3105 405 Libies,
3135 334 3436 411 Elamyta,

1862 424 2017 479 cauti

1840 428 1909 495 [cz

376 516 526 570 Atfer
555 531 746 587 opem,
771 532 897 587 quae
928 515 1120 587 prima
1143 514 1318 584 acies,
1350 515 1438 570 vel
1471 515 1602 587 cuja
1634 515 1909 586 secunda,

377 606 511 671 Quae
544 603 778 677 reliquas
811 603 1048 673 fuerint,
1082 603 1181 677 qui
1214 609 1268 661 te
1299 603 1423 660 sitit
1453 603 1650 659 imbue
1679 607 1889 660 vatem.

446 746 704 803 LXXXV.
736 778 806 788 —
836 746 975 803 Ordo
1004 746 1206 803 ducum
1235 748 1295 802 in
1320 748 1664 817 aggressione
1692 747 1943 802 hostium.

375 870 605 927 Primus
633 875 800 944 Hugo
830 888 1081 944 magnus
1113 872 1330 929 Franco
1361 872 1558 928 educit
1586 872 1659 928 ab
1692 872 1835 928 urbe
1867 888 1881 926 :

375 959 623 1016 Prazvius
654 964 789 1016 ante
820 961 1018 1025 micat,
1052 959 1385 1032 praenobilis
1416 965 1551 1016 ante
1581 959 1839 1015 micabat
1870 976 1885 1014 :

375 1048 642 1105 Proxima
671 1048 991 1104 Normanni
1023 1049 1279 1105 subeunt
1301 1049 1507 1105 vexilla
1539 1048 1793 1105 Roberti.

298 1200 319 1207 ι
373 1137 602 1194 Summi
633 1137 806 1194 ambo
837 1136 1101 1201 comites,
1136 1136 1244 1194 soli
1275 1138 1447 1195 ambo
1480 1137 1638 1210 regia
1667 1135 1858 1209 proles

372 1225 594 1282 Clarior
621 1226 786 1299 Hugo
817 1242 1022 1299 genus,
1058 1226 1345 1283 Robertus
1376 1231 1581 1282 caetera
1612 1226 1821 1297 major,

372 1314 497 1371 Non
528 1314 655 1371 sine
687 1331 745 1370 re
776 1319 972 1387 partes
1002 1313 1139 1370 belli
1174 1332 1436 1371 meruere
1469 1315 1711 1387 priores.

371 1403 605 1460 Tertius
634 1404 1021 1460 extrahabens
1051 1404 1396 1459 Godefridus
1430 1404 1489 1459 in
1523 1403 1752 1476 agmine
1775 1401 2013 1469 multos,

372 1492 583 1566 Utpote
616 1490 962 1549 Lotharidas
993 1510 1127 1548 cum
1162 1492 1492 1548 Lotharidis
1522 1492 1896 1548 Alamannos.

372 1584 628 1648 Quartus
657 1581 954 1637 Tancredo
982 1580 1305 1637 bellantum
1339 1581 1583 1655 contigit
1613 1581 1774 1648 ordo,

369 1669 563 1727 Armis
595 1668 943 1743 praecipuus,
978 1669 1076 1725 sed
1112 1686 1223 1724 non
1256 1671 1398 1725 adeo
1431 1686 1798 1726 numerosus.

370 1757 606 1814 Viribus
637 1762 695 1814 et
726 1774 969 1813 numero
999 1757 1270 1813 sublimis
1301 1758 1359 1812 in
1390 1758 1592 1813 ordine
1621 1756 1825 1830 quinto

372 1846 579 1920 Fulget
608 1845 882 1903 vexillum
917 1846 1361 1919 Wiscardigena:
1394 1847 1753 1918 pretiosum;

370 1936 587 1992 Partim
617 1935 879 2001 materia,
914 1935 1125 2006 partim
1154 1936 1343 1991 crucis
1378 1934 1567 1992 indice
1601 1936 1803 1991 forma.

370 2024 765 2097 Subsequitur
794 2029 992 2080 sextus
1019 2040 1232 2097 magno
1265 2024 1500 2079 fremitu
1532 2024 1922 2093 Raimundus,

371 2113 474 2168 Hic
506 2117 569 2168 ut
600 2129 661 2170 se
691 2112 919 2180 Turcis,
952 2130 1068 2169 non
1100 2118 1166 2168 ut
1196 2129 1258 2168 se
1288 2112 1531 2168 misceat
1561 2112 1743 2169 armis
1775 2129 1789 2169 ε

371 2201 642 2257 Praesidio
672 2202 900 2258 substet
930 2201 1232 2269 bellantes,
1267 2200 1527 2274 undique
1557 2206 1798 2274 spectet,

366 2292 526 2365 Pupe
555 2294 931 2365 peremptura
960 2289 1309 2364 perimendae
1341 2289 1610 2363 suppleat
1641 2307 1822 2359 arma,

368 2376 456 2437 Sit
483 2381 661 2437 robur
690 2379 845 2449 belli,
881 2380 957 2436 sit
986 2397 1213 2445 murus,
1247 2385 1304 2436 et
1335 2380 1521 2435 instar
1552 2379 1716 2453 azyli.

370 2469 766 2543 Flandrigena:
796 2468 1028 2525 comitis
1059 2467 1360 2541 vigilantia
1389 2469 1661 2541 praesidet
1692 2468 1845 2536 urbi,

369 2560 498 2632 Ipse
529 2558 675 2632 regit
705 2563 923 2631 portas,
957 2575 1193 2613 murum
1221 2558 1402 2613 armis
1430 2558 1442 2609 i
1452 2575 1553 2630 pse
1583 2562 1840 2625 coronat,

368 2650 584 2705 Turres
614 2647 954 2704 omnimoda
970 2645 1305 2718 jaculorum
1339 2647 1513 2713 nube,
1548 2647 1799 2719 sagittis,

367 2736 698 2810 Stipitibus,
729 2735 885 2803 telis,
917 2735 1092 2806 saxis,
1126 2736 1442 2793 sudibusve
1487 2736 1762 2808 perustis,

368 2826 591 2899 Saepius
621 2826 692 2882 ad
725 2824 1003 2881 fabricam
1037 2829 1375 2880 convertens
1410 2825 1569 2880 frena
1600 2827 1887 2879 recentem
1923 2840 1936 2878 :

368 2915 531 2972 Unde
562 2914 752 2984 minae,
788 2915 943 2970 unde
974 2918 1183 2981 metus,
1218 2930 1290 2969 ne
1318 2917 1488 2985 rupta
1516 2913 1792 2968 admittat
1821 2918 1877 2967 et
1907 2911 2011 2966 ho-

1787 3001 1957 3074 [stem
1993 3016 2006 3054 :

2133 423 2568 497 Pbcrnicesque,
2618 425 2972 497 Arabesque,
3025 424 3291 497 Indique,
3339 424 3616 499 Tyrique,
3656 427 3777 484 Me-

2126 601 2390 674 Cumque
2420 601 2514 659 his
2545 601 2906 659 multimodis
2937 619 3084 675 quas
3116 606 3353 676 propter
3379 514 3782 678 tediawllgrilgd

2127 690 2369 746 Nemine
2400 708 2646 764 quaeque
2675 708 2781 748 suo
2810 690 3193 764 prohibemur
3220 692 3475 750 scribere
3513 697 3740 767 gentes.

2127 887 2504 943 Transierant
2531 886 2684 942 inter
2714 892 2974 944 montem
3002 887 3335 962 Christique
3365 888 3634 946 cohortes

2127 975 2382 1032 Maxima
2409 978 2733 1033 Turcorum
2764 975 2977 1047 rabies,
3009 977 3180 1049 quasi
3212 975 3399 1033 millia
3425 981 3689 1044 centum,

2127 1065 2360 1122 Scilicet
2386 1082 2421 1121 a
2451 1070 2611 1139 tergo
2641 1065 2879 1122 missuri
2910 1065 3155 1138 spicula,
3187 1070 3471 1139 tanquam

2124 1154 2379 1211 VenatOr
2405 1172 2603 1212 cervos
2634 1154 2908 1228 indagine
2936 1154 3208 1212 claudere
3236 1159 3425 1212 tentat
3457 1172 3470 1210 :

2126 1244 2340 1299 Aineus
2371 1243 2464 1299 his
2496 1260 2704 1300 murus
2732 1260 3034 1316 opponens
3064 1259 3126 1300 se
3156 1244 3532 1301 Beamundus

2123 1331 2205 1386 Ad
2243 1331 2431 1397 socios
2460 1336 2716 1405 tergum,
2747 1331 2975 1387 vultum
3006 1330 3288 1388 convertit
3316 1332 3376 1387 in
3408 1333 3630 1390 hostes.

2126 1420 2275 1493 Ergo
2305 1437 2502 1493 pugna
2532 1420 2648 1477 Deo
2679 1420 2923 1488 bifrons,
2957 1419 3274 1476 similanda
3303 1420 3544 1478 bifronti
3580 1438 3596 1478 :

2126 1508 2239 1564 Seu
2272 1509 2366 1564 cui
2401 1525 2551 1581 pone
2580 1513 2756 1581 caput
2782 1509 3044 1581 geminat
3074 1509 3304 1581 pictura
3333 1510 3569 1567 draconi
3606 1527 3620 1568 :

2125 1597 2272 1652 Hinc
2303 1602 2478 1669 atque
2509 1597 2643 1653 inde
2673 1613 2849 1653 suum
2880 1614 2984 1670 pro
3010 1597 3221 1654 Christi
3253 1599 3539 1672 sanguine
3557 1598 3780 1668 fundit,

2042 1705 2092 1772 Β
2127 1687 2309 1758 Inque
2336 1686 2517 1743 vicem
2550 1687 2750 1742 fusum
2781 1686 2852 1742 de
2882 1686 3140 1742 caedibus
3168 1686 3363 1759 expiat
3391 1687 3581 1744 hostis
3614 1704 3628 1744 :

2126 1775 2229 1830 Eia
2257 1774 2593 1843 strenuitas,
2629 1775 2959 1831 constantia
2989 1774 3363 1847 martyrialis.

2126 1863 2364 1920 Athletas
2394 1863 2629 1935 Christi,
2660 1864 2839 1920 totius
2869 1862 3054 1936 gloria
3082 1863 3311 1932 mundi,

2126 1952 2365 2009 Utimini
2399 1953 2618 2009 dextris
2651 1969 2664 2008 :
2696 1970 2798 2009 vos
2828 1952 3022 2025 pauci,
3055 1952 3367 2025 ceutuplus
3396 1952 3609 2020 hostis,

2124 2041 2369 2097 Utimini
2402 2041 2612 2115 gladiis
2646 2059 2659 2097 :
2695 2046 2823 2113 eget
2854 2041 2948 2096 his
2978 2040 3101 2096 haec
3131 2057 3268 2097 area
3298 2041 3530 2110 marris,

2126 2131 2228 2186 Hic
2259 2146 2419 2203 ager,
2451 2130 2571 2186 haec
2602 2128 2812 2185 messis
2836 2122 3078 2202 reliquis
3108 2146 3209 2185 vos
3238 2134 3439 2201 pascet
3466 2129 3527 2185 in
3576 2130 3781 2186 annis.

2122 2217 2316 2274 Altera
2348 2220 2506 2275 frons
2535 2217 2670 2274 helli
2706 2218 3079 2274 Boamundus
3110 2217 3272 2274 solus
3301 2223 3359 2275 et
3386 2235 3595 2292 expers

2124 2307 2329 2362 Auxilii
2358 2307 2602 2363 humani
2634 2324 2878 2380 sperans
2908 2306 2968 2362 in
3000 2307 3242 2363 numine
3271 2305 3422 2375 caali,

2124 2396 2394 2452 Fidentes
2424 2413 2691 2464 numero,
2721 2396 2981 2452 confisus
3011 2395 3256 2468 praeside
3285 2395 3514 2452 Christo

2122 2484 2476 2556 Aggreditur
2504 2488 2726 2558 gentes,
2758 2501 2899 2540 crux
2930 2484 3141 2556 praevia
3169 2484 3363 2540 nobile
3386 2500 3603 2557 sgnum

2123 2573 2368 2645 Signum
2400 2574 2702 2645 signorum
2733 2571 3134 2645 praefulgurat,
3165 2572 3438 2629 hostibus
3468 2573 3697 2642 horror,

2121 2661 2337 2717 Christi
2368 2661 2655 2718 militibus
2685 2678 2839 2734 spes,
2873 2678 3101 2730 murus,
3135 2660 3339 2736 gloria,
3374 2660 3671 2735 splendor.

2123 2750 2288 2806 Miles
2318 2750 2378 2805 in
2409 2749 2659 2823 egregiis
2691 2767 2804 2805 non
2838 2749 3084 2807 ultimus
3110 2750 3429 2806 admodum
3460 2750 3732 2808 acerbas.

2123 2839 2332 2903 Fortis,
2366 2837 2780 2911 magnanimus
2810 2838 3212 2905 Boamundus,
3244 2837 3446 2894 Martis
3489 2838 3774 2897 alumnus

2120 2928 2304 2999 Atque
2332 2943 2532 2999 nepos,
2566 2922 2711 2982 illud
2745 2926 3087 2999 praedictum
3117 2926 3349 2999 insigne
3377 2928 3616 3001 gerebat

2121 3016 2407 3071 Robertus
2439 3015 2682 3072 celebris
2710 3015 2933 3071 Girardi
2970 3015 3125 3072 (ilius
3155 3015 3302 3084 orbi,

368 3097 532 3152 Nunc
560 3094 727 3151 ducis
758 3110 854 3150 ore
882 3096 1067 3163 tonat,
1101 3110 1257 3149 nunc
1290 3090 1490 3148 militis
1522 3107 1659 3147 ense
1706 3090 1960 3145 trucidat
1993 3105 2006 3145 :
2041 3075 2084 3141 C
2123 3106 2178 3162 13
2201 3105 2403 3161 dextra
2433 3109 2490 3160 et
2518 3104 2720 3178 lingua
2750 3104 2892 3177 quin
2923 3109 3118 3161 mente
3150 3109 3207 3161 et
3233 3075 3472 3177 ὤτρυνε
3516 3104 3735 3162 Christi

368 3184 467 3241 Ille
497 3185 643 3241 obex
671 3184 877 3239 Turcis
906 3183 1287 3239 descensibus
1317 3180 1527 3236 unicus
1560 3180 1655 3235 ille

368 3273 579 3348 Magno
600 3272 867 3346 praesidio
899 3271 1095 3345 magni
1127 3271 1339 3327 tutoris
1369 3271 1592 3343 egebat.

645 3413 929 3470 LXXXVI.
962 3445 1030 3454 —
1065 3415 1256 3469 Terror
1284 3413 1477 3469 Persas
1510 3412 1739 3467 invadit.

368 3540 675 3596 Persarum
740 3541 1033 3611 satrapam
1093 3535 1311 3593 scaccis
1368 3552 1604 3609 operam
1662 3535 1800 3591 dare
1857 3535 2014 3591 fama

1878 3625 2008 3695 [est,

367 3715 588 3776 Gallica
617 3733 749 3772 cum
782 3714 1010 3789 primus
1039 3714 1320 3772 vexillifer
1349 3713 1555 3770 extulit
1584 3730 1748 3769 arma
1780 3731 1793 3769 ε

369 3805 527 3862 Illico
556 3822 758 3861 rumor
786 3796 952 3861 adest
982 3804 1136 3861 exire
1165 3803 1234 3859 ad
1270 3802 1467 3876 praelia
1500 3804 1747 3858 Francos
1782 3819 1794 3858 :

367 3894 642 3968 Princeps
676 3892 757 3949 nil
789 3898 985 3949 motus
1014 3892 1219 3948 ludum
1252 3892 1539 3948 tractabat
1571 3896 1637 3947 ut
1666 3895 1823 3957 ante,

367 3983 479 4039 Sed
512 3999 698 4055 neque
730 3999 864 4038 cum
896 3982 1092 4055 magni
1125 3980 1356 4037 comitis
1386 3980 1593 4037 vexilla
1626 3981 1859 4037 Roberti

367 4073 616 4145 Surgere
647 4071 980 4128 clamantur
1003 4088 1016 4126 :
1041 4071 1184 4144 proh
1207 4074 1428 4143 quanta
1457 4069 1764 4143 superbia!
1799 4069 2008 4142 surgit,

367 4161 564 4217 Tertia
592 4177 725 4217 cum
758 4160 1246 4233 subeunt,ingens
1275 4163 1397 4215 erat
1426 4158 1523 4215 ille
1553 4157 1865 4214 tumultus.

366 4248 614 4307 Demum
646 4248 888 4322 captivis
921 4253 1123 4304 nostra
1151 4248 1221 4303 de
1250 4252 1419 4321 gente
1446 4248 1686 4315 vocatis,

365 4339 513 4396 Nam
544 4339 830 4412 quosdam
862 4342 1072 4394 nostra:
1104 4337 1361 4410 captivos
1391 4337 1580 4409 gentis
1612 4337 1899 4392 habebat:

365 4429 624 4495 Quorum
655 4428 941 4501 sint,quid
973 4425 1303 4500 significent
1332 4425 1538 4482 vexilla
1568 4425 1869 4498 requirens

365 4517 652 4583 Quidnam
686 4517 1213 4590 figurent,quorum
1241 4515 1360 4570 sint
1388 4508 1656 4587 protinus
1686 4515 1868 4570 audit.

362 4609 484 4663 Hoc
513 4611 602 4663 est
632 4605 890 4677 Roberti,
922 4603 1215 4662 Godefridi
1248 4603 1375 4671 hoc,
1407 4602 1553 4659 illud
1584 4604 1847 4676 Hugonis
1881 4620 1893 4659 :

363 4717 394 4745 «
426 4695 556 4752 Haac
587 4700 676 4752 est
705 4694 1001 4765 nobilitas,
1034 4698 1093 4750 at
1124 4694 1310 4765 maior
1336 4692 1395 4749 in
1426 4693 1569 4749 urbe
1599 4697 1877 4766 potestas.

364 4782 462 4840 Vel
484 4785 613 4856 jam
645 4783 956 4858 pugnabis,
988 4781 1073 4838 vel
1107 4799 1364 4855 pugnam
1397 4782 1545 4838 scire
1574 4781 1835 4854 negabis.
1871 4804 1899 4832 »

362 4871 456 4929 Sic
486 4873 662 4928 fando
690 4872 1027 4929 Tancredus
1055 4872 1241 4938 adest,
1274 4875 1332 4927 et
1361 4871 1527 4928 adest
1570 4871 1967 4940 Boamundus,

360 4961 431 5017 Et
460 4961 638 5016 robur
665 4959 801 5017 belli
827 4977 962 5016 cum
995 4959 1288 5034 signiferis
1320 4960 1652 5017 Raimundi.

358 5049 650 5106 Corboran
685 5049 974 5105 accinctos
1003 5047 1175 5113 bello,
1200 5049 1444 5122 jamque
1480 5049 1791 5106 irruituros

356 5134 728 5192 Christicolas
760 5151 1004 5191 cernens
1033 5134 1219 5202 timet,
1251 5135 1551 5208 accitoque
1583 5140 1817 5208 repente

353 5223 622 5284 Traduce
652 5224 993 5295 verborum;
1027 5241 1204 5296 quam
1239 5223 1594 5281 Christicolae
1624 5223 1895 5297 priusilli

348 5311 722 5382 Obtulerant,
755 5329 935 5386 quam
967 5312 1301 5385 reppulerat
1331 5313 1504 5369 modo
1548 5313 1964 5380 conditionem,

333 5403 585 5465 Rursus
615 5401 699 5460 eis
728 5402 912 5473 offert,
948 5405 1009 5460 at
1038 5417 1245 5459 rursus
1276 5400 1569 5474 spernitur
1598 5400 1717 5458 illa.

324 5489 520 5559 Tunc
539 5504 705 5552 mora
722 5489 888 5553 nulla
906 5489 1011 5555 citi
1030 5489 1337 5567 pharetras
1357 5506 1642 5569 arcusque
1663 5490 1776 5550 sibi
1798 5494 2002 5569 aptant

2122 3199 2350 3250 Pronus
2377 3194 2435 3249 in
2465 3194 2840 3266 obsequium,
2870 3193 3263 3266 pronissimus
3292 3194 3352 3249 in
3383 3193 3549 3267 quasi
3574 3193 3777 3250 fratris

2124 3285 2340 3351 Frater,
2373 3288 2429 3340 et
2458 3282 2517 3338 in
2549 3284 2738 3339 socias
2768 3300 3153 3356 quascunque
3188 3281 3343 3340 vices
3390 3283 3720 3340 Boamundi
3754 3298 3772 3340 :

2122 3372 2441 3429 Pertransit
2469 3373 2691 3429 Turcas
2721 3372 3050 3445 iterumque
3080 3377 3361 3441 catervas,

2120 3462 2417 3518 Hortando
2448 3460 2658 3529 socios,
2691 3461 2847 3518 hosti
2876 3461 3213 3518 insultando
3245 3460 3459 3519 ruenti.

2121 3550 2328 3607 Turcis
2360 3550 2667 3618 Robertus,
2704 3550 2956 3606 Roberto
2986 3548 3169 3606 instat
3196 3549 3573 3607 Boamundus
3605 3566 3621 3607 :

2121 3641 2247 3696 Non
2280 3638 2398 3696 illis
2428 3639 2545 3708 ille,
2578 3655 2685 3696 nec
2714 3638 2853 3695 huic
2882 3637 2977 3695 hic
3006 3643 3200 3696 cessat
3228 3639 3455 3697 adesse.

2356 3764 2689 3849 LXXXVIII.
2723 3814 2792 3824 -—-
2825 3782 3023 3839 Territi
3048 3784 3318 3855 fugantur
3350 3783 3532 3838 Turci.

2119 3891 2204 3945 Ad
2235 3889 2426 3945 crucis
2457 3893 2760 3962 aspectum
2786 3888 2978 3962 perdit
3006 3905 3151 3963 gens
3185 3888 3416 3946 Persica
3442 3886 3657 3956 visum,

2122 3979 2209 4035 Fit
2240 3979 2646 4051 tremebunda,
2681 3994 2922 4051 gemens
2950 3994 3077 4050 quae
3109 3982 3345 4034 venerat
3371 3976 3526 4034 acris
3552 3980 3611 4032 et
3639 3977 3777 4033 hor-

3608 4082 3769 4122 rens.

3584 4066 3657 4137 [re

2119 4157 2244 4213 Non
2278 4161 2367 4213 est
2395 4161 2718 4227 amentum,
2752 4174 2869 4214 non
2898 4160 2988 4214 est
3017 4155 3118 4230 qui
3139 4158 3402 4213 exerceat
3430 4171 3657 4211 arcum.

2120 4247 2288 4314 Erax,
2308 4248 2420 4304 ha!
2450 4248 2556 4303 ha!
2586 4248 2688 4304 he!
2717 4250 3024 4303 vertuntur
3050 4245 3111 4301 in
3136 4252 3230 4304 at!
3259 4252 3353 4303 at!
3378 4248 3435 4301 et
3455 4248 3598 4302 heu!
3619 4243 3774 4303 heu!

2119 4336 2267 4409 Ergo
2300 4353 2361 4391 se
2392 4337 2666 4408 pecudes,
2698 4336 2950 4393 Francos
2982 4351 3172 4409 genus
3201 4351 3333 4392 acre
3360 4333 3598 4392 leonum

2040 4447 2088 4513 Β
2122 4426 2301 4481 Fassa
2329 4426 2529 4499 fugam
2562 4425 2736 4481 morti
2767 4424 3017 4498 praefert,
3054 4428 3112 4480 et
3139 4424 3329 4481 vivere
3358 4422 3541 4494 laudi,

2118 4519 2266 4570 Dum
2300 4515 2503 4587 nequit
2531 4514 2603 4570 ad
2641 4518 2904 4570 montem
2934 4513 3165 4587 regredi
3188 4513 3407 4587 refugit
3433 4528 3606 4571 secus
3634 4528 3774 4569 am-

3555 4602 3718 4674 [nem
3754 4617 3772 4659 :

2114 4691 2376 4749 Victores
2406 4690 2713 4762 instant,et
2742 4708 3049 4765 nunquam
3080 4695 3339 4748 sternere
3376 4694 3610 4748 cessant
3638 4705 3654 4745 :

2116 4781 2308 4838 Donec
2340 4786 2619 4854 utrasque
2647 4781 2803 4837 acies
2833 4781 3001 4837 socias
3033 4797 3308 4854 excepere
3336 4779 3605 4838 cohortes

2114 4870 2332 4939 Victas,
2364 4870 2662 4926 vincenda;
2698 4868 2967 4927 victrices
2996 4868 3223 4926 vincere
3252 4873 3489 4927 sanctis.

2114 4960 2243 5016 Jam
2278 4976 2393 5015 non
2425 4976 2623 5033 pugna
2652 4958 3025 5031 bifronsjam
3055 4958 3269 5016 certior
3295 4975 3364 5016 ac
3392 4956 3506 5015 fuit
3532 4961 3692 5026 ante,

2112 5048 2245 5104 Jam
2277 5064 2411 5121 spes
2442 5053 2617 5105 aucta
2645 5046 2799 5116 aliis,
2833 5047 2965 5104 aliis
2995 5050 3188 5104 metus
3218 5046 3457 5105 additus
3495 5045 3677 5104 armis
3714 5063 3732 5107 ς

2112 5137 2216 5193 His
2248 5154 2531 5211 pugnare,
2563 5136 2682 5193 illis
2713 5153 2913 5210 pugna
2936 5136 3214 5193 decedere
3243 5136 3455 5195 suadet

2113 5225 2334 5283 Multus
2365 5226 2557 5282 adhuc
2586 5225 2861 5300 populus,
2897 5242 3182 5283 numerus
3213 5226 3309 5283 cui
3354 5224 3509 5282 cedit
3552 5240 3774 5297 arena,

2110 5316 2183 5372 Et
2212 5316 2369 5389 quod
2399 5332 2567 5372 rarus
2597 5315 2731 5389 equi
2761 5315 2976 5388 premit
3000 5314 3153 5372 acris
3184 5318 3352 5389 terga
3380 5312 3625 5371 Latinus

2111 5403 2475 5461 Christicolis
2505 5405 2719 5476 obstat,
2751 5403 2956 5461 Turcis
2984 5402 3201 5461 solatia
3226 5406 3467 5477 prastat
3496 5417 3512 5460 :

2111 5493 2353 5555 Accedit
2370 5498 2570 5556 tamen
2599 5492 2693 5555 his
2721 5492 2980 5568 astutia;
3013 5492 3117 5555 sed
3146 5490 3299 5558 nihil
3326 5496 3515 5574 astus,
