3984 6078
202 281 326 343 ~54)
1564 278 1812 342 GESTA
1853 277 2266 342 TANGREDI.
2350 252 2353 259 ’
3016 244 3019 245 ί
3492 283 3613 345 550

218 413 305 471 Nil
337 413 511 473 dolus
540 412 603 471 in
631 412 948 484 Christum,
983 413 1109 472 sine
1140 431 1255 488 quo
1284 412 1428 470 nihil
1460 417 1547 470 est
1586 413 1731 470 nihil
1762 431 1857 471 ac-
1887 416 1942 482 Α
1972 412 2079 479 Qui
2112 411 2260 485 fugit
2290 426 2554 468 emersus
2584 411 2721 484 ruit,
2756 412 2942 485 avius,
2974 416 3030 470 et
3058 414 3441 487 stupefactus.

1687 503 1855 577 [tun].
1967 504 2038 556 At
2065 502 2157 557 cui
2190 500 2386 574 segnis
2417 518 2625 574 equus,
2659 519 2763 558 nec
2790 520 2890 575 pes
2922 502 3072 559 citus
3106 520 3119 558 :
3156 502 3251 559 ille
3274 503 3363 559 vel
3400 504 3578 563 armis

608 593 886 650 LXXXIX.
922 627 989 634 —-
1028 595 1232 667 Anceps
1257 612 1466 667 pugna.
1970 590 2211 655 Occidit,
2247 595 2348 645 aut
2380 591 2526 647 servi
2562 592 2813 648 trahitur
2842 592 3147 650 ducendus
3179 593 3238 649 in
3269 611 3442 650 usum
3479 611 3492 648 :

215 686 467 743 Venerat
494 684 554 741 in
584 684 809 741 bellum
840 684 1037 759 regnis
1066 684 1216 741 citus
1249 703 1283 741 a
1311 684 1640 741 Nabathaeis
1971 679 2087 735 Hac
2111 679 2347 751 juvenis
2378 679 2640 753 plantam
2673 686 3000 738 memorant
3031 683 3089 737 in
3120 683 3273 739 caede
3302 687 3613 755 repertam,

218 776 604 849 Conﬁnesque
635 793 777 832 suos
808 775 1013 832 Persas
1043 775 1347 831 sociaverit
1377 775 1566 830 Eurus
1596 790 1609 829 :
1972 770 2097 835 Qua
2128 768 2316 841 potuit
2347 768 2481 825 tecti
2512 770 2632 826 vice
2663 770 2747 826 sol
2776 770 3031 827 imberve
3062 772 3259 845 repelli
3297 790 3309 827 :

220 866 348 939 Ipse
376 864 615 938 regebat
644 881 847 937 equos,
881 864 1006 937 ipse
1034 881 1224 933 arcus,
1253 864 1376 937 ipse
1404 864 1705 937 pharetras
1738 880 1752 919 :
1973 857 2137 912 Tunc
2162 857 2342 912 trahit
2372 874 2635 927 occasus,
2667 859 2919 915 trahitur
2945 877 3120 933 quem
3152 861 3394 918 miserat
3422 866 3615 919 ortus:

220 955 334 1011 Nec
365 953 565 1010 minus
596 953 876 1022 adversis,
912 953 1152 1010 obverso
1183 953 1437 1020 turbine,
1470 953 1686 1009 dextris
1974 945 2068 1001 Sic
2098 950 2156 1001 et
2186 963 2325 1019 opes
2353 946 2628 1019 reliquas,
2659 947 2956 1013 scutellas,
2989 950 3217 1021 pocula,
3248 967 3503 1021 mensas,

219 1043 361 1114 Tela
390 1043 783 1116 retorquebat,
814 1046 1064 1099 tortores
1093 1046 1249 1098 torta
1279 1060 1381 1115 per
1408 1040 1587 1115 ipsos.
1975 1033 2271 1103 Urceolos,
2298 1035 2576 1108 tripodes,
2611 1034 2865 1103 lecticas,
2900 1037 3083 1107 labra,
3118 1038 3357 1109 lebetes,

217 1132 326 1188 Vix
356 1132 552 1188 stabat
580 1130 814 1205 gladius
847 1135 1051 1187 contra
1079 1130 1216 1187 Euri
1246 1130 1473 1204 spicula
1502 1131 1781 1187 Francus.
1976 1122 2153 1191 01188,
2187 1125 2493 1192 ﬂasconC-‘S,
2526 1125 2794 1193 tentoria,
2821 1125 3018 1198 pallia,
3050 1132 3240 1184 vestes
3274 1145 3286 1182 :

217 1218 561 1294 Languidus
588 1218 771 1275 onlio
801 1219 1095 1292 Zephyrus
1126 1221 1392 1292 torpebat
1415 1219 1472 1275 in
1506 1224 1693 1289 antro,
1978 1212 2188 1268 Omnia
2217 1231 2432 1286 purum
2467 1231 2699 1285 aurum,
2730 1214 2814 1270 vel
2844 1232 2991 1288 opus
3014 1217 3307 1288 pretiosus
3337 1235 3480 1275 auro

221 1307 493 1365 Traditor
521 1308 583 1363 in
612 1306 833 1363 bellum
866 1308 1119 1363 Francos
1147 1326 1181 1363 a
1207 1308 1467 1365 Gadibus
1499 1325 1705 1381 usque,
1978 1301 2176 1357 Victor
2206 1302 2398 1359 habet.
2435 1303 2692 1375 Populus
2721 1305 2792 1360 de
2822 1322 3075 1378 paupere
3097 1306 3223 1379 jam
3257 1308 3323 1361 fit
3351 1308 3620 1380 opimus:

224 1399 412 1470 Atque
447 1395 730 1469 Pyr-cumis
763 1396 1017 1464 nivibus,
1050 1413 1153 1469 per
1181 1401 1238 1453 et
1268 1396 1423 1453 invia
1448 1402 1502 1453 et
1532 1397 1722 1470 Alpes,
1978 1390 2111 1446 Jam
2143 1392 2320 1459 sedet,
2355 1393 2575 1449 Turcas
2607 1392 2772 1448 avido
2803 1398 2965 1449 vorat
2997 1412 3093 1451 ore
3122 1395 3419 1468 placentas
3452 1414 3465 1453 :

223 1488 331 1542 Per
358 1487 635 1559 freta,per
663 1489 869 1558 syrtes,
904 1503 1007 1559 per
1034 1485 1508 1560 Syllam,perque
1536 1486 1867 1560 Carybdim,
1979 1478 2109 1534 Jam
2142 1480 2392 1552 satrapis
2426 1487 2649 1553 partam
2677 1482 2866 1538 Persis
2897 1482 3158 1555 plerique
3187 1483 3453 1554 ferinam,

227 1576 402 1631 Fidus
433 1575 653 1647 ubique
685 1592 882 1631 comes
911 1575 1251 1641 adduxerat,
1286 1580 1345 1631 at
1375 1576 1549 1631 modo
1581 1575 1754 1631 fallax
1980 1567 2111 1623 Jam
2145 1568 2215 1622 de
2247 1568 2470 1641 captivo
2501 1570 2653 1625 inter
2682 1587 2779 1626 eos
2810 1571 3182 1628 contenditur
3212 1578 3392 1630 ostro.

219 1665 469 1721 Abdicat
499 1663 952 1733 auxilium,dum
985 1664 1228 1720 Francia
1257 1668 1481 1738 pugnat
1510 1664 1567 1719 in
1600 1665 1792 1720 Eurun

2055 1676 2115 1729 ll.
2149 1708 2215 1715 ——
2250 1676 2419 1732 Victos
2456 1679 2786 1734 Trancredus
2818 1681 3144 1752 insequitur,
3198 1699 3385 1738 eorum
3423 1700 3628 1741 mzram

223 1754 356 1811 Haec
380 1753 852 1809 animadvertens
879 1769 1026 1826 gens
1058 1752 1306 1822 Persica,
1341 1754 1493 1825 quod
1544 1754 1748 1827 nequit
1779 1772 1871 1809 ar-
1906 1791 1952 1856 B
2586 1758 2825 1820 stragem
2854 1754 3009 1822 facit.

1737 1840 1753 1856 τ
1827 1841 1838 1853 .
1996 1836 2620 1856 ..___L__
2726 1839 2740 1856 .
3007 1842 3009 1850 .

1736 1840 1873 1915 [mis
1907 1836 1952 1856 ”
1981 1837 2053 1890 At
2080 1836 2263 1907 proba
2293 1837 2577 1892 Tancrcdi
2606 1838 2841 1894 laudem
2864 1840 3129 1898 esuriens
3151 1842 3473 1916 sitiensque

224 1912 466 1969 Molitur
494 1911 774 1980 hammis,
806 1912 989 1981 fumO,
1022 1915 1079 1968 et
1108 1911 1356 1986 caligine
1387 1916 1541 1969 terra
1737 1911 1753 1915 ”
1985 1925 2334 1991 Strenuitas,
2368 1930 2576 1998 praeter
2604 1926 2838 1983 laudem
2871 1929 3092 1986 nullius
3123 1948 3315 1999 avara,

222 2001 682 2059 Chrsticolarum
713 2000 914 2057 oculos
944 2017 1046 2057 seu
1078 2005 1247 2058 nocte
1274 2000 1559 2057 involvere
1586 2005 1771 2057 tentat
1986 2013 2210 2086 Pauper
2237 2031 2395 2085 opes,
2409 2016 2618 2087 jejuna
2646 2017 2866 2085 cibum,
2900 2018 2959 2073 in
2991 2020 3201 2076 sudore
3231 1998 3488 2093 quietem
3673 1998 3714 2025 ‘

225 2091 439 2147 Subdit
467 2090 859 2146 arundinibus
890 2091 1178 2157 incendia,
1212 2091 1414 2147 subdit
1442 2096 1499 2147 et
1528 2090 1694 2156 ulvae,
1985 2102 2241 2174 Spernit,
2274 2120 2503 2176 quaque
2532 2104 2641 2161 iter
2669 2112 2757 2162 ρει
2781 2107 2931 2163 inter
2960 2109 3075 2164 duo
3104 2090 3345 2167 brachia
3374 2113 3499 2169 {issi

227 2180 444 2238 Subdit
472 2180 816 2272 viminibus,
844 2184 1134 2272 quantum
1167 2179 1302 2235 licet
1333 2181 1555 2272 excitat
1573 2181 1784 2235 Eurus.
1988 2191 2048 2245 1n
2083 2191 2303 2247 bivium
2334 2195 2550 2267 Far/ar,
2583 2213 2878 2268 nusquam
2908 2197 3073 2254 locus
3102 2200 3291 2272 aptior
3320 2199 3404 2256 illi
3437 2219 3452 2258 ς

228 2270 331 2326 Ille
361 2286 505 2326 suas
533 2268 801 2337 nebulas,
835 2270 1065 2325 fumum
1098 2270 1167 2325 de
1196 2270 1468 2343 vepribus
1498 2269 1616 2336 ille,
1988 2278 2203 2335 Multos
2235 2283 2621 2355 persequitur,
2657 2286 2859 2357 paucis
2889 2268 3313 2346 comitantibus
3343 2292 3544 2348 armis.

230 2359 313 2415 De
344 2357 587 2432 reliquis
615 2357 835 2427 dumis,
863 2374 965 2414 seu
993 2357 1232 2448 hamno,
1258 2358 1375 2415 sive
1405 2358 1629 2415 rubetis
1989 2367 2133 2440 Ergo
2166 2369 2317 2425 inter
2348 2370 2588 2428 Parthos
2621 2378 2678 2428 et
2705 2374 2931 2443 Persas,
2960 2375 3174 2431 mistus
3203 2381 3259 2432 et
3291 2378 3485 2448 Indos,

232 2447 447 2503 Perﬂat
468 2448 529 2502 in
561 2448 860 2504 obstantes
889 2446 1087 2503 furiali
1121 2452 1313 2504 mente
1341 2448 1686 2521 phalanges.
1989 2457 2147 2511 Inter
2177 2458 2555 2533 omnigenum
2586 2462 2737 2518 vires
2770 2464 3299 2522 Mahumicolarum
3325 2485 3338 2535 ;

230 2538 385 2611 Ergo
416 2537 549 2625 dies
573 2536 766 2625 piceas
799 2536 1032 2611 fulgens
1062 2554 1377 2594 conversus
1408 2538 1465 2593 in
1498 2540 1759 2605 umbras,
1989 2546 2210 2603 Pardus
2243 2552 2306 2603 ut
2337 2548 2486 2604 inter
2515 2567 2668 2619 oves,
2702 2556 2957 2625 stragem
2986 2554 3354 2613 Wiscardida
3385 2557 3593 2616 miscet

234 2627 437 2719 Fortes
465 2624 749 2719 debilitat,
782 2625 1071 2682 confortat
1099 2625 1286 2719 debile
1316 2625 1547 2719 vulgus.
1990 2635 2263 2693 Calcibus
2293 2643 2461 2711 urget
2483 2656 2684 2712 equos,
2718 2624 3077 2699 retrosuadis
3108 2650 3279 2719 urget
3307 2647 3553 2705 habenis

234 2715 298 2771 In
326 2713 590 2771 tenebris
616 2730 788 2803 enses
820 2719 1105 2788 pugnant,
1139 2715 1198 2769 in
1230 2715 1359 2771 luce
1390 2716 1638 2789 sagittae.
1990 2725 2289 2782 Horriﬁcis
2322 2733 2489 2800 urget
2519 2729 2895 2800 clamoribus,
2929 2738 2986 2787 et
3019 2713 3387 2803 stimtilandi,

232 2805 349 2861 Seu
381 2806 584 2859 contra
613 2801 760 2858 lines
790 2803 990 2859 ineant
1021 2804 1342 2860 certamina
1369 2804 1537 2877 talpae
1570 2821 1585 2859 :
1992 2814 2259 2879 Qualibet
2291 2820 2413 2872 arte
2447 2818 2618 2890 fugax
2651 2819 2802 2875 acies
2835 2820 3127 2877 incumbit
3158 2824 3215 2878 in
3249 2801 3445 2881 armos
3478 2843 3491 2880 :

232 2893 330 2985 Sjic
363 2892 533 2985 furiis
732 2896 903 2985 nutat
934 2893 1226 2985 sententia
1256 2893 1416 2985 belli.
1462 2981 1473 2985 Α
1553 2982 1564 2985 Α
1991 2903 2148 2959 Collo
2178 2904 2352 2960 infert
2383 2906 2672 2973 stimulos,
2708 2908 2941 2964 mutilat
2971 2928 3322 2985 quacunque
3370 2919 3638 2985 gravatos

234 2981 282 3037 Ο
308 2978 582 3053 quotiens
610 2979 710 3036 illa
737 2980 1033 3053 hphyrus
1063 2981 1205 3036 dum
1238 2982 1433 3037 tardat
1458 2981 1518 3036 in
1552 2982 1695 3038 hora
1722 3000 1735 3039 :
1995 2993 2182 3061 Parte,
2215 2993 2304 3049 vel
2336 3000 2467 3050 ante
2490 2995 2675 3066 jubis,
2708 2978 3018 3055 inutilibus
3055 3006 3206 3056 retro
3226 2978 3439 3057 caudis
3471 3019 3485 3059 :

234 3069 569 3126 Clamatum
595 3073 707 3135 est,
736 3068 977 3142 Zephyri
1009 3069 1351 3138 succurrite,
1386 3072 1607 3144 surgite
1645 3072 1796 3146 pigri
1831 3090 1844 3128 :
1994 3080 2067 3136 Ut
2099 3086 2345 3137 mortem
2376 3084 2601 3151 evadat,
2637 3102 2741 3140 nec
2774 3085 2946 3142 sellas
2978 3088 3200 3145 solvere
3233 3091 3425 3146 tardat
3456 3108 3469 3146 :

237 3158 433 3214 Eurus
460 3175 564 3231 pro
603 3156 809 3214 Turcis
840 3158 1000 3225 furit,
1036 3162 1222 3214 etWOS
1252 3158 1472 3233 surgite
1503 3161 1692 3216 nobis.
1913 3162 1955 3227 (ἶ
1995 3170 2249 3227 Ensibus
2280 3176 2336 3227 et
2365 3172 2653 3245 pharetris
2681 3174 2855 3230 etiam
2888 3176 3052 3250 fugat
3079 3177 3180 3233 illa
3210 3179 3437 3235 solutis.

614 3264 726 3321 xc,
759 3297 827 3306 _
855 3267 1159 3322 Ρνιευαιεηι
1186 3266 1511 3324 Christiani,
1996 3261 2333 3317 Tancredus
2361 3261 2573 3318 virides
2605 3264 2891 3337 respergit
2920 3265 3206 3338 sanguine
3232 3266 3450 3341 glebas,

237 3355 338 3412 Sic
367 3354 506 3410 dum
540 3353 846 3427 clamatur,
879 3355 1035 3411 Deus
1064 3354 1311 3411 afﬂictos
1345 3355 1679 3426 miseratur,
1996 3350 2333 3406 Tancredus
2365 3350 2550 3407 fossas
2582 3353 2937 3409 morientum
2969 3355 3148 3427 stipat
3173 3357 3412 3424 acervis,

238 3442 690 3515 'lhesaurosque
720 3459 860 3500 suos
890 3443 1095 3516 aperit,
1130 3443 1399 3516 producit
1429 3448 1485 3500 et
1515 3445 1648 3501 inde
1995 3437 2248 3495 Vulnere
2274 3440 2461 3497 multa
2486 3442 2652 3513 perit,
2688 3442 2839 3513 perit
2866 3448 2922 3499 et
2951 3444 3077 3501 sine
3105 3444 3344 3503 vulnere
3374 3447 3582 3515 multa,

239 3531 461 3588 Corum
490 3531 834 3605 propitium,
865 3533 966 3604 qui
998 3532 1190 3589 ﬂando
1221 3535 1546 3590 reverberet
1584 3540 1800 3592 Eurum
1833 3553 1847 3592 ε
1994 3527 2252 3584 Vulnera
2268 3530 2407 3585 dum
2437 3535 2726 3598 metuens,
2751 3531 3006 3588 declinat
3033 3533 3276 3591 vulnera
3302 3537 3495 3604 turba,

235 3621 429 3694 Inque
460 3638 598 3677 suas
629 3626 801 3694 cogat
830 3620 1046 3677 victum
1080 3622 1334 3678 revelare
1365 3640 1661 3695 cavernas,
1997 3618 2244 3683 Qnidam
2277 3624 2481 3691 εροηῐθ
2512 3624 2712 3687 ruunt.
2746 3622 2908 3678 freno
2933 3622 3193 3696 sellaque
3224 3624 3442 3682 relictis
3469 3645 3482 3695 ;

234 3711 426 3766 Ρηωο
457 3710 782 3766 Turcorum
813 3710 913 3783 qui
944 3710 1173 3767 lumina
1204 3713 1399 3769 turbet
1428 3730 1654 3785 eorum,
1998 3707 2063 3761 Et
2093 3707 2591 3793 subeunt‘dumos
2622 3712 2911 3783 sperando
2940 3710 3121 3769 latere
3151 3714 3261 3770 sub
3292 3714 3500 3771 imbris
3534 3732 3547 3771 :

233 3799 413 3855 Liber
443 3799 516 3854 ab
547 3798 802 3855 Occiduo
833 3800 1156 3872 productus
1188 3818 1417 3858 carcere
1448 3802 1651 3859 Corus.
1996 3796 2217 3852 Horum
2248 3797 2576 3869 cornipedis
2601 3799 2881 3856 eviscerat
2912 3802 3133 3875 ungula
3165 3807 3412 3875 partem,

226 3887 347 3943 Nec
378 3903 548 3943 mora
576 3888 873 3945 mandatis
902 3889 1306 3963 obtemperat:
1341 3890 1541 3947 omnia
1570 3909 1881 3964 quassans,
1997 3885 2221 3941 Partem
2257 3886 2397 3941 dum
2430 3888 2638 3959 ruitur,
2670 3893 2829 3944 tento
2860 3891 3026 3962 pede,
3059 3907 3218 3947 mors
3262 3898 3592 3950 remoratur
3625 3911 3640 3951 :

224 3976 447 4032 Omnia
476 3976 831 4048 convellens,
861 3977 1100 4034 obstant
1130 3996 1494 4052 quaecunque
1522 3980 1741 4037 volanti
1777 3999 1789 4038 :
1996 3976 2176 4041 Quem
2208 3992 2310 4047 P98
2339 3992 2452 4031 11οη
2489 3979 2673 4033 temnit
2707 3995 2719 4033 ἒ
2753 3995 2853 4034 001‘
2880 3978 3018 4034 hllic
3051 3981 3474 4055 crepuit,jecnr
3505 3982 3589 4038 illi
3626 4002 3641 4041 :

217 4065 485 4139 Jamque
514 4065 577 4122 in
600 4066 752 4123 bella
780 4067 958 4136 venit,
992 4067 1229 4125 veniens
1263 4085 1377 4125 non
1419 4086 1585 4125 arma
1612 4069 1886 4143 virosque
1998 4063 2262 4121 Flumine
2293 4065 2503 4121 salvari
2535 4083 2672 4139 PMB
2706 4067 2961 4140 ρῐυτὶωει
2990 4086 3160 4141 P0888
3187 4075 3484 4142 Ριιῐειῐιιεδν

225 4155 490 4210 Tantum
522 4155 719 4228 pulsat
750 4174 763 4213 :
797 4173 980 4229 equos
1010 4161 1205 4227 terret,
1237 4159 1486 4216 tentoria
1514 4159 1693 4230 vellit,
1997 4152 2339 4210 lntromissa
2367 4154 2532 4210 vadis
2563 4156 2713 4227 perit
2743 4156 3128 4214 auxiliaribus
3159 4161 3335 4216 nudis
3370 4178 3383 4216 :

172 4294 179 4299 .
226 4243 487 4299 Horrent
536 4249 710 4318 atque
760 4250 1027 4302 tremunt
1070 4263 1261 4317 mons,
1309 4247 1498 4318 vallis,
1551 4266 1796 4323 campus
1827 4254 1885 4307 et
1994 4240 2136 4296 νίνᾶ
2194 4242 2355 4297 SUbit
2408 4243 2668 4299 ῐυῐΠυῙοε
2717 4262 2917 4315 eques»
2984 4251 3160 4319 atque
3223 4266 3411 4320 equus
3469 4250 3649 4308 ini-mi

1672 4340 1880 4406 [arbor.
2848 4413 2857 4417 _
3344 4337 3601 4410 [apertos
3620 4348 3661 4417 δ

225 4424 383 4478 Eure
415 4423 594 4497 fugis,
627 4424 906 4499 fumoque
939 4428 1035 4482 tuo
1066 4429 1129 4482 tu
1164 4425 1472 4484 involveris
1502 4428 1648 4501 ipse,
1995 4418 2067 4474 Ut
2098 4418 2255 4491 ripas
2288 4420 2512 4488 ineunt,
2546 4421 2735 4493 palam
2768 4413 2924 4479 hu'nc
2959 4425 3231 4481 absorbet
3260 4431 3316 4481 et
3347 4425 3538 4497 illum,

227 4513 419 4603 Inque
449 4517 585 4603 tuos
617 4517 824 4603 Persas
855 4532 962 4570 sua
992 4515 1175 4585 fraus,
1206 4516 1297 4572 lex
1326 4535 1492 4590 aequa
1525 4518 1834 4575 redundat.
1915 4540 1963 4603 ι)
1996 4509 2141 4603 {-13ng
2175 4508 2512 4603 pharetreti,
2548 4510 2794 4603 loricati,
2829 4512 3136 4603 phalerati.

225 4602 398 4657 Tunc
429 4600 619 4659 oculis
649 4602 868 4660 clausis
898 4605 1147 4674 Turcus,
1182 4607 1284 4662 sed
1318 4607 1576 4662 Francus
1607 4606 1824 4681 apertis
1915 4592 1957 4603 υ
1994 4592 2145 4651 Dum
2180 4597 2356 4670 SW88
2386 4599 2469 4653 δίο
2500 4600 2717 4655 adeunt
2748 4618 2973 4670 mane-‘3,
3007 4601 3104 4658 alii
3140 4603 3497 4660 tremeﬁunt-
3570 4596 3573 4597 ν

226 4689 509 4754 Dimicat,
538 4695 598 4747 et
628 4692 823 4748 subito
851 4710 1019 4750 versa
1048 4694 1167 4750 vice
1192 4694 1460 4767 prmvalet
1490 4695 1586 4753 ille

1996 4689 2126 4757 Ipse
2158 4685 2323 4742 timet
2354 4686 2519 4743 Pluto
2548 4689 2750 4761 repeti,
2785 4694 2973 4762 pavet,
3008 4708 3075 4748 ac
3109 4692 3258 4766 fugit
3290 4710 3434 4749 uxor
3467 4711 3478 4749 :

225 4779 340 4846 Qui
373 4796 557 4853 prope
584 4780 774 4837 victus
799 4786 925 4839 erat
951 4800 964 4850 ;
998 4786 1311 4854 superatur
1340 4783 1440 4856 qui
1470 4787 1787 4858 superabat
1819 4801 1832 4841 ε
1994 4775 2067 4829 At
2094 4774 2241 4830 vada
2269 4780 2427 4831 certa
2454 4776 2671 4849 quibus
2703 4795 2831 4834 sors
2862 4778 3139 4848 obtulit,ii
3172 4798 3403 4855 quoque
3427 4782 3645 4855 partim

229 4868 338 4924 [lie
368 4867 540 4942 fugit,
573 4868 673 4925 ille
704 4870 904 4943 fugai;
935 4869 1071 4926 Baal
1102 4869 1239 4938 ruit,
1272 4871 1467 4927 obruit
1497 4872 1691 4946 alpha,
1998 4864 2315 4937 Emergunt
2345 4865 2416 4920 ab
2447 4865 2636 4937 aquis,
2671 4866 2881 4938 partim
2915 4874 3265 4941 merguntur
3296 4870 3355 4926 in
3384 4870 3534 4944 ipsis
3560 4888 3573 4929 :

229 4956 548 5014 Persarum
577 4957 742 5014 velox
768 4976 958 5031 equus
988 4964 1095 5029 est,
1124 4964 1181 5016 et
1210 4960 1446 5033 pinguis
1477 4966 1533 5017 et
1563 4980 1696 5019 ace;-
1728 4979 1740 5019 ε
1998 4953 2111 5008 Nec
2143 4953 2227 5009 sic
2258 4955 2530 5023 evadunt,
2560 4956 2659 5027 qui
2694 4957 2778 5011 sic
2809 4958 3051 5013 evadere
3081 4960 3350 5016 tendunt.

229 5044 456 5101 Contra
487 5046 844 5103 Francorum
874 5048 1099 5117 tardus,
1133 5065 1348 5118 macer,
1383 5049 1610 5119 anxius,
1641 5068 1793 5124 agger
1821 5067 1834 5108 ;
1997 5043 2334 5099 Tancrcdus
2363 5042 2651 5116 sequitur,
2684 5044 2855 5101 valda
2886 5046 2996 5102 scit
3026 5046 3195 5119 quasi
3227 5049 3304 5118 (5)
3337 5049 3532 5123 Lynea
3557 5066 3653 5105 va-

234 5132 344 5190 llle
373 5134 527 5207 fugit
558 5133 727 5192 facile
755 5154 769 5205 ;
801 5137 1009 5209 nequit
1037 5136 1133 5193 hic
1161 5137 1381 5194 instare
1414 5143 1678 5212 proterve
1710 5157 1723 5196 :
2348 5126 2353 5130 ’
3398 5136 3601 5210 [datur
3634 5153 3648 5192 :

234 5222 346 5279 Ille
377 5224 545 5296 quasi
578 5224 926 5281 innumeras
961 5242 973 5281 :
1005 5225 1099 5281 vix
1128 5226 1223 5282 hic
1255 5227 1421 5299 quasi
1453 5233 1838 5286 sexcentenus
1873 5246 1886 5285 ε
2001 5221 2194 5294 Usque
2224 5238 2447 5288 recens.
2482 5239 2614 5279 8001'
2644 5224 2785 5279 dum
2820 5230 3032 5282 cuneta
3063 5225 3337 5293 recentia,
3370 5230 3587 5281 cuncta

230 5313 298 5368 In
332 5311 631 5388 vigilando
662 5315 811 5387 fugas
844 5317 975 5387 post
1001 5332 1170 5371 versa
1200 5314 1458 5387 pericula
1488 5317 1674 5375 Persa;
1998 5311 2166 5367 Acria
2193 5316 2361 5384 parta
2389 5328 2562 5367 suum
2588 5312 2700 5367 sibi
2732 5320 3012 5386 suggerat
3042 5315 3274 5370 obvium
3289 5318 3648 5389 Harengum:

231 5402 345 5469 Qui
376 5401 534 5458 celer
563 5406 666 5458 aut
693 5402 866 5459 celeri
898 5408 1163 5477 raptatur
1191 5421 1341 5478 equo
1370 5405 1532 5462 velut
1564 5407 1708 5481 igni,
1999 5402 2221 5458 Natura
2252 5402 2469 5474 pariter
2498 5403 2735 5458 firmum
2769 5404 3075 5460 munimen
3109 5409 3166 5461 et
3196 5410 3319 5462 arte

305 5511 388 5580 (5)
419 5509 619 5594 Lynca
648 5514 738 5598 est
767 5510 981 5596 fluvius
1014 5509 1075 5567 in
1118 5511 1477 5598 Macedonia,
1501 5512 1611 5598 qui
1768 5514 1890 5571 Eri-
2002 5509 2408 5598 Metangnhhog
2436 5527 2608 5598 versu
2644 5527 2658 5568 :
2778 5584 2798 5598 Ι,
2982 5585 3017 5598 ἡ.
3257 5586 3268 5598 ,

228 5596 449 5663 gonem
473 5582 802 5659 excipitur,
851 5583 1023 5660 cujus
1068 5583 1338 5645 meminit
1379 5582 1619 5647 Ovidius
1665 5584 1767 5645 lib.
1818 5603 1894 5648 xv
1998 5584 2154 5641 Hunc
2173 5583 2301 5660 ﬂuit
2329 5582 2521 5662 eﬂ’ectu
2548 5582 2738 5658 dispar
2767 5584 3082 5663 Lyncestius
3109 5586 3313 5648 amnis.
