4010 6078
440 228 552 303 δεμ
945 225 1051 287 AD
1098 223 1614 288 GODEFRIDUM
1655 222 1992 292 APPDND.
2039 220 2116 283 ΙΙ.
2150 253 2226 267 -—
2256 219 2570 287 MONUM.
2617 221 2720 284 DE
2762 221 3017 286 BELLO
3061 221 3334 285 SACRO.

436 361 563 416 Non
592 356 793 431 timuit
821 358 1051 419 Turcus
1080 356 1140 412 in
1168 360 1333 412 tanta
1362 362 1522 429 peste
1553 356 1816 427 sagittas,
2107 352 2157 420 Α
2188 352 2315 409 Non
2346 352 2509 410 locus
2541 357 2631 410 est
2660 353 2864 419 metui,
2897 354 2947 411 si
2977 371 3082 412 vos
3113 352 3486 415 committitis
3516 352 3624 419 illi.

437 449 703 522 Undique
732 447 1031 515 turritum,
1067 447 1307 501 robusto
1339 447 1522 503 milite
1558 445 1767 500 fultum
2183 443 2329 508 Quid
2365 460 2560 498 moror
2590 443 2647 498 in
2679 443 2909 500 verbis?
2925 461 3014 500 res
3045 448 3133 500 est
3164 461 3286 501 rem
3314 442 3588 501 claudere
3608 445 3835 518 paucis:

434 541 599 595 Nunc
629 536 815 610 aperit
841 542 1038 609 portas
1068 536 1344 592 diuturno
1376 539 1633 607 tempore
1665 533 1896 588 clausas
1922 550 1934 600 ;
2181 533 2468 601 Creditur,
2504 533 2746 601 accitur,
2782 534 3083 602 referatur,
3117 533 3335 600 abitur,
3366 533 3569 589 initur.

433 625 695 685 Occurrit
725 625 961 683 domino
990 623 1244 681 venienti
1274 640 1531 697 congrua
1562 623 1766 712 pubes,
1957 696 1961 701 θ
2266 639 2455 696 Χαιν,
2490 670 2557 680 _.
2585 640 2868 698 podiensis
2897 641 3136 712 episcopi
3162 641 3448 707 ωοείαιιίε
3477 641 3643 705 verba
3665 642 3736 705 ad

433 716 532 772 Ille
561 715 721 771 ciens
753 713 1019 786 suppleto
1050 729 1251 779 novos,
1284 712 1551 784 supplete
1578 710 1854 772 caballos.
2836 710 3157 768 exercitum.

426 808 619 872 Arma,
647 803 823 872 viros,
854 806 911 863 et
942 818 1122 874 equos
1156 800 1331 858 simul
1362 801 1584 857 invenit
1614 800 1813 857 omnia
1842 804 2031 873 parta.
2178 799 2403 857 Interea
2430 800 2639 874 praesul
2672 800 2918 857 moritur
2948 800 3271 868 Podiensis,
3301 805 3358 858 et
3386 801 3540 863 intra

1160 890 1321 948 XCII.
2178 889 2485 946 Basilicam
2519 891 2668 946 Petri
2700 890 2970 947 conditus
3001 890 3276 946 conditur
3304 889 3444 947 almi
3477 908 3491 948 :

426 983 701 1041 Planities
732 998 907 1054 super
934 980 1212 1047 Arthasii,
1246 980 1355 1037 sub
1387 979 1678 1036 moenibus
1710 979 1925 1035 Emmm
2174 981 2248 1035 At
2277 980 2532 1036 moriens
2563 996 2830 1052 proceres
2861 980 2931 1039 ad
2965 997 3027 1036 se
3055 983 3242 1048 vocat,
3275 979 3485 1057 hisque
3514 980 3735 1043 vocatis
3768 999 3789 1039 ι

423 1071 675 1129 Herbida
705 1069 925 1127 dividui
952 1086 1127 1126 cursu
1160 1068 1556 1125 circumdatur
1586 1068 1815 1124 amnis:
2174 1067 2363 1124 Verba
2392 1068 2548 1137 facit,
2584 1072 2970 1125 monumenta
2999 1068 3111 1138 sui,
3146 1068 3498 1129 documenta
3529 1068 3758 1149 salutis,

422 1160 525 1218 Illa
555 1162 804 1216 viatores
835 1158 1000 1233 prius
1032 1157 1396 1223 excludebat,
1429 1162 1668 1229 eratque
2179 1162 2369 1213 «Dum
2387 1157 3090 1231 Deusindulsit,dumque
3117 1157 3175 1213 in
3207 1175 3303 1214 me
3331 1158 3823 1239 sospitamansitjz

418 1250 675 1309 Circuitu
708 1248 865 1321 longi
894 1247 1344 1325 properantibus
1374 1247 1570 1303 invida
1599 1264 1812 1315 causa;
2174 1247 2288 1303 Nec
2320 1247 2585 1325 studium
2618 1247 2848 1313 fratres,
2882 1263 2986 1303 nec
3019 1246 3300 1303 sedulitas
3329 1264 3460 1305 mea
3488 1253 3681 1313 vestro
3728 1314 3733 1323 ,

414 1338 678 1397 Abscidit
702 1337 980 1395 invidiam
1012 1337 1283 1411 geminus
1314 1336 1385 1392 de
1420 1340 1616 1392 monte
1649 1335 1892 1403 recisus,
2172 1335 2366 1391 Defuit
2396 1336 2676 1409 obsequio
2710 1352 2723 1391 :
2758 1353 2859 1391 vos
2891 1336 3045 1393 sicut
3074 1340 3260 1392 mater
3288 1335 3597 1397 alumnum

413 1429 605 1500 Atque
634 1427 915 1485 viatorem
946 1427 1288 1494 admittens,
1318 1424 1668 1482 altrinsecus
1699 1443 1888 1483 arcus.
2172 1423 2471 1481 Sollicitus
2500 1424 2634 1494 fovi,
2668 1424 2861 1505 docui,
2898 1424 3126 1495 monui,
3150 1424 3447 1485 stimulavi
3481 1443 3495 1482 :

416 1518 530 1573 [los
560 1517 711 1575 inter
740 1521 946 1589 pontes
978 1531 1121 1586 gens
1155 1515 1384 1570 Persica
1400 1516 1527 1586 jam
1561 1518 1728 1587 quasi
1761 1520 1907 1582 tuta,
2172 1514 2461 1570 Lethifera
2490 1513 2697 1577 avulsi,
2726 1513 2928 1571 vitalia
2958 1513 3187 1571 semina
3217 1514 3407 1588 sparsi
3442 1532 3455 1571 :

412 1606 544 1661 Jam
575 1606 744 1678 quasi
775 1610 948 1659 nacta
978 1605 1126 1676 fugae
1159 1608 1289 1677 post
1321 1604 1488 1659 taedia
1518 1603 1694 1677 longa
1724 1602 1979 1676 quietem
2170 1603 2436 1678 Pervigili
2468 1620 2609 1660 cura
2629 1602 2769 1660 solvi
2805 1604 2948 1660 mihi
2982 1604 3196 1665 tradita
3216 1604 3373 1676 jura.

412 1694 974 1792 Fessa—quiescebat,
1002 1693 1227 1792 bellum
1259 1692 1515 1792 evasisse
1546 1693 1812 1765 putabat.
1953 1781 1965 1792 υ
2006 1782 2017 1792 .
2085 1727 2131 1792 Β
2166 1693 2298 1792 iam
2331 1711 2488 1792 nunc
2519 1692 2763 1792 delibor,
2789 1693 2913 1792 jam
2946 1693 3073 1748 vitae
3106 1692 3393 1792 terminus
3422 1692 3620 1751 instat.

407 1789 550 1839 Cum
577 1784 913 1841 Tancredus
945 1783 1127 1848 adest,
1164 1786 1222 1837 et
1250 1782 1414 1839 adest
1454 1798 1664 1855 equus,
1700 1797 1864 1837 arma
1914 1781 2054 1837 viri-
2085 1781 2127 1792 ”
2165 1782 2259 1838 Sic
2289 1799 2383 1838 me
2416 1782 2692 1839 doctrinae
2722 1782 2887 1838 vobis
2918 1798 3071 1854 papa
3100 1781 3439 1838 ministrum

1864 1870 1999 1944 [que
2035 1887 2048 1926 :
2164 1871 2427 1927 Tradidit
2457 1870 2731 1928 Urbanus
2763 1887 2777 1926 :
2810 1870 2896 1926 sic
2922 1870 3087 1927 vobis
3117 1870 3276 1933 hunc
3305 1886 3411 1947 ego
3441 1871 3606 1933 trado
3638 1888 3652 1927 :
3691 1894 3720 1925 ι)

408 1963 609 2035 Pugna
637 1978 860 2035 recens,
891 1960 1032 2017 visis
1063 1976 1123 2017 se
1155 1964 1359 2016 mutuo
1388 1959 1489 2031 qui
1523 1960 1684 2033 fugat
1713 1962 1894 2016 Evam!
2162 1959 2429 2016 Tradidit
2455 1959 2769 2016 Arnulfum
2801 1958 2946 2019 nulli
2979 1958 3088 2017 hoc
3118 1960 3177 2016 in
3208 1976 3396 2033 agone
3429 1962 3805 2037 secundum:

404 2051 701 2119 Exclamat
730 2052 979 2118 Turcus,
1010 2049 1243 2123 fugiens
1270 2048 1690 2105 immurmurat
1717 2056 1813 2107 at!
1843 2057 1927 2107 at!
2158 2073 2186 2100 «
2224 2049 2403 2105 Filius
2431 2050 2547 2117 hic,
2582 2049 2795 2123 inquit,
2829 2065 2996 2107 meus
3025 2053 3114 2107 est
3142 2047 3414 2117 dilectus,
3446 2048 3514 2113 in
3535 2048 3665 2122 ipsa

406 2141 616 2213 Magna
648 2141 759 2199 fuit
785 2141 970 2195 caedes
1000 2140 1110 2196 sub
1144 2138 1434 2195 moenibus
1457 2137 1852 2206 Antiochenis,
2159 2141 2257 2195 Est
2286 2140 2431 2195 mihi
2464 2138 3012 2212 oomplacitum,vos
3042 2154 3213 2199 aures
3242 2137 3448 2201 vertite
3477 2139 3549 2207 ad
3582 2138 3803 2216 ipsum;

402 2228 626 2285 Multus
659 2229 756 2289 ubi
788 2233 961 2300 atque
993 2244 1193 2283 recens
1224 2227 1520 2284 commisit
1551 2227 1751 2299 praelia
1781 2244 1960 2282 eaeor
1993 2247 2005 2284 :
2154 2230 2236 2284 Tu
2270 2246 2422 2298 vero,
2458 2227 2610 2293 Filii,
2642 2226 2903 2283 monitus
2934 2243 3160 2288 memor
3182 2231 3310 2283 esto
3341 2226 3565 2301 paterni
3592 2244 3605 2282 :

399 2318 547 2374 Hinc
579 2321 688 2385 est,
721 2321 895 2390 atque
925 2316 1085 2372 illinc
1115 2334 1219 2389 per
1248 2321 1455 2371 mutua
1477 2316 1717 2373 vulnera
1746 2317 1970 2384 ﬂetum,
2152 2318 2341 2374 Divini
2376 2317 2536 2392 large
2568 2316 2904 2373 documenti
2938 2314 3166 2377 semina
3196 2331 3426 2391 sparge,

400 2406 545 2462 Hinc
578 2404 736 2462 illinc
769 2406 975 2472 risum,
1008 2422 1123 2461 non
1157 2411 1247 2461 est
1278 2404 1370 2461 hic
1404 2405 1512 2461 hac
1542 2405 1664 2460 vice
1694 2410 1925 2478 gestum
1961 2423 1975 2461 :
2150 2410 2463 2479 Acceptum
2498 2406 2684 2480 gratis
2713 2409 3041 2462 sementem
3067 2403 3294 2461 reddito
3322 2403 3527 2479 gratia,

394 2495 592 2553 Altera
621 2512 759 2568 pars
787 2494 915 2550 risit
944 2498 1196 2561 tantum,
1228 2497 1461 2549 tantum
1491 2486 1674 2549 altera
1702 2493 1859 2550 ﬂevit
1894 2511 1906 2549 :
2150 2496 2461 2552 Peccantes
2493 2511 2715 2562 revoca,
2749 2495 2896 2555 bene
2927 2498 3164 2567 agentes
3194 2492 3373 2551 laude
3398 2509 3631 2566 corona,

402 2585 577 2645 Flevit
606 2585 798 2641 Turca
828 2584 1023 2659 fugax,
1056 2583 1185 2639 risit
1214 2582 1605 2639 Normannica
1636 2582 1842 2638 bellax.
2147 2584 2297 2657 Urge
2330 2584 2716 2657 propositum,
2748 2581 2961 2638 Christi
2987 2586 3043 2638 te
3073 2582 3315 2641 ostende
3344 2581 3686 2651 ministrum

394 2674 769 2730 Normannus
798 2672 1027 2743 sternit,
1057 2673 1284 2728 Turcus
1314 2672 1489 2737 cadit,
1522 2677 1587 2727 ut
1618 2673 1946 2730 subitarum
2146 2674 2470 2730 Sedulitate
2500 2672 2703 2746 proba,
2733 2671 3054 2728 commissa
3081 2671 3321 2743 negotia,
3342 2675 3549 2738 tracta,

394 2762 653 2835 Impetus
680 2762 1010 2830 hastarum,
1041 2760 1379 2835 geminique
1410 2761 1683 2834 angustia
1712 2761 1924 2835 pontis,
2146 2762 2355 2818 Nullus
2387 2764 2457 2818 ad
2491 2763 2779 2836 injustum
2812 2760 2983 2817 donis
3011 2765 3068 2816 te
3099 2759 3291 2817 ﬂectat
3323 2765 3627 2829 onustum,

392 2851 683 2927 Effugium
716 2851 991 2919 retinent,
1021 2849 1239 2909 bellum
1271 2850 1636 2907 committere
1666 2855 1850 2907 terror
2143 2852 2332 2924 thue
2363 2851 2521 2907 brevi
2554 2851 2820 2917 breviter,
2851 2850 2988 2917 vita,
3023 2849 3250 2921 loquar,
3281 2854 3404 2907 esto
3434 2850 3735 2926 pudicus:

391 2941 517 2997 Non
547 2940 707 3009 sinit,
742 2945 915 3013 atque
946 2940 1093 3012 fugae
1122 2938 1307 3005 labor,
1339 2944 1396 2994 et
1427 2938 1577 2996 vires
1606 2939 1923 3009 labefacta,
2143 2940 2406 3011 Sobrius,
2439 2946 2497 2997 et
2526 2941 2803 3013 prudens,
2834 2938 3099 3005 humilis,
3132 2936 3266 3011 pius
3286 2941 3463 3011 atque
3490 2939 3792 3015 quietus,»

390 3027 686 3089 Plurimus
715 3034 771 3085 et
800 3027 1042 3102 sanguis
1072 3026 1258 3084 multo
1291 3028 1361 3083 de
1390 3026 1627 3083 vulnere
1658 3028 1826 3085 fusus
1853 3046 1866 3084 :
2071 3096 2101 3102 ᾧ
2555 3029 2716 3086 XCV.
2752 3061 2815 3070 —
2844 3028 2975 3101 Ejus
3003 3026 3365 3100 epitaphium.

388 3117 461 3172 Ut
490 3122 631 3191 quot
660 3096 1089 3185 membra'fere,
1122 3121 1207 3172 tot
1236 3120 1468 3191 gestent
1506 3116 1747 3172 vulnera
1795 3118 1977 3175 Persa:
2013 3136 2026 3177 :
2060 3096 2103 3167 CI
2143 3121 2238 3176 Sic
2269 3124 2484 3188 monet,
2519 3124 2575 3175 et
2604 3117 2778 3191 paulo
2808 3096 3123 3175 cunctatus
3148 3096 3364 3175 transit
3394 3116 3470 3175 ad
3494 3116 3672 3181 illum

386 3207 534 3280 Ergo
564 3224 645 3263 vae
678 3206 908 3264 miseris
940 3205 1226 3280 quidquid
1262 3210 1493 3262 tenetur
1522 3208 1593 3263 ab
1626 3206 1742 3263 illis
1776 3224 1788 3263 :
2138 3210 2321 3275 Quem
2353 3225 2539 3276 mens,
2573 3224 2748 3279 quem
2776 3205 2952 3274 vires,
2982 3220 3159 3278 quem
3186 3219 3295 3259 vox
3324 3202 3506 3261 coluit
3540 3222 3651 3261 sua
3676 3206 3785 3263 Je-

384 3295 532 3351 Nam
552 3312 658 3351 nec
689 3312 888 3369 pugna
913 3295 1114 3368 fugam
1145 3294 1389 3362 solatur,
1422 3312 1526 3351 nec
1553 3296 1690 3369 fuga
1718 3313 1977 3369 pugnam
2010 3316 2024 3355 :
3452 3334 3459 3347 .
3590 3291 3779 3367 [suun

384 3385 613 3441 Turcus
642 3388 833 3441 utram
864 3388 1042 3451 tenet,
1070 3390 1344 3439 neutram
1375 3385 1684 3457 procedere
1713 3386 1929 3459 gaudet
1960 3404 1973 3442 :
2138 3384 2240 3440 Vir
2268 3383 2467 3459 magni
2500 3383 2712 3453 meriti,
2744 3383 2834 3439 vir
2862 3384 3068 3457 quovis
3098 3385 3313 3461 dignus
3343 3385 3583 3457 honore,

383 3470 456 3527 Ut
484 3490 661 3546 pecus
690 3489 827 3549 ergo
857 3473 1027 3545 perit,
1058 3472 1170 3545 leo,
1203 3473 1296 3529 cui
1328 3472 1639 3545 leopardus
1665 3473 1913 3531 inhaesit.
2131 3473 2235 3529 Vir
2264 3474 2478 3548 dignus
2510 3472 2700 3540 titulo,
2729 3472 2778 3530 si
2816 3490 2929 3531 non
2962 3475 3202 3547 potiore,
3234 3475 3325 3535 vel
3353 3473 3486 3541 isto.

619 3561 811 3619 XCIII.
842 3592 913 3602 —-
942 3563 1219 3618 Artasium
1246 3571 1485 3617 castrum
1514 3562 1780 3618 redditur.
2132 3562 2410 3620 Conditus
2439 3567 2528 3618 est
2558 3561 2772 3637 Moyszs
2802 3562 3169 3625 clarissimus
3197 3564 3295 3623 hic
3324 3562 3585 3619 imitator

379 3650 461 3707 De
490 3655 654 3709 tanta
682 3651 855 3708 turba
886 3668 1104 3725 paucos
1136 3653 1272 3724 fuga
1303 3651 1507 3719 salvat,
1540 3655 1597 3706 et
1628 3650 1768 3707 ulna
1799 3670 1812 3709 :
2200 3651 2491 3722 Doctrina,
2525 3651 2739 3717 studio,
2772 3652 3056 3727 moribus,
3081 3653 3293 3710 officio.

378 3739 472 3796 Sic
500 3739 634 3797 aliis
663 3740 885 3807 stratis,
918 3739 1047 3797 aliis
1080 3740 1392 3797 sternendo
1426 3740 1663 3812 fugatis;
2130 3746 2254 3797 Dux
2284 3740 2481 3814 populi
2513 3744 2758 3813 Moyses,
2790 3745 2847 3797 et
2875 3742 2993 3797 dux
3021 3742 3223 3816 populi
3252 3741 3364 3798 fuit
3394 3740 3504 3801 iste
3537 3757 3551 3797 :

374 3830 644 3893 Castrum
670 3836 845 3889 restat
877 3828 1067 3885 adhuc
1099 3829 1326 3898 Turcis,
1360 3828 1629 3902 belloque
1660 3830 1960 3899 refertum,
2196 3832 2379 3886 Ambo
2412 3831 2591 3885 duces
2622 3828 2857 3896 Christi,
2888 3829 3117 3887 ccelitus
3148 3831 3321 3887 ambo
3347 3830 3483 3899 sati,

375 3918 575 3977 Restat
603 3919 814 3988 adhuc,
847 3918 1224 3991 inquam,sed
1262 3918 1708 3991 inexpugnabile
1733 3924 2019 3992 tanquam.
2122 3920 2307 3975 Ambo
2330 3917 2595 3990 justitiae,
2629 3918 2908 3975 doctrina:
2939 3920 3113 3977 ambo
3144 3918 3398 3979 studiosi
3429 3936 3444 3976 :

373 4006 662 4073 Quiddam
694 4025 809 4064 non
839 3999 1147 4064 hominum
1182 4006 1481 4075 fuerit,sed
1513 4008 1733 4067 fabrica
1761 4008 1960 4065 divum
1997 4026 2011 4065 :
2192 4009 2377 4065 Ambo
2409 4008 2567 4064 fuere
2597 4007 2699 4063 Dei
2728 4024 2838 4063 vox
2866 4009 3060 4065 media
3087 4014 3144 4066 et
3174 4007 3396 4082 populi.

371 4095 652 4170 Pergama
682 4097 956 4171 Neptuni,
992 4096 1192 4153 Phoebi
1222 4096 1413 4164 Ilium,
1447 4086 1761 4169 utrumque
1793 4097 1985 4155 utrius
2121 4097 2319 4153 Causa
2349 4095 2450 4153 vias
2482 4095 2698 4169 Moysis
2728 4096 2902 4154 tellus
2932 4097 3226 4154 Chanaam
3259 4100 3651 4166 memoratur,-

1874 4188 2013 4261 [que
2194 4185 2335 4242 Huic
2368 4202 2601 4258 quoque
2630 4202 2811 4242 causa
2838 4185 2939 4241 viae
2968 4190 3125 4243 terra
3151 4187 3264 4244 fuit
3291 4186 3591 4258 Chanaan:
3627 4203 3641 4242 :

390 4274 587 4348 ,Iollata
613 4275 1029 4345 huicztantum,
1051 4279 1336 4348 quantum
1368 4274 1483 4332 illis
1513 4279 1717 4333 caetera
1748 4277 1966 4333 cedunt
1991 4294 2005 4348 ;
2117 4277 2384 4341 Cernere,
2417 4292 2531 4330 non
2561 4275 2643 4330 uti
2674 4274 2857 4348 Moysi
2882 4275 3221 4332 conceditur
3248 4275 3351 4332 illa
3382 4292 3395 4331 :

416 4365 469 4421 la
498 4369 695 4421 tamen
728 4366 912 4438 pubes
943 4364 1232 4421 sociorum
1266 4364 1470 4421 territa
1499 4365 1672 4432 caede,
2191 4364 2333 4421 lluic
2364 4380 2596 4438 quoque
2627 4380 2743 4425 non
2775 4364 2880 4431 uti,
2913 4381 3147 4423 cernere
3178 4365 3358 4422 ferme
3386 4364 3594 4443 datum
3622 4368 3737 4432 est.

360 4452 451 4509 Nil
482 4453 593 4510 sibi
626 4454 926 4523 confidens
957 4471 1118 4527 opes,
1150 4471 1312 4526 aeque
1343 4471 1565 4527 pauper
1593 4458 1649 4511 et
1677 4472 1881 4527 expers
1913 4473 1926 4512 :
2033 4464 2080 4529 ι]
2113 4456 2309 4527 Longa
2338 4453 2453 4510 Deo
2483 4453 2718 4526 Moysen
2742 4453 2972 4526 jejunis
3000 4453 3393 4521 conciliarent
3421 4470 3433 4508 :

360 4541 505 4598 Hinc
534 4542 696 4611 item,
727 4542 865 4600 inde
894 4559 1090 4600 moras
1120 4542 1416 4599 examinat
1448 4559 1460 4598 :
1493 4559 1629 4617 ergo
1661 4560 1958 4600 morarum
2186 4544 2352 4599 Ilunc
2381 4558 2613 4614 quoque
2644 4540 2819 4616 longa
2845 4542 2962 4598 Deo
2993 4546 3297 4599 consecrat
3324 4539 3569 4607 esuries.

357 4630 601 4694 Sublata
629 4633 871 4699 trutina,
904 4633 1309 4705 praeponderat
1336 4636 1394 4688 et
1424 4631 1613 4703 placet
1640 4631 1750 4688 ire:
2113 4634 2243 4706 Ipse
2276 4632 2431 4687 Deus
2460 4631 2720 4703 Moysen,
2754 4630 2912 4688 hunc
2942 4648 3094 4707 papa
3111 4631 3407 4700 Urbanus,
3439 4635 3497 4699 et
3523 4630 3650 4707 ipse

352 4719 447 4779 Nil
475 4720 586 4777 sibi
619 4737 754 4779 cum
790 4721 1048 4791 Francis,
1083 4720 1164 4776 nil
1197 4737 1333 4777 cum
1364 4719 1700 4777 ccelestibus
1729 4721 1911 4778 armis
2182 4723 2371 4777 Praaco
2404 4719 2506 4776 Dei
2539 4721 2827 4793 sequitur,
2860 4721 3023 4776 misit
3054 4725 3368 4799 utrumque
3396 4720 3581 4797 Deus.

349 4810 571 4901 AiUnt:
608 4816 739 4901 post
768 4810 953 4901 victos
983 4826 1337 4901 superorum
1363 4808 1602 4901 numine
1632 4811 1873 4868 Turcos.
2106 4827 2293 4884 XCVI.
2324 4859 2393 4868 _
2428 4827 2733 4901 nummi“,
2771 4843 2897 4884 cum
3348 4835 3399 4889 ει
3446 4827 3781 4901 ρτωηῖκίφ.

2513 4899 2801 4955 comitibus
2830 4903 3083 4955 Murram
3111 4894 3335 4965 obsidet.

351 4898 645 4963 Quosdam
679 4898 750 4953 de
780 4896 995 4970 populo
1028 4897 1377 4966 Raimundi;
1412 4898 1531 4955 sive
1561 4903 1791 4955 coactos

2178 4989 2490 5061 Postquam
2521 4987 2663 5044 urbs
2694 4992 2886 5061 capta,
2909 4987 3132 5045 vicores
3157 4988 3339 5063 gazis,
3360 4987 3546 5051 victos
3577 4986 3765 5053 credi,

348 4986 552 5043 Esur'ie
582 4986 741 5042 diras
771 4990 1042 5058 captosvc
1073 4985 1348 5058 cupidine
1380 4986 1526 5043 falso
1552 5006 1564 5057 ;

346 5073 576 5131 Christo
608 5074 964 5146 posthabito,
1000 5074 1302 5130 Mahumet
1322 5076 1463 5148 jura
1493 5075 1766 5144 colentes,
2102 5078 2213 5134 bus
2244 5078 2512 5145 donatos,
2543 5076 2687 5133 alios
2718 5077 2790 5133 ab
2808 5075 3021 5135 humili
3050 5077 3124 5133 ad
3150 5076 3342 5143 sidera
3368 5073 3772 5145 extulit,aliog

346 5164 630 5223 Turcatos
658 5163 862 5219 eadem
894 5180 1012 5235 qua
1042 5164 1262 5221 Turcos
1293 5164 1549 5221 claustra
1575 5165 1871 5221 tenebant.
2101 5167 2210 5223 sub
2242 5171 2462 5223 tartara
2491 5184 2525 5222 a
2553 5166 2695 5222 luxu
2725 5172 2781 5222 et
2810 5166 3051 5241 crapula
3079 5165 3401 5230 submersit
3421 5166 3763 5233 :Boamun-

344 5251 435 5311 Illi
460 5251 713 5311 consulti
742 5252 875 5325 quis
906 5253 1094 5325 major
1123 5251 1623 5321 Christicolarum,
2099 5256 2210 5311 dus
2238 5255 2560 5311 Antiochiae
2590 5254 2987 5329 principatum
3010 5255 3281 5333 adeptus,
3302 5254 3374 5311 ad
3405 5253 3758 5331 praesidium

341 5340 550 5408 Quisve
582 5343 694 5399 fide
723 5341 930 5414 potior,
964 5341 1057 5397 cui
1088 5347 1347 5400 castrum
1379 5342 1639 5412 reddere,
1673 5341 1766 5398 cui
1798 5360 1879 5411 se,
2102 5344 2686 5413 manet;Tanoredus
2717 5344 3125 5402 intermissum
3154 5344 3257 5403 viae
3278 5343 3540 5411 laborem
3556 5343 3763 5407 redin-

336 5429 442 5487 Cui
474 5445 582 5486 sua
611 5431 689 5488 sit
720 5434 910 5486 tutum
948 5447 962 5487 :
1000 5430 1334 5487 Raimundo
1365 5432 1600 5487 credere
1630 5432 1896 5489 suadent.
2095 5432 2603 5506 tegrat;algorem,
2631 5438 2861 5503 aestum,
2893 5432 3174 5502 inediam,
3203 5432 3387 5509 sitim,
3420 5432 3753 5511 montibus,

332 5516 437 5580 Ille
463 5517 576 5578 ﬁde
602 5519 818 5598 potior,
849 5535 1073 5594 comes,
1106 5522 1296 5591 aiunt,
1327 5519 1771 5611 robore'major.
2095 5520 3248 5605 vallibus,agris,municipiismrwfertgad
3279 5538 3539 5605 quorum
3565 5538 3763 5603 amca:
