4010 6078
280 327 400 386 557

1635 318 1888 382 GESTA
1931 311 2348 379 TANCBEDI.

3575 318 3694 378 558

277 457 554 515 ulciscar.
579 455 641 514 Si
670 455 864 530 palam
897 471 1178 512 occursus
1207 471 1323 511 non
1369 451 1648 526 suppetit,
1671 451 1945 523 suppetat
1970 449 2025 516 Α
2055 446 2242 504 noctis
2263 446 2406 502 hora
2426 445 2751 520 penultima
2770 448 2841 503 ad
2866 445 3094 504 tertiam
3117 446 3416 519 sequentis
3432 446 3558 504 dies
3580 465 3696 506 me-

277 545 550 602 occultus
582 563 596 600 :
633 545 735 601 ubi
758 562 873 601 non
902 543 1058 601 valet
1085 543 1307 610 lancea,
1341 541 1531 598 valeat
1556 540 1695 596 sica.

569 635 735 691 Dolus
765 652 840 691 an
869 635 1044 690 virtus
1074 634 1196 706 quis
1228 634 1289 688 in
1321 633 1466 688 hoste
1495 630 1783 702 requirat?

957 721 1149 796 (Viae.
1182 719 1397 776 Aineid.
1430 719 1534 774 lib.
1568 719 1656 791 ιι.)

349 812 518 879 Cum,
551 812 764 884 inquit,
797 829 930 868 mea
986 816 1077 867 est
1130 811 1294 866 urbis
1345 808 1550 876 tutela,
1600 804 1936 880 praesidium

276 906 652 967 montanum,
686 900 833 956 mihi
865 899 1025 974 regia
1047 899 1340 972 princeps,
1375 897 1522 954 mihi
1554 897 1767 965 forum,
1789 893 1936 950 mihi

273 1006 426 1062 pons
456 995 514 1045 et
532 993 698 1062 porta
721 994 926 1062 parent
949 1005 962 1044 :
989 988 1192 1044 lancea
1231 1004 1484 1060 quoque,
1506 984 1703 1059 populi
1730 999 1934 1039 nume-

274 1094 380 1132 rus
411 1077 638 1133 arbitrii
671 1083 760 1134 est
789 1077 924 1133 mei.
959 1077 1105 1143 Ουιά
1141 1081 1342 1141 restat,
1375 1075 1490 1130 nisi
1523 1079 1588 1130 ut
1628 1073 1933 1138 exstincto,

271 1165 675 1238 principatum
727 1165 1022 1221 obtineam
1077 1163 1444 1220 Boamundi?
1475 1164 1604 1220 Haec
1655 1166 1712 1218 et
1749 1161 1934 1216 multo

272 1253 448 1328 plura
475 1255 749 1322 volventi,
773 1273 890 1327 prae
921 1255 1197 1311 omnibus
1227 1255 1392 1310 sedet
1420 1257 1646 1308 motum
1685 1250 1754 1306 iri
1783 1250 1936 1306 inter

271 1343 474 1417 plebes
505 1344 883 1412 seditionem,
918 1350 983 1400 ut
1013 1361 1046 1399 a
1079 1344 1222 1416 pede
1265 1344 1337 1399 ad
1370 1347 1547 1416 caput
1588 1341 1932 1406 exundetur,

271 1432 597 1504 proludant
629 1432 687 1488 in
723 1434 846 1489 foro
877 1433 1015 1488 hinc
1051 1433 1187 1489 inde
1209 1431 1430 1505 jurgia,
1463 1435 1667 1504 surgat
1717 1430 1938 1485 clamor

269 1521 500 1577 turbari
533 1521 802 1594 populos,
837 1522 1016 1577 duces
1048 1520 1322 1593 utrinque
1361 1521 1488 1576 suis
1538 1519 1822 1575 auxilium
1855 1517 1933 1572 fe-

273 1613 429 1676 rant,
460 1608 521 1665 in
555 1610 966 1666 Boamundum
995 1609 1189 1664 omnis
1230 1626 1423 1676 arcus,
1457 1625 1630 1664 omne
1669 1607 1934 1680 jaculum

269 1697 632 1754 intendatur.
667 1699 784 1754 Has
815 1699 961 1754 dum
995 1697 1366 1754 Raimundus
1416 1704 1696 1770 tanquam
1744 1695 1832 1751 leo
1877 1695 1934 1750 in

267 1785 558 1860 spelunca
585 1805 694 1844 sua
725 1787 968 1878 molitur
997 1786 1288 1878 insidias:
1316 1785 1511 1878 noluit
1526 1785 1704 1842 taceri
1723 1784 1933 1858 iniqui-
1961 1813 2010 1878 Β

269 1880 456 1931 tatem
493 1878 660 1947 Deus,
695 1875 839 1948 quin
868 1875 1112 1932 Arnulfo
1144 1875 1424 1943 indicata,
1454 1875 1612 1930 ilicet
1643 1890 1746 1948 per
1793 1889 1930 1930 eum

265 1963 612 2020 Boamundo
643 1964 954 2021 indicatur.
975 1965 1071 2021 Sic
1103 1963 1268 2022 elusa
1301 1965 1525 2032 fraude,
1550 1962 1769 2020 salvala
1787 1967 1877 2018 est
1896 1979 1931 2019 a

267 2056 459 2108 morte
489 2052 688 2109 anima
712 2053 842 2119 viri,
865 2053 1035 2124 cujus
1065 2053 1182 2109 vita
1211 2052 1539 2126 plurimum
1560 2049 1932 2124 Jerosolymi-

264 2141 414 2214 petis
468 2142 596 2214 jam
626 2143 947 2215 profuerat,
982 2141 1302 2215 plurimum
1354 2141 1545 2197 adhuc
1599 2141 1925 2213 profutura.

261 2230 426 2286 Hanc
479 2229 663 2303 igitur
711 2230 1047 2288 habuerunt
1092 2230 1192 2286 irae
1242 2229 1552 2302 originem,
1587 2229 1722 2285 hinc
1756 2227 1930 2302 coepit

262 2318 384 2375 odii
415 2319 626 2376 fomes.

736 2407 874 2464 CIV.
908 2441 977 2451 —
1009 2408 1187 2465 Marra
1217 2409 1454 2480 capitur.

334 2497 450 2553 Sed
483 2500 714 2554 revocat
735 2513 828 2552 me
843 2496 1388 2569 obsidio,tanquam
1415 2512 1736 2552 messorem
1759 2512 1926 2568 seges
1990 2549 1994 2554 .

260 2584 604 2642 intermissa
664 2586 805 2642 dum
864 2585 916 2642 is
972 2587 1347 2659 retrogradus
1397 2583 1590 2658 spicas
1645 2583 1928 2657 recolligit

260 2674 516 2748 elapsus.
537 2676 720 2748 Igitur
751 2675 1004 2731 Marram
1039 2692 1461 2747 usquequaque
1491 2673 1644 2730 bello
1673 2673 1924 2730 circum-

261 2770 494 2837 septam
547 2765 897 2832 sull'odiunt,
934 2765 1136 2820 Marraa
1193 2763 1616 2836 supervolitant
1674 2763 1924 2837 sagittae,

266 2853 618 2910 concutiunt
639 2851 1272 2922 fundae,tremefaciunt
1293 2851 1464 2908 minae
1492 2869 1505 2907 :
1531 2851 1794 2923 undique
1815 2850 1928 2906 cla-

265 2959 416 3009 mor,
451 2941 714 3014 undique
745 2941 1026 3006 assultus,
1058 2940 1319 3014 undique
1350 2939 1558 3014 plaga:
1595 2943 1798 2996 contra
1826 2957 1925 2996 ur-

265 3029 406 3086 bani
436 3030 605 3103 quasi
640 3047 748 3102 par
775 3030 900 3102 pari
931 3030 1206 3097 reddunt,
1236 3029 1607 3086 reverberaut
1636 3027 1926 3085 balearica

262 3123 562 3176 tormenta
584 3118 902 3185 similibus,
935 3119 1186 3174 missilia
1221 3117 1424 3190 jacula
1452 3117 1706 3186 eminus,
1741 3117 1922 3174 comi-

2048 535 2146 591 dia
2176 535 2537 608 fatigaverat.

2486 623 2595 679 CV.
2626 655 2696 666 ——
2727 630 2894 682 Area:
2925 625 3256 682 obsidentur.

2117 712 2369 784 Jamque
2400 713 2614 786 saepius
2632 713 2702 768 de
2727 712 2877 770 valle
2905 713 3294 787 lacrymarum
3327 714 3399 770 ad
3431 719 3692 771 montem

2045 801 2243 874 gaudii
2277 801 2570 858 excelsum
2595 817 2833 874 surgere
2854 803 3072 858 assueti
3092 802 3447 858 Christicolae
3469 820 3696 860 succes-

2045 906 2148 945 sus
2179 906 2387 963 urgere
2416 907 2577 956 suos,
2611 889 2830 946 instare
2860 892 3039 946 favori
3087 892 3348 946 numinis
3379 891 3536 947 haud
3566 908 3691 948 ces-

2045 983 2197 1034 sant.
2232 982 2406 1034 Arcas
2437 979 2720 1050 oppidum
2767 979 3211 1052 aggrediuntur,
3243 997 3357 1036 non
3383 980 3594 1053 impari
3624 999 3691 1038 ac

2045 1067 2296 1122 Marram
2330 1066 2485 1135 nisu,
2521 1068 2622 1122 sed
2655 1067 2930 1123 dissimili
2963 1072 3191 1123 eventu.
3225 1069 3425 1142 Surgit
3452 1069 3510 1124 in
3543 1087 3692 1127 mar-

2043 1154 2178 1228 gine
2208 1155 2473 1227 planitiei
2517 1155 2784 1211 tumulus
2837 1155 3082 1212 declivia
3131 1157 3335 1212 Libani
3385 1159 3457 1213 ab
3489 1163 3690 1215 austro

2043 1244 2403 1317 pertingens,
2437 1260 2600 1300 mare
2630 1246 2701 1300 ad
2733 1261 3006 1301 occasum
3038 1245 3207 1317 quasi
3237 1247 3442 1302 stadiis
3482 1247 3690 1320 viginti

2044 1337 2303 1388 remotus
2335 1333 2721 1404 despectans:
2747 1335 2874 1404 ejus
2906 1335 3110 1405 pedem
3141 1334 3352 1390 fluvius
3375 1335 3690 1408 abluit,qui

2043 1423 2117 1479 ab
2149 1427 2279 1478 ortu
2313 1422 2385 1476 ad
2418 1421 2614 1477 littora
2637 1421 3456 1496 dcrivans,Hierosolymitano
3481 1424 3689 1482 lmvum

2043 1510 2199 1566 latus
2249 1509 2490 1581 imperio
2535 1511 2819 1578 concedit,
2859 1511 3177 1567 Antiochia:
3220 1513 3508 1582 dextrum,
3541 1513 3693 1571 inter

2044 1601 2392 1655 Tortuosam
2423 1603 2482 1655 et
2512 1598 2792 1670 Tripolim
2826 1599 2995 1655 limes
3021 1599 3688 1668 notissimus,munitum

2044 1693 2165 1744 arte
2185 1692 2244 1743 et
2265 1692 2473 1743 natura
2490 1687 3152 1762 praesidium,difticilem
3177 1689 3326 1744 hosti
3350 1695 3688 1762 grassaturo

2043 1775 2265 1834 aditum
2299 1777 2652 1833 minabatur.
2686 1776 3039 1835 Christicolis
3073 1783 3264 1834 autem
3291 1778 3686 1852 plurimojam

2041 1864 2382 1934 certamine,
2407 1865 2610 1922 virtuti
2645 1866 2843 1923 omnia
2873 1867 3076 1923 cedere
3107 1868 3350 1941 experti,
3371 1870 3548 1926 Arcas
3570 1869 3688 1925 cir-

2038 1955 2344 2022 cumdant,
2369 1971 2506 2027 pars
2539 1953 2780 2010 ﬂuvium
2814 1959 3155 2026 transmeat,
3181 1961 3246 2012 ut
3266 1963 3566 2030 portarum
3591 1959 3690 2015 ob-

2039 2047 2232 2100 struat
2289 2057 2592 2114 egressum
2629 2059 2642 2098 :
2677 2060 2814 2116 pars
2870 2043 3017 2100 citra
3074 2050 3293 2114 manet,
3353 2046 3424 2102 de
3475 2047 3686 2120 opibus

2036 2131 2240 2188 Crach.
2274 2135 2332 2186 et
2365 2131 2684 2202 Raphanias
2716 2131 3088 2204 oppidorum,
3120 2149 3186 2188 ac
3219 2133 3453 2206 reliquae
3486 2134 3688 2208 hujus-

2037 2220 2195 2276 modi
2227 2220 2516 2276 citerioris
2559 2220 2782 2277 viciniae
2827 2221 3057 2278 facilids
3085 2221 3313 2279 alenda.
3347 2225 3685 2282 Tancredus

2035 2308 2095 2364 in
2113 2307 2320 2381 primis
2335 2309 2862 2366 transmeatoribus
2882 2311 3093 2368 emicat
3116 2329 3487 2384 summopere
3498 2313 3687 2369 exsul-

2034 2401 2190 2464 tans,
2205 2397 2361 2469 quod
2391 2397 2706 2453 desiderati
2737 2399 2898 2471 regni
2919 2417 3079 2456 oram
3102 2401 3328 2473 ingredi
3351 2401 3680 2458 meruisset:

2035 2503 2182 2559 pons
2221 2491 2419 2542 tamen
2470 2504 2678 2543 saxeus
2727 2490 2973 2560 antiqua
3029 2490 3249 2546 fabrica
3302 2491 3684 2548 continuabat

2034 2574 2378 2642 exercitum,
2412 2580 2476 2630 ut
2507 2574 2675 2632 facile
2706 2577 2778 2632 ab
2811 2577 2902 2633 his
2931 2578 3002 2634 ad
3035 2576 3166 2633 illos
3196 2584 3393 2650 posset
3415 2580 3685 2636 transmi-

2033 2663 2209 2736 grari.
2243 2664 2395 2737 Ergo
2427 2663 2528 2720 ubi
2558 2665 2742 2720 armis
2773 2665 2974 2723 clausa
3011 2673 3154 2723 sunt
3183 2667 3478 2738 claustra;
3512 2670 3684 2726 fortia

2033 2752 2305 2821 fortibus,
2331 2753 2574 2826 gentilia
2592 2753 2958 2822 Christianis,
2977 2756 3268 2829 principes
3291 2757 3360 2814 de
3383 2775 3542 2814 more
3562 2763 3681 2815 tor-

2033 2845 2232 2898 menta
2288 2840 2540 2898 muralia
2597 2846 2880 2900 struunt:
2917 2844 3133 2918 singuli
3183 2845 3436 2919 singula,
3493 2864 3679 2903 unum

2033 2945 2229 2985 comes
2284 2929 2681 2999 Normannus,
2715 2931 2964 2988 alterum
3019 2934 3407 3004 Raimundus,
3439 2937 3680 2992 tertium

2033 3019 2372 3074 Tancredus
2406 3036 2420 3075 :
2455 3035 2592 3075 nam
2625 3020 3005 3078 Boamundus
3037 3023 3228 3079 Marra
3257 3039 3455 3080 eversa
3472 3025 3680 3081 Antio-

2034 3106 2226 3162 chiam
2258 3106 2524 3176 redierat,
2552 3108 2651 3164 ubi
2673 3107 2850 3164 etiam
2874 3109 2992 3165 dux
3021 3111 3369 3168 Godefridus
3397 3118 3454 3169 et
3485 3130 3680 3171 comes

264 3225 378 3264 ηιιε
406 3225 670 3264 vomeres
701 3225 997 3264 marmora
1025 3207 1383 3264 demittunt;
1418 3206 1742 3279 plurimum
1784 3224 1922 3262 sau-
1951 3179 1995 3248 C
2035 3195 2409 3252 Flandrensis
2439 3197 2631 3252 adhuc
2666 3196 3024 3255 hiemabant.
3061 3199 3361 3273 Hugonem
3393 3219 3674 3276 magnum

262 3296 776 3370 ciant,plurimum
800 3296 1175 3353 sanciantur:
1205 3296 1262 3352 hi
1279 3295 1614 3352 moriuntur
1632 3295 1924 3359 utvivant,

261 3386 647 3442 infirmantur
677 3391 742 3441 ut
767 3385 1218 3452 valeant,ﬂuunt
1248 3389 1315 3440 ut
1339 3385 1550 3441 durent
1575 3401 1588 3438 ε
1611 3383 1929 3439 illisinten-

263 3476 345 3532 tio
375 3479 466 3531 est
497 3479 777 3547 cceptum,
798 3475 1044 3547 jamque
1067 3475 1416 3530 semiactum
1451 3490 1599 3546 opus
1630 3487 1925 3546 peragere,

260 3568 428 3620 tanto
462 3563 651 3620 labori
679 3564 857 3620 tinem
890 3581 1170 3636 quaerere,
1200 3562 1448 3636 adipisci
1483 3562 1728 3635 gloriam
1763 3577 1932 3633 supe-

263 3652 474 3723 rando,
509 3669 787 3725 superare
810 3651 1106 3708 fortunam
1139 3650 1412 3723 patiendo
1446 3667 1459 3706 :
1494 3649 1595 3707 sed
1625 3650 1766 3704 dum
1799 3666 1928 3704 cre-

265 3740 434 3802 brius
466 3740 847 3813 crebriusque
877 3744 1160 3812 tanquam
1191 3739 1422 3795 malleis
1472 3737 1662 3805 incus,
1693 3737 1781 3793 vel
1823 3738 1925 3793 fla-

165 3821 174 3827 ⁴
263 3827 442 3902 genis
468 3843 628 3895 area,
663 3827 824 3884 silice
854 3827 1204 3898 infatigabili
1253 3826 1469 3882 mmnia
1511 3824 1927 3900 percelluntur,

266 3917 510 3975 latescit
532 3915 730 3984 turris,
747 3934 953 3972 murus
984 3915 1249 3981 solvitur,
1264 3914 1704 3989 propugnacula
1727 3919 1927 3983 ruunt,

265 4006 445 4062 ruina
473 4003 658 4069 simul
684 4010 742 4062 et
769 4005 1029 4062 claustra
1059 4004 1264 4077 pandit
1292 4008 1350 4060 et
1388 4003 1608 4076 gradus
1659 4002 1927 4060 exstruit.

267 4095 462 4169 Igitur
488 4111 593 4158 vae,
616 4111 704 4152 va)
731 4093 1164 4159 Mahumicolis,
1190 4090 1556 4148 Christicolis
1597 4091 1881 4164 gaudium
1913 4106 1928 4144 :

267 4181 490 4256 quippe
517 4181 612 4238 his
639 4199 918 4256 prospera
944 4181 1162 4250 omnia,
1195 4180 1315 4237 illis
1347 4180 1548 4236 omnia
1583 4179 1759 4237 etiam
1788 4178 1933 4252 ipsa:

265 4288 390 4329 suae
421 4287 560 4344 spes
589 4271 993 4336 adversantur.
1027 4270 1143 4327 Nec
1175 4286 1360 4337 mora,
1414 4268 1702 4340 patefacto
1746 4268 1928 4335 aditu,

262 4360 465 4417 aditor
492 4376 608 4415 non
640 4359 826 4425 deest,
860 4363 1070 4418 contra
1113 4357 1317 4414 civitas
1371 4357 1655 4414 obsistere
1704 4355 1930 4422 nititur,

263 4448 564 4522 quidquid
594 4447 808 4504 virium
839 4447 1037 4515 habet,
1069 4445 1336 4506 iatroitui
1367 4445 1650 4519 opponit:
1679 4460 1934 4500 summo-

2035 3283 2108 3340 ad
2162 3282 2422 3340 Ciliciam
2484 3291 2849 3342 revocaverat
2905 3286 3147 3358 bellum,
3173 3289 3231 3344 in
3274 3307 3388 3363 quo
3437 3291 3676 3349 saucius

2035 3373 2228 3429 femur
2255 3373 2545 3430 Tharsum
2589 3375 2775 3431 fertur
2819 3377 3137 3446 curandus,
3169 3379 3287 3435 imo
3317 3379 3674 3438 bumandus.

2035 3461 2188 3519 Solis
2219 3462 2400 3535 igitur
2428 3463 2618 3519 tribus
2649 3465 3069 3538 suprascriptis
3108 3466 3472 3542 principibus
3521 3470 3678 3526 obsi-

2034 3551 2228 3608 dionis
2277 3550 2443 3608 labor
2490 3552 2798 3620 incumbit,
2832 3561 3175 3627 oppugnant
3211 3556 3592 3627 incessanter,
3623 3564 3682 3616 et

2035 3640 2247 3696 acriter
2275 3645 2702 3712 expugnantur.
2731 3643 2877 3697 Dum
2900 3643 2982 3698 sic
3003 3649 3198 3700 autem
3223 3647 3681 3719 certatur,quid-

2035 3729 2171 3784 dam
2201 3728 2446 3801 contigit
2475 3730 2629 3801 quod
2665 3732 2978 3802 prmterire‘
3007 3733 3274 3790 socordia
3316 3740 3423 3804 est,
3457 3753 3678 3793 memo-

2035 3833 2165 3873 rare
2197 3816 2337 3873 utile
2364 3822 2420 3874 et
2451 3817 2783 3876 honestum.

2037 3923 2177 3980 CVI.
2210 3955 2279 3964 —
2307 3924 2590 3981 Mirabitis
2619 3927 2756 3983 visio
2783 3927 2990 3984 Anselli
3014 3932 3288 4002 proxim
3316 3934 3506 3989 mortis
3531 3949 3680 4006 pra?-

2776 4016 2928 4070 saga.

2107 4084 2245 4140 Erat
2260 4084 2317 4140 in
2336 4085 2589 4142 exercitu
2608 4092 2808 4144 nostro
2823 4088 2996 4145 heros
3019 4090 3251 4160 nobilis,
3272 4093 3365 4148 cui
3399 4110 3680 4167 magnum

2040 4189 2251 4228 nomen
2278 4173 2644 4230 contulerant
2669 4173 2805 4232 hinc
2829 4177 3111 4249 probitas,
3131 4180 3267 4236 inde
3287 4198 3494 4254 genus,
3511 4183 3684 4240 tertia

2039 4259 2338 4330 honestas,
2355 4266 2601 4334 quartus
2624 4263 2795 4320 Ribot
2814 4282 2984 4343 mons
3004 4266 3310 4325 hmreditas
3323 4271 3557 4343 propria
3578 4271 3683 4326 mi-

2039 4349 2174 4405 litiae
2202 4351 2388 4406 fetura
2417 4351 2702 4423 praeclare
2734 4339 3099 4412 notissimus.
3131 4339 3493 4415 Vocabulum
3523 4360 3684 4418 illius

2040 4438 2145 4494 viri
2167 4437 2440 4495 Ansellus
2469 4440 2588 4513 regi
2623 4441 2894 4511 Francia,
2918 4444 3034 4500 imo
3053 4453 3229 4502 ternae
3261 4447 3457 4503 Galliae
3489 4449 3683 4505 curias

265 4553 410 4610 pere
441 4538 717 4606 certatur,
737 4536 879 4590 dum
908 4534 1029 4591 hinc
1049 4533 1351 4604 invalescit
1380 4550 1596 4607 pugna,
1627 4532 1767 4588 dum
1800 4531 1931 4587 hor-
1963 4547 2013 4616 Ι)
2043 4527 2266 4584 celebre
2297 4529 2665 4601 personabat.
2683 4530 2734 4586 Is
2765 4529 2822 4584 in
2855 4532 3198 4601 meridie,ut
3220 4540 3309 4590 est
3329 4537 3684 4604 ,moris,cum

266 4641 406 4682 sum
441 4624 642 4692 fervet,
676 4623 957 4680 aliorsum
991 4623 1235 4695 tepescit
1265 4621 1547 4688 defensio,
1582 4620 1782 4677 minus
1803 4621 1931 4692 jam

261 4711 594 4784 minusque
623 4717 795 4768 scuta
823 4716 1054 4779 sonant,
1089 4710 1261 4784 quale
1292 4709 1466 4784 paulo
1499 4714 1632 4766 ante
1662 4711 1734 4766 ad
1757 4726 1935 4783 gran-

267 4799 476 4857 dinem
503 4817 777 4856 saxorum
811 4817 956 4872 pene
987 4800 1355 4856 fatiscebant.
1387 4801 1536 4876 Ergo
1568 4798 1939 4872 applicantur

273 4905 447 4945 muro
478 4887 917 4962 scalae,superat
939 4893 1126 4944 turres
1149 4905 1443 4954 ascensor,
1470 4887 1601 4950 urbi
1631 4889 1823 4958 capta:
1843 4887 1936 4941 in—

274 4978 464 5034 sultat
496 4993 509 5036 :
542 4979 644 5034 sed
678 4977 879 5034 audito
912 4977 1179 5050 strepitu,
1212 4977 1452 5050 visoque
1501 4975 1794 5043 discursu,
1840 4975 1934 5030 de-

277 5067 572 5124 fendentis
605 5067 790 5122 turbae
813 5065 1032 5122 cadunt
1054 5065 1443 5138 animi,pedes
1475 5065 1660 5137 refugi
1685 5064 1939 5124 latebras

277 5160 508 5228 petunt,
541 5155 725 5212 armis
764 5154 1040 5228 projectis
1071 5155 1259 5210 vivere
1309 5159 1598 5229 speratur.
1631 5156 1703 5210 At
1752 5153 1936 5210 nostri

279 5245 427 5300 urbe
456 5249 646 5318 capta,
681 5243 780 5300 alii
813 5243 1068 5299 caedibus
1099 5243 1405 5314 insistunt,
1432 5242 1530 5299 alii
1575 5241 1766 5316 gazis;
1801 5257 1937 5314 pars

277 5333 506 5388 victum
567 5332 858 5405 queritat,
880 5349 1017 5406 pars
1066 5330 1302 5404 rapinas
1352 5335 1598 5396 exercet,
1632 5329 1937 5388 victoriam

280 5421 524 5494 adeptos
545 5421 814 5478 laborum
828 5422 998 5494 juvat
1021 5420 1362 5476 meminisse
1378 5419 1700 5490 jocundius
1721 5419 1940 5491 gravio—

278 5527 434 5566 rum.
468 5511 564 5567 Sic
595 5510 948 5569 venatricem
982 5508 1124 5566 olim
1169 5509 1406 5564 turbam
1436 5512 1493 5564 et
1547 5506 1673 5579 ipse
1702 5511 1942 5565 venator

268 5599 856 5678 jocuudantem,licet
875 5599 959 5677 jej
971 5613 1152 5659 unam
1174 5595 1314 5668 vidi,
1334 5612 1482 5671 quos
1505 5613 1539 5654 a
1557 5595 1940 5673 praecedentis

2043 4616 2232 4673 lassos
2261 4635 2506 4674 somnus
2535 4618 2748 4674 ocellos
2778 4621 3170 4688 submisiSset,
3193 4624 3487 4698 somnium
3517 4627 3682 4696 vidit,

2046 4707 2199 4779 quod
2221 4712 2590 4778 experrectus
2620 4707 2776 4762 adito
2798 4709 3046 4780 sapienti
3068 4711 3188 4768 viro
3220 4713 3524 4770 indicatori
3555 4731 3684 4772 meo

2045 4794 2288 4851 Arnulfo
2319 4795 2612 4851 indicavit.
2641 4795 2952 4867 «Videbar,
2984 4798 3196 4873 inquit,
3233 4802 3376 4858 mihi
3406 4820 3509 4876 per
3537 4821 3689 4860 som-

2048 4883 2213 4939 nium
2244 4900 2421 4956 super
2458 4885 2599 4939 caeni
2647 4887 2974 4959 congeriem
3006 4894 3180 4958 stare,
3217 4892 3371 4947 unde
3401 4892 3686 4965 palatium

2047 4972 2438 5045 suspiciebam
2467 4973 2780 5044 excelsum,
2815 4977 2986 5048 cujus
3017 4996 3193 5051 quam
3227 4982 3478 5038 maxime
3509 4982 3689 5039 simul

2048 5062 2246 5118 omnia
2275 5078 2646 5119 communem
2683 5081 2857 5120 usum
2889 5068 3245 5124 excellebant
3277 5087 3290 5126 :
3326 5071 3686 5143 spatiositas,

2046 5150 2350 5220 celsitudo,
2375 5154 2638 5221 materia,
2665 5157 2869 5224 torma,
2894 5155 3180 5226 soliditas,
3205 5160 3690 5219 ornatus.Pedem

2045 5241 2173 5311 ejus
2187 5257 2462 5310 marmor,
2488 5243 2653 5310 ebur,
2677 5249 2988 5316 argentum
3006 5247 3372 5317 formabant;
3397 5248 3693 5320 reliquum

2047 5345 2260 5402 corpus
2309 5345 2518 5386 aurum
2572 5348 2815 5405 prorsus
2843 5337 2901 5390 et
2931 5349 3196 5406 gemmae.
3231 5336 3697 5397 Deambulabant

2050 5433 2155 5489 per
2200 5419 2458 5490 porticus
2507 5421 2565 5476 in
2613 5421 2841 5479 excelso
2895 5437 3157 5493 persona:
3214 5423 3697 5498 innumerabiles,

2050 5522 2303 5579 quarum
2333 5509 2599 5584 singulas
2629 5509 2778 5564 tanti
2807 5510 3036 5567 aedificii
3081 5527 3330 5567 censura
3359 5511 3653 5568 decuisset
3683 5530 3697 5570 :

2049 5597 2198 5658 adeo
2231 5599 2501 5676 speciosi,
2535 5599 2682 5660 adeo
2713 5598 2960 5676 proceri,
2995 5599 3138 5662 adeo
3191 5599 3400 5671 ornati,
3434 5600 3573 5659 adeo
3604 5613 3706 5677 per
