3984 6078
239 271 358 337 56f

1592 266 1844 330 GESTA
1886 266 2093 332 ΤΑΝο
2105 267 2308 331 REDI.

3538 269 3658 333 562

240 412 368 472 lum
401 404 662 464 dextram
693 405 1024 462 extenderet
1049 422 1063 461 :
1087 405 1195 461 hos
1219 420 1396 478 penes
1420 418 1566 477 quos
1583 404 1686 475 jus
1719 400 1895 458 fabri-
1929 399 1988 468 Α
2016 401 2152 458 dato
2175 399 2467 458 metandis
2490 401 2697 458 castris
2719 398 2928 470 edicto,
2953 399 3077 475 ipse
3108 398 3307 474 procul
3342 397 3503 459 solus
3533 403 3660 461 sine

241 515 324 553 cas
353 497 734 563 consistebat,
749 495 957 568 reliqui
991 512 1196 550 omnes
1229 493 1626 550 oblationibus
1657 491 1891 546 iniiste-

242 588 407 642 bant.
441 587 642 656 Itaque
693 585 851 640 brevi
887 601 1032 656 opus
1088 600 1368 656 magnum
1428 584 1891 644 consummatur,

240 677 398 748 quod
431 676 542 731 nisi
576 674 779 730 sedula
809 674 1139 730 excudisset
1168 671 1472 737 instantia,
1498 687 1696 725 massa
1716 669 1894 723 infor-

241 765 360 819 mis
389 764 715 819 Jerusalem
750 764 1138 836 perferretur:
1172 778 1302 816 nam
1337 759 1491 815 tertii
1514 759 1640 830 jam
1675 757 1895 813 mensis

241 851 412 907 labor
441 852 498 907 in
532 857 808 924 quartum
841 851 1076 918 exierat,
1110 866 1244 905 cum
1305 849 1546 920 pmnitet
1596 862 1892 902 morarum

243 940 561 1014 principes,
594 941 775 1012 pudet
801 956 1032 1012 quoque
1064 938 1216 994 circa
1245 936 1592 1010 oppidulum
1610 935 1704 990 via
1724 934 1896 988 inter-

243 1029 449 1094 missa,
484 1028 687 1083 tandiu
720 1029 1056 1083 excubasse.

528 1117 662 1171 CXI.
694 1147 762 1156 —
792 1117 1091 1172 Jerusalem
1115 1117 1295 1186 pergit
1321 1116 1610 1170 exercitus.

313 1207 679 1276 Quapropter
708 1221 886 1276 opera
931 1203 1126 1258 inutili
1182 1203 1429 1258 dimissa
1477 1206 1608 1256 ante
1661 1199 1892 1256 urbium

241 1298 446 1367 portas
502 1292 778 1366 Tripolis,
834 1292 1086 1358 Gibleth,
1135 1292 1377 1359 Baruth,
1431 1290 1687 1356 Sidonis,
1734 1288 1893 1360 Tyri,

237 1382 465 1453 Achon,
489 1381 760 1454 Caiphas,
795 1381 1048 1436 Cesareae
1082 1379 1324 1435 feliciter
1352 1379 1673 1434 transitur:
1705 1378 1775 1432 ab
1803 1377 1895 1432 his

238 1471 524 1528 omnibus
551 1488 630 1526 es
659 1471 878 1543 grande
908 1472 965 1524 et
1011 1467 1352 1524 victualium
1401 1467 1568 1539 copia
1617 1467 1897 1522 audacter

237 1560 514 1634 exigitur,
547 1559 952 1614 incunctanter
1004 1555 1288 1622 redditur,
1321 1555 1638 1611 liberaliter
1693 1571 1894 1627 eroga-

239 1654 376 1715 tur;
414 1666 550 1704 nam
578 1664 782 1703 omnes
813 1647 897 1701 hae
919 1646 1086 1701 littus
1109 1663 1143 1701 a
1164 1647 1340 1701 borea
1372 1645 1430 1699 in
1464 1649 1731 1700 austrum
1764 1661 1892 1699 ver-

238 1751 407 1810 gens,
431 1737 694 1792 turribus
715 1735 850 1791 altis
874 1735 1150 1790 muniunt
1178 1734 1379 1790 ordine
1403 1733 1702 1806 praemisso
1725 1749 1890 1804 pere-

237 1826 617 1900 grinantibus
650 1825 851 1880 obvim.
884 1826 956 1879 At
1003 1824 1102 1879 ubi
1159 1824 1400 1879 dimisso
1445 1822 1637 1877 littore
1667 1838 1700 1877 a
1731 1827 1893 1894 tergo

242 1915 551 1971 ltamulam
572 1913 822 1983 venitur,
847 1914 1188 1968 Tancredus
1212 1929 1449 1985 pernox,
1469 1916 1658 1967 castra
1680 1916 1891 1978 movet,

240 2010 376 2058 ante
406 2001 656 2057 lucanus
679 2003 868 2058 socios
895 2002 1189 2074 praevenit,
1217 1999 1574 2056 Hierusalem
1611 1998 1890 2070 pervenit,

239 2108 443 2148 muros
475 2091 875 2146 circumvenit.
905 2092 981 2162 (5)
1004 2090 1275 2158 (Veniens
1306 2095 1524 2155 tamen,
1562 2086 1893 2143 Bethlebem

237 2180 312 2235 ab
336 2179 608 2234 hostibus
631 2177 859 2247 liberat,
885 2194 1011 2249 quae
1035 2178 1274 2233 obsessa
1296 2177 1365 2232 ad
1398 2193 1532 2231 eum
1567 2174 1753 2246 pridie
1784 2173 1899 2229 cla-

237 2272 502 2323 maverat
527 2283 633 2339 per
663 2267 964 2339 legatum.)
996 2265 1240 2322 Eminus
1297 2271 1492 2320 tamen
1547 2265 1659 2320 sub
1704 2262 1893 2335 primo

235 2361 478 2429 aspectu
508 2355 693 2411 visam
724 2356 1048 2411 Jerusalem
1081 2355 1318 2423 salutat,
1337 2371 1530 2426 genua
1560 2353 1739 2407 humo
1764 2352 1892 2406 affi-

233 2463 372 2513 xus,
403 2443 604 2501 oculos
634 2445 787 2511 urbi,
821 2460 920 2499 cor
948 2443 1112 2508 caelo,
1145 2445 1316 2515 cujus
1364 2439 1634 2497 videlicet
1681 2440 1891 2496 salutis

235 2536 434 2609 imago
466 2539 718 2589 metrum
745 2539 837 2589 est
869 2550 1145 2606 praesens.

382 2622 550 2679 Salve
580 2621 964 2688 Hierusalem,
999 2621 1184 2695 gloria
1215 2620 1443 2686 mundi,

385 2712 447 2768 In
481 2727 595 2783 qua
628 2716 825 2766 nostra
851 2710 1031 2779 salus,
1066 2711 1260 2783 passio
1291 2709 1506 2765 Christi

383 2799 616 2856 Probris
645 2799 910 2855 Judaicis
941 2798 1241 2854 ludificata

383 2889 538 2946 Casio
570 2889 691 2946 sole
722 2888 848 2945 solo
881 2889 1130 2944 testibus
1161 2887 1335 2955 alma,

384 2979 635 3035 Humani
667 2978 898 3051 generis
928 2978 1094 3034 hoste
1125 2982 1447 3050 perempto,

387 3071 686 3125 Immunes
715 3067 949 3123 sceleris
981 3067 1157 3122 traxit
1185 3067 1258 3122 ab
1290 3083 1444 3133 orco,

390 3161 452 3214 In
483 3164 539 3213 te
570 3171 744 3229 passa
773 3173 1006 3211 crucem
1038 3157 1239 3211 clausa
1269 3155 1536 3228 sepulcro

391 3248 513 3303 Lux
543 3248 616 3301 de
639 3245 789 3311 luce,
818 3246 916 3300 Dei
950 3245 1048 3300 dia
1079 3262 1356 3317 propago,

388 3336 684 3391 lufernum
717 3338 1029 3406 penetrans
1064 3333 1201 3389 inde
1233 3331 1460 3388 reduxit

387 3427 544 3491 Quos
571 3424 850 3480 seductus
879 3422 1061 3477 Adam
1094 3423 1205 3478 sub
1237 3423 1416 3494 Styga
1444 3419 1666 3476 mersit.

383 3517 456 3570 At
487 3531 621 3568 mox
650 3512 849 3568 docuit
877 3515 1004 3566 tum
1037 3510 1351 3566 redivivam

385 3600 715 3658 Surrexisse
745 3601 872 3655 dies
903 3599 1110 3655 tertius
1143 3599 1324 3654 illam.

389 3691 524 3747 Post
555 3690 673 3745 hare
705 3689 986 3744 aethereus
1018 3687 1246 3744 scandit
1276 3688 1346 3744 ad
1381 3689 1554 3752 aedes,

385 3777 531 3834 Nam
565 3778 822 3849 suscepit
852 3793 986 3832 eum
1019 3776 1327 3849 splendida
1358 3777 1564 3843 nubes,

386 3870 568 3933 Quem
599 3884 733 3923 cum
767 3866 1091 3938 suspiceret
1122 3882 1266 3938 gens
1297 3865 1578 3934 Galilaea,‘

383 3957 560 4011 Audit
589 3973 603 4011 :
637 3955 719 4011 sic
748 3955 938 4011 veniet
969 3971 1071 4010 seu
1102 3955 1246 4026 petit
1277 3959 1452 4009 astra.

385 4045 518 4100 Haec
547 4045 663 4100 scis
692 4045 846 4100 dicte
877 4060 1040 4099 sacer
1071 4060 1241 4099 mons
1272 4044 1345 4099 ab
1376 4043 1573 4109 Olivis,

387 4132 555 4189 Salve
577 4138 872 4205 praeterea,
908 4133 1067 4206 regia
1095 4133 1255 4199 Sion,

392 4223 453 4277 In
489 4238 605 4293 qua
634 4221 975 4311 discipulos,
1013 4221 1174 4311 Kjfrie
1205 4219 1420 4276 eleison

389 4311 742 4378 Ctamantes,
778 4309 972 4366 sonitu
1005 4310 1115 4365 sub
1146 4309 1497 4380 vehementi,

394 4399 654 4454 Demisso
685 4399 857 4454 veluti
893 4398 1127 4453 turbine
1160 4396 1311 4462 oculi,

391 4486 680 4559 Replestis
711 4488 926 4551 subito,
962 4486 1215 4558 Spiritus
1241 4485 1413 4551 alme,

391 4577 452 4631 In
484 4576 704 4647 linguis
731 4575 971 4631 veniens
1005 4581 1190 4630 terror
1218 4579 1274 4629 et
1305 4573 1456 4645 igne,

388 4665 555 4721 Salve
588 4663 755 4720 stella
787 4664 985 4731 maris,
1012 4665 1199 4734 janua
1228 4662 1376 4728 cmli,

392 4756 600 4810 Partus
631 4753 883 4827 psalma,
913 4759 1025 4809 tuae
1061 4753 1180 4808 tilia
1213 4752 1414 4825 prolis,

391 4845 634 4916 Semper
661 4844 822 4916 virgo
853 4859 1098 4898 manens
1127 4847 1257 4914 post
1289 4841 1347 4896 in
1381 4846 1437 4895 et
1466 4845 1600 4896 ante

394 4933 650 4999 Partum,
684 4931 769 4988 vel
804 4932 1058 4987 minimae
1091 4929 1289 4987 nescia
1321 4929 1542 4984 mendae

394 5023 438 5078 Ο
467 5040 571 5094 per
600 5017 910 5078 circuitum
947 5021 1211 5084 ﬂumina,
1245 5019 1400 5091 ripae,

256 5112 424 5177 Fons,
456 5127 688 5179 nemus,
722 5113 885 5177 urbs,
917 5125 1071 5177 casa,
1107 5125 1296 5176 mons,
1325 5105 1510 5174 vallis,
1541 5112 1720 5162 avete.

251 5215 415 5272 CXII.
449 5249 517 5256 —
554 5218 851 5274 Tancrcdus
903 5219 1048 5272 solus
1086 5233 1114 5271 e
1149 5223 1326 5270 monte
1378 5213 1658 5269 Olivarum
1715 5215 1904 5270 rubum

911 5288 1235 5345 considerat.

325 5375 590 5447 Cumque
619 5377 809 5432 vicina
865 5377 1009 5432 turri
1065 5373 1346 5431 Davidica:
1397 5373 1567 5446 signa
1597 5373 1899 5444 aftixisset,

2007 492 2183 558 socio,
2218 492 2345 547 sine
2387 491 2676 564 armigero
2709 495 2965 546 montem
3001 489 3364 552 conscendit.
3398 491 3551 548 unde
3585 492 3656 549 ad

2005 586 2226 653 patrem
2246 580 2543 636 Christum
2564 579 2878 652 Deigenam
2904 579 3241 635 ascendisse
3263 579 3658 638 didicerat.En

2003 670 2324 738 temeritas,
2357 686 2428 724 en
2480 686 2694 725 novum
2746 668 3071 724 obsidionis
3130 683 3337 741 genus.
3371 669 3658 726 Occasum

2005 757 2232 814 obsidet
2263 758 2548 813 Tancredi
2583 757 2770 824 miles,
2805 761 2999 813 ortum
3033 757 3402 813 Tancredus:
3432 762 3659 830 partem

2005 845 2179 901 aliam
2215 845 2601 918 pauci,aliam
2637 863 2791 900 unus
2827 862 2839 900 :
2875 845 3050 901 aliam
3085 845 3212 902 sine
3242 846 3389 902 duce
3423 845 3655 916 militia,

2005 934 2179 990 aliam
2235 935 2361 990 sine
2415 932 2624 989 militia
2679 935 2843 988 dux:
2897 934 3164 991 neutrius
3218 937 3484 1007 uterque,
3532 935 3654 991 imo

2005 1023 2226 1079 nullius
2257 1022 2468 1078 auxilio
2509 1023 2787 1078 confisus.
2826 1021 2926 1078 llle
2973 1022 3224 1080 maxime
3270 1023 3370 1096 qui
3429 1029 3650 1096 quanto

2005 1113 2157 1168 ortui
2183 1111 2435 1183 propior,
2463 1116 2622 1166 tanto
2642 1129 2674 1165 a
2703 1111 3056 1166 Francorum
3088 1112 3352 1169 subsidio
3386 1113 3660 1170 remotior

2004 1205 2152 1267 erat;
2179 1217 2422 1255 suorum
2445 1200 2614 1272 longe
2637 1199 2695 1254 in
2719 1213 2929 1254 occasu
2963 1201 3335 1269 metantium,
3369 1200 3656 1259 exercitus

2006 1289 2303 1362 sequentis
2334 1289 2496 1344 valde
2532 1289 2810 1344 remoti-us
2843 1289 2899 1343 in
2933 1305 3141 1345 occasu
3201 1289 3490 1362 sequenti.
3526 1287 3656 1363 ipse

2006 1378 2187 1452 igitur
2215 1395 2412 1450 eques,
2446 1377 2570 1450 ipse
2601 1378 2796 1450 pedes,
2833 1378 2956 1450 ipse
2986 1377 3229 1451 signifer
3259 1377 3658 1447 Tancredus,a

2004 1472 2202 1522 monte
2224 1466 2516 1522 Olivarum
2549 1465 2608 1521 in
2640 1465 2934 1522 civitatem
2967 1468 3242 1522 obtutum
3273 1465 3496 1534 ﬁxerat,
3531 1467 3654 1524 solo

2005 1556 2170 1611 vallis
2191 1556 2407 1628 Josaph
2417 1554 2788 1610 atintervallo
2810 1553 3485 1627 abscisam.Inspiciebat
3497 1554 3652 1611 enim

2004 1644 2286 1717 populum
2344 1643 2790 1709 discurrentem,
2827 1647 3017 1698 turres
3067 1649 3346 1709 armatas,
3382 1643 3652 1700 militiam

2007 1735 2376 1799 frementem;
2410 1732 2564 1787 viros
2589 1732 2658 1786 ad
2695 1748 2877 1801 arma,
2903 1747 3088 1787 nurus
3119 1732 3190 1787 ad
3217 1731 3524 1804 lacrymas,
3559 1747 3651 1788 sa-

2003 1822 2266 1878 cerdotes
2298 1822 2365 1876 ad
2399 1825 2530 1876 vota
2570 1836 2877 1876 conversos
2903 1837 2916 1887 ;
2941 1819 3184 1890 ejulatu,
3207 1819 3474 1893 strepitu,
3501 1821 3654 1876 c‘lann

2003 1927 2159 1981 gore,
2192 1909 2426 1964 hinnitu
2459 1908 2582 1964 vias
2613 1909 3268 1981 intonantes.Stupebat
3300 1908 3651 1982 temptorum

2003 1998 2287 2054 Dominici
2322 1998 2541 2053 aeriam
2577 1997 3424 2065 rotunditatem,Salomoniaci
3456 1997 3655 2055 insoli—

2003 2092 2122 2142 tam
2152 2087 2603 2160 longitudinem,
2639 2085 2906 2159 spatiosae
2937 2087 3200 2159 porticus
3228 2101 3460 2160 gyrum,
3482 2089 3652 2161 quasi

2004 2176 2246 2232 alteram
2279 2175 2335 2230 in
2370 2176 2511 2230 urbe
2544 2176 2768 2231 urbem.
2804 2176 3028 2248 Saepius
3056 2192 3192 2232 vero
3224 2178 3295 2232 ad
3327 2175 3650 2232 Calvariam

2003 2263 2372 2336 sepulcrique
2403 2264 2690 2336 templum
2725 2263 3002 2319 dominici
3052 2264 3254 2321 oculos
3297 2265 3648 2332 reducebat;

2003 2353 2400 2425 spectaculum
2424 2353 2664 2425 quidem
2689 2353 3100 2420 remotius,sed
3123 2355 3416 2410 arduitate
3430 2371 3537 2410 sua
3559 2369 3654 2426 pa-

2003 2440 2189 2497 tulum
2201 2441 2344 2514 ,ipse
2368 2446 2560 2497 tamen
2585 2441 2712 2498 loco
2729 2440 3057 2498 sublimior.
3082 2442 3170 2496 Ad
3184 2442 3304 2498 haec
3319 2443 3648 2514 suspirans,

2001 2532 2072 2586 ad
2105 2531 2225 2586 haec
2251 2531 2704 2603 conquiniscens
2732 2549 2744 2598 ;
2779 2530 2879 2586 illa
2922 2547 3106 2586 aevum
3141 2545 3244 2602 pro
3276 2531 3404 2588 luce
3435 2530 3647 2604 pascici

2002 2636 2238 2694 cupere,
2251 2619 2297 2675 si
2332 2620 2564 2692 quando
2595 2621 2765 2691 cujus
2798 2619 3204 2692 prospectabat
3225 2620 3459 2694 fastigia
3478 2620 3654 2678 iioeat

2003 2710 2112 2766 sibi
2143 2708 2411 2765 Calvarize
2443 2707 2692 2765 osculari
2721 2707 2986 2781 vestigia.

2336 2798 2524 2853 CXIII.
2563 2828 2628 2838 —
2661 2796 2766 2852 Cui
2792 2799 3030 2853 occurrit
3059 2801 3309 2854 eremita.

2074 2887 2375 2943 Obtulerat
2405 2891 2600 2942 autem
2634 2885 2682 2942 ei
2718 2887 2836 2941 fors
2866 2886 2938 2941 ad
2969 2887 3091 2942 haec
3124 2886 3508 2943 discernenda
3540 2902 3650 2962 θρα

2003 2982 2320 3048 portunum
2374 2976 2671 3031 doctorem
2727 2973 3090 3030 Turricolam
3147 2975 3485 3031 consultum
3536 2975 3649 3032 sibi
3699 3035 3704 3040 ,

2003 3065 2326 3132 ercmitam,
2361 3065 2456 3136 qui
2520 3065 2714 3136 ipsum
2763 3063 2858 3118 ubi
2895 3063 3230 3134 praetorium
3261 3064 3512 3137 Caiphae,
3546 3063 3647 3120 ubi

1951 3153 1965 3202 ἱ
2003 3154 2386 3227 suspendium
2411 3153 2595 3218 Judze,
2621 3169 2748 3224 qum
2772 3156 3072 3224 portarum
3103 3155 3314 3221 Aurea,
3345 3169 3473 3225 quae
3505 3154 3652 3225 Spe-

2003 3245 2179 3308 cinsa,
2207 3243 2358 3296 unde
2387 3241 2641 3296 Jacobus
2673 3241 2732 3294 in
2773 3256 3028 3311 praeceps
3061 3241 3341 3312 dejectus,
3374 3259 3492 3314 qua
3519 3243 3651 3299 Stei-

2002 3332 2234 3404 phanus
2281 3331 2351 3385 ad
2400 3327 2625 3400 lapides
2677 3330 2919 3399 eiectus,
2950 3332 3007 3384 et
3036 3328 3374 3400 hujusmodi
3404 3341 3648 3404 prorsus

2003 3437 2271 3492 quaenam
2331 3418 2473 3483 hiPO,
2507 3432 2775 3488 quaenam
2836 3417 2936 3472 illa
2984 3417 3173 3474 forent
3227 3419 3571 3477 instruebat.
3608 3421 3648 3477 Δ

2004 3527 2119 3581 quo
2161 3514 2219 3564 et
2251 3508 2374 3579 ipse
2408 3511 2611 3560 mutuo
2644 3508 2816 3576 cujus
2849 3512 3005 3563 esset
3035 3513 3227 3578 sectae,
3261 3510 3484 3581 patriai,
3513 3509 3654 3566 stirv

2004 3598 2116 3670 pis,
2149 3596 2403 3651 nominis
2436 3599 2697 3666 rogatus,
2721 3595 3120 3651 Christianum
3141 3613 3202 3653 se
3233 3597 3651 3672 Normannige-

2005 3703 2141 3741 nam
2171 3684 2597 3740 Wiscurdidam
2632 3684 3002 3740 'l‘ancredum
3055 3687 3374 3758 respondit.
3409 3688 3522 3744 Sed
3550 3705 3655 3744 au»

2003 3776 2126 3830 dita
2155 3773 2446 3828 Wiscardi
2501 3770 2718 3838 sobole,
2762 3777 3003 3845 stupens
3033 3773 3131 3829 ille
3163 3791 3230 3830 ac
3259 3776 3652 3848 perspicacius

2003 3865 2240 3919 intuens
2263 3862 2342 3917 ait
2369 3879 2381 3916 :
2409 3885 2435 3910 ‹‹
2458 3863 2621 3917 Tune
2643 3861 2804 3916 illius
2836 3863 3078 3934 sanguis
3100 3878 3162 3920 es
3183 3865 3372 3933 ducis,
3397 3880 3512 3936 quo
3541 3865 3652 3920 ful-

2005 3953 2288 4017 minante,
2345 3949 2556 4004 totiens
2606 3949 2824 4005 Graecia
2873 3951 3151 4019 tremuit;
3205 3969 3320 4024 quo
3374 3953 3649 4022 bellante,

2003 4039 2236 4096 Alexius
2269 4037 2454 4111 fugit;
2488 4053 2601 4109 quo
2633 4037 2955 4104 obsidente,
2991 4039 3371 4112 Dyrrachium
3424 4041 3648 4112 patuit;

2005 4131 2175 4202 cujus
2205 4125 2449 4200 imperio
2481 4130 2602 4180 tota
2637 4143 2821 4197 usque
2871 4127 3078 4182 Bardal
3114 4129 3384 4201 Bulgaria
3413 4130 3646 4202 paruit;
3703 4121 3714 4142 '

2005 4235 2118 4272 non
2146 4215 2400 4288 loqueris
2425 4214 2627 4286 ignaro
2652 4231 2664 4270 :
2693 4231 2880 4286 neque
2915 4216 3070 4270 enim
3095 4234 3187 4272 me
3217 4222 3418 4274 tantus
3447 4218 3649 4291 patria

2008 4323 2148 4361 meae
2190 4303 2394 4361 fet‘eilit
2443 4303 2769 4376 populator.
2804 4304 2998 4359 Hostis
3029 4303 3121 4359 hic
3153 4306 3450 4378 quondam
3482 4317 3650 4364 meus

2007 4411 2161 4450 nunc
2191 4395 2452 4460 demum,
2478 4397 2531 4448 te
2554 4392 2755 4460 misso,
2794 4392 3017 4448 oblatas
3050 4393 3192 4448 mihi
3227 4395 3474 4466 injurias
3505 4397 3650 4453 deli-

2006 4483 2168 4538 nivit.
2191 4482 2344 4536 Vivit.
2375 4482 2434 4535 in
2466 4486 2522 4534 te
2553 4480 2764 4548 adhuc,
2789 4481 2926 4534 vivit
2956 4481 3053 4535 ille
3086 4483 3437 4540 formidatus
3465 4500 3651 4558 popm

2006 4570 2102 4636 lis,
2132 4567 2387 4624 audaciae
2420 4566 2794 4622 avuncularis
2821 4567 3012 4639 vigor;
3037 4569 3208 4639 cujus
3240 4569 3474 4642 pristini
3502 4587 3653 4628 nova

2008 4659 2147 4714 mibi
2172 4658 2350 4712 refers
2377 4654 2632 4728 insignia
2655 4672 2667 4710 :
2695 4656 3000 4723 stupebam
3026 4656 3213 4728 primo
3234 4659 3463 4715 hostem
3488 4661 3656 4716 adve-

2008 4765 2143 4803 nam
2185 4750 2380 4818 spreto
2411 4747 2678 4799 consorte
2709 4741 3030 4815 solivagum
3062 4757 3388 4818 occursare,
3421 4753 3649 4804 tantum

2009 4837 2190 4893 armis
2220 4839 2276 4890 et
2304 4850 2455 4905 equo
2485 4833 2792 4899 conlisum,
2826 4832 3013 4887 socias
3061 4836 3226 4906 sequi
3273 4840 3376 4891 aut
3422 4841 3652 4895 antece-

2010 4927 2145 4981 dere
2166 4922 2472 4996 sperabam
2505 4920 2792 4978 cohortes.
2817 4921 3084 4992 Stuporis
3115 4939 3294 4978 causa
3323 4924 3654 4997 ignorantia

2013 5031 2141 5069 mea
2171 5017 2312 5076 erat,
2341 5023 2474 5064 eum
2505 5025 2622 5080 quo
2665 5013 2722 5064 et
2769 5008 2962 5080 ipsum
2999 5028 3032 5064 ε.
3063 5028 3155 5066 me
3203 5012 3489 5084 repulisti.
3520 5014 3651 5071 Jam

2012 5101 2187 5158 simul
2219 5098 2360 5155 mihi
2389 5103 2619 5154 creatus
2643 5114 2725 5165 es,
2757 5103 2814 5154 et
2845 5099 2916 5154 de
2947 5098 3144 5171 ignoto
3173 5100 3464 5174 cognitus,
3496 5107 3554 5159 et
3583 5104 3657 5160 de

2013 5189 2318 5247 temerario
2351 5192 2647 5251 strenuus,
2673 5187 2819 5241 etde
2841 5186 3007 5242 hoste
3045 5189 3220 5244 veteri
3243 5190 3425 5247 frater
3448 5207 3654 5249 novus.

2011 5283 2141 5338 Jam
2177 5289 2228 5334 te
2261 5277 2537 5348 deinceps
2571 5292 2684 5329 non
2721 5277 2989 5347 stupebo,
3015 5276 3064 5332 si
3085 5279 3294 5334 feceris
3322 5281 3611 5353 stupenda
3641 5297 3655 5337 :

2013 5371 2132 5425 imo
2164 5368 2431 5440 stupebo,
2456 5365 2504 5420 si
2530 5364 2821 5437 stupenda
2845 5380 2959 5420 non
2982 5367 3187 5422 feceris
3210 5384 3223 5436 ;
3249 5385 3317 5424 ex
3336 5368 3438 5425 illa
3463 5375 3659 5427 ortum

319 5555 397 5620 (5)
432 5551 664 5610 Inclusa
712 5554 1045 5627 parenthesi
1093 5556 1258 5610 erant
1299 5553 1356 5608 in
1394 5551 1654 5624 margine
1685 5554 1901 5622 addita,
1942 5551 2096 5608 unde
2128 5564 2243 5602 non
2276 5546 2418 5600 adeo
2448 5543 2632 5601 oratio
2663 5545 3043 5602 connectitur.
