4010 6078
301 195 423 261 563

803 193 905 257 AD
950 192 1459 259 GODEFRIDUM
1508 193 1840 257 APPEND.
1883 190 1964 255 II.
2004 223 2083 238 ο·-
2119 189 2432 258 MONUM.
2478 193 2578 256 DE
2621 195 2870 258 BELLO
2912 193 3182 266 SACRO,

3575 191 3693 253 364

302 330 526 388 familia
545 345 919 387 communem
939 328 1244 386 hominum
1267 328 1418 385 viam
1433 332 1616 384 terere
1629 345 1743 384 non
1758 327 1941 382 decet:
1971 323 2030 392 Α
2059 326 2361 383 Dominica
2399 333 2759 385 monstratur
2801 328 3006 385 oratio.
3041 328 3214 384 Porro
3245 334 3310 383 ut
3337 341 3462 384 rem
3492 325 3696 382 ordine

303 425 557 477 attamen
590 437 746 488 cave,
779 438 914 478 cave
943 422 1047 488 illi,
1080 438 1208 479 ecce
1231 421 1440 477 hostis.
1475 442 1503 469 »

382 510 565 566 CXIV.
599 542 666 551 —
691 511 964 568 Irruentes
993 513 1061 566 ab
1091 513 1226 566 urbe
1252 512 1454 566 milites
1482 509 1631 565 solus
1660 507 1864 579 fundit.

373 599 518 654 Ecce
548 604 716 672 porta
745 599 960 656 milites
988 599 1254 665 effundit,
1280 617 1407 672 quae
1429 603 1589 667 tunc,
1622 601 1688 651 ut
1718 597 1790 651 ad
1813 611 1947 651 eum

303 689 779 752 conscenderent,
811 688 870 743 in
897 688 1106 744 vallem
1136 688 1417 760 Josaphat
1447 686 1706 759 quinque
1736 683 1947 740 demit-

303 777 498 832 tebat:
526 775 610 832 illi
634 782 797 832 tanto
828 777 1159 833 fiducialius
1191 776 1600 841 adventabant,
1625 791 1740 846 quo
1764 773 1949 829 abun-

307 865 544 920 dantius
573 870 814 936 superat
845 867 1118 922 comitem
1151 866 1286 931 dux,
1313 864 1618 937 quinarius
1642 862 1946 918 unitatem.

306 955 454 1026 Ergo
478 953 574 1010 alii
598 954 741 1010 alios
773 956 1022 1030 quisque
1047 953 1301 1026 reliquos
1323 954 1394 1009 ad
1420 951 1746 1025 diripienda
1767 949 1954 1022 spolia

308 1059 660 1114 praecurrere
691 1043 1047 1099 festinabant
1079 1060 1090 1099 :
1126 1047 1186 1098 at
1221 1041 1607 1099 Wiscardides
1637 1039 1760 1096 vale
1791 1040 1948 1106 dato,

311 1133 669 1204 colloquium
701 1133 968 1198 dimittit,
999 1134 1071 1188 ad
1105 1133 1408 1187 incursum
1432 1147 1518 1198 os,
1541 1129 1829 1194 animum,
1861 1145 1951 1183 so-

311 1221 605 1292 nipedem,
631 1222 919 1276 fraxinum
949 1221 1253 1287 convertit,
1284 1224 1342 1276 et
1371 1235 1545 1292 quem
1577 1217 1832 1291 primum
1862 1233 1951 1272 re-

311 1307 461 1380 perit
485 1309 541 1363 in
567 1314 826 1365 montem
844 1310 1165 1376 advolasse,
1180 1308 1354 1382 primi
1375 1307 1530 1381 cogit
1551 1305 1823 1380 spiritum
1843 1304 1952 1361 sub

312 1400 508 1472 Styga,
541 1416 752 1471 corpus
791 1399 849 1454 in
899 1397 1106 1454 vallem
1154 1413 1440 1453 corruere.
1476 1395 1633 1452 Idem
1683 1393 1957 1450 manebat

313 1488 638 1544 secundum
662 1504 871 1543 casus:
898 1487 999 1542 sed
1023 1487 1338 1541 damnatus
1363 1484 1541 1540 ruina:
1572 1500 1760 1556 equus
1791 1481 1954 1554 equi-

310 1581 428 1634 tem
459 1576 700 1632 salvavit
731 1593 743 1632 :
778 1575 970 1641 illum,
1002 1575 1265 1648 inquam,
1325 1574 1579 1648 equitem
1639 1569 1954 1628 infortunio

313 1668 700 1734 fortunatum,
733 1667 905 1737 cujus
935 1665 1094 1721 frons
1123 1664 1370 1720 humum
1415 1664 1553 1718 dum
1589 1661 1822 1759 reperit,
1853 1676 1955 1759 cu-
1989 1693 2039 1759 Β

313 1757 466 1830 spidi
489 1756 666 1812 obviae
699 1760 900 1828 pectus
931 1772 1043 1810 non
1075 1759 1164 1811 est
1193 1757 1485 1826 repertum
1512 1769 1526 1819 ;
1565 1750 1828 1824 praecidit
1849 1749 1958 1804 ita-

314 1866 428 1921 que
449 1848 680 1903 ruinam
705 1846 873 1901 ruina
893 1848 1184 1916 speratam
1219 1843 1513 1914 insperata
1541 1858 1668 1914 quae
1690 1844 1957 1895 tamen...

315 1939 480 1994 dium
515 1937 650 1992 facit
681 1934 870 2007 magis
899 1933 1198 2005 dejecturo
1253 1948 1429 2004 quam
1491 1928 1814 2001 dejiciendo
1844 1926 1956 1984 si...

314 2029 386 2084 tit
414 2027 634 2083 odiosa.
657 2025 802 2080 Nam
825 2023 959 2078 licet
980 2021 1266 2077 ambobus
1298 2019 1460 2075 utilis
1491 2018 1646 2074 hunc
1679 2035 1713 2072 a
1739 2016 1956 2084 labore,

315 2117 486 2173 illum
509 2133 543 2171 a
565 2130 701 2170 nece
721 2113 992 2168 liberaret
1016 2128 1029 2178 ;
1054 2111 1370 2165 damnatur
1392 2099 1584 2164 tamen
1607 2104 1958 2173 utilitas,ubi

318 2209 602 2264 damnosa
632 2201 938 2272 utriusque
968 2199 1286 2270 impeditur
1304 2197 1594 2254 voluntas.
1617 2194 1851 2252 Tertius
1873 2210 1962 2249 ae-

319 2294 628 2361 celerabat,
651 2296 708 2347 et
746 2290 904 2346 hunc
935 2304 1166 2360 quoque
1198 2287 1421 2343 felicem
1456 2285 1722 2350 dixerim,
1757 2283 1804 2339 si
1835 2282 1960 2355 ipse

309 2385 516 2456 jacens
555 2383 849 2454 jacentem
901 2395 961 2434 se
1008 2376 1224 2450 pariter
1273 2375 1472 2448 lugeat
1527 2372 1836 2430 infelicem.
1889 2373 1961 2427 At

317 2476 432 2533 voti
466 2489 725 2544 compos,
760 2470 1038 2542 impotem
1070 2483 1133 2522 se
1182 2465 1336 2533 fecit,
1364 2465 1462 2536 qui
1509 2464 1649 2518 dum
1701 2463 1773 2518 ad
1823 2478 1960 2517 con-

319 2579 586 2639 gressum
611 2560 841 2616 ruinam
865 2557 1114 2621 distulit,
1139 2557 1194 2610 in
1217 2570 1533 2626 congressu
1557 2553 1839 2626 duriuset
1859 2549 1963 2604 mi-

320 2651 626 2710 serabilius
641 2647 774 2704 ruit.
796 2646 963 2702 Illzesi
995 2645 1294 2716 restabant
1308 2644 1422 2697 duo
1439 2657 1690 2714 quorum
1709 2640 1964 2696 stamina

319 2744 659 2814 rumpentes
680 2735 920 2793 retinuit
941 2735 1240 2807 parcas.In
1263 2730 1611 2806 egrediendo
1635 2728 1826 2801 rumpi
1847 2746 1961 2784 cm-

320 2834 545 2906 perant,
578 2835 638 2885 at
669 2845 803 2883 mox
841 2823 1060 2897 refugis
1115 2821 1518 2893 redintegratas
1565 2823 1703 2874 sunt
1749 2816 1912 2874 colus
1945 2833 1959 2874 :

322 2921 537 2994 quippe
553 2915 833 2974 Tancredi
850 2913 1161 2986 plusquam
1177 2910 1406 2965 leonino
1429 2908 1705 2964 attonitos
1727 2907 1962 2962 fremitu

321 3011 392 3066 ad
413 3013 640 3082 portam
674 3006 808 3078 fuga
840 3001 1045 3058 celeris
1076 2997 1427 3056 reducitzsie
1458 2996 1755 3070 quondam
1782 2995 1961 3050 catuli

322 3063 468 3155 ovile
523 3063 814 3168 repetunt,
862 3091 961 3147 ubi
1021 3089 1279 3146 claustra
1335 3087 1514 3143 feram
1570 3089 1960 3153 summovent,
1993 3063 2036 3129 (ἶ

325 3204 503 3260 quam
525 3185 582 3240 in
606 3185 766 3257 ipsos
788 3185 1008 3236 tutores
1031 3179 1215 3234 fames
1245 3175 1363 3248 egit
1393 3173 1672 3231 acerbior.
1705 3173 1904 3228 Victor
1933 3190 1968 3228 a

327 3275 619 3332 mmnibus
633 3269 904 3343 repulsus
922 3285 1098 3340 super
1116 3265 1318 3338 spoliis
1340 3263 1420 3319 nil
1444 3268 1710 3319 movetur
1729 3261 1963 3330 oblatis,

325 3380 611 3438 equorum
642 3361 910 3417 discursu
944 3356 1144 3422 libero,
1195 3353 1494 3426 phalerato
1525 3356 1755 3416 ornatu,
1789 3350 1967 3406 divite

325 3467 645 3520 armorum,
673 3449 787 3504 huc
817 3447 955 3502 illuc
985 3459 1346 3518 sparsorum,
1377 3457 1550 3497 aureo
1581 3439 1842 3512 fulgore;
1877 3455 1967 3495 re-

325 3541 412 3597 dit
433 3541 504 3596 ad
527 3557 666 3596 suos
697 3537 992 3593 solaturus
1022 3534 1208 3590 reditu
1241 3530 1457 3604 quibus
1478 3530 1606 3600 jam
1641 3526 1964 3600 ingemina-

325 3631 427 3686 bat
457 3646 620 3684 mora
649 3624 1066 3683 desolationem
1097 3620 1372 3678 desolatis
1405 3619 1703 3674 abscessu.
1742 3618 1968 3672 Interea

326 3720 659 3791 frequentes
689 3714 889 3786 copim,
922 3710 1250 3769 subsidium
1299 3708 1508 3773 libens,
1532 3707 1816 3779 juventus
1848 3705 1964 3761 fer-

323 3809 457 3865 vida
473 3807 921 3864 adventaverant
945 3821 958 3870 ;
984 3801 1123 3874 quin
1145 3804 1202 3856 et
1227 3804 1441 3867 tenera,
1467 3796 1782 3868 duriorque
1803 3799 1965 3861 tetas,

325 3915 498 3955 sexus
527 3911 762 3969 quoque
793 3891 1042 3958 mollior,
1075 3905 1279 3946 omnes
1310 3887 1589 3943 aderant:
1617 3885 1760 3944 adeo
1781 3882 1967 3939 ﬁrmis

324 3985 662 4042 infirmosin
685 3979 1082 4040 concurrendo
1105 3977 1545 4049 aequabataaqua
1567 3974 1685 4030 sive
1708 3989 1969 4028 unacon-

324 4080 660 4134 currentum
693 4070 936 4129 devotio.

715 4160 872 4218 CXV.
894 4189 965 4201 —
989 4158 1285 4230 Descriptio
1313 4157 1575 4211 civitatis.

397 4257 653 4326 Tempus
678 4258 768 4308 est
796 4251 854 4307 in
904 4248 1268 4322 explanando
1313 4249 1528 4302 sanctae
1569 4241 1820 4298 civitatis
1850 4241 1969 4297 situ

326 4341 631 4416 paululum
655 4339 939 4396 delectare
963 4354 976 4393 :
1002 4341 1067 4392 ut
1090 4350 1341 4408 quorum
1364 4332 1566 4389 oculos
1597 4347 1832 4402 pascere
1853 4347 1968 4385 non

2056 431 2395 488 prosequar,
2420 416 2501 472 ibi
2524 417 2857 490 pyramides
2879 418 3026 484 duae,
3049 415 3316 490 superior
3346 415 3500 489 regis
3528 417 3696 472 Josa-

2056 504 2200 578 phat
2230 505 2498 572 rotunda,
2531 505 2770 562 inferior
2797 523 2932 562 vero
2957 505 3130 573 beati,
3165 509 3229 560 ut
3260 505 3464 572 fertur,
3495 505 3698 562 Jacobi

2057 595 2343 666 quadrata
2375 613 2388 650 :
2427 595 2578 650 infra
2606 595 2778 659 Siloe,
2812 595 2964 650 infra
3006 599 3217 667 puteus
3246 595 3448 663 Jacob,
3475 595 3697 651 circum

2057 685 2211 740 circa
2239 685 2311 739 ab
2343 690 2588 758 utroque
2633 683 2801 739 vallis
2849 684 3028 740 latere
3079 684 3396 741 eremitalis
3445 683 3702 758 plurima

2058 774 2312 846 crepido.
2349 774 2489 829 Item
2537 791 2572 830 a
2619 773 2863 829 meridie
2918 760 3088 830 vallis
3146 779 3406 829 montem
3466 776 3598 831 Sion
3626 775 3700 830 ab

2057 862 2442 918 Acheldemach
2461 862 2829 918 disterminat
2844 880 2858 929 ;
2864 863 3034 933 juxta
3044 867 3285 936 puteum
3300 863 3701 936 praescriptum

2061 969 2095 1007 a
2114 951 2259 1008 valle
2288 952 2572 1024 Josaphat
2599 952 2816 1019 exiens,
2841 955 2896 1006 et
2926 968 3110 1024 usque
3140 953 3250 1008 sub
3279 952 3489 1008 turrim
3521 952 3700 1008 David

2059 1059 2269 1115 gyrum
2301 1040 2693 1106 ducens,huic
2723 1040 2899 1095 fronti
2927 1039 3082 1097 latus
3113 1043 3328 1114 praebet
3355 1041 3703 1098 continuum

2062 1128 2422 1187 monticulus
2452 1129 2510 1185 in
2538 1129 2702 1185 urbis
2731 1145 2908 1184 cornu
2942 1146 2976 1184 a
3016 1129 3273 1204 Zephyro
3320 1131 3702 1200 descendens,

2062 1219 2122 1274 in
2153 1218 2353 1273 dextro
2400 1216 2579 1272 latere
2625 1215 2798 1289 paulo
2829 1216 3090 1285 erectior,
3124 1217 3181 1273 in
3215 1217 3454 1274 sinistro
3481 1217 3705 1275 vicinia:

2062 1306 2273 1364 humili
2303 1307 2418 1362 fere
2448 1304 2787 1377 comqualis:
2811 1306 2911 1361 sed
2941 1305 3064 1362 haec
3094 1306 3307 1363 vicinia
3336 1325 3521 1381 usque
3542 1309 3709 1365 Josa-

2063 1397 2205 1470 phat
2252 1399 2527 1470 quartum
2573 1394 2756 1451 sociat
2801 1394 2956 1452 latus
2985 1396 3194 1455 castris
3231 1398 3608 1456 accommoda
3637 1399 3706 1454 ti-

2062 1485 2289 1561 gendis.

2417 1575 2602 1631 CXVI.
2635 1606 2704 1616 —
2732 1576 3023 1648 Dispositio
3057 1579 3349 1634 exercitus.

2139 1664 2324 1738 Igitur
2351 1664 2594 1720 comites
2615 1663 2988 1719 Normannus
3017 1668 3076 1720 et
3103 1663 3477 1721 Flandrensis
3506 1665 3618 1722 hac
3646 1665 3707 1722 in

2070 1760 2232 1828 parte
2261 1753 2552 1819 obsident,
2583 1752 2633 1808 ei
2685 1769 2814 1824 qua:
2862 1753 3053 1810 adhuc
3096 1755 3155 1810 S.
3187 1755 3466 1826 Stephani
3495 1754 3712 1812 dicitur

2069 1848 2246 1916 portae
2277 1840 2549 1914 oppositi.
2584 1845 2790 1896 Dexter
2817 1841 2888 1896 ab
2919 1841 3012 1897 his
3040 1843 3377 1900 Tancredus
3415 1843 3709 1914 imminet,

2069 1931 2117 1989 si
2137 1937 2334 1987 tamen
2358 1930 2429 1985 ad
2456 1929 2650 1984 thbi
2677 1934 2868 1985 ortum
2898 1934 3065 1986 terra:
3097 1930 3275 1987 situm
3303 1933 3712 2000 metiris,tunc

2067 2019 2305 2094 quidem
2328 2017 2593 2074 inferior:
2610 2017 2659 2074 si
2680 2035 2812 2074 vero
2835 2019 2906 2074 ad
2930 2019 3366 2093 depressionem
3388 2026 3710 2079 tumorem-

2068 2127 2181 2184 que
2204 2108 2336 2175 loci,
2353 2107 2525 2182 paulo
2547 2107 2831 2180 superior.
2848 2108 2963 2180 Ipsi
2990 2111 3392 2182 praescriptum
3417 2110 3559 2168 illud
3583 2129 3711 2169 cor-

2068 2217 2146 2254 nu
2170 2198 2623 2272 expugnandum
2654 2198 3131 2271 contingit,unde
3161 2199 3352 2255 adhuc
3381 2207 3716 2275 expugnata

2067 2287 2268 2353 turris,
2302 2286 2583 2343 Tancredi
2622 2285 2968 2359 appellatur.
3001 2288 3074 2342 At
3111 2287 3276 2344 ducis
3324 2295 3517 2346 castra
3545 2289 3714 2347 vallis

2069 2376 2484 2450 opacat,cujus
2504 2377 2663 2431 frons
2685 2375 3020 2448 supradicta
3047 2376 3400 2434 eminentem
3427 2380 3713 2437 Tancredi

2069 2465 2434 2538 pertingebat
2478 2462 2771 2519 viciniam.
2807 2464 2981 2520 Porro
3011 2482 3182 2522 mons
3212 2467 3349 2522 Sion
3383 2467 3714 2525 Raimundo

2069 2555 2282 2610 comite
2313 2557 2594 2608 metatore
2622 2553 2855 2624 gaudet,
2881 2552 3004 2610 solo
3028 2555 3178 2610 muri
3202 2554 3618 2614 humilisobice
3638 2558 3713 2612 ad

2069 2641 2395 2700 Jerusalem
2428 2641 2776 2710 submotus;
2810 2659 2965 2698 nunc
2998 2643 3718 2719 suburbium,antiquitus

2070 2749 2206 2805 pars
2239 2730 2422 2798 urbis,
2455 2729 2573 2786 imo
2602 2729 2766 2796 urbs,
2787 2747 2917 2786 eam
2944 2747 3072 2803 quae
3103 2749 3259 2790 nunc
3279 2739 3367 2790 est
3386 2734 3715 2792 Jerusalem

2071 2819 2424 2876 suburbium
2446 2818 2914 2876 habens.'l‘ribus
2935 2820 3135 2893 itaque
3158 2823 3340 2893 portis
3360 2825 3717 2897 ternadepu-

2069 2913 2191 2964 tata
2221 2913 2311 2963 est
2349 2907 2575 2964 obsidio
2611 2924 2623 2962 :
2659 2925 2690 2962 e
2721 2909 2975 2981 regione,
3007 2910 3238 2966 duabus
3275 2927 3286 2967 :
3324 2913 3506 2967 tertiae
3539 2913 3596 2968 id
3627 2918 3719 2969 est

2075 2995 2442 3064 occidentali,
2465 3013 2532 3051 ex
2553 2995 2789 3068 obliquo
2825 3013 2837 3051 :
2873 2997 3023 3053 hanc
3054 2999 3319 3070 subjecta
3345 3000 3493 3057 valle
3525 3002 3596 3057 ab
3627 3018 3720 3057 oc-

2075 3087 2348 3144 cursibus
2381 3085 2624 3141 faciente
2653 3085 2917 3153 liberam,
2949 3086 3081 3144 illas
3112 3087 3302 3144 vicina
3351 3089 3592 3162 planitie
3622 3108 3719 3147 as-

2076 3175 2332 3232 sultibus
2363 3179 2740 3246 opportunas.
2765 3177 2832 3230 At
2849 3175 3018 3232 vallis
3037 3177 3321 3250 Josaphat
3338 3180 3562 3235 vacavit
3583 3180 3723 3235 libe-

2077 3269 2289 3320 ratum
2313 3263 2422 3318 loci
2447 3263 2587 3330 situ,
2609 3269 2734 3319 tum
2767 3265 2964 3337 populi
2995 3270 3151 3321 statu
3185 3266 3429 3323 liberata
3455 3286 3469 3323 :
3503 3267 3552 3323 si
3583 3268 3723 3340 qui-

2075 3354 2207 3410 dem
2232 3368 2367 3425 pars
2395 3350 2497 3407 illa
2528 3352 2691 3408 urbis
2723 3353 2928 3409 timere
2960 3354 3156 3410 nescia
3183 3355 3330 3411 valle
3361 3357 3724 3430 reducta,ag-

2075 3459 2231 3515 gere,
2264 3442 2447 3496 arduo
2481 3457 2646 3496 muro
2680 3441 3115 3515 inexpugnabili
3147 3444 3432 3500 munitur.

2252 3529 2464 3585 CXVII.
2497 3560 2564 3572 —
2595 3531 2945 3587 Boamundux
2972 3532 3121 3587 abest
3144 3541 3198 3588 et
3223 3533 3331 3589 alii
3356 3533 3537 3591 duces.

2145 3620 2318 3674 Porro
2341 3617 2628 3674 exercitus
2653 3619 2877 3674 advena
2897 3620 3109 3691 partim
3133 3620 3302 3678 bellis
3323 3622 3536 3694 partim
3570 3641 3722 3680 mor-

2075 3707 2167 3763 bis
2185 3705 2442 3774 attritus,
2461 3706 2779 3778 praesertim
2805 3707 3100 3764 Gallorum
3125 3710 3405 3766 comitum
3439 3713 3719 3786 Stephani

2075 3795 2454 3870 Hugonisque
2505 3797 3030 3863 absentationibus,
3075 3815 3178 3855 nec
3229 3816 3341 3855 non
3393 3803 3723 3859 Boamundi

2077 3884 2465 3959 principantis
2496 3885 2762 3941 absentia
2811 3886 3158 3958 minoratus,
3191 3905 3296 3945 nec
3325 3906 3494 3946 muro
3524 3891 3724 3946 humi-

2078 3973 2206 4030 liori
2238 3973 2568 4029 sufficiebat
2588 3980 2977 4047 oppugnator,
2995 3977 3208 4032 nedum
3233 3978 3494 4034 munitas
3519 3985 3735 4037 natura

2076 4067 2267 4118 turres
2299 4061 2356 4115 in
2389 4066 2518 4117 ortu
2553 4079 2833 4120 occasuve
2864 4063 3095 4137 cingere
3126 4069 3412 4122 tentaret:
3447 4068 3547 4124 sed
3581 4069 3732 4124 duo-

2078 4167 2209 4205 rum
2245 4154 2546 4223 utcunque
2575 4151 2845 4220 laterum,
2879 4153 3187 4226 utriusque
3219 4160 3413 4211 autem
3445 4156 3615 4228 quasi
3655 4157 3732 4213 ad

2080 4238 3073 4312 mediumzlongitudineobarmata,
3097 4247 3258 4298 tanto
3281 4244 3476 4299 acrius
3494 4243 3739 4300 Christi-

2079 4327 2205 4384 cola
2238 4328 2493 4401 populus
2541 4331 2982 4403 expergiscitur,
3019 4348 3134 4403 quo
3182 4331 3525 4404 ampliorem
3566 4332 3733 4389 inva-

323 4424 1351 4504 valetpropterremotionem,saltem
1365 4421 1764 4491 animosjuvet
1778 4424 1970 4475 trans-
2003 4432 2046 4496 ι)
2077 4421 2236 4472 serat
2267 4417 2494 4473 hostem
2529 4436 2812 4474 numerus
2839 4420 3070 4489 minor;
3104 4438 3219 4494 quo
3249 4422 3578 4494 augendam
3612 4423 3738 4479 fore

328 4521 510 4577 missa
539 4519 611 4575 ad
654 4535 864 4573 manus
911 4521 968 4572 et
1011 4515 1142 4570 fusa
1190 4529 1292 4585 per
1338 4528 1560 4566 aurem.
1595 4509 1784 4579 Hujus
1833 4523 1970 4580 ergo

326 4606 512 4664 sancti
544 4604 801 4661 ambitus
831 4599 1321 4675 quadrangularis
1347 4602 1436 4653 est
1465 4594 1970 4667 forma,capacitas

327 4695 552 4768 ampla;
587 4696 703 4750 an
733 4694 892 4748 frons
921 4691 1101 4746 latr...
1134 4687 1362 4743 boreale
1394 4685 1632 4753 directa,
1663 4683 1849 4739 altera
1877 4700 1970 4738 ve-

326 4802 389 4841 ro
419 4790 476 4841 et
507 4783 754 4839 alterum
787 4781 1029 4836 sinuosa
1060 4795 1074 4833 :
1107 4794 1243 4832 nam
1293 4774 1466 4830 medii
1522 4773 1971 4829 intervenientes

325 4875 592 4930 anfractu
646 4869 888 4927 australi
935 4867 996 4923 in
1046 4865 1281 4923 Galilaea
1323 4863 1564 4920 occiduo
1605 4861 1759 4934 quod
1811 4862 1971 4917 frons

324 4962 572 5024 altera...
605 4964 792 5016 tatum
835 4962 924 5013 est
970 4957 1042 5012 ad
1075 4953 1285 5010 turrim
1317 4951 1496 5009 David
1526 4949 1807 5006 lateribus
1837 4967 1970 5005 nor-

325 5069 552 5108 mam...
577 5050 718 5104 dent
746 5047 1023 5102 linearem
1050 5061 1064 5100 :
1089 5043 1189 5099 sed
1222 5041 1292 5097 ab
1314 5059 1381 5098 eo
1403 5040 1556 5113 quod
1588 5038 1645 5093 in
1678 5039 1968 5094 Eurum...

321 5139 490 5196 vallis
520 5137 804 5208 Josaphat
827 5139 1082 5190 montem
1103 5131 1304 5188 Oliveti
1329 5132 1700 5186 submovet...
1725 5127 1840 5183 situ
1866 5126 1972 5181 hu-

323 5227 524 5291 milis;
557 5228 962 5280 contentorum
1007 5227 1203 5277 tamen
1254 5219 1534 5293 dignitate
1585 5215 1966 5288 praecellens:

323 5315 402 5372 ibi
439 5330 692 5385 namque
723 5312 1084 5379 Gessemani,
1110 5311 1186 5366 ibi
1223 5317 1449 5365 torrens
1478 5306 1726 5370 Cedron,
1758 5303 1838 5359 ibi
1867 5304 1969 5360 Dei

317 5401 469 5462 aula:
502 5401 654 5468 aula,
688 5402 814 5456 σα)ιὶ
848 5403 1057 5476 reginae
1089 5398 1446 5472 sepulcrum,
1476 5395 1552 5450 ibi
1586 5397 1970 5466 protomarty-

315 5492 405 5550 ris
439 5489 720 5559 Stophani
754 5490 1058 5564 lapidatio,
1091 5489 1170 5544 ibi
1221 5502 1356 5544 cum
1409 5483 1731 5556 sanguineo
1763 5481 1975 5538 sudore

2083 4504 2378 4577 hostilem,
2422 4523 2594 4563 suam
2654 4506 2948 4564 minutum
2996 4509 3068 4564 iri
3119 4510 3354 4566 turbam
3413 4510 3745 4568 certissime

2081 4594 2418 4662 constabat;
2443 4612 2559 4666 quo
2578 4595 2829 4654 aridiore
2858 4597 2954 4654 siti
2987 4598 3206 4654 mensis
3235 4599 3450 4656 Junius
3480 4601 3742 4657 torrebat

2081 4687 2429 4739 castrenses.
2455 4685 2537 4740 Ad
2561 4685 2888 4750 interiores.
2913 4686 3732 4761 satiem,umbram,quietem,

2080 4771 2218 4838 otia,
2251 4789 2530 4843 somnos;
2564 4774 2636 4830 ab
2695 4775 3080 4832 exterioribus
3127 4776 3300 4845 fame,
3335 4777 3474 4846 sole,
3506 4777 3729 4850 labore,

2081 4859 2270 4930 bellis,
2303 4861 2518 4934 vigiliis
2549 4863 2770 4919 laceros
2799 4881 3034 4936 cogens.

2425 4950 2661 5007 CXVIII.
2694 4983 2764 4992 —
2792 4952 3062 5024 Aptantur
3091 4955 3382 5012 machina}.

2153 5037 2335 5110 Igitur
2355 5039 2506 5096 avidi
2529 5039 2742 5112 quietis
2768 5040 2953 5098 labori
2983 5041 3286 5108 insistunt,
3310 5048 3577 5116 quaerunt
3607 5044 3729 5100 sol-

2079 5124 2224 5181 liciti
2248 5127 2571 5192 machinas,
2595 5129 2867 5201 proximre
2888 5147 3226 5202 parasceves
3246 5148 3517 5188 auroram
3539 5134 3735 5190 muris

2079 5214 2375 5270 destinant
2393 5218 2762 5273 scandendis.
2784 5219 2876 5274 Sic
2899 5219 3055 5274 enim
3083 5225 3562 5292 prtememoratus
3581 5221 3734 5278 mihi

2079 5312 2508 5377 praemonuerat
2531 5305 2626 5362 ille
2650 5311 2709 5361 tu
2721 5307 2930 5363 rricola
2953 5309 3617 5377 monachus,Tancredo
3639 5309 3735 5365 in-

2079 5392 2597 5461 dice,nostratibus
2619 5412 2686 5451 ea
2708 5396 2800 5450 die
2823 5397 3115 5452 assultum
3139 5398 3420 5454 indicens.
3443 5399 3736 5456 Ceterum

2079 5481 2431 5553 perlustrata
2460 5485 2919 5560 circumquaque
2955 5483 3188 5556 vicinia,
3223 5487 3452 5545 nullum
3485 5486 3594 5544 fuit
3625 5505 3733 5546 ne-
