4010 6078
239 236 362 301 565

1592 237 1848 301 GESTA
1892 237 2310 302 TANCBEDI.

3529 229 3650 298 366

239 389 398 440 mus,
433 389 551 429 non
583 370 888 446 palatium,
920 389 1036 429 non
1077 373 1278 441 turris,
1311 388 1436 446 quae
1487 371 1560 428 ad
1599 371 1890 428 scalarum
1921 375 1976 442 Α
2005 370 2160 427 CXX.
2195 403 2264 412 —
2293 370 2466 445 Ligna
2495 370 2770 446 obsidioni
2798 379 2926 444 apta
2953 372 3166 444 frustra
3212 368 3446 442 quaesita
3491 369 3653 442 quasi

237 464 526 520 fabricam
555 463 780 538 lignum
801 462 1417 535 mitterent.Mempbis
1439 462 1510 518 ab
1533 461 1896 517 Hierusalem

236 553 601 608 Damascum
633 550 1014 624 expultricem
1045 568 1216 607 suam
1231 556 1481 606 veterem
1515 567 1662 606 nova
1679 550 1899 606 vectrix

233 641 564 714 expulerat,
597 642 727 697 ideo
759 658 958 696 recens
989 641 1180 696 adhuc
1214 640 1310 696 ille
1341 641 1617 713 Egyptiaa
1658 637 1894 712 expedi-

231 730 415 787 tionis
448 749 640 788 annus
688 729 840 786 nihil
890 730 1134 799 siccum,
1160 729 1306 785 nihil
1355 729 1538 786 viride
1583 729 1898 801 reliquerat

231 819 595 876 intentatum
631 839 646 876 :
680 825 912 877 secrete
943 825 1139 876 tamen
1171 820 1404 876 latebrae.
1435 819 1771 893 aliquantas
1803 833 1892 873 ce-

233 907 443 965 labant
473 911 691 977 trabes,
726 927 852 983 qua:
885 909 1158 965 solertem
1191 910 1579 981 nequiverunt
1609 897 1894 964 ’l‘ancredi

236 997 442 1055 fallere
495 997 972 1056 sollicitudinem.
1000 998 1318 1054 Abstractze
1365 997 1545 1071 igitur
1593 1001 1651 1053 et
1683 996 1891 1065 allatae,

230 1105 415 1144 unam
437 1087 723 1143 duntaxat
743 1085 964 1142 scalam
985 1085 1368 1158 implent,hoc
1392 1086 1451 1140 in
1482 1090 1744 1158 tempore
1773 1101 1896 1141 om-

232 1195 371 1233 nem
402 1177 720 1233 removisse
750 1176 1010 1248 inopiam
1043 1174 1362 1243 aastimatae,
1397 1175 1598 1230 aderat
1638 1191 1891 1247 namque

231 1267 362 1324 dies
392 1265 695 1338 capiendis
725 1264 906 1321 armis
931 1264 1400 1338 praefinita,citra
1420 1280 1596 1336 quam
1621 1263 1891 1336 ultraque

229 1357 370 1412 hinc
401 1359 858 1421 coarctaverant,
891 1353 1028 1409 inde
1057 1352 1448 1409 imminebant
1477 1369 1682 1426 graves
1729 1357 1889 1409 utro-

230 1447 412 1520 bique
443 1445 731 1518 angustiae
765 1461 778 1500 :
811 1443 979 1510 citra,
1013 1443 1291 1516 quoniam
1318 1442 1734 1516 investigandae
1757 1459 1887 1498 sca-

229 1534 426 1591 larum
477 1533 734 1589 materiae
781 1537 971 1588 arctas
1003 1535 1372 1588 concesserat
1409 1531 1675 1586 inducias
1719 1532 1887 1588 breve

229 1624 487 1680 biduum
520 1640 534 1678 :
573 1622 744 1691 ultra,
779 1621 826 1676 si
859 1621 1096 1693 quidem
1151 1624 1286 1692 post
1331 1619 1524 1686 illum,
1559 1637 1665 1676 nec
1695 1619 1755 1676 in
1787 1620 1885 1676 illo
1925 1623 1932 1628 ’

230 1713 326 1769 die
358 1713 596 1785 praeﬁxo
629 1727 829 1767 muros
853 1709 1142 1777 invadere,
1171 1709 1280 1764 hoc
1308 1713 1433 1764 erat
1461 1710 1662 1765 datum
1691 1726 1726 1765 a
1755 1726 1883 1765 mo-

229 1803 423 1859 nacho
445 1799 746 1857 oraculum
767 1797 1091 1854 annullare.
1109 1799 1348 1870 Propter
1368 1798 1488 1854 hazc
1507 1798 1686 1871 igitur
1705 1798 1880 1864 scala,

230 1897 290 1949 et
319 1909 444 1947 una
473 1907 588 1946 non
623 1889 832 1945 habuit
861 1888 1082 1944 sociam
1105 1892 1164 1944 et
1184 1888 1310 1944 sine
1331 1889 1490 1944 socia
1509 1888 1720 1961 gratati
1748 1892 1888 1944 sunt

231 1997 437 2037 unam.
467 1981 668 2051 Itaque
695 1995 864 2033 muro
895 1977 1220 2050 applicatur
1248 1977 1346 2049 qui
1371 1983 1563 2033 turres
1584 1977 1887 2033 continuat

229 2070 406 2126 larvas
437 2067 746 2135 Tancredi,
775 2066 1091 2123 secundam
1126 2066 1307 2122 tertia:
1340 2083 1354 2122 :
1386 2066 1887 2139 Jamque'astabat

229 2159 596 2226 sublimis,et
615 2157 783 2230 quasi
815 2154 1246 2228 sesquipedalia
1267 2155 1387 2211 haec
1407 2157 1640 2227 jactans
1667 2173 1680 2209 :
1706 2158 1886 2222 «Quo-

229 2249 393 2306 niam
428 2247 670 2321 quidem
702 2246 892 2303 socias
922 2261 1058 2301 cum
1095 2245 1480 2318 exspectarim
1516 2262 1629 2301 non
1675 2243 1881 2314 habeo,

231 2339 514 2409 deinc2ps
545 2340 610 2391 ut
639 2336 885 2392 habeam
916 2351 1030 2390 non
1063 2335 1428 2406 exspectabo.
1466 2356 1493 2383 »

592 2533 775 2590 CXIX.
809 2564 878 2573 —-—
908 2533 1093 2588 Murus
1122 2532 1518 2588 conscenditur.

306 2695 496 2770 Igitur
523 2694 755 2760 vicinia,
786 2693 1063 2760 inventio,
1110 2710 1278 2766 opus,
1315 2693 1643 2765 propinquo
1686 2711 1884 2766 reper-

233 2788 344 2845 tori
380 2785 595 2858 opifica
624 2784 696 2838 ad
730 2783 1080 2855 reptandut’n
1111 2781 1168 2836 in
1204 2797 1404 2837 muros
1434 2783 1712 2837 ducatum
1740 2783 1884 2838 Tan-

235 2878 408 2935 credo
442 2875 663 2930 dabant
695 2890 708 2927 :
743 2889 917 2944 quem
947 2876 1145 2926 tamen
1192 2870 1240 2926 si
1290 2871 1460 2942 cujus
1505 2869 1657 2927 alius
1704 2871 1887 2928 invita

236 2984 363 3023 sors
393 2963 689 3027 vertisset,
722 2960 956 3016 animus
986 2977 1118 3016 acer
1145 2960 1298 3015 hanc
1329 2959 1440 3016 sibi
1469 2964 1694 3016 tantam
1726 2977 1884 3017 arro-

234 3061 331 3129 get
357 3053 617 3110 laudem.
654 3051 854 3122 ltaqhe
885 3066 1181 3104 morarum
1231 3049 1482 3117 nescius,
1508 3051 1634 3121 jam
1679 3050 1885 3121 primis

234 3123 600 3201 innitebatur
628 3139 1052 3213 gradibus,jam
1075 3137 1276 3193 stricto
1305 3155 1443 3192 ense
1473 3139 1672 3194 dextra
1694 3138 1884 3194 fulmi-
1915 3123 1956 3187 (Ξ

237 3236 438 3292 nabat.
474 3231 648 3286 Porro
690 3229 967 3298 majestas
1015 3227 1264 3299 generis,
1297 3226 1555 3300 dignitas
1603 3229 1881 3295 nominis,

237 3321 428 3398 gratia
459 3319 673 3386 meriti,
693 3334 828 3391 spes
858 3316 1117 3372 merendi
1152 3334 1165 3370 :
1192 3316 1329 3371 hinc
1350 3316 1514 3388 plebs
1536 3317 1881 3385 reclamans,

241 3413 376 3469 inde
407 3408 687 3466 nobilitas
713 3407 1030 3475 reluctans,
1055 3405 1326 3478 incoeptis
1357 3405 1619 3474 obviant;
1638 3407 1885 3479 jamque

234 3499 514 3558 haerentis
537 3497 686 3554 lavas
711 3497 973 3552 dextram
994 3500 1296 3552 exarmant
1317 3495 1761 3568 apprehensam.
1784 3497 1888 3551 Su-

235 3593 322 3648 bit
342 3586 595 3645 revocati
616 3586 808 3642 officio
822 3584 1142 3656 juvenis,et
1165 3588 1291 3656 ipse
1321 3583 1370 3640 si
1403 3585 1521 3640 fors
1539 3585 1717 3656 juvat,
1741 3601 1886 3657 gau-

234 3681 371 3735 dere
400 3676 620 3750 dignus
644 3691 656 3728 :
683 3673 733 3730 si
761 3673 1037 3740 invideat,
1063 3673 1198 3728 flere
1219 3671 1468 3745 dignior.
1490 3671 1646 3728 Felix
1667 3672 1764 3728 ille
1787 3689 1888 3745 per

236 3784 444 3825 omnes
475 3766 548 3820 ab
581 3765 698 3819 imo
750 3763 821 3819 ad
871 3778 1213 3835 supremum
1257 3761 1512 3833 gradus;
1544 3761 1603 3816 in
1654 3778 1889 3817 summa

238 3856 436 3930 Operis
466 3853 686 3909 infelix.
715 3851 1057 3923 Arripuerat
1085 3850 1238 3906 enim
1265 3851 1393 3920 jam
1425 3849 1565 3906 laeva
1586 3867 1888 3906 murorum

238 3947 640 4020 apicem,cum
674 3939 1041 3997 adversarius
1071 3939 1230 3995 ensis
1251 3938 1310 3993 in
1334 3955 1467 3994 eum
1498 3939 1893 4006 descendit,ut

239 4036 343 4109 qui
389 4033 666 4088 bimunus
697 4036 753 4086 et
783 4029 1104 4085 fulminans
1135 4029 1307 4084 modo
1334 4029 1764 4100 conscenderat.
1801 4029 1891 4084 vix

239 4122 596 4181 descendere
627 4121 804 4176 orbus
835 4118 1028 4193 gladio
1058 4122 1113 4174 et
1136 4135 1312 4172 manu
1337 4117 1444 4172 hac
1469 4117 1582 4173 fere
1605 4117 1703 4174 illo
1735 4118 1893 4190 peni-

241 4220 339 4271 tus
361 4211 672 4286 potuisset.
697 4209 966 4265 Refertur
996 4208 1192 4279 itaque
1213 4206 1271 4262 in
1295 4211 1486 4262 castra
1508 4207 1892 4264 medicandus

242 4301 452 4374 auriga
482 4316 693 4354 currus
723 4295 1084 4364 Tancredici,
1109 4311 1283 4367 quem
1317 4294 1516 4350 Simon
1544 4295 1747 4363 tenuit,
1773 4313 1892 4352 ma-

243 4389 378 4464 gnis
411 4393 606 4443 tamen
639 4386 850 4442 excidit
879 4384 1060 4441 ausis.
1085 4384 1236 4440 Neve
1257 4383 1436 4439 tacito
1455 4383 1689 4440 nomine
1713 4385 1892 4440 auda-

2495 444 2762 500 dz'vinitus
2791 445 3159 517 reperiuntur.

2079 550 2404 606 Consulunt
2435 552 2494 606 in
2528 551 2785 608 medium
2813 568 3080 624 proceres
3103 548 3350 606 scrutari
3375 547 3646 616 latebras,

2004 640 2127 695 vias
2159 645 2332 712 atque
2361 640 2516 696 invia
2547 657 2871 714 peragrare,
2907 642 3292 712 undecunque
3322 637 3482 710 ligna
3514 653 3645 692 cor-

2005 729 2207 785 rodere
2233 734 2522 796 statuunt,
2554 735 2620 785 ut
2651 729 2794 785 nulli
2819 730 2938 785 haec
2962 729 3255 803 indagatio
3277 731 3476 800 parcat
3495 725 3648 797 prin-

2005 818 2156 890 cipi:
2209 836 2342 874 mox
2391 820 2544 892 quod
2582 819 2860 875 statuitur
2888 819 3205 892 impletur:
3239 815 3642 873 laborantibus

2004 907 2224 962 caeteris
2256 907 2490 976 frustra,
2526 908 2859 964 Tancredus
2884 925 2917 962 a
2943 907 3230 964 desiderio
3261 923 3366 962 suo
3397 923 3512 960 non
3553 907 3643 960 est

2003 995 2325 1051 fraudatus.
2365 996 2625 1052 Miraculi
2660 996 3150 1069 specicsestquod
3165 995 3640 1066 narrabo,neque

1999 1087 2086 1150 tu,
2121 1085 2388 1158 quisquis
2419 1103 2540 1141 rem
2564 1087 2709 1143 bene
2723 1086 3077 1154 consideras,
3094 1091 3288 1141 actum
3303 1083 3531 1140 coalitus
3545 1099 3640 1138 ne-

1997 1175 2185 1246 gabis.

2069 1265 2432 1322 Tancredum
2481 1267 2673 1339 gravis
2723 1266 3069 1323 dissenteria
3113 1265 3441 1338 torquebat,
3502 1282 3636 1321 cum

1999 1357 2194 1410 tamen
2234 1355 2358 1427 ipse
2388 1355 2499 1410 sibi
2531 1355 2846 1428 equitando
2879 1373 2994 1410 non
3027 1359 3306 1428 parceret.
3338 1354 3445 1410 Vix
3487 1371 3636 1428 equo

1997 1443 2282 1510 insidens,
2317 1445 2498 1517 pestis
2521 1444 2619 1501 illa
2640 1446 2837 1500 crebro
2861 1445 3231 1516 descendere,
3253 1444 3424 1518 longe
3445 1445 3636 1501 absce-

1995 1532 2150 1599 dere,
2179 1532 2430 1589 latebras
2453 1551 2708 1606 quzerere
2728 1535 2914 1590 virum
2939 1534 3340 1606 compellebat.
3369 1535 3638 1606 Saepenu-

1995 1639 2155 1678 mero
2189 1622 2296 1678 hac
2328 1621 2675 1680 molestatus
2699 1624 2991 1695 angustia,
3017 1641 3150 1679 cum
3175 1624 3431 1696 fatigatis
3452 1640 3521 1680 ex
3541 1623 3636 1680 iti-

1994 1727 2129 1766 nere
2160 1711 2458 1766 sodalibus
2490 1711 2614 1784 ipse
2645 1711 2827 1768 labori
2858 1713 3060 1768 cedere
3091 1711 3493 1786 ingloriusque
3542 1730 3635 1768 re-

1993 1799 2134 1855 verti
2184 1799 2552 1872 disponeret:
2607 1800 2778 1857 solita
2807 1806 3054 1874 augente
3083 1801 3371 1871 molestia,
3405 1803 3632 1876 gravari

1993 1889 2185 1961 coepit,
2239 1889 2546 1963 elongavit,
2581 1890 2900 1960 descendit,
2943 1891 3302 1948 descendens
3341 1891 3632 1948 sociorum

1996 1977 2194 2034 oculos
2227 1979 2480 2035 evasisse
2508 1979 2769 2052 putabat,
2803 1997 2938 2035 cum
2990 1980 3306 2053 respiciens
3353 1981 3636 2054 comperit

1995 2085 2110 2123 non
2142 2084 2269 2124 esse
2299 2084 2556 2123 evasum.
2593 2067 2848 2141 Longius
2877 2085 3012 2142 ergo
3044 2068 3296 2126 latebras
3344 2086 3631 2142 querens,

1995 2155 2141 2213 alios
2173 2157 2363 2212 denuo
2394 2155 2615 2229 passim
2647 2157 2857 2230 aspicit
2873 2163 3170 2231 vagantes,
3195 2159 3277 2215 sic
3291 2159 3416 2231 jam
3439 2158 3633 2225 tertio,

1995 2246 2079 2302 sic
2110 2251 2318 2319 quarto
2351 2247 2550 2301 sedem
2586 2250 2842 2302 mutans:
2867 2247 3103 2303 demum
3128 2248 3184 2303 in
3209 2265 3441 2304 secessu
3464 2247 3636 2322 longe

1994 2336 2106 2391 sub
2153 2351 2296 2408 rupe
2346 2339 2568 2403 cavata,
2618 2335 2925 2392 arboribus
2973 2335 3174 2412 clausa
3215 2337 3434 2394 circum
3465 2342 3639 2410 atque

1994 2424 2368 2480 horrentibus
2397 2423 2653 2496 quietem
2687 2424 2924 2480 invenit.
2961 2425 3162 2498 Papzel
3195 2426 3329 2499 quis
3361 2432 3426 2482 ut
3445 2427 3640 2482 Deus?

1994 2531 2028 2569 ο
2059 2513 2158 2585 qui
2191 2513 2262 2568 de
2292 2517 2456 2584 petra
2488 2529 2693 2585 aquas,
2727 2513 2827 2586 qui
2860 2515 2930 2570 de
2961 2515 3126 2570 asino
3158 2532 3508 2583 sermonem,
3534 2514 3636 2588 qui

1995 2603 2067 2658 de
2095 2600 2277 2657 nihilo
2309 2601 2508 2657 omnia
2535 2603 2724 2670 eruit;
2761 2602 2884 2675 ipse
2905 2603 2976 2658 de
2999 2603 3250 2675 perculsi
3270 2603 3507 2660 vulnere
3530 2603 3639 2659 mi-

1993 2691 2116 2747 litis
2147 2691 2465 2747 exercitum
2498 2687 2849 2763 sanavit,;de
2883 2691 3224 2750 infirmitate
3255 2693 3526 2765 firmavit,
3568 2694 3638 2749 de

1995 2779 2168 2852 plaga
2194 2778 2296 2852 vili
2327 2779 2641 2851 pretiosius
2674 2780 2878 2852 quovis
2901 2781 3135 2838 metallo
3155 2782 3484 2840 antidotum
3507 2799 3638 2838 con-

1995 2869 2132 2924 fecit
2157 2885 2169 2923 :
2207 2869 2515 2942 namﬁdum
2539 2868 2754 2925 ibidem
2769 2869 2952 2926 virtus
2965 2871 3264 2944 expulsiva
3275 2875 3631 2944 operaretur,

1992 2975 2160 3013 versa
2184 2957 2255 3012 ad
2285 2957 2562 3030 oppositae
2593 2959 2756 3030 rupis
2787 2959 3204 3016 concavitatem
3232 2961 3440 3029 fronte,
3473 2959 3635 3033 ligna

1995 3052 2246 3118 quatuor
2274 3047 2428 3102 intro
2459 3050 2679 3118 patent,
2711 3047 2924 3119 quibus
2954 3048 3114 3104 nulla
3144 3049 3440 3122 proposito
3458 3065 3660 3122 opera,

1994 3134 2311 3191 desiderari
2360 3139 2624 3207 poterant
2672 3135 2929 3208 aptiora:
2977 3137 3078 3193 illa
3121 3137 3270 3210 ipsa,
3321 3143 3385 3193 ut
3423 3139 3626 3206 fertur,

1991 3230 2156 3280 erant
2185 3242 2434 3297 quorum
2466 3241 2573 3296 ope
2605 3240 2702 3279 rex
2732 3226 3034 3298 [Egyptius
3066 3227 3426 3283 Hierusalem
3457 3245 3630 3300 expu-

1992 3317 2269 3388 gnaverat
2291 3312 2554 3386 ;‘.quibus
2584 3314 2745 3378 visis,
2769 3315 2893 3386 ipse
2914 3315 3130 3384 adhuc,
3153 3320 3316 3373 tanta
3336 3321 3477 3374 sunt
3494 3335 3632 3390 gau-

1993 3404 2108 3472 dia,
2145 3419 2248 3458 nec
2279 3403 2390 3458 sibi
2421 3403 2682 3470 credens,
2715 3421 2817 3459 nec
2847 3403 3052 3471 oculis,
3085 3405 3272 3480 surgit
3301 3411 3359 3463 et
3388 3407 3630 3474 accedit,

1996 3492 2213 3566 palpat,
2247 3509 2369 3547 rem
2401 3491 2696 3564 perspicit.
2721 3495 2868 3567 Ergo
2891 3494 3036 3550 heus
3061 3493 3074 3549 !
3101 3495 3245 3552 heus
3271 3495 3282 3551 l
3306 3513 3338 3552 0
3362 3497 3634 3554 comites!

1995 3583 2132 3648 huc,
2165 3581 2281 3637 huc
2311 3580 2616 3647 accurrite,
2648 3581 2900 3650 clamat;
2936 3583 3070 3652 huc,
3103 3584 3238 3651 huc,
3293 3585 3634 3659 ingeminat,

1997 3671 2152 3727 Deus
2182 3687 2253 3726 en
2276 3670 2589 3742 plusquam
2613 3671 2868 3742 petimus
2891 3671 3025 3727 dat:
3051 3673 3390 3745 quaesiimus
3411 3674 3637 3749 lignum

1997 3760 2162 3827 rude,
2187 3758 2513 3831 reperimus
2537 3759 2939 3815 fabrefactum.
2968 3761 3168 3817 Vocati
3189 3763 3406 3819 adsunt
3426 3769 3640 3821 extem-

1999 3848 2094 3921 plo
2127 3847 2290 3918 socii,
2327 3847 2478 3902 unde
2508 3853 2851 3920 gemuerant
2879 3851 3153 3922 gaudent,
3187 3851 3283 3907 ille
3312 3859 3639 3925 gementem

2000 3937 2191 3994 adhuc
2221 3936 2558 4004 exercitum,
2595 3936 2775 3993 misso
2807 3939 3032 4005 nuntio,
3062 3939 3299 3996 festinat
3329 3942 3637 3998 consolari.

2001 4025 2370 4098 Promulgato
2400 4043 2503 4098 per
2531 4025 2812 4098 populum
2845 4028 3080 4101 gaudio,
3112 4028 3336 4085 tollitur
3362 4048 3470 4087 vox
3493 4030 3639 4086 laeti-

2005 4117 2095 4174 tiae
2143 4119 2202 4170 et
2249 4113 2653 4172 exsultationis
2700 4114 2759 4170 in
2805 4117 3200 4174 tabernaculis
3261 4119 3636 4188 Francorum,

2001 4205 2336 4280 proceditur
2365 4203 2515 4259 sicut
2544 4202 2601 4258 in
2632 4203 2852 4261 litaniis
2882 4207 3166 4263 cantando
3194 4207 3441 4264 obviam.

2002 4313 2184 4370 CXXI.
2220 4343 2287 4352 ——
2320 4312 2578 4368 Robertus
2609 4313 2974 4439 Flapttirigena.
3003 4315 3257 4386 opiﬁcum
3299 4324 3447 4372 tutor
3485 4333 3640 4372 cons-

2734 4401 2752 4439 ι
2777 4401 2814 4438 u
2840 4402 2922 4439 us.

2734 4401 2904 4440 uulua
2910 4426 2922 4440 .

243 4478 394 4534 ciam
429 4475 636 4531 militis
665 4473 910 4530 meritus
958 4491 1073 4528 non
1106 4476 1438 4529 remuneret
1468 4472 1646 4541 favor,
1683 4490 1895 4530 nomen
1928 4487 1975 4551 Ι)
2077 4477 2203 4529 Mox
2226 4477 2365 4528 tunc
2386 4471 2621 4545 eligitur
2640 4472 2798 4544 operi
2824 4472 3207 4547 Flandrigena
3227 4475 3646 4550 Robertusopi-

245 4571 372 4624 erat
393 4564 596 4637 juveni
624 4561 1215 4631 Raibaldns,Francia
1241 4561 1730 4635 tellus,agnomen
1763 4565 1894 4619 Cre-

242 4655 458 4720 mium,
492 4653 808 4709 Carnutum
841 4650 1052 4707 nobilis
1095 4655 1277 4719 ortus,
1310 4651 1462 4706 vires
1505 4656 1561 4706 et
1592 4652 1892 4724 probitas;

243 4743 336 4801 ha:
368 4759 616 4815 magna,
651 4741 838 4814 major
882 4744 941 4794 at
988 4738 1108 4807 illa,
1133 4740 1380 4795 refertur
1423 4740 1679 4796 saucius.
1715 4741 1895 4797 Nemo

245 4838 448 4890 autem
483 4830 646 4887 relati
670 4830 810 4886 utile
841 4828 1006 4884 duxit
1026 4827 1297 4900 supplere
1327 4827 1499 4896 vices,
1534 4829 1750 4903 quippe
1781 4830 1898 4903 gla-

246 4921 380 4978 dios
407 4937 614 4976 verens
645 4920 1040 4986 descensores,
1073 4917 1231 4973 mille
1263 4917 1322 4972 in
1353 4934 1539 4974 unum
1581 4919 1756 4976 unius
1805 4937 1897 4975 as-

247 5009 531 5068 censoris.
571 5008 739 5064 Illum
769 5007 927 5064 enim
976 5007 1035 5063 in
1085 5005 1369 5079 angulum
1403 5011 1523 5063 tota
1555 5013 1901 5065 convenerat

249 5118 454 5175 pugna
483 5099 887 5166 interior,cum
918 5101 1074 5154 totus
1097 5097 1332 5169 reliqua;
1364 5096 1616 5154 civitatis
1642 5099 1903 5156 ambitus

251 5191 325 5246 ab
351 5188 620 5246 exteriori
651 5191 880 5244 vacaret
909 5187 1096 5259 sopito
1127 5185 1362 5242 similis.
1394 5185 1612 5242 Videns
1636 5187 1906 5244 fraudata

248 5278 537 5336 sedulitas
567 5277 974 5333 defensoribus
1012 5277 1201 5331 favere
1250 5277 1564 5343 fortunam,
1597 5294 1905 5350 Oppugna-

247 5368 482 5424 toribus
514 5371 705 5423 autem
736 5365 1053 5432 adversari,
1087 5363 1306 5420 scalam
1354 5366 1528 5421 refert
1578 5383 1692 5420 non
1733 5369 1905 5425 modo

246 5456 750 5526 inutilem,verum
782 5462 838 5514 et
866 5457 1217 5512 damnosam
1251 5470 1265 5507 :
1301 5453 1349 5508 si
1383 5457 1578 5519 tamen
1603 5455 1672 5510 ad
1706 5456 1910 5532 singu-

247 5547 552 5605 laritatem
586 5552 918 5606 recurratur
946 5541 1364 5602 excusabilem.

2007 4567 2183 4620 ficum
2203 4566 2376 4629 tutor,
2403 4561 2543 4616 dum
2567 4561 2725 4634 ligna
2746 4568 2950 4618 czetera
2972 4563 3116 4618 fabri
3139 4563 3384 4636 quaesita
3403 4566 3648 4638 reperis-

2004 4650 3652 4724 sent,repertaincidissent,incisaretulissent.Lucuserat

2002 4743 2062 4798 in
2095 4740 2477 4806 montibus,et
2499 4744 2722 4796 montes
2746 4741 2816 4796 ab
2839 4740 3200 4798 Hierusalem
3223 4741 3430 4798 remoti
3452 4742 3502 4798 ei
3523 4761 3650 4817 qua:

2008 4832 2179 4888 modo
2230 4828 2522 4902 Neapolis.
2574 4828 2714 4886 olim
2765 4831 3026 4898 Sebasta,
3079 4835 3212 4887 ante
3259 4832 3469 4904 Sychar
3498 4833 3654 4890 dicta

2009 4925 2117 4987 est,
2152 4917 2473 4992 propiores,
2508 4918 2697 4973 adhuc
2728 4918 2928 4992 ignota
2959 4919 3320 4976 nostratibus
3349 4921 3463 4992 via,
3497 4939 3654 4980 nunc

2011 5007 2254 5065 celebris
2287 5023 2351 5062 ac
2385 5008 2564 5062 ferme
2597 5009 3093 5081 peregrinantium
3129 5009 3318 5065 unica.
3356 5009 3495 5066 llluc
3516 5029 3657 5084 prae-

2016 5099 2211 5156 dictus
2260 5113 2455 5152 comes
2505 5096 2691 5152 solitis
2741 5097 3159 5155 comitantibus
3191 5098 3358 5171 quasi
3389 5100 3658 5158 ducentis

2015 5189 2257 5254 missus,
2283 5186 2607 5243 innumeris
2629 5187 2889 5242 hostium
2911 5187 3512 5260 millibusexponitur,
3526 5195 3662 5248 ante

2014 5283 2072 5334 et
2102 5284 2276 5345 retro,
2309 5276 2678 5332 dextrorsum
2710 5281 2767 5330 et
2806 5277 3212 5333 sinistrorsum
3263 5276 3662 5335 circumfusis.

2018 5367 2148 5440 Ipse
2174 5385 2289 5422 non
2323 5383 2492 5421 secus
2523 5371 2751 5422 turmas
2784 5383 2850 5422 ac
2871 5367 3040 5422 tubas
3059 5383 3232 5439 quam
3255 5360 3502 5438 pat‘riam
3520 5370 3580 5420 et
3597 5368 3669 5421 ti-

2017 5455 2178 5510 biam
2215 5454 2661 5527 perhorrescens
2692 5453 2820 5511 luce
2860 5455 3011 5510 inter
3055 5471 3160 5525 per
3207 5471 3312 5526 q...
3362 5452 3669 5522 fabricam,

2011 5543 2388 5614 jaculabatur
2419 5545 2590 5610 feras,
2623 5548 2794 5598 nocte
2825 5560 2957 5600 cum
2991 5541 3171 5599 fabris
3190 5542 3250 5596 in
3273 5538 3456 5597 ferina
3475 5539 3682 5608 epula-
