3984 6078
366 253 485 315 567

880 255 978 315 AD
1025 255 1538 317 GODEFRIDUM
1582 255 1913 328 APPEND.
1961 252 2040 326 ΙΙ.
2071 283 2151 300 -—
2181 251 2488 316 MONUM.
2536 253 2639 314 DE
2681 251 2929 314 BELLO
2974 250 3253 314 SACltO.

3641 248 3764 314 568

363 389 554 446 batur.
589 391 790 462 Itaque
811 385 974 444 labor
995 387 1088 445 ille
1109 391 1164 446 et
1185 389 1422 445 domino
1443 391 1720 445 eratcum
1743 386 1995 443 utilitate
2025 386 2082 456 Α,
2111 385 2198 452 la,
2232 391 2441 452 crates,
2474 403 2678 451 nexus,
2711 384 3040 454 inconnexi,
3077 383 3312 442 annecti
3359 387 3420 441 et
3471 380 3624 458 erigi.
3657 382 3761 444 sed

361 476 628 550 voluptas
657 481 715 534 et
745 477 1147 534 laborantibus
1179 478 1418 534 famulis
1458 482 1624 550 parta
1675 477 1800 532 sine
1851 480 2008 530 metu

361 567 615 624 refectio.
650 567 838 639 thue
869 569 1012 623 satis
1041 568 1172 623 caesi
1205 569 1448 624 feliciter
1479 565 1756 632 nemoris,
1816 582 2010 620 comes

363 657 516 714 redit
546 656 839 730 sapienter
867 657 1020 711 viam
1055 657 1237 712 armis
1255 657 1670 728 praemuniens,
1694 655 1815 728 ipse
1833 655 2010 709 auda-

365 751 486 800 cter
516 762 650 800 eum
682 745 966 800 retroneis
997 762 1250 816 sequens
1268 745 1478 816 vulgus
1495 743 1876 817 diligenterin
1899 761 2012 799 me-

369 835 463 889 dio
498 838 711 899 tuetur,
746 851 847 906 per
877 851 1048 890 arcus
1081 835 1346 889 Damasci
1383 850 1484 906 per
1515 851 1734 889 cannas
1765 832 2008 900 Arabia,

367 941 470 996 per
501 921 620 995 pila
647 922 949 994 .Ethiopiaa
983 923 1279 978 indemnis
1307 927 1632 978 transmeat
1655 941 1670 992 ;
1695 923 1793 977 sed
1813 921 2014 977 audita

369 1013 642 1068 comitem
695 1028 890 1067 comes
945 1029 1241 1084 nusquam
1273 1011 1587 1068 descivisse
1619 1010 2011 1084 prosperitas;

370 1100 587 1157 exitum
621 1099 871 1155 reditum
905 1117 1137 1172 semper
1165 1105 1472 1172 prosecuta
1500 1100 1752 1172 hymnos
1781 1105 1836 1154 et
1858 1116 2015 1171 pom-

372 1207 529 1263 pam,
564 1207 597 1244 a
628 1188 1034 1260 complurimis
1067 1189 1337 1262 impetrat
1367 1191 1643 1256 favorem,
1677 1187 1910 1245 laudem
1940 1189 2012 1244 ab

370 1277 645 1336 omnibus
677 1282 949 1334 meretur.

466 1363 476 1370 ’
1091 1367 1300 1424 CXXII.

438 1457 716 1512 Exstabat
747 1456 1004 1512 medium
1041 1457 1194 1512 inter
1222 1456 2018 1528 castra,etvallemJosaphat

369 1545 716 1619 pomerium,
751 1561 866 1617 quo
899 1545 1126 1600 nullum
1159 1546 1356 1617 aptius
1386 1551 1488 1601 aut
1519 1551 1722 1618 aptum
1755 1562 2017 1618 nequeas-

369 1633 625 1692 sul.ibus
647 1634 928 1702 hostium,
955 1634 1181 1690 nullum
1207 1635 1434 1691 civibus
1453 1635 2016 1692 formidolosiusim-

371 1724 670 1780 minebat:
707 1723 921 1795 quippe
955 1723 1114 1780 illius
1135 1741 1314 1780 cornu
1331 1723 2018 1798 muruspaulohumilior

373 1817 516 1879 erat,
549 1811 730 1868 turris
763 1829 914 1878 rara,
947 1829 1212 1885 campus,
1245 1818 1311 1868 ut
1340 1812 2014 1880 dixit,exterextensior;

375 1918 510 1959 area
539 1901 660 1956 hch
689 1905 884 1958 tamen
915 1901 1081 1958 hoste
1113 1903 1372 1970 vacabat,
1398 1906 1602 1976 stupor
1624 1901 1936 1975 indigenis,
1961 1906 2022 1957 at

375 1989 738 2064 providentia
768 1991 983 2046 ducum
1020 1996 1241 2063 partem
1272 1990 1434 2048 illam
1466 2009 1742 2064 supremo
1765 1989 1915 2048 bello
1937 2008 2022 2046 re-

375 2079 660 2145 servabat,
713 2080 856 2134 dum
906 2079 1083 2135 turris
1132 2079 1324 2152 lignea
1371 2084 1712 2148 strueretur,
1747 2081 1817 2136 de
1848 2081 2018 2150 cujus

373 2168 629 2226 culmine
656 2168 1010 2224 Francorum
1042 2168 1144 2223 ala;
1177 2169 1234 2224 in
1269 2169 1484 2226 moenia
1513 2169 1792 2224 volarent.
1836 2170 2020 2241 Igitur

375 2257 560 2314 allata:
591 2257 772 2325 abies,
807 2274 1137 2329 eypressus,
1161 2263 1215 2312 et
1236 2258 1410 2330 pinus
1433 2275 1598 2315 veras
1620 2257 2014 2324 dissimulant,

371 2347 535 2402 ﬁctas
568 2363 700 2401 vero
731 2345 1084 2401 assimulant
1115 2345 1344 2402 minas:
1380 2346 1628 2402 materia
1651 2345 1876 2402 scilicet
1920 2364 2018 2402 ru-

373 2434 464 2491 dis
497 2436 746 2490 formam
777 2439 1076 2507 exspectat
1103 2435 1172 2490 ad
1207 2435 1532 2509 Zephyrum
1564 2441 1628 2490 ut
1659 2436 1909 2492 formata
1944 2436 2017 2491 ad

373 2526 592 2581 Eurum
621 2529 860 2597 pugnet.
1149 2512 1156 2521 ’

377 2631 611 2688 ΟΧΧΠΙ.
644 2661 712 2670 —
741 2631 875 2686 Dira
905 2629 1294 2704 obsidienﬁlium
1310 2631 1795 2704 [anteum-icitur};
1814 2641 2021 2704 aptatae

880 2711 931 2757 et
962 2703 1233 2759 mwnibus
1262 2702 1515 2759 admotae.

449 2791 674 2847 Interea
703 2807 834 2846 vero
865 2797 990 2846 tum
1023 2790 1235 2846 cereris
1267 2795 1394 2846 tum
1426 2791 1596 2846 undae
1627 2790 1842 2864 inopia,
1868 2792 2022 2848 bella

382 2897 636 2952 quoque,
666 2879 824 2935 aliud
860 2879 1114 2947 minans,
1147 2879 1302 2936 aliud
1350 2879 1614 2948 instans;
1665 2878 1810 2936 il'ud
1864 2882 2023 2938 furor

379 2969 628 3044 lEgypli,
661 2968 770 3023 hoc
804 2968 1164 3040 PulmstiDUS,
1188 2967 2022 3037 AraLicus,Dama;ccnusim-

380 3058 631 3114 maniter
658 3057 1011 3122 mstuabant;
1035 3057 1162 3128 jam
1181 3057 1337 3112 enim
1357 3057 1613 3113 fruticati
1632 3075 1734 3130 per
1749 3059 2022 3116 circumi-

377 3151 526 3217 tum,
561 3147 747 3203 hastis
778 3152 832 3202 et
863 3147 1061 3214 caljbe
1087 3147 1216 3219 ipsa
1239 3150 1712 3220 suafrugequam
1729 3149 2020 3222 germina-

376 3241 580 3294 verant
611 3236 920 3291 horrebant
947 3236 1122 3292 colles
1145 3255 1156 3303 ;
1183 3237 1334 3292 unde
1356 3235 1678 3303 rarissima,
1701 3237 1819 3294 imo
1843 3238 2019 3296 etiam

379 3325 681 3398 nullajam
699 3327 976 3382 castrensi
995 3324 1199 3380 inedia:
1213 3342 1370 3381 ceres
1383 3327 1605 3382 advena
1617 3329 2014 3384 succurrebat.

378 3415 648 3482 Quaesitis
696 3419 1013 3484 utcumque
1062 3413 1234 3482 \es'i,
1284 3415 1570 3470 vescenda
1597 3433 1731 3470 vero
1764 3434 2018 3486 quaerere

378 3509 539 3559 extra
571 3507 761 3559 castra
790 3503 1028 3558 omnino
1063 3521 1175 3556 non
1209 3502 1454 3558 licebat:
1489 3509 1554 3558 ut
1583 3522 1709 3576 quae
1739 3505 1896 3576 prior
1917 3507 2018 3560 ot.-

379 3594 610 3648 sederat
640 3609 804 3664 gens,
829 3593 952 3662 jam
981 3590 2018 3664 multoverius,quam0bsidens,dici

377 3686 576 3754 posset
624 3681 883 3736 obsessa.
936 3680 1152 3736 Unicus
1201 3685 1258 3735 et
1307 3679 1613 3738 universus
1659 3683 1889 3738 errabat
1918 3700 2020 3756 per

377 3769 694 3827 exercitum
729 3768 1035 3841 planctus;
1069 3771 1286 3824 frustra
1307 3770 1601 3825 Romaniae
1617 3771 1786 3837 bella,
1804 3772 2020 3828 frustra

377 3859 692 3916 Antiochiae
719 3860 953 3916 famem.
980 3859 1195 3913 frustra
1209 3858 1461 3931 reliquos
1473 3857 1699 3914 labores
1713 3878 1778 3915 su
1790 3865 2019 3934 peratos

377 3965 542 4004 esse:
596 3947 1073 4019 quandoquidem
1127 3952 1312 4001 totum
1352 3948 1479 4018 jam
1526 3947 1768 4020 pelagus
1818 3968 2018 4022 perva-

377 4037 541 4090 datos
575 4034 922 4108 apprehensi
955 4052 1131 4090 arena
1163 4034 1376 4092 littoris
1407 4037 1719 4110 naufragos
1779 4039 1974 4094 fecerit
2001 4057 2012 4094 :

375 4123 623 4197 lugubre
674 4124 875 4196 igitur,
925 4129 1328 4180 verumtamen
1377 4123 1561 4198 pium,
1611 4131 1672 4181 et
1713 4125 1801 4182 vel
1833 4127 2018 4200 ipsius

375 4213 646 4268 hostibus
692 4212 1026 4268 miserabile
1071 4213 1343 4270 solatium
1376 4231 1641 4270 cerneres
1669 4231 1682 4270 :
1715 4232 1872 4284 eum,
1903 4217 2021 4272 vita

374 4319 600 4373 perosa,
681 4301 888 4356 cohors
964 4307 1211 4356 montem
1289 4301 1440 4359 ultm
1493 4309 1769 4359 vocaret:
1833 4305 2020 4361 fuerat

374 4407 630 4462 namque
681 4389 778 4462 qui
833 4391 1136 4458 conjurato
1187 4391 1407 4462 impetu
1452 4396 1735 4464 tanquam
1767 4394 1838 4449 ad
1874 4413 2016 4451 uxo-

2119 476 2284 550 prius
2315 477 2614 532 transferri
2635 475 3000 549 indigebant.
3013 476 3098 531 Ad
3123 473 3594 532 transferendum
3625 489 3764 546 ergo

2119 584 2232 622 nox
2261 565 2656 638 eligitur,dies
2684 564 2923 621 crastini
2947 565 3210 638 jacentis
3238 563 3766 637 erigit,sparsaqne

2119 656 2233 712 huc
2256 654 2394 710 illuc
2417 655 2680 710 membra
2701 653 2758 709 in
2781 671 2955 710 suum
2981 654 3336 727 redintegrat
3350 654 3770 726 corpus.Tran-

2119 745 2300 800 statas
2329 761 2562 816 quoque
2593 742 2900 799 machinas
2927 759 3062 798 mox
3092 742 3476 814 transpositio
3502 743 3772 814 sequitur

2119 839 2466 902 castrorum,
2484 837 2548 888 ut
2560 835 2687 904 jam
2714 849 2832 888 non
2855 831 3054 887 minus
3073 831 3332 888 obsessis
3363 846 3540 904 quam
3571 829 3768 886 obses-

2120 923 2352 980 soribus
2385 921 2580 994 palam
2612 921 2794 988 fieret,
2815 919 3093 993 quoniam
3125 937 3334 976 murus
3347 919 3446 976 ille
3475 919 3626 976 bello
3643 919 3770 975 fue-

2121 1013 2197 1070 rit
2225 1010 2574 1067 destinatus.
2601 1010 2954 1083 Ingravescit
3000 1010 3200 1082 itaque
3247 1009 3474 1068 civibus
3520 1007 3766 1074 malum,

2121 1103 2394 1180 turbatur
2409 1099 2674 1157 omnium
2697 1117 2866 1156 mens
2883 1099 3112 1156 consilii
3143 1100 3460 1172 inops,qua
3489 1095 3768 1169 praecisus

2122 1193 2311 1249 fuerat
2341 1191 2680 1248 certaminis
2707 1206 3026 1248 occursus:
3053 1188 3370 1261 fastigiosts
3387 1187 3574 1244 moles
3591 1185 3770 1242 timo-

2122 1299 2244 1339 rem
2277 1280 2662 1338 exeluserant.
2699 1281 2974 1338 Praeterea
3008 1285 3235 1354 partem
3263 1279 3424 1336 illam
3455 1277 3642 1334 multo
3672 1295 3770 1336 ne-

2123 1390 2284 1428 more
2313 1370 2600 1430 sollicitus
2630 1369 2924 1426 munierat
2961 1368 3145 1437 labor,
3181 1367 3516 1430 balearibus
3543 1366 3770 1424 scilicet

2121 1460 2428 1518 tormentis
2449 1461 2520 1515 ad
2556 1458 2798 1516 hostiles
2827 1457 3090 1516 assultus
3116 1475 3132 1516 :
3167 1460 3384 1514 frustra
3402 1457 3524 1514 haec
3546 1461 3766 1524 autem,

2124 1551 2341 1624 quippe
2363 1554 2557 1606 amoto
2593 1548 2730 1605 hinc
2759 1553 2816 1604 et
2844 1547 3125 1606 aliorsum
3158 1549 3419 1613 admoto,
3452 1553 3516 1604 ut
3542 1547 3767 1606 dictum

2123 1645 2230 1708 est,
2268 1645 2453 1706 metu,
2481 1639 2635 1711 quod
2667 1642 2863 1694 tamen
2895 1637 2953 1694 in
2983 1637 3258 1696 extremis
3287 1639 3462 1694 rebus
3492 1636 3770 1696 solatium

2123 1736 2328 1794 restat,
2361 1728 2636 1784 machina
2665 1726 2907 1784 interior
2934 1727 3422 1800 transplantatur,
3444 1727 3543 1784 ubi
3589 1743 3774 1801 oppo-

2127 1821 2244 1876 sita
2272 1819 2595 1875 reverberet
2622 1817 2964 1874 exteriorem
2993 1822 3473 1889 transportatum.

2456 1906 2691 1964 CXXIV.
2723 1939 2792 1947 —
2822 1907 2976 1964 Aries
3003 1907 3236 1978 impediit
3263 1915 3458 1964 turres.

2200 1999 2386 2055 Parati
2419 2014 2556 2070 ergo
2587 1995 2862 2068 utrinque
2911 1995 2989 2052 ω.
3031 2012 3327 2069 pugnam;
3352 1994 3450 2052 alii
3495 1996 3773 2054 tremefa-

2127 2089 2294 2144 ciunt
2318 2104 2542 2149 muros,
2559 2085 2657 2140 alii
2680 2090 2942 2140 tuentur.
2955 2085 3120 2142 Aries
3147 2086 3434 2142 sutTOssor
3459 2103 3492 2140 a
3521 2086 3672 2156 pede
3696 2090 3777 2142 te

2128 2178 2370 2234 rebrans
2401 2181 2594 2232 turres
2623 2179 3192 2246 quassat,marmera
3209 2173 3448 2230 arietem
3473 2175 3532 2230 in
3554 2173 3770 2230 collum

2128 2283 2304 2340 super
2333 2265 2518 2338 lapsa.
2543 2264 2746 2321 Turris
2779 2280 2896 2320 una
2925 2268 2986 2319 et
3013 2262 3142 2336 ipsa
3172 2261 3420 2336 lignum,
3453 2264 3585 2320 urbi
3627 2279 3773 2322 eos-

2127 2355 2425 2430 greditur:
2455 2355 2554 2411 sed
2577 2359 2634 2410 et
2657 2352 2858 2410 volens
2877 2351 3099 2421 invitae;
3125 2358 3340 2410 nuta-ns
3368 2351 3773 2421 stabiliomlmra

2127 2445 2380 2502 occurrit
2407 2443 2718 2508 immobili,
2737 2442 2916 2498 altera
2945 2445 3062 2499 stat
3091 2443 3161 2498 ad
3193 2444 3697 2500 oecurrentem.At
3721 2443 3772 2498 si

2127 2534 2510 2597 liceat,cedat.
2527 2533 2592 2587 ιη
2608 2532 2785 2604 cujus
2807 2529 3125 2604 spectaculi
3152 2534 3390 2604 stupore
3409 2529 3647 2604 elephas
3658 2548 3780 2588 me-

2128 2625 2238 2680 rite
2270 2622 2618 2679 similandus
2647 2624 2926 2686 recurrat,
2950 2637 3125 2692 quem
3157 2625 3398 2676 narrant
3427 2619 3632 2676 fabula:
3663 2621 3777 2678 sub

2127 2718 2366 2786 aspectu
2401 2711 2585 2768 muris
2605 2710 2914 2782 trepidare.
2934 2713 3162 2766 Interea
3183 2724 3300 2766 non
3323 2713 3516 2766 cessat
3531 2709 3778 2783 clamor,

2129 2819 2242 2860 non
2304 2803 2516 2874 fragor,
2563 2817 2678 2856 non
2735 2799 2998 2854 vulnus:
3032 2815 3192 2864 saxa,
3246 2799 3494 2870 spicula,
3549 2799 3779 2872 sagittas

2129 2893 2404 2964 utrinque
2418 2891 2649 2946 volant:
2678 2893 2866 2952 scuta,
2890 2887 3087 2961 galea},
3111 2887 3487 2954 crates,muri
3518 2888 3591 2944 ad
3623 2887 3781 2946 ictus

2130 2980 2502 3055 remugiunt:
2531 2997 2644 3053 prae
2675 2978 2877 3035 sonitu
2900 2975 3316 3049 etjactu,oouli
3345 2993 3630 3050 auresque
3661 2994 3778 3034 non

2132 3072 2321 3144 magis
2351 3085 2527 3128 suum
2573 3072 2844 3126 exercent
2890 3084 3059 3140 opus,
3091 3079 3274 3138 quam
3305 3065 3618 3124 alternum.
3649 3067 3778 3124 Ca3-

2135 3167 2292 3234 ptam
2328 3167 2522 3217 tamen
2551 3158 2732 3214 moles
2763 3157 2958 3229 lignea
2987 3170 3104 3212 non
3134 3156 3326 3212 tardat
3353 3154 3528 3218 viam.
3551 3155 3779 3212 saltans

2130 3255 2366 3324 praestat
2394 3253 2460 3304 ut
2489 3253 2622 3320 post
2640 3247 2910 3304 obrutam
2940 3243 3108 3302 callis
3131 3243 3508 3300 barbicansm
3525 3247 3652 3316 jam
3681 3261 3780 3316 pa-

2129 3341 2290 3397 tebat
2317 3337 2570 3394 liberior.
2593 3339 2668 3392 At
2695 3335 2793 3391 ubi
2824 3351 2890 3391 eo
2921 3349 3112 3407 usque
3137 3332 3548 3408 appropiatum
3577 3337 3688 3399 est,
3709 3338 3779 3389 ut

2128 3429 2363 3485 alternae
2390 3425 2654 3498 cuspidis
2683 3423 2916 3482 obvium
2941 3423 3068 3495 jam
3100 3422 3340 3478 tinniret
3367 3422 3772 3488 ferrum,idem

2129 3519 2226 3590 qui
2261 3515 2562 3572 obstacula
2595 3514 2758 3587 prius
2789 3513 2962 3585 quasi
3005 3528 3193 3584 praeco
3243 3511 3480 3568 Graecus
3509 3510 3778 3584 mylanys

2125 3607 2389 3664 clamans
2419 3604 2654 3662 domine
2686 3601 2986 3676 sequentis
3018 3603 3359 3666 removerat,
3392 3599 3544 3656 aries
3567 3616 3776 3656 conse-

2127 3700 2274 3752 cutis
2313 3695 2486 3750 modo
2532 3691 2828 3748 turricula.
2875 3690 3086 3746 unicus
3133 3689 3423 3746 obstabat.
3460 3689 3779 3746 Procedere

2130 3800 2431 3841 murorum
2461 3799 2576 3839 non
2613 3780 2984 3853 permittebat
3011 3778 3258 3851 objectis
3283 3795 3297 3833 :
3323 3795 3618 3836 recurrere
3651 3795 3777 3836 ms-

2126 3874 2300 3931 china
2356 3871 2697 3945 prohibebat
2751 3871 3103 3936 subsecuta;
3137 3869 3400 3926 dextram
3456 3867 3779 3940 laevamque

2126 3959 2472 4019 diverticulo
2495 3958 2821 4033 gradientis
2857 3963 3074 4014 natura.
3115 3957 3388 4029 negabat,
3419 3957 3558 4027 euja
3604 3959 3781 4014 relbrt

2127 4054 2448 4113 dumtaxat,
2474 4049 2643 4104 modo
2670 4047 2886 4118 egredi,
2908 4045 3128 4115 regredi
3163 4045 3586 4120 modo,digredi
3620 4062 3777 4102 nun-

2127 4149 2304 4206 quam
2339 4149 2352 4188 :
2387 4129 2547 4187 dedit
2570 4147 2706 4202 ergo
2739 4145 2933 4200 prunas
2966 4127 3356 4182 Normannico
3385 4131 3540 4183 torre
3570 4127 3779 4182 ambu-

2127 4229 2255 4280 stus
2281 4221 2484 4284 latera,
2515 4219 2670 4291 quod
2702 4234 2737 4273 s
2763 4233 2952 4274 cornu
2991 4221 3229 4272 strenuo
3260 4213 3494 4288 ungula:
3523 4215 3777 4286 degene-

2127 4313 2272 4368 ravit
2303 4308 2582 4383 segnities
2607 4324 2620 4362 :
2645 4307 2705 4362 id
2733 4305 2928 4378 ipsum
2951 4304 3116 4377 prius
3135 4303 3378 4360 interior
3393 4303 3778 4360 flammatae-

2126 4397 2471 4464 taverat,sed
2498 4397 2562 4452 af
2560 4392 3304 4450 tluensincendio-oceurrit
3321 4391 3478 4449 unda
3499 4390 3771 4464 exterior,

373 4478 489 4534 rios
537 4478 622 4534 sic
669 4479 739 4534 ad
773 4479 1027 4535 murales
1059 4485 1294 4536 ruerent
1321 4481 1646 4554 amplexus,
1680 4483 1846 4556 quasi
1903 4502 2020 4542 una
2046 4499 2098 4566 Ι)
2126 4487 2223 4544 ille
2245 4483 2719 4542 mansitillaasus.
2743 4483 2826 4537 En
2849 4481 3060 4538 iterum
3083 4486 3317 4554 sumpto
3339 4478 3774 4536 fulmineChri-

374 4585 540 4624 mens
596 4574 654 4624 et
706 4569 854 4624 ratio
913 4569 1282 4642 singulorum
1329 4569 1448 4626 hinc
1507 4573 1684 4627 foret:
1721 4572 2016 4631 Osculabor

369 4657 732 4713 desideratura
787 4675 966 4714 vneam
1019 4659 1357 4714 Hierusalem
1407 4661 1733 4732 priusquam
1777 4665 2006 4719 moriar.

373 4746 562 4803 Miseri
590 4745 603 4802 Σ
629 4746 688 4802 in
713 4763 958 4820 quorum
981 4746 1181 4804 oscula
1203 4747 1374 4804 modo
1399 4749 1640 4815 ferrum,
1659 4751 1830 4806 modo
1852 4769 2011 4823 saxa,

370 4833 664 4891 interdum
715 4837 892 4892 sudes
942 4841 1208 4908 perustus
1257 4838 1455 4892 omnia
1508 4855 1706 4894 necem
1755 4841 2010 4898 subitam

371 4923 612 4980 osculati
665 4925 943 4996 pluebant
992 4925 1164 4980 muri.
1195 4927 1270 4982 Ac
1305 4943 1408 4982 nec
1438 4926 1520 4982 sic
1551 4928 1788 4999 quidem
1823 4935 2009 5002 empta

371 5010 550 5066 semel
583 5014 769 5082 potuit
800 5013 1000 5068 terreri
1031 5014 2010 5090 devotio:quinsmpiusszepiusque

372 5097 469 5154 alii
502 5099 560 5154 in
593 5105 776 5156 morte
807 5101 1053 5158 aliorum
1083 5103 1317 5158 eosdem
1337 5107 2003 5178 repeterentamplcxus.

369 5186 500 5242 Jam
531 5186 746 5243 exierat
774 5188 832 5243 in
862 5189 1082 5245 Julium
1112 5190 1294 5260 labor,
1327 5210 1360 5247 a
1409 5191 1622 5248 diutini
1669 5195 2008 5252 certaminis

371 5275 603 5332 exordio
635 5276 945 5350 quinquies
977 5297 1080 5350 per
1108 5281 1502 5352 septenarium
1527 5282 1840 5340 revolutus.
1865 5289 2008 5340 Con-

371 5374 730 5421 summatum
763 5372 851 5422 est
883 5385 1049 5438 opus.
1078 5372 1366 5426 tormenta
1388 5370 1724 5441 fabrefacta,
1747 5377 1975 5429 exstrue
1994 5405 2009 5416 -

371 5457 438 5508 ta:
471 5454 774 5525 machinae,
809 5461 1010 5528 parata
1039 5456 1236 5512 omnia
1270 5474 1394 5530 quae
1411 5461 2012 5530 prmsentisinstantia

369 5543 730 5600 necessitatis
761 5545 1092 5618 postulabat
1121 5563 1134 5613 ;
1168 5545 1358 5602 adhuc
1391 5551 1584 5604 tamen
1618 5555 1804 5622 potes,
1836 5551 2008 5608 tabu-

2127 4573 2350 4632 sticolis
2382 4569 2781 4628 Mabumicolaa
2813 4569 3047 4642 pluunt,
3083 4574 3146 4625 ut
3195 4567 3419 4626 stillata
3461 4572 3768 4624 nocentem

2123 4663 2406 4736 amphora
2437 4665 2614 4734 potet,
2647 4657 2934 4732 qui,prius
2955 4657 3117 4716 utilis
3147 4656 3272 4730 pice
3301 4662 3360 4712 et
3387 4655 3682 4728 sulphure.
3711 4661 3773 4711 et

2123 4753 2246 4809 face
2276 4751 2460 4806 fuerat
2490 4747 2804 4805 ustulatus.
2835 4747 3120 4820 Expertus
3146 4750 3238 4803 est
3269 4745 3466 4818 itaque
3489 4744 3654 4800 idem
3676 4744 3772 4802 bis

2123 4841 2545 4903 inﬂammatus,
2573 4837 2663 4892 bis
2694 4844 2966 4909 aquatus,
2999 4835 3092 4892 his
3117 4831 3484 4892 Mabummet
3523 4831 3767 4901 victum,

2123 4929 2214 4986 bis
2270 4929 2542 4984 victorem
2594 4925 2939 4982 Christum:
2973 4930 3034 4980 et
3062 4923 3157 4980 hic
3205 4938 3437 4995 quoque
3479 4919 3771 4978 elementa

2123 5022 2374 5074 actorem
2399 5018 2796 5088 cognoverunt
2827 5031 3025 5080 suum,
3047 5013 3128 5069 ad
3151 5011 3284 5083 ejus
3311 5007 3770 5077 nutum,alteru-

2119 5111 2277 5163 trum
2309 5103 2558 5160 victoria
2592 5103 2985 5176 permutantis
3031 5101 3213 5167 vices;
3249 5101 3534 5173 patefacto
3579 5097 3768 5165 aditu,

2120 5195 2392 5252 machina
2448 5193 2728 5266 procedit,
2760 5190 2942 5248 semel
2998 5195 3176 5263 atque
3234 5189 3448 5244 iterum
3496 5185 3768 5243 saltando

2117 5285 2272 5352 felix,
2305 5282 2514 5338 flebilis
2542 5280 2730 5349 tertio,
2758 5280 2904 5336 silva
2933 5296 3136 5336 recens
3163 5278 3276 5336 sub
3306 5293 3480 5334 onere
3525 5275 3764 5344 fatiscit,

2117 5372 2398 5446 obsequio
2431 5371 2766 5426 immatura.

2115 5461 2318 5520 CXXV.
2340 5493 2404 5502 —
2425 5459 2802 5515 Machinurum
2825 5458 3275 5530 cﬂ'ectusarubu:
3291 5455 3523 5512 cludunt
3541 5453 3767 5511 obsessi.

2189 5553 2321 5616 Quae
2353 5546 2525 5619 vulgo
2555 5545 2756 5616 soliva,
2789 5545 2956 5618 quasi
3005 5545 3150 5619 quia
3197 5561 3296 5619 per
3343 5541 3542 5601 solum
3568 5541 3763 5608 vadat,
