3984 6078
224 262 349 325 569

1575 262 1823 326 GESTA
1873 261 2291 324 TANCREDI.

3510 268 3628 330 570

224 397 779 472 nuncupaturtrabs
797 399 936 456 fissa
957 396 1113 456 latus
1136 399 1380 455 alterum
1402 397 1879 470 enervat,quippc
1907 396 1958 460 Α
1990 396 2182 452 Gloria
2214 397 2452 470 militiae,
2485 379 2716 471 generis
2750 417 2978 474 quoque
3007 399 3191 475 gloria
3221 400 3382 459 clari.

229 488 373 544 lavo
401 489 604 560 parieti
654 507 758 562 pro
807 491 1188 545 fundamento
1238 491 1516 560 subjecta.
1557 489 1716 542 Laesa
1744 504 1878 558 ergo

226 579 442 651 pedem
470 577 716 635 alterum
750 579 1022 635 machina
1053 583 1167 635 stat
1200 579 1537 643 immobilis,
1573 577 1882 649 procedere

223 667 514 736 invalida,
560 669 918 724 retrocedere
968 668 1293 740 indignata,
1347 673 1538 723 astare
1589 671 1878 722 contenta.

224 758 373 814 Ecce
403 757 618 813 iterum
649 757 814 813 dolor
842 763 898 813 et
923 761 1090 814 vetus
1111 775 1178 813 ex
1199 775 1310 812 usu
1337 762 1391 812 et.
1415 775 1598 812 novus
1618 773 1685 810 cx
1705 771 1842 811 casu
1865 771 1878 808 :

221 851 507 902 renovata
558 851 648 902 est
690 846 990 912 desolatio,
1025 847 1262 902 cicatrix
1291 852 1473 903 vetus.
1513 869 1539 895 ‹‹
1571 848 1742 909 Bene,
1787 844 1882 898 in-

223 935 478 1008 quiunt;
512 953 646 1008 spes
694 953 924 1008 quoque
972 937 1128 992 lenta
1175 937 1320 1002 fuit;
1357 936 1403 990 si
1438 936 1673 1008 quidem
1720 933 1882 988 inviti

226 1025 655 1092 credidimus,a
683 1043 798 1098 quo
821 1029 953 1098 post
968 1026 1255 1081 creditum
1281 1025 1523 1082 laedendi
1559 1019 1883 1081 fuerarusl

227 1131 295 1170 en
330 1114 524 1171 exitus
553 1129 724 1186 quem
760 1132 1031 1188 praesagae
1063 1115 1136 1170 ab
1167 1114 1400 1170 exordio
1443 1119 1666 1170 mentes
1695 1131 1883 1186 augu-

228 1204 466 1260 rabant.
501 1227 528 1252 ιθ
561 1204 724 1260 Inter
751 1204 858 1260 hos
885 1208 1080 1260 tamen
1113 1203 1609 1276 gemitus,falcata
1641 1204 1762 1260 acie
1792 1220 1882 1259 ar-

228 1298 433 1348 matur
456 1293 781 1365 pertica,ad
805 1295 1090 1350 secundos
1109 1295 1278 1350 funes
1296 1293 1492 1366 calybs
1515 1295 1884 1365 efﬁcax,quo-

227 1399 362 1438 rum
388 1381 639 1438 naribus
670 1382 966 1454 implicitae
987 1383 1058 1438 de
1073 1383 1260 1438 muris
1293 1383 1670 1438 minabantur
1697 1384 1880 1438 trabe.

228 1473 456 1528 ﬂorum
484 1471 665 1544 igitur
691 1471 1304 1538 exeisionem,illarum
1334 1489 1466 1527 mox
1497 1472 1770 1527 comitata
1796 1477 1885 1527 est

230 1560 474 1626 solutio,
498 1560 969 1632 solutiOnemque
995 1561 1168 1616 ruina
1201 1578 1213 1617 :
1247 1563 1512 1617 dextima:
1545 1561 1883 1616 sinistimae-

226 1667 344 1721 que
379 1649 560 1706 turris
591 1649 868 1706 solatium
900 1650 1188 1713 cessabat,
1214 1668 1463 1722 quarum
1498 1651 1882 1706 remotiuscu-

223 1738 352 1794 lam
382 1739 742 1805 Tancredus,
776 1738 1212 1810 propiusculam
1265 1757 1461 1796 comes
1513 1741 1885 1795 Normannus
1917 1773 1960 1836 Β

231 1828 430 1882 fundae
462 1826 714 1883 balearis
748 1827 979 1882 turbine
1011 1827 1404 1884 dissolvebant
1459 1831 1674 1901 Suapte
1708 1847 1887 1884 causa

225 1915 494 1974 sollicitae
523 1916 945 1972 scolam-antem
966 1934 1080 1972 non
1104 1918 1422 1974 audiebant
1444 1919 1615 1973 vicini
1636 1920 1887 1974 imprae-

228 2005 437 2062 seri-im
486 2006 879 2061 Nermanaica
927 2011 1047 2060 tam
1097 2007 1400 2062 nocentior
1456 2024 1570 2079 quo
1628 2009 1883 2080 propior,

228 2094 482 2167 ideoque
512 2094 768 2151 odiosior
798 2095 965 2150 facile
1003 2096 1129 2165 jam
1180 2097 1586 2152 succubuisset
1616 2097 1882 2168 impulsi-

232 2185 347 2240 bus
381 2200 394 2238 :
427 2185 532 2239 sed
565 2185 802 2254 objecta:
831 2189 1118 2243 tormento
1168 2185 1344 2256 paleis
1380 2186 1612 2241 ruinam
1655 2188 1882 2242 differe-

230 2273 416 2342 bant;
439 2272 703 2329 latebant.
725 2271 880 2327 enim
911 2277 1043 2344 post
1071 2288 1269 2328 saccos
1292 2274 1600 2333 mmniaut
1621 2275 1744 2344 jam
1771 2292 1885 2329 non

233 2366 558 2419 tremerent
603 2362 677 2416 ad
727 2377 987 2417 marmor
1012 2361 1233 2417 volans.
1267 2364 1447 2417 Erant
1494 2364 1690 2435 itaque
1724 2364 1889 2418 labor

235 2452 491 2516 multus,
525 2452 750 2506 fructus
777 2451 1080 2517 minimus,
1113 2451 1382 2523 planctus
1413 2452 1887 2524 plurimus,risus

235 2539 458 2596 nullus.
495 2539 602 2594 Sed
640 2555 784 2610 quos
816 2539 886 2593 ad
922 2539 1104 2594 risum
1139 2539 1575 2612 lacrymabilcm
1609 2559 1722 2595 non
1765 2558 1888 2597 mo-

231 2633 366 2684 veat
400 2629 674 2684 sacerdos
706 2627 969 2692 bellicus,
1001 2644 1136 2682 cum
1187 2629 1491 2684 fatiscente
1529 2630 1758 2696 militia,
1794 2629 1888 2684 ille

231 2717 530 2774 delicatus-
550 2717 696 2772 Ordo
739 2717 798 2770 in
831 2716 979 2772 albis
1027 2721 1084 2772 et
1132 2717 1299 2773 stolis
1337 2718 1555 2773 scalam
1593 2719 1886 2785 vehentes,

233 2809 453 2864 ﬂentes
469 2805 732 2862 vehendo
766 2811 1084 2878 gemerent,
1102 2806 1289 2862 ﬂendo
1324 2806 1667 2879 psallerent;
1693 2814 1747 2863 et
1769 2808 1890 2864 haec

234 2885 478 2969 quidem
509 2895 757 2968 gestatio
789 2899 845 2949 et
875 2911 1022 2966 opus
1053 2900 1196 2958 erat,
1230 2903 1285 2950 et
1316 2913 1530 2963 sermo,
1567 2897 1664 2952 sed
1700 2914 1889 2952 sermo

235 2985 451 3058 magis.
476 2986 755 3055 Tuncque
803 3001 920 3054 prie
951 2983 1146 3040 labore
1176 2984 1449 3040 militaris
1483 2988 1747 3057 torpebat
1776 2986 1888 3042 vir-

237 3073 496 3138 tus,jvisu
525 3072 761 3128 insolito
786 3078 1136 3145 experrecta.
1173 3073 1338 3128 Redit
1371 3075 1441 3129 ad
1475 3092 1695 3139 muros,
1728 3075 1887 3147 pium

1992 487 2338 552 Bernardus,
2375 493 2427 542 te
2451 495 2648 542 sancte
2678 508 2890 546 vocans
2921 490 3179 547 Valerice
3210 498 3544 564 patronum,

1989 576 2032 628 A
2063 593 2177 647 quo
2209 582 2264 631 et
2294 594 2612 648 cognomen
2648 579 2844 646 simul,
2879 597 3280 653 agnomenque
3311 583 3581 638 trahebat
3613 600 3625 638 :

1988 665 2104 719 Vos
2136 670 2329 721 tamen
2362 666 2420 720 in
2456 668 2642 722 muris
2674 669 2998 740 reperitque
3025 669 3294 742 doletque
3324 675 3582 742 repertos

1991 754 2193 809 Nobile
2222 772 2326 826 par
2357 755 2600 809 fratrum
2636 757 2954 823 Lottholde,
2979 764 3294 831 secuthue
3324 760 3558 814 fratrem

1992 831 2333 915 Engelberte
2356 849 2484 898 ortu
2518 861 2850 916 scansuque
2879 849 3131 902 secunde
3165 848 3414 919 priorem
3447 867 3459 904 :

1992 934 2145 996 Quos
2177 932 2332 987 scala
2364 932 2421 985 in
2452 950 2650 989 muros
2684 935 2739 987 in
2775 935 2989 990 scalam
3024 937 3294 993 Flandria
3323 939 3487 995 misit
3519 956 3532 993 :

1993 1020 2204 1074 ania
2235 1021 2426 1090 partiti
2462 1021 2818 1090 discurrunt,
2852 1023 2951 1086 illa
2977 1042 3079 1095 per
3109 1027 3350 1094 Eurum,

1995 1109 2223 1163 Fratres
2270 1126 2370 1180 per
2409 1110 2732 1182 Zephyrum
2782 1129 2794 1166 :
2849 1111 3074 1168 laniant
3128 1113 3463 1189 laniataque
3506 1123 3636 1174 tru-

3347 1207 3516 1278 [dunt
3549 1225 3562 1263 :

1992 1286 2243 1359 Corpora
2274 1304 2504 1360 quaque
2537 1293 2732 1357 ruunt,
2770 1290 2961 1364 fragor
2990 1292 3096 1348 hos
3127 1294 3416 1365 sequitur,
3443 1296 3638 1370 fragor

3350 1383 3564 1456 [illum.

1994 1467 2186 1522 Prima
2215 1472 2407 1522 tamen
2442 1468 2626 1523 cervix
2661 1469 2936 1524 humeros
2967 1488 3094 1542 quae
3125 1488 3273 1527 caesa
3303 1472 3556 1545 reliquit,

1992 1557 2322 1612 Caediferam
2359 1557 2543 1612 sensit
2564 1559 2824 1614 dextram
2860 1577 2871 1614 :
2907 1577 3034 1631 qua:
3058 1561 3230 1617 tertia
3261 1563 3460 1634 repsit,

1993 1645 2195 1699 Stabat
2227 1646 2417 1700 adhuc
2440 1651 2705 1712 truncus,
2731 1664 2863 1703 cum
2887 1651 3012 1720 jam
3047 1649 3312 1722 galeatus
3345 1651 3417 1706 ad
3449 1652 3570 1707 ima

1995 1733 2295 1789 Deciderat
2326 1740 2516 1790 vertex
2551 1753 2562 1790 :
2598 1741 2655 1791 at
2689 1754 2819 1792 mox
2851 1737 3007 1793 hunc
3037 1738 3134 1794 ille
3166 1745 3423 1807 secutus,

1994 1825 2061 1877 Et
2083 1839 2268 1879 erasus
2298 1824 2514 1879 calcem
2547 1830 2635 1880 est
2664 1831 2954 1897 expertus,
2988 1831 3045 1883 et
3071 1828 3295 1900 integer
3323 1843 3522 1886 ensem

1995 1912 2102 1967 Sed
2129 1913 2255 1982 jam
2287 1913 2579 1967 crudescit
2610 1913 2851 1977 bellum,
2879 1916 3004 1986 jam
3037 1917 3292 1973 crebrior
3321 1935 3486 1973 arces

1996 2000 2271 2072 Irrumpit
2301 2001 2573 2072 populus,
2607 2006 2855 2058 veterem
2881 2005 3006 2075 jam
3042 2005 3255 2060 muenia
3285 2006 3469 2062 civem

1995 2088 2302 2159 lndignato
2336 2105 2478 2143 novo
2512 2096 2842 2160 superante,
2877 2097 3116 2164 stupent
3148 2095 3487 2165 gravitatem

1998 2177 2208 2230 Plantae
2234 2177 2521 2242 victricis;
2556 2181 2708 2250 quod
2737 2181 2882 2235 dura
2914 2183 3067 2252 quod
3103 2183 3369 2254 improba
3399 2199 3606 2241 cursus

1996 2267 2316 2337 Praegravis
2353 2267 2832 2340 inculcet,rapida
2853 2270 3084 2339 involet,
3110 2271 3346 2328 horrida
3376 2273 3588 2344 pulset.

2433 2375 2692 2430 CXXVII.
2730 2407 2792 2416 —
2821 2375 2954 2432 Urbs
2981 2380 3215 2449 capitur.

1995 2461 2142 2532 Ergo
2178 2462 2371 2533 fugam
2405 2463 2612 2535 trepidi
2648 2465 2792 2520 satis
2822 2472 3132 2537 aspernata
3161 2467 3350 2523 coloni

1997 2551 2309 2604 Excutinnt
2343 2552 2623 2608 tremulas
2655 2557 2984 2610 transverso
3015 2557 3225 2612 vertice
3257 2557 3508 2628 plantas,

1995 2639 2209 2693 Victori
2239 2640 2559 2708 assultant;
2595 2643 2894 2699 admissus
2924 2644 3105 2701 victor
3131 2646 3316 2701 inerte

1999 2726 2167 2783 Plebc
2196 2727 2344 2783 levat
2374 2746 2639 2800 pressos;
2675 2731 2954 2799 assultus,
2988 2734 3244 2804 praemia,
3280 2750 3500 2802 muros,

1997 2817 2289 2872 Ascensus
2322 2819 2498 2872 avida":
2530 2820 2819 2890 graduum
2855 2822 3095 2891 penuria
3125 2822 3316 2894 gentis

1997 2904 2141 2959 Vota
2174 2907 2532 2975 morabatur,
2566 2909 2823 2963 vicinum
2855 2909 3031 2965 limen
3065 2912 3277 2979 aditur,

2004 2995 2327 3066 Frangitur,
2363 3001 2536 3067 atque
2567 2997 2826 3053 humeris
2857 2999 3085 3070 pulsato
3115 3001 3348 3057 cardine
3379 3002 3519 3058 solis

2001 3082 2128 3137 Mox
2151 3083 2512 3154 Josaphalece
2546 3091 2860 3156 patuerunt
2894 3089 3099 3143 robora
3130 3095 3327 3162 portae,

235 3163 389 3220 illud
419 3164 588 3234 Hyrie
614 3163 815 3217 eleison
847 3161 1166 3228 comitans;
1220 3162 1386 3229 illud,
1437 3164 1698 3236 inquam,
1729 3145 1787 3220 et
1817 3166 1888 3220 ab
1920 3145 1960 3210 Ο
2004 3173 2150 3244 Ergo
2184 3145 2573 3228 ubi-claustra
2606 3178 2822 3246 patent,
2846 3180 3055 3232 cuncta
3087 3145 3516 3250 aspiran'tmihil
3541 3183 3648 3239 ob-

241 3253 364 3307 irno
397 3255 628 3324 pectore
655 3266 980 3324 egressum,
1020 3255 1079 3306 et
1121 3253 1191 3306 ad
1225 3253 1442 3306 summi
1479 3269 1650 3308 aures
1676 3255 1894 3323 judicis

240 3341 560 3398 efﬁcaciter
609 3355 1006 3413 progressu-tn.
1052 3341 1359 3396 Exaudivit
1403 3341 1561 3397 enim
1612 3343 1895 3399 Dominus

243 3430 564 3487 clamorem
592 3429 996 3494 contritorum,
1032 3445 1218 3501 neque
1240 3429 1392 3486 ultra
1413 3431 1694 3486 sustinuit
1725 3434 1895 3504 perti-

243 3521 458 3576 dorum
489 3517 1029 3591 blasphcmias.()ui
1056 3518 1246 3573 divisit
1273 3536 1425 3575 mare
1457 3521 1699 3576 Rubrum
1731 3523 1785 3575 in
1818 3523 1899 3576 di-

243 3612 507 3679 visiones,
555 3616 606 3664 et
645 3608 835 3662 eduxit
875 3608 1040 3662 Israel
1085 3623 1182 3678 per
1228 3609 1468 3663 medium
1515 3610 1631 3678 ejus
1675 3630 1692 3664 :
1726 3611 1895 3666 modo

243 3699 474 3755 solatus
495 3702 584 3752 est
611 3696 903 3752 desolatas
935 3701 1276 3768 suos,atq'ue
1307 3697 1406 3752 ubi
1432 3699 1557 3769 jam
1588 3716 1723 3770 spes
1745 3701 1895 3755 exci-

241 3789 416 3844 derat
441 3787 592 3853 vitaa,
623 3785 851 3841 aditum
883 3785 1158 3840 reseravit
1185 3785 1434 3841 victoria:
1487 3805 1499 3841 :
1543 3805 1678 3842 nam
1712 3789 1897 3844 multa

240 3876 522 3949 expertis,
555 3879 618 3932 at
645 3876 865 3930 frustra
892 3879 1097 3929 caetera
1121 3890 1132 3928 :
1165 3875 1410 3930 flumina
1437 3893 1670 3948 quoque
1691 3894 1806 3949 qua
1827 3877 1896 3932 li-

240 3972 336 4022 eet
365 3964 588 4037 placuit
615 3964 858 4027 imitari,
889 3967 956 4018 ut
998 3963 1088 4018 vel
1136 3964 1220 4018 sic
1249 3963 1622 4020 cl‘amidatam
1657 3972 1898 4037 possent

242 4072 441 4111 amem
489 4070 718 4109 exuere.
754 4052 929 4107 Sitire
990 4069 1254 4106 cruorem
1302 4055 1525 4108 arundo
1573 4054 1747 4110 solita
1770 4058 1896 4127 jam

243 4145 522 4199 ﬂammas
566 4143 769 4208 vomit,
806 4155 917 4197 non
953 4141 1102 4210 jam,
1151 4140 1417 4213 inquam,
1459 4144 1750 4217 exstingui
1799 4151 1900 4200 aut

241 4233 616 4304 exstinguere
646 4230 978 4296 sitiens,sed
1010 4231 1326 4286 accendere
1356 4232 1576 4297 furens,
1598 4233 1898 4290 emittente

242 4340 430 4378 cornu
459 4319 707 4392 spicula.
744 4318 1013 4375 tellurem
1047 4325 1216 4390 putes
1249 4336 1416 4376 versa
1443 4321 1565 4376 vice
1597 4322 1652 4375 in
1687 4322 1895 4378 coelum

246 4411 600 4467 fulminare:
635 4409 764 4464 ideo
795 4410 1010 4464 ferrum
1043 4409 1300 4463 candens
1331 4425 1466 4464 aera
1488 4411 1559 4464 ab
1583 4410 1699 4464 imo
1722 4412 1780 4465 in
1803 4429 1899 4467 su-

244 4501 428 4556 blime
456 4499 731 4581 dissecat,
764 4497 906 4552 dum
956 4511 1155 4568 penna:
1206 4499 1621 4569 subsequentis
1656 4501 1898 4574 remigio
1930 4514 1976 4578 Ι)

244 4591 460 4660 adju-ta-
484 4587 882 4644 ﬂammivoma
911 4585 1109 4656 cuspis
1141 4584 1336 4657 paleas
1359 4586 1535 4641 simul
1571 4589 1821 4658 perfodit
1842 4595 1899 4645 et

242 4675 532 4742 accendit,
561 4675 736 4746 cujus
765 4672 1018 4728 incendii
1047 4672 1206 4727 vires
1227 4674 1491 4743 ejusdem
1541 4675 1684 4732 artis
1718 4678 1900 4733 tutela

245 4784 363 4821 non
398 4766 610 4829 femus,
642 4764 859 4820 cedunt
909 4761 1167 4817 ﬂammis
1212 4763 1316 4834 qui
1363 4781 1470 4818 nec
1499 4764 1716 4835 jaculis
1764 4771 1898 4823 ante

245 4858 684 4918 cessaruntmec
716 4851 1199 4908 balistisﬂaeuos
1230 4850 1409 4923 igitur
1428 4853 1651 4908 civibus
1676 4873 1894 4924 muros,

244 4942 416 4999 scalae
447 4940 727 4998 hostibus
747 4955 880 4996 mox
912 4939 1134 5011 replent
1155 4938 1481 5011 applicata:
1504 4943 1603 4996 sed
1627 4947 1683 4998 et
1705 4944 1896 5014 pontis

245 5032 437 5086 instar
485 5031 738 5101 trajecta
773 5028 990 5100 palma,
1044 5026 1198 5081 cives
1255 5027 1526 5082 hostibus
1574 5031 1894 5097 continuat,

245 5120 474 5193 lignum
510 5119 932 5185 saxis,murum
962 5114 1248 5170 machinae
1283 5132 1295 5169 :
1323 5115 1430 5170 hac
1460 5133 1691 5189 quoque
1713 5135 1818 5190 ope
1840 5120 1899 5175 in

247 5209 454 5264 urbem
477 5207 628 5281 repit
648 5208 929 5278 juventus
949 5204 1121 5260 avida
1141 5204 1416 5258 manibus
1439 5207 1688 5277 pedibus
1718 5225 1751 5262 a
1778 5226 1903 5280 pro-

247 5297 413 5354 cellis
441 5297 509 5354 in.
531 5301 767 5368 portum
789 5298 1052 5350 tranans.

516 5436 584 5444 »-
620 5401 929 5457 Bernardus
976 5400 1170 5456 Sancti
1223 5400 1479 5466 Valerici,
1519 5401 1821 5458 Letthohlus
1851 5413 1900 5459 et

657 5475 1018 5545 Engclbertus
1042 5485 1236 5526 muros.
1257 5472 1508 5526 subeunt.

250 5564 491 5622 Primus
514 5562 582 5621 in-
609 5563 702 5622 tris
732 5562 936 5620 stricto
957 5558 1192 5631 juvenis
1225 5558 1604 5632 prmfulgurat
1633 5576 1794 5633 ense,

3439 3277 3575 3337 stat,

3439 3277 3575 3337 stat,

2007 3350 2148 3416 liuc,
2185 3349 2575 3419 illuc,dcxtra,
2612 3351 2769 3419 laeva,
2805 3371 3040 3410 sursum
3070 3362 3242 3430 atque
3274 3269 3576 3430 deorgum;

2008 3441 2111 3494 Per
2142 3445 2288 3505 sata,
2322 3458 2424 3512 per
2450 3442 2680 3507 dumos,
2704 3461 2804 3515 per
2829 3448 2998 3510 tecta,
3034 3463 3135 3518 per
3160 3463 3424 3520 arva,per
3453 3450 3651 3508 hortos

2007 3529 2334 3596 Dissiliunt,
2373 3531 2745 3600 interficiunt,
2783 3533 3036 3606 rapiunt,
3068 3535 3442 3607 pepulantur.

2007 3619 2108 3674 Hic
2141 3635 2338 3690 pecus,
2369 3619 2461 3674 illo
2501 3621 2770 3690 domum;
2807 3640 2941 3694 pars
2985 3642 3215 3692 aurum,
3251 3643 3355 3698 par
3398 3627 3651 3684 orichal-

2010 3779 2176 3834 Falsa
2206 3780 2428 3852 decepti
2463 3781 2670 3853 specie,
2708 3782 2980 3855 fulvoque
3014 3785 3226 3854 nit-ore;
3399 3716 3577 3791 [ϐψω

2007 3868 2301 3923 Plurimus
2334 3875 2661 3941 argentum,
2690 3872 2930 3943 quidam
2964 3890 3248 3946 gemmas,
3274 3874 3368 3930 alii
3401 3883 3650 3945 ostrum;

2007 3958 2212 4014 Servos
2243 3959 2528 4022 nonnulli,
2552 3961 2770 4016 cursim
2802 3963 2998 4017 omnia
3029 3969 3085 4018 et
3116 3965 3313 4020 omnia
3335 3965 3546 4037 raptim

2008 4047 2079 4102 Ut
2110 4053 2301 4103 tamen
2335 4047 2391 4100 in
2424 4048 2596 4120 vulgo
2630 4051 2738 4104 fert
2769 4051 2986 4118 fabula,
3013 4070 3131 4124 qua
3161 4071 3269 4109 sua
3301 4054 3518 4126 cuique-

2007 4138 2107 4191 Est
2138 4136 2375 4208 prurigo
2406 4138 2616 4209 gravis,
2653 4140 2810 4210 prior
2842 4141 2978 4196 illuc
3010 4141 3227 4198 involat
3257 4144 3494 4215 unguis,

2008 4226 2101 4282 Sic
2136 4227 2303 4280 modo
2338 4226 2685 4296 posthabitis
2717 4231 3020 4285 ornatibus
3048 4233 3392 4292 ambitiosis.

2008 4317 2128 4380 Quo
2161 4332 2266 4369 suo
2297 4333 2587 4387 quemque
2618 4318 2769 4389 rapit
2801 4320 3062 4390 penuria,
3099 4321 3326 4375 sistitur
3355 4321 3474 4375 illic
3511 4338 3522 4376 :

2008 4401 2281 4456 Esuriens
2311 4405 2478 4457 furno
2502 4419 2613 4457 non
2645 4404 2827 4459 esurit
2857 4423 3020 4461 arma
3050 4412 3294 4479 reperto,

2008 4491 2121 4544 Nec
2152 4491 2355 4545 sitiens
2388 4493 2544 4545 unda
2576 4493 2697 4547 sitit
2726 4511 2838 4549 aera
2868 4512 3113 4566 pecusve
3146 4501 3392 4567 reperta,

2008 4581 2182 4635 Tecta
2214 4580 2374 4634 subit
2405 4580 2596 4646 leSllS,
2633 4583 2748 4636 ruit
2779 4586 2844 4638 arl
2878 4584 3168 4640 velamina
3199 4587 3423 4653 nudus;

2006 4669 2085 4722 Ad
2119 4667 2326 4723 calices
2361 4669 2621 4734 bibulus,
2655 4671 2724 4724 ad
2759 4689 2896 4742 opes
2926 4673 3162 4728 festinat
3193 4691 3423 4730 avarus.

2007 4757 2272 4812 Sternere
2304 4757 2601 4822 nobilitas,
2635 4759 2843 4831 vulgus
2875 4760 3123 4832 spoliare
3157 4761 3381 4817 laborat
3413 4779 3425 4817 :

2009 4846 2172 4901 Miles
2204 4847 2356 4900 caede
2389 4847 2575 4910 rubet,
2612 4848 2725 4902 dux
2757 4849 3097 4905 exhortatur
3126 4857 3182 4906 et
3212 4856 3399 4922 urget.

2009 4935 2151 4988 llinc
2185 4936 2357 4989 ambo
2387 4935 2833 5001 validi,comites
2864 4939 3054 4998 ambo.
3083 4941 3256 4997 ambo
3288 4940 3544 5006 Roberti,
3595 4975 3597 4982 τ

2011 5024 2110 5077 llic
2144 5024 2606 5078 Normannorum
2641 5042 2854 5087 comes,
2889 5027 2986 5082 ille
3020 5028 3558 5101 Flandrigenarum,

2013 5113 2253 5182 Duxque
2285 5111 2623 5166 Godefricus
2655 5114 2802 5169 bello
2836 5115 3213 5173 celeberrima
3242 5118 3448 5186 virtus,

2010 5200 2175 5255 Illinc
2208 5200 2623 5271 magnanimus
2655 5203 2841 5258 sancti
2871 5223 3066 5261 comes
3097 5209 3433 5279 Egidianus

2011 5293 2050 5346 E
2086 5290 2315 5361 regione
2347 5305 2522 5342 ruens
2557 5290 2774 5346 vicinas
2807 5295 3114 5350 scanderat
3143 5313 3324 5361 arces,

2008 5383 2078 5436 Et
2110 5395 2285 5452 quam
2316 5377 2647 5433 Davidicam
2681 5386 2844 5436 vocat
2874 5383 3084 5451 incola,
3120 5386 3377 5440 cinxerat
3406 5385 3607 5452 armis,

2010 5472 2133 5525 Non
2166 5468 2289 5522 sine
2312 5466 2630 5522 multorum
2661 5487 2799 5526 necs
2832 5473 3106 5546 praecipiti
3142 5476 3500 5547 rel'ugaru-m,

2009 5563 2163 5626 Quos
2198 5561 2332 5628 fuga
2364 5555 2434 5612 de
2466 5557 2655 5614 muris
2689 5560 3011 5634 adﬁasylum
3042 5567 3292 5620 traxerat
3322 5564 3493 5622 arcis.
