3996 6096
3959 147 3964 200 ἑ

409 275 521 341 571
921 277 1025 340 AD
1071 277 1580 343 GODEFRIDUM
1625 276 1962 340 APPEND.
2010 275 2087 338 Il.
2122 310 2200 323 —-
2227 274 2538 343 MONUM.
2583 278 2686 341 EE
2726 277 2974 342 BELLO
3018 277 3296 343 SACRO.
3687 273 3812 338 572
3839 253 3846 260 Ἰ
3957 285 3960 343 ῗ

858 409 1144 469 CXXVIII.
1177 445 1245 454 —-
1281 411 1599 469 Tancredu-s.

402 503 476 558 At
505 501 842 558 Tancredus
873 502 1066 570 homo,
1095 501 1194 574 qui
1226 519 1338 558 non
1367 502 1668 567 homo,sed
1701 500 1918 568 leo,sed
1943 517 2045 556 nec

404 591 482 648 Os
502 592 737 648 oculove
765 591 875 660 leo,
913 591 1056 663 quin
1087 592 1204 647 imo
1235 608 1333 647 cor
1363 592 1486 664 ipse
1515 591 1722 656 leonis,

400 683 486 737 Ad
518 683 740 754 majora
765 681 932 748 furit;
969 685 1172 736 neuter
1203 681 1355 752 quod
1388 680 1638 736 somniet
1666 681 1830 752 Ajax,

400 771 526 826 Non
559 771 784 835 Hector,
815 787 927 824 non
963 770 1290 825 Hmctoreus
1320 774 1624 841 superator
1651 767 1902 824 Achilles

399 861 624 914 Audeat
655 876 667 913 :
703 859 810 914 hoc
845 857 1009 913 facile
1039 863 1095 912 et
1127 875 1372 930 pronum
1405 857 1769 913 Wiscardida
1799 857 1964 913 ducis

398 949 572 1003 Curia
596 947 969 1019 templorum,
1004 963 1161 1001 nunc
1194 946 1369 1002 unius
1399 951 1534 1002 ante
1555 947 1827 1013 duorum,

395 1037 560 1094 Nunc
590 1041 821 1092 tantum
843 1034 1082 1100 domini,
1107 1035 1269 1106 prius
1287 1040 1341 1090 et
1358 1035 1579 1092 domini
1602 1040 1657 1091 et
1678 1035 2039 1092 Salomonis:

395 1127 511 1182 Hoc
543 1125 780 1199 quidem
811 1125 1001 1180 adhuc
1032 1130 1197 1197 gyrat
1234 1123 1410 1192 latus,
1444 1124 1590 1180 illud
1622 1129 1677 1180 et
1709 1130 1908 1180 auster
1937 1125 2041 1180 ha-

1751 1215 1967 1286 [bebat,

391 1307 520 1362 Hac
552 1304 808 1378 spatiosa
837 1321 1017 1376 capax
1047 1302 1408 1360 circumdata
1437 1303 1732 1359 mcenibus
1763 1303 1917 1373 altis,

390 1396 636 1452 Cardine
659 1399 776 1450 tam
807 1395 1039 1465 gemino
1063 1394 1280 1449 ferrata
1312 1395 1510 1465 fugam
1543 1397 1714 1464 atque
1746 1392 2035 1459 timorem,

389 1486 718 1553 Horrorem,
753 1489 808 1540 et
838 1483 1052 1540 bellum
1087 1486 1268 1537 totam
1298 1481 1417 1537 imo
1450 1487 1742 1554 receperat
1780 1481 1985 1536 urbem
2021 1498 2033 1537 :

388 1575 506 1630 Hoc
537 1574 778 1630 adamas
807 1572 1046 1638 ferrum,
1080 1572 1293 1626 durum
1325 1570 1453 1638 hoc,
1488 1570 1588 1624 sed
1611 1569 1813 1625 durior
1835 1569 1930 1626 ille

387 1663 727 1720 Tancredus
758 1660 972 1734 pulsat,
1007 1660 1344 1732 confringit,
1377 1659 1642 1726 conterit,
1677 1657 1856 1713 intrat
1888 1675 1900 1714 :

388 1753 574 1824 Cujus
605 1752 676 1807 ad
708 1751 1012 1806 introitum
1047 1749 1196 1822 fugit
1228 1747 1602 1804 irrevocabile
1628 1747 1840 1820 vulgus

385 1843 456 1898 Et
485 1840 898 1898 Salomoniacae
929 1839 1402 1911 quindeniforum
1424 1837 1578 1893 latus
1605 1837 1750 1892 aulae

387 1932 755 2002 Irrumpunt;
789 1929 954 2001 piger
983 1945 1119 1984 ense
1150 1926 1323 1997 cadit,
1355 1926 1506 1983 celer
1535 1925 1736 1999 effugit
1765 1942 1988 1993 ensem,

383 2024 632 2092 Compos
661 2017 858 2090 eﬂ'ugii
892 2021 1118 2090 portam
1152 2017 1403 2081 obserat,
1431 2015 1594 2070 obice
1618 2015 1799 2082 fulcit,

382 2110 497 2164 Aut
525 2109 654 2163 vitae
687 2106 916 2163 stabilis
967 2122 1134 2178 spes;
1189 2109 1291 2160 aut
1322 2121 1484 2159 mora
1515 2103 1799 2176 quantula
1828 2103 2032 2160 mortis

382 2198 466 2253 Ad
497 2196 729 2253 Domini
761 2195 1048 2267 templum
1077 2193 1248 2250 vertit
1277 2210 1337 2250 se
1366 2193 1557 2262 vertit,
1591 2197 1646 2248 et
1676 2210 1806 2248 ecce

385 2285 613 2342 Limina
643 2285 920 2357 signifero
951 2285 1256 2355 pateﬁunt,
1291 2281 1551 2337 culmina
1580 2281 1768 2354 signo.

772 2371 1002 2428 CXXIX.
1036 2404 1104 2412 --
1138 2372 1413 2443 Templum
1443 2372 1642 2442 spoliat

383 2464 585 2522 Stabat
613 2463 672 2518 in
704 2461 928 2518 excelso
959 2459 1342 2516 simulacrum
1375 2459 1544 2515 fusile
1575 2459 1806 2516 throno.

382 2553 618 2610 Scilicet
646 2555 954 2623 argentum
988 2566 1180 2622 grave,
1215 2549 1306 2604 cui
1340 2549 1432 2603 vix
1461 2565 1604 2604 sena
1634 2549 1868 2604 ferendo

381 2644 627 2699 Dextera
654 2639 910 2697 sufﬁciat
940 2639 1123 2706 fortis,
1155 2638 1250 2693 vix
1280 2639 1431 2694 dena
1459 2637 1723 2694 levando.

381 2733 500 2788 Hoc
533 2731 630 2786 ubi
664 2729 1002 2786 Tancredus
1036 2731 1420 2801 prospectat,«
1449 2728 1554 2783 Pro
1573 2727 1785 2799 pudor!
1813 2727 2023 2800 inquit,

381 2821 530 2888 Quid
563 2819 674 2876 sibi
703 2818 828 2874 vult
860 2834 1136 2890 praesens,
1170 2834 1297 2889 quae
1339 2820 1457 2872 stat
1487 2816 1759 2872 sublimis
1789 2816 2029 2890 imago?

381 2911 529 2978 Quid
563 2909 673 2966 sibi
702 2908 828 2963 vult
856 2908 978 2963 hinc
1000 2905 1270 2979 efﬁgies?
1300 2905 1441 2978 quid
1466 2905 1739 2978 gemma?
1769 2905 1907 2978 quid
1931 2923 2030 2961 au-
2972 2979 2983 2986 ἡ
3553 2909 3711 2983 [stis.

1763 2995 1958 3060 [rum?
2135 2998 2256 3068 Eia,
2291 3001 2488 3054 sancte
2520 2997 2699 3065 furor,
2727 3012 2892 3053 sacer
2921 2996 3099 3064 ensis,
3127 3001 3332 3052 sancta
3360 3013 3602 3070 vorago;

379 3090 526 3156 Quid
559 3088 668 3145 sibi
699 3086 826 3141 vult
855 3085 1120 3142 ostrum?
1148 3101 1284 3140 nam
1317 3083 1566 3156 gemmis
1597 3087 1753 3140 totus
1783 3087 1839 3139 et
1869 3089 2025 3140 ostro
2066 3155 2096 3161 _
2135 3088 2420 3161 Spargite,
2445 3085 2788 3158 spargimini
2822 3101 2965 3158 gens
2997 3102 3191 3158 prava,
3222 3085 3330 3141 viri
3362 3085 3650 3155 scelerati,

378 3179 669 3236 Hahumet
689 3175 999 3232 redimitus
1029 3179 1172 3241 erat,
1198 3174 1462 3229 radiabat
1490 3177 1546 3228 et
1575 3191 1738 3238 auro,
2056 3155 2098 3220 (ἶ
2137 3176 2452 3248 Sanguinis
2480 3174 2733 3232 insontis
2764 3174 2943 3241 fusor,
2977 3192 3116 3231 sons
3149 3175 3388 3231 fundere
3419 3176 3663 3249 sanguis
3697 3195 3711 3232 :

307 3299 317 3308 ι
377 3267 642 3324 Forsitan
675 3266 784 3321 hoc
815 3263 1133 3332 Martis,vel
1163 3261 1448 3334 Apollinis
1479 3266 1568 3317 est
1601 3262 2024 3317 simulacrum:
2137 3265 2244 3332 Qui
2270 3265 2567 3320 Christum
2601 3262 2814 3319 totiens
2847 3263 2904 3318 in
2940 3264 3224 3319 membris
3253 3263 3604 3330 dilacerasti,

376 3355 652 3428 Nunquid
686 3353 844 3410 enim
873 3351 1184 3424 Cgristus?
1219 3368 1332 3405 non
1363 3351 1460 3405 hic
1501 3351 1755 3422 insignia
1786 3351 2024 3415 Christi,
2137 3354 2346 3428 Excipe
2377 3353 2642 3409 membra
2671 3351 2826 3408 vices
2853 3351 2958 3407 tibi
2991 3369 3138 3425 quas
3161 3353 3412 3408 reddunt
3433 3355 3606 3411 modo
3627 3356 3794 3411 Chri-

376 3447 502 3502 Non
536 3461 695 3512 crux,
730 3460 846 3497 non
877 3445 1120 3507 sertum,
1154 3456 1267 3494 non
1317 3438 1483 3504 clavi,
1519 3457 1630 3494 non
1683 3439 1837 3494 latus
1875 3439 2027 3495 hau-
3591 3444 3712 3516 [αἱ.

1731 3528 1950 3618 istum:
2219 3547 2476 3603 cxxxu.
2510 3578 2578 3586 —
2612 3548 2769 3604 Urbis
2792 3547 3104 3618 populatio;
3134 3548 3304 3603 hostes
3329 3548 3461 3603 victi
3488 3550 3702 3605 animos

376 3625 526 3696 Ergo
539 3638 726 3694 neque
739 3619 832 3674 hic
846 3619 925 3675 Ch
935 3617 1283 3689 ristus,quin
1311 3616 1593 3689 pristinus
1609 3617 1815 3673 Antich
1827 3617 2024 3686 ristus,
2793 3616 3104 3687 icolligunt.

375 3711 737 3768 Mahummet
760 3725 991 3781 pravus,
1026 3705 1390 3762 Mahummet
1419 3705 1784 3778 perniciosus
1818 3723 1830 3762 :
2133 3714 2360 3766 Interea
2389 3707 2524 3764 belli
2557 3706 2795 3762 fremitu
2827 3712 3136 3763 resonante
3166 3723 3270 3779 per
3299 3708 3529 3776 urbem,

378 3803 422 3858 Ο
455 3801 500 3857 si
531 3800 710 3870 hujus
741 3796 934 3853 socius
964 3812 1121 3851 nunc
1147 3795 1370 3862 afforet,
1405 3794 1503 3850 ille
1535 3796 1768 3851 futurus
2133 3797 2497 3854 Conveniunt
2523 3795 2660 3850 illuc
2691 3811 2793 3866 spe
2823 3795 2999 3850 caedis
3029 3795 3144 3863 hic,
3179 3795 3274 3852 ille
3303 3795 3498 3852 lucelli
3532 3815 3545 3852 :

377 3892 509 3948 Jam
537 3905 704 3944 meus
733 3885 828 3942 hic
855 3886 1060 3941 ambos
1111 3901 1211 3957 pes
1256 3884 1584 3956 supprimat
1612 3885 2022 3943 Antichristos.
2134 3887 2265 3942 Mox
2294 3885 2438 3942 alios
2463 3884 2609 3940 alios
2640 3883 2876 3956 rapiunt
2905 3901 3012 3939 sua
3041 3901 3336 3957 quemque
3363 3885 3650 3958 voluptas.

379 3979 527 4035 Proh
556 3975 773 4050 pudori
809 3991 938 4030 arce
970 3974 1068 4029 Dei
1104 3973 1324 4046 potitur
1352 3971 1590 4028 conviva
1619 3974 1898 4042 barathri,
2133 3977 2282 4049 Ergo
2329 3974 2550 4045 calybs,
2587 3974 2826 4039 ferrum,
2860 3974 3090 4041 cedrus,
3123 3990 3221 4040 as,
3263 3991 3599 4047 cupressus,
3631 3975 3792 4034 elec~

376 4068 681 4139 Vernaque
713 4063 996 4128 Plutonis,
1030 4063 1184 4118 Deus
1211 4066 1300 4118 est
1327 4061 1486 4135 operi
1515 4061 1863 4119 Salomonis.
3471 4065 3710 4138 [ctrum,

377 4157 622 4212 Corruat
647 4170 784 4227 ergo
815 4152 986 4220 citus,
1011 4152 1133 4222 jam
1162 4151 1384 4206 dudum
1414 4155 1647 4206 corruat
1670 4151 1810 4220 iste;
2136 4154 2334 4210 Robur
2364 4156 2688 4225 portarum,
2719 4151 2912 4221 decor,
2945 4155 3003 4206 et
3032 4151 3572 4208 Salomoniacarum

379 4247 579 4302 Statue
610 4243 900 4316 superbus
930 4241 1121 4296 adhuc
1150 4240 1316 4312 quasi
1349 4257 1455 4295 nos
1484 4257 1715 4312 quoque
1743 4243 2028 4314 sorpserit
2135 4245 2339 4300 Fracta
2369 4245 2570 4307 ruunt,
2599 4241 2855 4297 latebras
2885 4241 3159 4312 produnt,
3194 4239 3344 4298 bello
3376 4245 3660 4315 pateﬁunt
3696 4262 3710 4301 :

1722 4329 1950 4403 [ipsePn
2135 4332 2283 4400 Quid
2315 4329 2579 4386 latitasse
2609 4329 2712 4384 tibi
2746 4328 3270 4398 Christifscelerate
3303 4336 3563 4404 negator,

377 4424 486 4478 Vix
510 4423 748 4494 juss'um
781 4421 987 4488 fuerat,
1019 4420 1218 4475 videas
1240 4419 1366 4489 jam
1400 4422 1554 4474 stare
1583 4424 1883 4490 peractum
2136 4421 2284 4488 Quid
2314 4419 2554 4492 prodest
2582 4417 2700 4473 divi
2730 4423 2928 4490 portas
2959 4418 3243 4476 clausisse
3272 4419 3513 4492 palatii?

377 4511 554 4567 Milite
585 4510 667 4566 nil
691 4511 862 4582 jusso
893 4508 1219 4580 complente
1245 4506 1524 4563 libentius
1555 4507 1690 4563 isto.
2058 4530 2104 4592 ι)
2135 4509 2294 4565 Mille
2319 4508 2454 4564 licet
2483 4506 2724 4562 claudas
2753 4505 2971 4575 aditus,
3003 4507 3303 4580 lateasque
3333 4510 3444 4566 sub
3473 4508 3619 4582 ipsis

377 4600 702 4674 Abripitur,
733 4598 1008 4669 trahitur,
1041 4597 1417 4670 dirumpitur,
1451 4597 1852 4654 obtruncatur.
2136 4598 2294 4654 Mille
2327 4602 2520 4653 tamen
2553 4595 2790 4662 clausis,
2824 4596 3022 4652 aditus
3053 4613 3158 4669 per
3185 4597 3345 4653 mille
3369 4597 3618 4654 traheris
3649 4615 3665 4655 :

380 4689 621 4746 Materia
651 4704 874 4759 carum,
908 4688 1009 4743 sed
1043 4687 1230 4742 forma
1256 4685 1366 4740 vile
1400 4684 1726 4754 metallum,
2133 4688 2277 4743 Ecce
2308 4688 2506 4759 fugam
2538 4684 2820 4757 probitas,
2855 4685 3099 4741 audacia
3129 4690 3302 4742 nacta
3329 4686 3634 4756 timorem;

377 4780 526 4852 Ergo
552 4778 808 4834 diffictus
840 4777 910 4832 de
937 4776 1032 4831 vili
1069 4777 1134 4830 ﬁt
1163 4774 1484 4846 preciosus.
2134 4778 2257 4842 Quo
2288 4791 2465 4847 pecus
2493 4789 2592 4829 ore
2621 4771 2745 4846 lupi
2777 4773 2958 4830 fracto
2989 4773 3345 4846 populantur
3372 4774 3526 4842 ovili,

653 4865 854 4923 CXXX.
885 4896 954 4906 —
983 4865 1170 4936 Spolia
1196 4862 1481 4918 distribuit
1506 4864 1747 4920 militiae.

378 4956 626 5012 Interior
658 4955 848 5028 paries
881 4970 982 5025 per
1007 4950 1314 5007 circuitum
1348 4950 1634 5022 radiabat,

377 5045 612 5118 Argenti
645 5043 866 5099 lamma
886 5059 1012 5112 qua:
1043 5040 1164 5096 lata
1191 5041 1310 5095 fere
1340 5040 1636 5106 cubitalis,

377 5135 462 5192 Ad
496 5131 750 5206 spatium
782 5131 1023 5202 longum
1073 5129 1255 5185 densa
1302 5131 1372 5184 ad
1427 5130 1592 5201 quasi
1645 5130 1869 5203 pollicis
1900 5150 2024 5189 am-

1745 5219 1950 5294 telum,

2073 411 2130 478 Α
2160 411 2305 468 Hinc
2336 412 2630 470 revestivit
2659 413 2868 481 nudos,
2903 416 2961 469 et
2989 412 3148 486 pavit
3177 415 3413 487 egentes

2157 502 2301 557 Hinc
2332 519 2562 575 quoque
2595 501 2814 557 militiae
2843 519 3154 558 numerum
3179 519 3359 574 quam
3383 500 3508 556 sola
3534 499 3808 574 voluptas

2155 591 2343 660 Auxit,
2376 597 2434 648 et
2464 591 2717 648 externis
2748 609 2856 648 sua
2886 591 3050 648 fulsit
3079 592 3248 664 signa
3278 590 3577 664 maniplis.

2155 682 2274 736 Sub
2305 681 2556 754 gemmis
2589 681 2798 754 paries,
2833 681 2944 736 sub
2973 679 3224 753 gemmis
3253 679 3440 735 multa
3469 677 3764 736 columna.

2157 769 2339 825 Multa
2370 771 2479 826 sub
2511 775 2749 844 argento
2780 769 3018 835 latebat,
3053 769 3240 825 multa
3269 769 3380 824 sub
3411 785 3574 824 auro.

2155 860 2412 933 Insignis
2442 859 2671 915 fabricae
2705 859 2903 926 decus,
2939 875 3035 915 ars
3065 857 3414 914 celebranda
3445 874 3546 931 per
3573 857 3798 914 orbem.

2153 948 2422 1004 Materies
2453 947 2638 1004 oculis
2669 947 2929 1004 solamen
2960 947 3274 1004 deliciosis.

2108 1031 2120 1074 ⁵
2152 1039 2456 1111 Tanquam
2488 1043 2869 1111 conspectum
2901 1037 3151 1110 fugiens,
3184 1035 3492 1109 lucemque
3517 1052 3729 1109 perosa

2150 1127 2392 1183 Talibus
2423 1127 2737 1183 involucris
2766 1127 3038 1195 obducta,
3072 1127 3182 1182 sub
3214 1143 3324 1182 aere
3351 1125 3587 1183 latebat.

2150 1216 2424 1272 Reddidit
2451 1234 2588 1291 ergo
2621 1217 2797 1285 diem,
2830 1216 3004 1289 longo
3026 1217 3151 1287 jam
3185 1231 3416 1272 carcere
3446 1215 3685 1284 clausis,

2146 1306 2215 1361 Et
2242 1307 2511 1362 tenebras
2541 1305 2731 1378 passis
2761 1306 3043 1362 Tancredi
3077 1303 3268 1378 gratia
3303 1303 3488 1378 signis
3520 1320 3535 1360 :

2148 1395 2328 1468 Inque
2355 1412 2566 1450 vacans
2596 1411 2806 1450 aurum
2837 1394 3104 1451 esuriens
3132 1393 3343 1450 laxavit
3369 1398 3674 1467 egentum;

2144 1488 2433 1541 Marmora
2455 1485 2760 1540 dcnudans
2790 1488 2847 1540 et
2875 1482 3091 1540 Christi
3123 1483 3389 1540 membra
3417 1482 3746 1540 reformans

2577 1572 2809 1629 CXXXI.
2844 1605 2913 1614 —
2942 1575 3123 1629 Hostes
3151 1573 3357 1644 fundit.

2147 1663 2318 1718 Porro
2350 1662 2628 1735 disposite
2660 1679 2786 1734 quae
2813 1661 3176 1734 disponenda
3207 1662 3461 1730 fuerunt,

2065 1783 2113 1850 Β
2145 1751 2279 1808 Post
2310 1752 2523 1808 mirata
2551 1751 2704 1806 sacri
2735 1767 3022 1824 gemmas,
3055 1767 3154 1819 aes,
3177 1767 3472 1808 marmori
3501 1750 3707 1824 templi
3743 1766 3758 1804 :

2146 1848 2192 1894 Α
2224 1858 2391 1908 prece
2422 1842 2629 1896 devota
2659 1841 2995 1896 ’l‘ancredus
3025 1840 3274 1896 suscitat
3303 1857 3487 1906 arma,

2144 1931 2366 1987 Invenit
2397 1931 2698 1986 obstantes
2733 1946 2745 1983 :
2781 1930 2883 1984 sed
2915 1945 2980 1984 eo
3013 1933 3353 2002 penetrante
3381 1933 3664 1997 catervas,

2139 2022 2254 2075 Aut
2282 2019 2400 2074 ruit
2431 2023 2532 2073 aut
2562 2017 2798 2090 refugit,
2821 2019 3080 2074 medium
3113 2035 3228 2073 non
3259 2018 3498 2086 invenit,
3532 2018 3721 2075 hostis

2138 2113 2270 2164 Jam
2299 2113 2466 2164 vocat
2495 2107 2761 2172 exterior,
2794 2123 2902 2162 nec
2931 2106 3111 2162 sentit
3140 2107 3337 2178 przelia
3361 2124 3612 2180 campus
3645 2125 3658 2163 :

2140 2198 2425 2264 Curritur,
2457 2201 2514 2253 et
2546 2197 2760 2252 caedem
2795 2199 3131 2268 penetratur
3161 2197 3230 2252 ad
3265 2196 3627 2266 interiorem,

2140 2287 2328 2358 thue
2351 2291 2543 2358 patem
2565 2285 2930 2353 aditus,tunc
2953 2285 3093 2357 quid
3111 2286 3576 2359 Tancrcde,quid
3600 2286 3794 2343 ensis?

2139 2377 2284 2442 Quid
2318 2373 2576 2448 probitas
2607 2390 2829 2446 posses,
2863 2373 3188 2429 docuerunt
3216 2379 3428 2448 stagna
3451 2375 3676 2432 cruoris
3710 2392 3724 2431 :

2137 2465 2241 2520 Cui
2273 2481 2509 2520 narrare
2531 2467 2691 2518 vacet
2723 2479 2824 2536 per
2853 2462 3086 2535 singula
3117 2463 3236 2518 sive
3266 2467 3601 2536 peremptae,

2138 2555 2267 2611 Sive
2298 2552 2701 2626 peremptricis
2733 2551 2950 2620 luctus,
2979 2569 3045 2608 ac
3073 2553 3291 2626 gaudia
3320 2554 3503 2610 turbae
3528 2571 3542 2608 :

2136 2645 2440 2715 Tantaque
2471 2642 2542 2697 de
2565 2640 2768 2697 Tantis
2800 2640 3047 2696 orientia
3075 2643 3385 2698 commoda
3413 2643 3667 2700 damnis.

2137 2732 2292 2788 Mille
2324 2731 2536 2798 modis,
2569 2735 2626 2786 et
2656 2729 2814 2785 mille
2841 2729 2971 2797 viis,
3006 2733 3064 2785 et
3096 2729 3252 2786 mille
3283 2731 3489 2788 ruinis.

2137 2821 2292 2876 Mars
2323 2819 2520 2876 fremit
2552 2837 2565 2875 :
2600 2819 2687 2875 ira
2718 2817 2878 2886 furit,
2911 2817 3142 2892 gladius
3183 2824 3366 2888 vorat,
3401 2822 3649 2878 occubat
3679 2821 3790 2878 ho-

2134 4866 2336 4938 Strage
2367 4863 2490 4936 pari
2523 4867 2756 4937 gentem
2789 4864 3134 4936 patefactam
3169 4862 3424 4920 Gallicus
3453 4863 3636 4933 ensis,

2133 4952 2312 5010 Exilis
2343 4968 2626 5008 numerus
2657 4955 2816 5008 secat
2839 4952 3264 5009 innumerabile
3293 4951 3528 5026 vulgus,

2135 5043 2237 5098 His
2259 5040 2534 5114 jugulare
2557 5057 2749 5102 senes.
2779 5040 2898 5096 illis
2928 5041 3172 5098 avellere
3203 5059 3430 5114 parvos,

2132 5130 2334 5188 Multis
2362 5146 2502 5187 cura
2531 5128 2661 5195 fuit,
2693 5134 3021 5202 gemmatas
3050 5132 3257 5187 exuere
3283 5148 3474 5188 aures.

2133 5222 2295 5278 Caede
2325 5224 2519 5275 tamen
2549 5218 2692 5286 visa,
2727 5219 3041 5275 caesoribus
3071 5220 3306 5276 advotat
3335 5219 3508 5287 ultor,

3018 5323 3260 5364 numero
3301 5308 3428 5365 sine
3473 5313 3532 5366 et
3574 5309 3796 5368 ordine

3512 5397 3715 5472 [miles

377 5310 636 5368 Ducebat
667 5306 873 5380 longos
903 5308 1144 5362 sinuosa
1177 5325 1280 5380 per
1308 5307 1456 5362 atria
1483 5325 1676 5381 gyros,
2133 5311 2264 5366 Mox
2312 5325 2546 5381 quoque
2591 5307 2902 5364 caedendus
2951 5323 2967 5366 :

317 5395 322 5400 ’
379 5399 614 5454 Pondus
645 5402 767 5451 erat
797 5395 1026 5451 lammae
1058 5397 1224 5468 quasi
1259 5401 1479 5467 septem
1507 5397 1690 5453 millia
1721 5415 1928 5455 marcze
1954 5418 1968 5469 ;

379 5487 498 5542 Hoc
520 5485 686 5556 quasi
719 5501 896 5557 segne
907 5487 1116 5560 jacens
1146 5491 1204 5542 et
1235 5483 1441 5540 inutile
1473 5487 1647 5542 traxit
1673 5487 1732 5542 in
1764 5505 1938 5545 usum

377 5573 479 5631 Vir
506 5573 738 5648 sapiens
770 5589 784 5631 :
817 5573 956 5635 hinc
986 5577 1041 5630 et
1071 5572 1324 5633 famulos
1355 5575 1602 5632 armavit
1632 5575 1906 5646 inermes,

2133 5489 2324 5545 Instar
2352 5487 2424 5542 ab
2455 5485 2681 5542 occulto
2711 5486 2921 5542 conciti
2952 5486 3238 5544 examinis
3267 5490 3463 5556 antro;

2133 5576 2294 5644 Quod
2321 5574 2410 5631 vel
2441 5591 2595 5646 aqua
2627 5579 2845 5648 pastor,
2877 5574 2964 5631 vel
2997 5575 3157 5633 fumo
3189 5575 3344 5633 exire
3381 5575 3601 5650 coergit

3957 373 3969 564 η
