3996 6096
146 157 268 220 573

1497 153 1748 218 casm
1788 151 2208 246 TANCREDI.

3427 161 3546 226 574

145 291 378 358 Exsilit,
410 285 800 368 irrumpitque
831 287 1026 346 aditus
1052 287 1207 363 quod
1239 289 1450 362 cuique
1474 294 1790 361 repertum,
1820 288 1878 356 Α
1906 291 2128 365 Quippe
2159 291 2372 349 cadens
2403 297 2656 370 stantem
2701 292 2964 363 suifocat,
2997 298 3278 370 stansque
3327 299 3543 355 caden-

144 383 262 438 Aut
291 380 480 451 frons,
513 383 614 435 aut
643 396 835 451 aures,
869 384 971 434 aut
1001 396 1190 447 nares,
1225 380 1394 434 credit
1423 377 1706 434 hiulcum.

147 471 241 526 Sic
275 469 378 525 ubi
412 471 673 540 cognatae
697 466 952 524 latebras
983 467 1200 523 solvere
1229 467 1428 535 ruinze,

146 557 391 631 Spicula
422 557 583 612 mille
611 555 828 621 volant,
861 562 918 612 et
948 556 1104 612 mille
1128 557 1322 612 volant
1355 556 1524 629 quasi
1573 573 1758 612 vernae

147 647 502 716 Grandinis;
536 647 623 701 ira
642 647 841 713 sudes,
873 663 1154 702 numerus
1187 664 1299 702 non
1337 647 1558 719 colligit
1602 663 1792 701 enses.

146 789 432 846 CXXXIII.
462 819 531 829 —
565 795 772 860 .4nceps
811 805 1019 860 pugna,
1044 791 1316 860 fugant-ur
1360 789 1558 859 ﬁdeles.
1592 789 1794 843 Ebrar-

488 860 588 915 dus
616 861 954 915 Pusiate-nsis
980 863 1198 932 fugatos
1227 869 1454 915 revocat.

146 967 374 1025 Gallica
402 966 743 1035 strenuitas,
775 966 983 1039 ingens
1015 971 1073 1023 et
1106 985 1299 1040 parva,
1332 966 1584 1040 pusillus

147 1057 321 1124 Grex,
355 1057 457 1112 sed
490 1071 628 1129 grex
656 1054 904 1123 validus,
938 1073 1182 1112 numero
1213 1056 1414 1128 nequit
1444 1056 1611 1112 obvia
1633 1058 1796 1110 tanto

148 1147 389 1202 Pectora
421 1146 569 1200 ferre
600 1143 720 1209 diu,
753 1145 988 1212 cedunt,
1021 1146 1364 1202 cedentibus
1394 1146 1619 1201 instant

147 1234 253 1303 Qui
285 1234 466 1290 modo
497 1233 780 1290 cedebant
815 1250 828 1289 :
862 1239 920 1290 et
950 1239 1237 1308 quantum
1291 1236 1574 1309 frangere,
1609 1252 1795 1308 quan-

146 1398 357 1454 Fracta
387 1395 587 1451 subire
619 1393 783 1467 prius
811 1393 1086 1450 victorem
1119 1395 1322 1450 limina
1345 1396 1519 1467 juvit,
1646 1327 1793 1396 [tum

143 1488 404 1543 Tantum
440 1483 764 1558 praecipites
789 1485 959 1556 juvat
987 1484 1306 1540 accelerare
1337 1501 1629 1550 recursus,

143 1576 372 1648 Perque
398 1591 506 1630 suo
537 1573 768 1646 patulas
799 1572 975 1646 pulsu
1005 1573 1260 1630 revelare
1291 1574 1594 1640 fenestras,

142 1665 378 1721 Rursus
407 1668 467 1719 et
493 1663 603 1719 hos
631 1662 738 1729 illi,
771 1679 1092 1736 rursusque
1123 1663 1203 1730 hi,
1228 1680 1343 1718 non
1375 1664 1572 1720 minus
1603 1663 1753 1730 illos,
1819 1662 1868 1727 B

141 1755 290 1810 Hinc
323 1753 470 1809 illuc
499 1751 743 1826 agitant,
771 1769 905 1808 mox
930 1751 1089 1808 illinc
1118 1752 1232 1808 huc
1257 1753 1513 1826 agitandi
1551 1771 1563 1808 :

145 1844 238 1900 Sic
269 1841 406 1898 aliis
431 1841 529 1897 alii
562 1842 733 1897 modo
763 1842 1066 1908 cedebant,
1099 1843 1272 1897 modo
1301 1843 1449 1898 versi

144 1932 475 1997 Instabant,
509 1930 736 1986 vicibus
763 1931 941 1986 variis
973 1930 1246 2004 fugiendo
1276 1932 1530 2005 fugando

144 2019 512 2078 Christicolis
545 2019 1056 2080 Mahummicolas.
1090 2021 1676 2078 Mahummicolarum
1739 2069 1748 2090 κ

143 2109 529 2167 Christicolas
561 2113 790 2175 turmas,
819 2109 1073 2181 bellique
1102 2115 1224 2165 erat
1271 2110 1458 2166 exitus
1488 2128 1720 2184 anceps,

143 2201 212 2256 Et
237 2198 404 2255 velut
435 2197 703 2254 alludens
735 2199 912 2266 Mars,
948 2197 1085 2254 hinc
1113 2199 1268 2254 Mars
1295 2199 1427 2254 inde
1461 2201 1706 2270 favebat,

143 2287 576 2361 Multiplicique
607 2287 743 2359 fuga
764 2287 888 2357 jam
921 2286 1140 2343 luserat
1170 2305 1377 2360 agmen
1410 2294 1724 2363 utrumque

145 2379 290 2434 Cum
325 2377 563 2432 tandem
596 2393 905 2432 accurrens
934 2375 1022 2432 vis
1052 2377 1259 2432 bellica
1289 2378 1642 2435 Pusiatensis

144 2467 468 2532 Bbrardus,
499 2466 583 2521 sic
615 2466 770 2520 fama
799 2466 989 2533 refert,
1024 2483 1176 2521 unus
1209 2465 1503 2540 clypeatus

146 2555 424 2612 Partibus
453 2554 510 2610 in
545 2555 720 2611 sociis
753 2554 901 2610 ultro
931 2572 1067 2610 casu
1102 2554 1472 2628 exclypeatis,

144 2645 309 2702 Unus
335 2645 410 2700 ad
442 2643 782 2701 innumeras
812 2644 1050 2718 clypeus
1078 2644 1259 2711 stetit,
1292 2646 1496 2704 obvius
1536 2647 1754 2718 hastas,

144 2758 173 2784 α
205 2735 277 2791 Et
308 2733 534 2790 tonitru
564 2750 796 2806 magno,
831 2751 934 2807 pro
987 2735 1261 2791 Francia!
1299 2736 1441 2808 prob
1489 2737 1627 2810 fuga
1668 2745 1791 2795 tur-

1680 2829 1792 2901 [pis

141 2913 293 2969 Proh
327 2912 550 2985 pudor!
585 2911 870 2968 exclamat
902 2929 915 2968 :
948 2913 1227 2969 bellatum
1257 2915 1542 2984 venimus,
1579 2935 1722 2974 anve

141 3001 477 3059 Saltatum?
506 3005 660 3057 certe
691 3001 854 3074 pueri
885 3001 969 3057 sic
1001 3003 1218 3076 {ingere
1251 3020 1478 3076 pugnas

141 3092 294 3146 Sunt
321 3089 516 3158 soliti;
549 3089 729 3146 solitae
759 3089 1004 3162 plausus
1028 3091 1318 3148 celebrare
1349 3093 1572 3164 puellae.

140 3181 288 3236 Ecce
319 3179 494 3234 mina;
525 3177 738 3244 totiens
769 3179 920 3234 inter
948 3179 1208 3235 convivia
1230 3182 1424 3252 jactae.

138 3269 358 3333 Vosne,
387 3267 492 3323 viri
532 3267 775 3323 Franci?
804 3269 902 3324 sed
938 3285 1043 3324 nec
1073 3286 1221 3341 quos
1247 3269 1439 3325 dicere
1490 3272 1738 3330 Franeas
1772 3291 1785 3330 :

139 3358 283 3413 Esse
309 3372 500 3412 nurus
528 3355 753 3428 digner,
786 3355 1043 3428 trepidas
1075 3357 1172 3429 qui
1211 3359 1473 3432 frangere
1521 3360 1718 3417 caulas

141 3445 564 3516 Inclusumque
595 3461 775 3517 pecus
793 3444 1066 3517 jugulare
1096 3445 1194 3500 diu
1227 3447 1562 3520 trepidastis
1596 3467 1607 3504 :

140 3534 349 3592 Exuite
379 3549 516 3606 ergo
549 3537 791 3602 metum,
824 3534 1162 3607 patriasque
1187 3536 1465 3592 resumite
1495 3537 1664 3594 vires.

139 3626 222 3682 En
255 3640 367 3697 ego
399 3623 590 3696 prima
620 3623 822 3690 feram,
857 3640 950 3678 me
980 3629 1186 3679 cetera
1215 3623 1379 3698 signa
1409 3633 1787 3698 sequantur.»

141 3715 233 3771 Sic
266 3712 538 3769 stimulat
567 3712 860 3779 frendens,
888 3713 986 3768 sed
1014 3731 1192 3786 agens
1224 3715 1544 3785 majoribus
1577 3718 1694 3772 urit

142 3804 490 3876 Spectantes
518 3799 796 3869 stimulis,
831 3819 966 3857 nam
999 3802 1264 3874 protinus
1296 3803 1459 3859 obice
1488 3821 1702 3876 parmae

139 3893 382 3948 Pectora
412 3894 730 3963 protectus.
763 3891 1145 3963 dextramque
1185 3895 1415 3948 exertus
1443 3898 1498 3948 et
1528 3911 1748 3964 ensem,

135 3980 305 4036 Unus
335 3977 498 4035 mille
526 3979 678 4035 viros
708 3979 930 4035 invadit
957 3979 1204 4036 Martius
1234 3980 1404 4036 heros
1438 3999 1450 4037 :

129 4068 286 4125 Voce
314 4067 481 4136 satis,
517 4069 614 4125 sed
643 4073 802 4124 mota
827 4068 1014 4142 magis
1045 4069 1192 4124 duce
1227 4073 1423 4143 strage
1445 4071 1745 4142 juventus,

126 4159 239 4214 Seu
273 4157 505 4214 cunctis
535 4157 690 4213 idem
723 4157 1012 4222 fremitus,
1039 4173 1144 4229 par
1166 4158 1274 4225 ira,
1305 4175 1405 4214 cor
1435 4177 1639 4230 unum,

123 4248 296 4304 Mens
327 4246 530 4302 eadem
567 4246 742 4302 fuerit
775 4263 788 4300 :
824 4246 908 4303 sic
939 4264 1115 4302 cursu
1147 4252 1381 4319 perpete
1412 4250 1629 4319 cuncti,

119 4335 513 4404 Hortantique
541 4335 754 4402 favent,
791 4341 1359 4410 praecurrentemque
1392 4345 1741 4411 sequuntur.

315 4458 596 4516 CXXXIV.
629 4491 698 4499 —
722 4461 1002 4516 Horrenda
1023 4462 1334 4534 inﬁdelium
1362 4471 1586 4535 strages.

119 4566 363 4624 Infinita
395 4564 534 4621 licet
558 4565 852 4622 debellent
881 4567 1065 4623 millia
1097 4569 1288 4641 pauci,

119 4656 248 4714 Non
283 4661 485 4712 tamen
510 4660 612 4711 aut
641 4661 810 4712 nocet
839 4656 944 4714 hos
974 4657 1187 4726 minor,
1209 4662 1310 4714 aut
1331 4659 1500 4730 juvat
1529 4661 1779 4733 amplior

1624 4749 1775 4816 illos,

1599 4751 1775 4821 [illos,

121 4835 270 4891 Cum
293 4834 513 4890 damno
531 4837 620 4889 est
643 4833 1001 4904 numerus,si
1020 4834 1257 4906 quidem
1280 4851 1396 4907 quo
1418 4835 1607 4908 major
1625 4852 1778 4892 acer-

1640 4943 1748 4981 VUS

118 5015 246 5079 Quo
279 5011 468 5085 magis
500 5016 591 5068 est
619 5013 893 5081 densum,
926 5016 1088 5068 tanto
1120 5012 1254 5084 plus
1286 5013 1475 5070 debile
1501 4927 1770 5086 vulgi?)

117 5100 396 5173 Stipatim
428 5101 657 5157 fodiunt
687 5100 832 5156 alios
863 5099 981 5169 alii,
1009 5101 1444 5174 perimuntque,

115 5190 186 5245 Et
204 5190 387 5246 variis
413 5189 638 5247 vicibus
669 5191 842 5248 modo
872 5191 1075 5247 saucia
1104 5208 1349 5263 corpora
1374 5191 1523 5257 sani,

115 5277 184 5332 Et
213 5279 394 5334 modo
418 5279 561 5334 dum
591 5295 732 5334 casu
761 5295 962 5335 casum
995 5284 1088 5336 est
1116 5279 1243 5335 sine
1272 5279 1511 5337 vulnere
1535 5284 1768 5336 stratos.

115 5367 376 5423 Vulnere
407 5369 682 5438 prostrati
715 5369 871 5425 vivos
902 5385 1154 5425 necuere
1182 5369 1368 5423 necati
1402 5387 1413 5425 :

114 5455 237 5523 Quo
274 5455 469 5525 maior
497 5454 683 5529 plebis
711 5457 1006 5526 cumulus,
1042 5457 1232 5526 major
1269 5472 1502 5532 quoque
1551 5455 1770 5530 cladis;

3359 390 3495 460 [tem
3526 407 3539 446 :

1905 472 1998 528 Sic
2030 490 2262 546 quoque
2289 474 2546 544 sopitum
2579 474 2808 548 gladius
2841 493 2954 531 non
2991 476 3244 549 praeterit
3265 477 3472 548 ullum,

1903 563 2106 618 Costas
2138 563 2402 630 rimatus,
2439 582 2542 635 per
2569 564 2735 631 colla,
2771 582 2872 637 per
2898 565 3000 620 illa
3029 567 3260 634 ductus,

1905 653 2091 724 Terga
2124 670 2222 724 per
2252 658 2308 708 et
2335 659 2584 719 ventres,
2619 653 2781 726 larga
2811 654 2971 710 sanie
2997 656 3206 712 oblinit
3237 658 3408 724 aedes,

1904 741 2099 797 Gloria
2128 747 2470 797 cunctarum
2499 760 2642 814 quas
2677 745 2934 800 mundus
2967 744 3140 801 habet
3170 746 3543 815 fabricarum,

1905 831 1994 886 Fit
2019 831 2179 886 lacus
2213 831 2510 896 horrendi,
2540 831 2696 886 velut
2728 838 2887 888 actor
2915 833 3225 889 obhorreat
3249 837 3424 890 unde.

1905 923 2189 987 Quantus,
2223 925 2483 992 quantus
2505 926 2628 976 erat
2659 921 2860 994 templi
2891 927 3095 994 stupor
3125 923 3222 978 ille
3260 925 3510 997 capacis,

1904 1009 2150 1076 Limina,
2187 1011 2470 1078 macerias,
2507 1012 2694 1077 sedes,
2727 1011 3008 1082 tabulata,
3041 1013 3358 1082 columnae;

1904 1099 2113 1154 Omnia
2143 1100 2383 1171 sanguis
2413 1105 2599 1167 erant,
2633 1100 2779 1154 nihil
2810 1102 3074 1156 exstabat
3105 1103 3216 1158 nisi
3245 1105 3488 1178 sanguis
3532 1123 3548 1161 :

1903 1189 2168 1260 Namque
2201 1190 2596 1260 pavimentum
2633 1190 2866 1261 penitus
2908 1191 3018 1246 sub
3049 1195 3242 1264 strage
3273 1193 3510 1265 latebat,

1903 1277 1976 1332 Ut
2007 1278 2118 1332 nisi
2150 1279 2495 1333 submersus
2528 1295 2641 1332 non
2671 1284 2871 1350 tangat
2900 1296 3195 1336 marmora
3225 1282 3427 1354 poples
3461 1301 3474 1338 :

1904 1365 2126 1438 Quippe
2158 1383 2329 1421 cruor
2359 1371 2577 1434 tantus,
2611 1371 2774 1422 tanta
2799 1369 2986 1424 inficit
3016 1370 3173 1425 unda
3199 1375 3436 1442 penates
3461 1388 3474 1427 :

1905 1457 2134 1520 Quanta
2163 1473 2267 1511 nec
2294 1456 2624 1511 Emathiam
2657 1457 2764 1511 sub
2797 1459 3035 1525 Caesare,
3070 1475 3173 1515 nec
3205 1460 3314 1515 sub
3335 1461 3548 1518 Achivo

1903 1545 2085 1600 Marte
2135 1546 2308 1618 ﬁrges
2339 1547 2401 1618 (f.
2437 1544 2731 1618 Phryges),
2767 1563 2871 1602 nec
2915 1547 3024 1602 sub
3075 1547 3276 1616 Mario,
3324 1550 3550 1622 Syllave

3289 1640 3549 1711 [Latinos

1905 1740 2162 1818 CXXXV.
2199 1774 2281 1818 —_
2302 1743 2601 1818 Tancredus
2633 1743 2996 1818 invidentiam
3033 1745 3271 1800 incurrit
3312 1746 3552 1818 Amulﬁq

2012 1816 2181 1885 Hujus
2212 1815 2469 1870 adversus
2515 1815 2848 1870 Tancredum
2877 1816 2946 1870 ad
2970 1832 3215 1886 proceres
3244 1820 3439 1873 oratio.

1977 1902 2087 1956 Sed
2120 1919 2224 1958 nec
2253 1903 2374 1958 haec
2405 1908 2525 1958 tam
2559 1903 2706 1960 festa
2739 1903 2863 1959 dies
2893 1905 3129 1960 nomine
3159 1911 3352 1962 careat
3383 1908 3550 1981 :ipsa

1904 1996 1994 2046 est
2023 2009 2140 2062 qua
2174 1991 2428 2047 illustrat
2457 1991 2651 2048 Julius
2684 2010 2925 2059 annum,
2959 1994 3099 2049 Idus
3127 1995 3386 2064 Julium;
3420 1997 3550 2070 ipsa

1903 2087 1994 2138 est
2027 2082 2084 2136 in
2117 2081 2264 2138 serie
2299 2081 2572 2136 feriarum
2598 2082 2856 2145 sexta,ab
2881 2082 3204 2139 obsidionis
3233 2086 3465 2141 exordio
3489 2087 3546 2142 in

1904 2171 2297 2244 quadragenis
2325 2170 2668 2242 penultima.
2702 2170 2744 2226 Ο
2778 2171 2983 2226 beatus
3034 2172 3168 2227 ldus
3199 2190 3265 2228 ac
3295 2191 3410 2245 prae
3443 2193 3547 2230 ca:-

1903 2261 2043 2315 teris
2073 2259 2394 2332 gloriosus!
2431 2260 2488 2313 in
2522 2259 2614 2314 his
2645 2259 2692 2313 si
2725 2259 2960 2330 quidem
2994 2258 3161 2316 divisi
3193 2262 3456 2335 sunt,qui
3486 2263 3546 2320 in

1903 2350 2100 2404 orbem
2129 2353 2413 2403 terrarum
2439 2347 2570 2402 fidei
2593 2347 2926 2403 rudimenta
2944 2365 3215 2422 spargere
3219 2350 3544 2421 jussisunt.

1900 2439 1986 2493 Ab
2017 2438 2089 2492 iis
2119 2437 2293 2508 coepit
2321 2436 2622 2491 exordium
2654 2435 2894 2492 seminis
2925 2437 3214 2504 Ecclesiae,
3246 2438 3304 2494 in
3337 2439 3545 2497 iisdem

1901 2516 2070 2599 seges
2101 2525 2351 2582 rediviva
2381 2525 2685 2581 horrreum
2716 2525 2998 2593 cumulat,
3031 2543 3162 2582 ecce
3191 2527 3252 2582 in
3283 2528 3354 2584 iis
3386 2534 3548 2602 pater

1901 2615 1999 2671 ille
2031 2615 2284 2671 familias
2317 2613 2611 2687 operarios
2642 2631 2814 2670 mane
2846 2614 3007 2670 misit
3040 2632 3052 2670 :
3088 2633 3218 2672 ecce
3259 2617 3316 2672 in
3348 2617 3420 2674 iis
3449 2636 3545 2676 ve-

1902 2705 2056 2778 speri
2089 2703 2254 2759 vinea
2285 2720 2499 2775 penum
2542 2702 2744 2774 replet.
2779 2702 2822 2758 0
2852 2703 3031 2774 igitur
3077 2705 3284 2761 merito
3332 2707 3544 2764 Iduum

1905 2795 2044 2849 ldus
2077 2811 2185 2849 sua
2214 2791 2398 2866 gloria
2420 2791 2631 2846 meruit
2655 2790 2832 2846 indici
2856 2791 2866 2845 l
2899 2792 2942 2846 Ο
2970 2793 3386 2859 Tancrede,hic
3409 2813 3544 2868 quo-

1901 2900 2013 2954 que
2046 2887 2175 2955 post
2203 2880 2502 2936 victoriam
2538 2882 2608 2934 de
2637 2879 2885 2935 victoriae
2919 2881 3110 2936 fructu
3140 2887 3454 2952 certamen,
3489 2889 3546 2941 et

1903 2975 2034 3044 post
2063 2976 2355 3027 certamen
2379 2969 2716 3024 certaminis
2739 2970 2995 3025 fructum
3014 2987 3215 3042 pacem
3235 2971 3505 3030 invenisti
3528 2973 3540 3030 !

1902 3061 2038 3116 Orta
2067 3066 2156 3115 est
2185 3059 2340 3114 enim
2371 3058 2523 3113 inter
2551 3058 2848 3130 principes
2870 3059 3148 3116 adversus
3175 3063 3541 3119 Tancredum

1899 3148 2295 3220 invidia,quod
2331 3147 2430 3201 uni
2462 3164 2638 3219 super
2666 3164 2868 3203 omnes
2899 3147 3258 3208 cumulatius
3278 3151 3542 3208 abunda-

1896 3239 2045 3293 verit
2076 3239 2249 3303 Deus,
2285 3237 2500 3309 quibus
2530 3240 2756 3291 armata
2775 3235 2991 3306 jaculis
3019 3237 3243 3293 Arnulfi
3266 3239 3433 3312 quasi
3457 3241 3541 3296 al-

1901 3327 2080 3381 terius
2111 3324 2332 3397 Ulyssis
2364 3324 2637 3379 facundia
2664 3323 2853 3378 virum
2878 3325 3336 3395 provocat,intus
3355 3331 3540 3395 vocat,

1898 3431 2164 3486 proceres
2182 3412 3545 3486 convocat.Conscdereduces,surgitquesecun-

1899 3504 2010 3558 dus
2041 3502 2274 3574 Ulysses
2301 3519 2312 3557 :
2341 3507 2466 3556 tum
2500 3501 2684 3555 defixo
2709 3500 3010 3572 paululum
3035 3503 3092 3557 in
3116 3508 3330 3559 terram
3351 3504 3538 3574 vultu,

1899 3592 2170 3662 deinceps
2193 3591 2275 3646 sic
2298 3575 2550 3646 orditur:
2569 3613 2594 3638 ‹‹
2613 3589 2793 3644 Multa
2816 3607 2907 3645 me
2929 3589 3293 3658 hortantur,o
3313 3592 3537 3650 Patres!

1898 3678 2242 3751 obsequium
2276 3696 2472 3733 meum
2503 3677 2787 3732 voluntati
2819 3683 3020 3734 vestrae
3044 3680 3330 3751 subjicere
3354 3697 3368 3737 :
3392 3681 3543 3739 inter

1898 3785 2024 3841 quae
2057 3769 2176 3822 haec
2207 3768 2334 3839 ipsa
2363 3766 2538 3822 etiam
2571 3784 2756 3838 nuper
2785 3767 2928 3822 mihi
2951 3767 3146 3824 oblata
3168 3769 3540 3838 injuria.Haec

1896 3856 2052 3913 enim
2085 3874 2177 3912 me
2199 3857 2363 3912 doect
2387 3861 2670 3927 quantum
2695 3856 2869 3911 distet
2889 3857 2958 3912 ab
2987 3856 3222 3912 homine
3245 3857 3540 3930 homo,be-

1896 3945 2119 4000 neﬁcus
2149 3962 2183 3999 a
2214 3949 2462 4016 raptore,
2497 3945 2568 3998 ab
2600 3944 2863 4000 invasere
2894 3950 3168 4000 assertor.
3201 3945 3315 4002 Vos
3346 3964 3438 4004 me
3468 3949 3538 4004 de

1895 4032 2102 4088 humili
2139 4031 2528 4104 promovistis,
2559 4049 2658 4088 vos
2690 4034 2761 4088 de
2791 4033 2988 4107 ignoto
3040 4033 3325 4091 celebrem
3375 4037 3536 4094 dedi-

1797 4136 1800 4140 ·
1894 4123 2024 4187 stis,
2057 4139 2156 4177 vos
2187 4121 2352 4194 quasi
2403 4139 2588 4177 unum
2639 4139 2707 4176 ex
2756 4123 2938 4190 vobis,
2973 4127 3029 4179 et
3057 4127 3534 4199 comparticipem

1891 4213 2247 4267 tributorum
2280 4213 2604 4279 creastis,et
2632 4211 2753 4268 haec
2786 4211 3019 4284 quidem
3054 4214 3240 4286 gratia
3269 4220 3325 4270 et
3355 4233 3386 4270 a
3415 4217 3536 4288 pri-

1893 4319 1991 4357 sca
2020 4318 2365 4374 proavorum
2397 4301 2714 4360 liberalitas
2747 4303 3105 4358 descendens
3136 4304 3420 4360 nova.Vos
3452 4323 3536 4361 rc-

1809 4406 1858 4470 D
1891 4391 2024 4463 gius
2056 4389 2316 4463 sanguis,
2341 4407 2373 4445 o
2395 4389 2605 4444 duces!
2643 4391 2786 4446 bene
2817 4408 2851 4444 a
2880 4407 2995 4462 quo
3019 4392 3173 4446 fonte
3195 4392 3532 4450 decurristis

1888 4479 1946 4533 in
1980 4497 2072 4535 me
2101 4478 2311 4551 patuit,
2338 4479 2429 4533 cui
2464 4478 2735 4551 largi,cui
2763 4478 2972 4534 divites
3003 4479 3235 4548 fuistis;
3270 4497 3404 4536 cum
3435 4499 3532 4538 vo-

1883 4568 1975 4624 bis
2005 4568 2183 4640 parci,
2216 4567 2379 4623 vobis
2410 4585 2693 4640 pauperes
2727 4567 3048 4624 essetis.At
3079 4569 3410 4624 Tancredus
3441 4588 3534 4628 me

1885 4658 2429 4730 persequitur,sa3ve
2461 4657 2827 4728 tyrannidem
2861 4657 3173 4724 exercet,in
3206 4674 3297 4713 me
3329 4659 3528 4729 saevit;

1885 4748 2039 4818 quod
2071 4745 2403 4802 communis
2435 4762 2711 4800 assensus
2731 4751 2923 4801 vester
2944 4745 3086 4800 mihi
3112 4747 3531 4820 sanxerat,ipse

1883 4835 2283 4908 derogat,ipsc
2313 4833 2456 4889 mihi
2488 4835 2640 4889 vices
2672 4833 2966 4906 pontiﬁcis
2996 4835 3203 4904 aufert,
3235 4853 3336 4892 vos
3368 4837 3529 4892 dedi-

1885 4925 2025 4992 stis;
2060 4925 2183 4995 ipsc
2214 4941 2306 4979 me
2327 4923 2664 4996 spoliat,vos
2685 4921 3306 4980 investistis.Tuemini
3328 4925 3528 4999 igitur,

1881 5030 1913 5068 ο
1944 5013 2246 5070 fortissimi
2282 5011 2706 5084 proceresljus
2737 5015 3017 5078 vestrum,
3055 5012 3405 5070 ulciscimini
3439 5015 3529 5071 in-

1872 5101 2094 5172 juriam
2127 5102 2608 5173 vestram,punite
2641 5100 3122 5170 injuriam.Nemo
3147 5107 3311 5174 putet
3340 5121 3530 5162 meam

1881 5207 2008 5246 esse
2036 5190 2184 5245 hanc
2217 5191 2849 5257 contumeliam,vcstra
2877 5191 3258 5256 cst,omnium
3282 5198 3481 5249 nostra
3511 5211 3525 5251 :

1882 5279 2026 5334 mihi
2060 5280 2296 5350 quidem
2332 5298 2423 5336 res
2455 5280 2769 5335 imminuta
2799 5279 3074 5351 est,vobis
3098 5281 3526 5353 auctainjuria,

1882 5369 1954 5424 ad
1988 5385 2078 5422 me
2105 5369 2394 5425 redundat
2415 5370 2803 5437 damnum,ad
2830 5387 2929 5425 vos
2955 5369 3206 5427 dedecus
3231 5385 3245 5426 :
3269 5387 3404 5425 nam
3429 5372 3528 5443 qui

1884 5457 2381 5530 dispensationem
2415 5458 2954 5532 conculcat,nempe
2975 5458 3214 5516 omnino
3235 5459 3529 5534 dispensa-
