3996 6096
434 189 555 256 575

941 191 1043 255 AD
1091 191 1601 256 GODEFRIDUM
1643 190 1976 254 APPEND.
2024 187 2105 252 Π.
2133 218 2212 235 -
2241 187 2553 255 MONUM.
2599 189 2701 254 DE
2741 189 2991 254 BELLO
3037 187 3312 253 SACRO.

3713 169 3842 246 5'76"

440 331 630 384 torem'
659 325 901 383 damnat
932 342 944 381 :
979 326 1263 400 scriptum
1295 333 1385 384 est
1415 328 1569 383 enim
1605 343 1618 381 :
1655 324 1761 394 Qui
1790 326 1983 381 temnit
2003 324 2075 381 le—
2102 323 2156 391 Α
2185 329 2241 382 et
2273 324 2479 398 prioris
2511 325 2745 398 quidem
2775 323 2938 380 illius
2966 324 3118 397 fuga:
3148 321 3390 380 modum
3421 318 3600 378 habui
3635 319 3840 395 dispa-

437 431 577 490 g'em,
609 419 818 488 spernit
845 433 1044 484 regem.
1078 417 1192 472 Cur
1223 424 1416 472 autem
1445 435 1544 471 vos
1595 434 1707 470 non
1759 420 2075 486 sperneret,

439 506 539 578 qui
575 507 754 562 Deum
786 506 1048 577 spernit?
1079 524 1183 561 cur
1210 507 1373 561 vobis
1406 511 1648 578 pareret,
1684 505 1780 577 qui
1815 504 1931 558 aris
1964 521 2076 558 non

437 597 664 670 parcit?
693 613 797 651 cur
825 612 924 650 vos
955 595 1172 667 patitur
1201 596 1490 668 palliatos,
1526 595 1623 666 qui
1657 592 1942 665 templum
1977 598 2079 649 Do-

439 685 583 741 mini
615 684 1008 740 excrustavit?
1037 685 1343 756 templum.
1380 684 1643 756 inquam,
1683 682 1927 746 Domini,
1964 700 2075 737 non

436 775 508 830 ab
541 773 660 829 heri
691 777 748 828 et
776 772 992 828 nudius
1023 773 1226 827 tertius
1258 775 1793 838 constructum,nec
1815 770 2076 843 quolibet

437 864 813 935 dispensante
843 863 1282 927 circumactum,
1311 877 1420 915 non
1457 861 1784 927 ubivis,non
1819 861 2072 931 quando,

437 969 550 1008 non
599 951 909 1023 quomodo,
962 968 1073 1004 non
1109 967 1139 1004 a
1171 949 1374 1022 quovis
1422 949 1730 1004 fundatum
1765 965 1777 1004 :
1813 949 1932 1004 haec
1989 953 2076 1003 est

435 1041 588 1097 enim
621 1042 831 1095 domus
863 1039 1091 1093 Domini
1127 1039 1371 1093 firmiter
1401 1038 1710 1106 aadificata;
1743 1039 1866 1109 ipse
1892 1038 2077 1093 Domi-

435 1145 548 1185 nus
571 1129 834 1184 fundavit
854 1127 1318 1184 eam.Hicillecst
1343 1127 1503 1183 locus
1525 1127 1582 1182 in
1607 1144 1721 1200 quo
1746 1127 2075 1200 patriarcha

433 1219 611 1275 Jacob
641 1233 770 1272 vere
801 1217 1115 1272 Dominum
1147 1234 1274 1272 esse
1318 1216 1586 1283 asseruit,
1622 1233 1795 1288 quem
1847 1219 2072 1287 portam

433 1301 558 1364 οωΙὶ
589 1306 782 1362 vocavi
793 1306 935 1365 nubi
962 1306 1178 1361 scalam
1202 1305 1376 1362 cmlos
1405 1310 1736 1378 tangentem
1760 1309 1814 1359 et
1838 1301 2074 1376 angelos

433 1391 812 1453 ascendentes
842 1404 898 1450 et
930 1397 1350 1450 descendentes
1399 1395 1560 1450 vidit.
1595 1395 1758 1450 Hunc
1807 1393 2074 1449 Christus

431 1486 716 1542 Dominus
746 1488 802 1540 et
835 1485 1278 1556 prtesentatione
1310 1483 1398 1540 sui
1431 1483 1741 1538 illustravit
1771 1483 1984 1550 infans,
2018 1486 2074 1537 et

432 1574 762 1631 reverentia;
793 1572 912 1629 zdo
945 1572 1339 1628 mercimoniis
1362 1572 1564 1644 ejectis
1595 1572 1676 1626 sic
1707 1571 1912 1627 extulit
1942 1571 2073 1626 ado-

2190 432 2331 480 rem,
2367 419 2422 469 at
2455 420 2674 469 metum
2706 414 2998 469 eumdem.
3035 417 3095 467 In
3131 429 3248 485 qua
3275 411 3454 467 linter
3471 409 3638 467 exilis
3657 426 3839 483 prope

2188 504 2420 568 mmnia,
2473 508 2679 576 praeter
2735 503 2982 566 navalia,
3034 503 3187 557 intra
3246 500 3444 556 littora
3491 499 3831 567 Maracheaa,

2187 595 2504 661 Tortuosae,
2537 591 2812 659 Valonize,
2848 589 3076 657 Gibelli',
3103 591 3336 646 tandem
3374 587 3706 645 Laodiciam
3739 605 3836 643 me

2187 683 2467 753 pervexit;
2503 681 2600 736 ubi
2632 681 2724 736 vix
2754 679 3049 753 expositus
3079 695 3182 752 per
3222 677 3380 734 mille
3427 677 3685 750 pericula
3712 679 3836 733 An-

2186 771 2462 826 tiochiam
2512 769 2647 836 adii,
2683 787 2878 826 moras
2925 771 3144 825 ducum
3192 768 3474 841 increpui.
3507 768 3550 823 Ο
3591 767 3834 823 adducti

2185 859 2482 932 proceres!
2517 876 2617 915 vos
2639 863 2816 916 testes
2837 859 3153 928 habeo,vos
3175 858 3496 914 adduxiEx
3517 855 3616 912 illo
3643 872 3835 928 usque

2184 951 2241 1004 in
2273 966 2548 1021 praesens,
2584 965 2772 1020 neque
2801 948 2946 1003 vidit
2973 948 3157 1003 otium
3190 963 3389 1002 meum
3423 945 3694 1012 Phoebus,
3728 962 3833 1001 ne-

2183 1056 2296 1111 que
2325 1037 2774 1095 somnolentiam
2811 1037 3231 1109 Phoebemeque
3265 1035 3470 1092 faciem
3499 1051 3705 1090 mensa
3735 1051 3842 1090 ne-

2183 1144 2297 1200 que
2328 1126 2561 1182 animus
2593 1125 3018 1199 quietem,dum
3051 1124 3384 1197 reipublicae
3412 1123 3837 1189 inservio,invi-

2182 1216 2320 1288 gilo,
2353 1215 2676 1281 insenesco,
2710 1213 3226 1270 immorior.Multo
3257 1217 3452 1270 autem
3483 1211 3653 1286 plura
3681 1229 3832 1286 prae-

2184 1306 2381 1361 missis
2409 1305 2754 1361 subditurus
2783 1320 3003 1371 eram,o
3033 1308 3251 1375 patres,
3274 1303 3374 1358 sed
3400 1319 3513 1374 prae
3547 1318 3831 1373 compen-

2183 1396 2277 1450 dio
2308 1394 2553 1450 dimissa
2580 1398 2784 1450 caetera
2814 1393 2968 1448 diem
3001 1391 3332 1448 adversario
3361 1389 3754 1463 relinquam.»

2474 1483 2752 1538 CXXXVI.
2787 1511 2853 1524 --
2886 1481 3180 1554 Respondet
3214 1480 3532 1537 Tancredus.

2250 1574 2334 1628 Ab
2366 1572 2458 1629 his
2489 1573 2680 1644 surgit
2708 1571 3237 1644 ambiguus,de
3260 1575 3458 1626 utrum
3489 1572 3834 1642 sequeretur

429 1664 654 1720 lescens
688 1681 700 1717 :
733 1666 1012 1734 Scriptum
1033 1671 1131 1726 est,
1162 1661 1351 1716 domus
1397 1678 1536 1728 mea,
1571 1661 1758 1715 domus
1807 1662 2071 1716 orationis
2104 1696 2154 1759 Β
2179 1663 2387 1718 ducem
2423 1663 2699 1718 fervorem
2733 1661 2936 1727 animi,
2969 1678 3044 1716 an
3085 1660 3307 1732 judicis
3354 1660 3608 1715 favorem
3643 1673 3655 1712 :
3688 1675 3834 1729 ergo

430 1754 730 1808 vocabitur.
769 1752 1031 1824 Longum
1063 1754 1152 1804 est
1189 1765 1532 1804 enumerare
1581 1749 1796 1821 quibus
1848 1749 2072 1821 paginas

429 1841 638 1897 veteris
671 1844 770 1895 aut
799 1857 956 1895 novae
988 1838 1263 1894 laudibus
1292 1838 1472 1909 hujus
1502 1844 1714 1893 sanctae
1747 1837 1956 1893 domus
1980 1853 2073 1892 cu-

429 1930 690 1986 mulatur
719 1930 1014 1999 maiestas.
1050 1927 1208 1994 Quod
1244 1927 1290 1982 si
1324 1928 1487 1993 satis,
1522 1943 1554 1981 o
1586 1925 1959 1992 Marchisida,
1992 1931 2071 1980 at-

429 2019 743 2082 tendisses,
775 2018 911 2072 huic
945 2017 1153 2072 saltem
1186 2017 1566 2088 pepercisscs,
1590 2015 1756 2087 quasi
1791 2015 1848 2069 in
1901 2015 2071 2070 terris

431 2108 572 2164 cmlo
608 2125 620 2162 :
652 2105 808 2171 huic,
837 2105 1097 2178 inquam,
1135 2104 1302 2159 unico
1334 2103 1390 2158 in
1425 2103 1612 2169 terris,
1647 2105 1694 2158 si
1727 2104 1866 2176 quid
1919 2107 2072 2158 terra

431 2195 591 2251 coclis
630 2193 821 2251 simile
869 2193 1060 2260 habet,
1095 2193 1370 2248 cmlorum
1421 2192 1741 2247 simillimo.
1773 2195 1844 2247 At
1874 2191 2070 2246 indul-

428 2285 685 2358 gendum
715 2288 804 2339 est
833 2282 1206 2339 Wiscardidaa
1234 2300 1247 2337 :
1273 2288 1508 2337 secutus
1529 2289 1614 2337 est
1633 2283 1788 2338 enim
1813 2284 2067 2354 patrum.

429 2389 671 2428 suorum
700 2371 962 2445 vestigia.
987 2369 1126 2438 Quis
1160 2371 1309 2426 inter
1338 2371 1663 2444 amplexus.
1689 2371 1842 2426 inter
1870 2369 2071 2426 oscula

427 2466 782 2534 compatrem
814 2477 988 2517 suum
1022 2478 1054 2515 a
1086 2460 1376 2516 moenibus
1408 2466 1534 2515 rota
1583 2459 1831 2531 dejecit‘?
1861 2475 2070 2530 nempe

427 2549 808 2606 Wiscardus?
837 2549 971 2622 quis
999 2547 1163 2604 vivus
1195 2565 1296 2620 pro
1339 2554 1592 2616 mortuo,
1626 2549 1936 2614 incolumis
1967 2565 2068 2619 pro

427 2639 774 2696 tumulando
805 2640 863 2694 in
895 2644 1151 2694 montem
1183 2637 1491 2694 Cassinum
1525 2638 1782 2710 perlatus
1807 2637 1934 2693 est?
1955 2636 2073 2692 Uti-

429 2746 541 2800 que
576 2727 914 2785 Wiscardus
946 2745 957 2782 :
995 2725 1134 2793 Quis
1170 2731 1437 2797 nepotem
1488 2743 1663 2782 suum
1710 2727 1782 2780 ad
1833 2743 2070 2780 concor-

429 2818 586 2873 diam
619 2815 900 2881 elicitum,
931 2815 1094 2887 prius
1125 2814 1332 2880 calida,
1368 2831 1500 2871 mox
1535 2814 1729 2887 gelida
1777 2814 2070 2886 perfudit?

429 2907 585 2963 Idem
632 2905 976 2961 Wiscardus
1009 2922 1022 2959 :
1055 2905 1155 2977 qui
1202 2909 1397 2960 tamen
1457 2905 1638 2960 fertur
1692 2903 2072 2960 ecclesiarum

428 2995 722 3060 fundator,
756 3011 869 3048 non
901 2994 1212 3049 subversor
1243 3008 1256 3047 :
1291 3009 1396 3048 nec
1445 2994 1796 3058 denudasse,
1830 2997 1889 3046 at
1921 2991 2070 3046 mul-

426 3089 518 3140 tas
575 3099 834 3140 ornasse.
886 3081 1083 3154 Papae!
1117 3099 1148 3137 ο
1185 3080 1565 3148 Wiscardida,
1618 3081 1918 3137 nesciebas
1977 3067 2141 3135 meC

428 3173 639 3228 domus
687 3171 786 3226 Dei
835 3169 1210 3226 ministrum!
1244 3186 1317 3224 an
1367 3171 1645 3241 prudens,
1680 3169 1892 3234 sciens,
1927 3185 2070 3224 con-

430 3266 650 3332 tempto
691 3275 783 3315 me
831 3259 1170 3315 conculcato
1211 3260 1366 3329 jure,
1401 3258 1623 3330 prolato
1673 3257 1888 3313 scelere
1937 3273 2069 3312 san-

429 3350 687 3406 tnariu‘m
735 3347 1099 3420 profanasti?
1133 3346 1182 3402 si
1215 3345 1550 3419 ignoranter
1599 3351 1900 3418 peccatum
1949 3351 2068 3412 est;

429 3456 533 3493 cur
563 3442 692 3510 post
725 3437 986 3492 notitiam
1029 3453 1142 3490 non
1191 3441 1279 3490 est
1325 3436 1396 3489 ad
1447 3434 1672 3489 veniam
1727 3434 2074 3488 recursum?

429 3527 590 3594 Quod
623 3527 671 3582 si
703 3525 962 3598 peccavit
991 3524 1314 3591 industria;
1350 3539 1454 3578 cur
1464 3525 1588 3594 jam
1612 3528 1800 3578 cessat
1821 3522 2023 3594 rapina
2044 3523 2072 3577 Ῥ

425 3615 630 3672 Adhuc
663 3617 881 3670 restant
901 3611 1376 3679 ecclesias,adhuc
1399 3612 1458 3666 in
1481 3610 1763 3666 altaribus
1784 3627 2027 3684 gemma:
2055 3629 2067 3679 ;

429 3706 592 3777 quin,
627 3705 804 3768 irrue,
838 3719 993 3775 rape,
1030 3701 1171 3772 ejice
1205 3701 1524 3768 ministros,
1559 3702 1803 3756 succede
1848 3700 2068 3772 ejectis,

429 3792 598 3850 sileat
629 3789 922 3856 Arnu‘lfus,
957 3791 1201 3846 suadeat
1245 3789 1601 3845 Tancredus.
1636 3793 1701 3844 At
1724 3807 1844 3854 vos,
1876 3807 1908 3844 ο
1939 3805 2072 3862 pro-

429 3883 619 3938 ceres!
651 3880 699 3935 si
731 3879 868 3952 quid
904 3879 1048 3935 bene
1079 3878 1287 3945 merui,
1313 3877 1610 3934 vobiscum
1645 3878 2074 3945 laboravi,nun-

431 3985 607 4042 quam
639 3969 888 4024 deserui.
925 3969 1006 4023 Ab
1037 3968 1164 4040 ipso
1196 3967 1480 4024 bellorum
1512 3968 1832 4039 primordio
1883 3966 2071 4022 Niczea

428 4057 790 4129 vigilantiam
821 4073 1009 4112 meam
1047 4058 1249 4123 sensit,
1285 4057 1405 4124 ubi,
1433 4074 1524 4112 me
1547 4057 1878 4128 increpante
1903 4057 2075 4128 pigri-

429 4145 914 4212 tia1n,strenuitas
946 4146 1234 4214 fervebat;
1269 4146 1533 4200 hortante
1567 4146 1833 4216 juvenes,
1867 4161 2070 4200 senec-

429 4242 524 4292 tus
545 4231 968 4306 juvenebatur;
1001 4235 1222 4307 sopitas
1251 4236 1534 4290 excitante
1565 4234 1797 4300 fundas,
1858 4234 2072 4289 moenia

426 4325 774 4381 tremebant.
801 4325 930 4380 Mox
957 4325 1017 4378 in
1050 4323 1195 4378 valle
1231 4326 1446 4378 Dorccit
1477 4323 1846 4394 circumsepti
1871 4324 1941 4378 ab
1969 4324 2071 4378 ho-

2181 1751 2264 1806 sic
2315 1751 2518 1824 incipit
2564 1750 2725 1822 (deest
2783 1750 3148 1817 Tancredus)
3180 1767 3192 1804 :
3226 1772 3254 1798 ‹‹
3291 1748 3488 1814 Scitis,
3537 1761 3829 1820 proceres,

2181 1839 2442 1896 studium
2475 1849 2670 1894 meum
2707 1855 2720 1893 :
2755 1837 2965 1893 militia
2997 1839 3246 1904 fuit,non
3270 1837 3574 1910 persuasio
3595 1851 3701 1892 nec
3725 1835 3834 1891 lin-

2181 1930 2442 2002 guositas
2475 1941 2567 1984 me
2599 1927 3014 1999 promovitjed‘
3038 1926 3198 1982 ensis
3227 1931 3288 1982 et
3314 1925 3554 1982 lancea:
3583 1925 3830 1998 proinde

2181 2017 2606 2090 indulgendum
2639 2016 2782 2072 mihi
2815 2017 2936 2072 fore
2967 2015 3276 2088 postulo,si
3310 2020 3534 2072 tractus
3565 2015 3636 2070 ad
3669 2013 3828 2081 lites,

2181 2106 2322 2162 artis
2355 2107 2564 2178 ignota:
2592 2119 2892 2162 excessero
2925 2104 3182 2160 rationes
3214 2121 3225 2158 :
3261 2103 3312 2160 si
3339 2109 3464 2176 tyro
3515 2103 3678 2159 rudis
3725 2107 3831 2158 aut

2180 2196 2324 2252 citra
2355 2201 2568 2251 metam
2603 2207 2866 2268 pressere
2896 2198 2996 2248 aut
3028 2193 3182 2248 ultra
3224 2193 3489 2249 laxavero
3542 2192 3826 2249 habenas.

2181 2286 2240 2340 Id
2275 2284 2481 2356 opinor
2511 2283 2898 2340 consideravit
2945 2283 3314 2338 adversarius
3346 2299 3359 2338 :
3393 2281 3530 2337 hinc
3569 2297 3663 2337 me
3691 2297 3832 2352 pro-

2179 2373 2422 2429 vocandi
2454 2373 2708 2445 sumpsit
2755 2371 3083 2437 audaciam,
3118 2371 3217 2443 qui
3269 2370 3421 2428 sicut
3469 2370 3738 2442 scorpius
3769 2370 3830 2426 in

2179 2465 2387 2530 cauda,
2419 2463 2500 2516 ita
2529 2477 2763 2518 omnem
2796 2461 2974 2517 habet
3001 2475 3172 2516 suam
3203 2460 3475 2515 militiam
3498 2459 3556 2514 in
3580 2459 3784 2532 lingua
3809 2475 3828 2513 :

2177 2570 2280 2622 vae,
2311 2551 2575 2624 inquam,
2608 2567 2690 2606 vae
2720 2550 2922 2623 lingua
2954 2566 2968 2604 :
3004 2567 3038 2604 a
3067 2550 3254 2606 cauda
3284 2553 3373 2605 est
3401 2547 3828 2621 scorpii.Audi-

2179 2641 2286 2697 stis
2317 2640 2450 2713 ipsi,
2485 2653 2597 2695 non
2628 2644 2718 2695 est
2748 2645 2982 2694 externo
3011 2651 3159 2710 opus
3189 2643 3484 2710 teste,qua
3505 2637 3559 2693 vi
3591 2653 3832 2709 persua-

2179 2730 2351 2785 dente
2381 2745 2572 2802 genus
2587 2741 2784 2784 meum
2807 2727 3442 2784 eorroserit.Wisoardo
3463 2726 3738 2784 secunde
3755 2726 3834 2782 ab

2177 2819 2500 2874 Alexandro
2532 2817 2786 2873 audaciae
2819 2815 3253 2881 detraxit,tanto
3280 2815 3526 2888 principi
3559 2815 3734 2870 homo
3757 2816 3832 2870 de

2179 2909 2349 2978 cujus
2369 2907 2566 2963 sobole
2583 2905 2876 2979 quispiam
2896 2905 3218 2978 principem
3238 2919 3351 2960 non
3365 2903 3832 2960 vidit.Wiscardi

2180 3001 2309 3052 acta
2341 3001 2477 3052 nota
2507 2999 2646 3052 sunt
2677 2995 2824 3061 orbi,
2860 3012 2976 3050 non
3007 2999 3097 3050 est
3121 2993 3224 3066 qui
3269 2993 3454 3066 possit
3501 2993 3840 3061 detrahere,

2180 3085 2292 3142 nisi
2324 3085 2424 3157 qui
2456 3101 2686 3157 semper
2715 3084 2944 3140 studuit
2971 3083 3291 3139 candidum
3315 3083 3372 3138 in
3397 3082 3838 3155 nigra,nigrum

2178 3175 2237 3230 in
2271 3175 2521 3230 candida
2546 3173 2844 3228 colorare:
2869 3173 3008 3244 quid
3033 3173 3191 3244 quod
3216 3173 3276 3227 in
3299 3171 3508 3244 opibus
3529 3170 3840 3244 opitulari,

2179 3268 2236 3319 et
2267 3266 2682 3336 postponerent
2713 3260 3048 3317 necessitati
3080 3259 3339 3326 delicias,
3371 3277 3514 3317 auro
3541 3261 3722 3315 vitam
3749 3277 3837 3316 res

2181 3350 2679 3424 dimere,gcmmis
2711 3348 3052 3406 coneulcare
3083 3349 3320 3405 hostes?
3349 3350 3424 3405 de
3449 3353 3691 3422 argento
3725 3349 3837 3404 mi-

2179 3441 2309 3496 lites
2341 3455 2536 3495 crcare
2569 3440 2677 3494 iste
2698 3440 3075 3510 pervertendo
3096 3442 3152 3494 et
3169 3439 3542 3510 depravando
3558 3442 3728 3493 vocat
3744 3454 3838 3493 θορ

2181 3529 2390 3585 clesias
2420 3528 2792 3584 excrustare?
2827 3527 3038 3582 Nonne
3061 3527 3154 3582 hie
3183 3527 3399 3599 cst,qui
3451 3525 3838 3582 sermocinari

2182 3635 2284 3690 per
2316 3616 2620 3689 parochias
2652 3615 3088 3686 solet,clamans
3120 3632 3134 3670 :
3171 3615 3376 3685 Dicite,
3410 3614 3740 3687 pontiﬁces,
3774 3614 3842 3670 in

2181 3713 2382 3764 sancto
2415 3707 2558 3779 quid
2581 3707 2756 3762 faciat
2777 3723 2986 3761 aurum
3003 3705 3031 3761 ?
3061 3722 3271 3778 nempe
3292 3705 3366 3761 ob
3394 3703 3728 3777 reipablicu
3749 3708 3842 3761 tuo

2179 3797 2456 3861 telam,ob
2490 3794 2897 3851 infidelitatem
2946 3793 3376 3860 debellandum,
3410 3797 3650 3866 urgente
3679 3793 3838 3864 peri.

2181 3885 2334 3951 culo,
2369 3885 2626 3938 instante
2657 3877 3204 3949 bellofnecessitate
3233 3887 3493 3948 coactus,
3517 3899 3594 3937 ωε
3616 3897 3840 3937 vacans

2181 3979 2238 4030 et
2269 3973 2436 4046 quasi
2469 3971 2766 4028 dormiens
2796 3971 3134 4031 excitavi.ut
3154 3970 3258 4042 qui
3277 3971 3555 4027 servierat
3576 3969 3835 4042 fulgens,

2181 4062 2370 4118 eidem
2403 4060 2622 4116 melius
2636 4059 2878 4122 serviret
2897 4058 3157 4128 bellans;
3183 4076 3295 4115 non
3326 4060 3462 4116 inde
3479 4060 3616 4114 cudi
3641 4075 3839 4114 mare.

2182 4149 2352 4206 nulas
2375 4149 2654 4222 neptibus.
2674 4148 2827 4205 meis
2843 4149 3268 4220 gratiosus,res-
3281 4152 3512 4204 tantum
3535 4147 3840 4214 transtuli,

2181 4257 2295 4296 non
2329 4237 2689 4310 consumpsi.
2726 4237 2988 4292 Promovi
3020 4242 3086 4292 ut
3117 4238 3382 4293 fructum
3411 4235 3835 4308 multiplicent,

2181 4328 2348 4400 quasi
2377 4345 2492 4382 non
2523 4326 2849 4382 sensissent
2871 4330 3120 4392 motum,
3149 4343 3263 4380 non
3293 4329 3600 4397 surgerent
3627 4324 3687 4380 in
3719 4342 3846 4380 aud

428 4414 640 4484 sti'bus,
666 4419 911 4468 mortem
933 4418 1068 4468 ante
1089 4412 1287 4468 oculos
1317 4412 1598 4476 videntes,
1621 4413 1693 4467 de
1715 4412 1831 4466 vita
1851 4410 2074 4467 diflide-
2105 4436 2151 4499 υ
2179 4413 2806 4489 gmentum.Seminavi
2839 4418 2904 4468 ut
2934 4425 3173 4480 metam,
3200 4419 3332 4485 post
3363 4429 3614 4469 messem
3646 4413 3840 4468 credi-

428 4503 670 4571 bamus;
708 4503 804 4558 ubi
833 4507 1028 4557 tamen
1062 4517 1248 4573 neque
1279 4506 1532 4573 mentem
1563 4501 1829 4556 confudit
1875 4501 2068 4566 timor,

429 4609 616 4664 neque
648 4591 806 4647 fraus
837 4590 1080 4646 consilio
1111 4571 1330 4655 adfuit:
1354 4607 1539 4662 neque
1570 4589 1756 4644 abfuit
1785 4589 1966 4644 labori
1990 4589 2069 4644 ef-

427 4681 998 4738 fectus.Mittcndum
1030 4695 1157 4736 esse
1189 4680 1260 4734 ad
1293 4680 1502 4745 socios,
1538 4680 1756 4752 ignaris
1788 4679 2069 4734 nuntian-

430 4771 592 4836 dum,
626 4769 870 4825 diffusos
901 4769 1300 4842 aggregandos
1332 4768 1608 4834 memini;
1641 4784 1746 4840 ego
1778 4766 2065 4834 consului,

429 4875 534 4931 ego
591 4857 846 4930 implevi.
877 4859 1000 4912 Non
1061 4856 1460 4914 fraudulenter
1515 4855 1734 4912 alienos
1792 4856 2069 4912 humeros

429 4961 602 5002 onere
635 4947 887 5018 gravavi,
919 4947 1070 5018 quod
1107 4946 1218 5000 mei
1251 4951 1737 5013 recusarent,uno
1758 4946 2069 5001 comitatus

428 5033 666 5102 Achate,
700 5040 755 5090 et
787 5036 910 5107 ipso
941 5035 1094 5090 sicut
1123 5033 1342 5090 imbelli
1375 5035 1459 5090 sic
1489 5033 1719 5090 inermi.
1755 5034 1860 5089 Per
1889 5033 2073 5090 millia

430 5123 690 5178 hostium
722 5123 1194 5195 aufugi,inﬁnitis
1217 5123 1598 5195 sequentibus
1619 5122 2071 5190 evasi,eventum

431 5211 1019 5280 nuntiavi,victoriam
1054 5211 1286 5279 adduxi,
1312 5211 1772 5268 vici.Antiochiae
1795 5213 1927 5284 quis
1950 5213 2069 5268 fue-

431 5299 565 5363 rim,
597 5300 765 5356 testis
796 5306 884 5356 est
913 5300 1120 5356 hostis.
1154 5301 1456 5356 Diutinum
1483 5318 1727 5374 agonem
1758 5301 1924 5356 illum
1951 5301 2071 5356 haec

431 5401 546 5440 non
577 5388 820 5460 explicet
851 5389 972 5447 dies
1010 5406 1023 5444 :
1060 5395 1124 5444 ut
1157 5391 1226 5446 de
1258 5391 1450 5445 Marra
1489 5407 1721 5462 quoque
1769 5407 1947 5461 prope
1979 5407 2071 5445 re-

429 5471 667 5548 dempta
695 5478 1133 5550 sileam,redeat
1152 5479 1210 5536 in
1235 5477 1578 5536 memoriam
1601 5479 1808 5535 saltem
1829 5477 2069 5548 Archas,

2180 4505 2288 4560 tori
2322 4520 2448 4559 meo
2480 4500 2794 4574 decuplum
2828 4499 3176 4573 persolvam'.
3200 4497 3414 4558 Verum
3449 4511 3551 4556 nec
3581 4501 3692 4556 erit
3722 4503 3834 4556 Ar-

2179 4593 2513 4659 nulfus,nec
2545 4590 2645 4662 qui
2678 4594 2764 4645 tot
2794 4590 3046 4645 redimat
3077 4592 3280 4660 neptes
3311 4587 3516 4661 templi
3553 4587 3834 4662 claviger,

2178 4693 2311 4737 cum
2344 4681 2651 4736 thesauros
2680 4679 2810 4749 ejus
2839 4678 2998 4750 gazis
3019 4677 3332 4733 cumulabo
3359 4677 3626 4734 :interim
3652 4677 3838 4733 etiam

2179 4785 2406 4843 ungues
2429 4767 2667 4824 tentabo
2691 4783 3102 4838 arcere,neque
3123 4767 3265 4822 dum
3291 4765 3705 4838 Hierosolymis
3729 4766 3840 4821 mi-

2178 4857 2370 4914 litabit
2401 4853 3050 4926 Tancredus,tem-plum
3073 4853 3304 4909 Domini
3324 4851 3599 4926 spoliabit
3620 4851 3842 4908 Amul-

2177 4943 2783 5011 fus.Animadvertite,
2805 4961 2837 4998 ο
2868 4943 3170 5015 proceres!
3206 4959 3476 5014 quaenam
3508 4946 3614 5008 est,
3630 4941 3678 4998 si
3713 4958 3836 4997 non

2181 5035 2302 5090 haec
2325 5031 2747 5105 injuria.Nobis
2769 5031 2961 5087 adhuc
2985 5031 3308 5087 forinsecus
3327 5031 3654 5086 extor'ribns
3671 5030 3843 5088 hunc

2180 5125 2371 5195 ipsum
2397 5122 2661 5193 judicem
2692 5119 2837 5194 elegi
2848 5135 3046 5192 ,su-per
3064 5120 3173 5176 hac
3199 5120 3522 5192 quaestione
3539 5120 3839 5189 consului,

2181 5229 2356 5268 suum
2390 5227 2460 5266 ne
2493 5208 2859 5282 singulorum
2893 5209 3048 5281 quod
3079 5210 3331 5282 quisque
3361 5215 3694 5282 occuparet,
3717 5210 3846 5267 sive

2181 5302 2390 5356 domus
2413 5299 2532 5354 sive
2552 5297 2716 5354 curia
2737 5298 2883 5354 foret
2899 5315 2911 5352 :
2929 5298 3001 5354 ab
3015 5297 3370 5372 interrogato
3383 5299 3468 5355 sic
3480 5297 3848 5370 accepi.Dee-

2183 5396 2304 5446 retu
2314 5406 2369 5443 m
2389 5387 2899 5460 est,inquit,atque
2912 5387 3322 5443 universaliter
3332 5387 3624 5443 sancitum
3635 5387 3713 5455 ,id
3725 5399 3850 5444 suo

2173 5478 2295 5552 juri
2308 5476 2442 5548 cuiq
2451 5474 3500 5548 ue,quodcunque-sit,relinquendum
3519 5475 3848 5546 fore,cujus
