3996 6096
147 261 271 320 577
1505 260 1754 325 GES'I‘A
1796 261 2213 325 TANCREDI.
3442 268 3562 330 678

150 396 291 466 post
323 391 659 467 ingressum
686 392 853 453 urbis
880 394 1111 467 primus
1140 393 1304 453 ﬁeret
1331 400 1663 469 occupator.
1683 397 1809 452 Hac
1836 397 1892 463 Α
1920 394 2066 451 vidit
2086 395 2352 452 victores.
2387 395 2746 453 Turbaverat
2792 396 2949 455 enim
2997 413 3191 469 regem
3236 398 3564 473 Memphios

151 481 409 541 forsitan
424 480 548 554 ipse
567 481 919 557 praeteriisse
940 486 1246 559 putat:ego
1266 483 1575 557 praesentia
1593 483 1799 551 habeo,
1911 483 2271 541 Hierusalem
2300 488 2489 558 capta,
2521 482 2658 540 hinc
2682 488 2806 541 tota
2820 484 3075 543 fremens
3104 486 3388 560 .quptus
3405 486 3567 560 equi-

152 588 273 627 non
308 568 669 638 exciderunt,
697 576 856 629 stant
882 572 1015 629 lixa.
1059 570 1278 631 Pudeat
1297 572 1557 647 judicem
1586 573 1648 628 in
1680 574 1806 629 dies
1914 576 2040 628 tum
2074 572 2355 629 trecentis
2386 572 2649 631 millibus
2681 590 2972 648 sexagena
3004 575 3421 644 cumulaverat,
3454 576 3564 635 xui-

154 663 392 719 mntare
421 660 765 725 sententias,
785 659 1002 719 nedum
1032 662 1186 734 quod
1211 661 1332 718 heri
1357 661 1808 733 sanxerit,hodie
1917 664 2189 732 seratque
2219 660 2499 718 bellatum
2548 662 2810 734 peditum
2871 679 3153 719 numerus
3202 664 3353 719 sicut
3383 665 3565 721 maris

156 752 358 823 neget,
390 753 449 805 et
468 747 883 823 anguilubrico
903 750 1370 809 conformeturet
1390 750 1808 807 Protheo.Nam
1918 765 2111 804 arena.
2143 750 2215 805 At
2247 750 2343 805 ubi
2375 750 2446 805 de
2476 750 2726 806 adventu
2776 750 3062 807 bellorum
3115 753 3451 809 nuntiatum
3472 758 3566 810 est

156 853 278 913 quo
308 840 539 893 teneam
572 837 746 894 modo
777 842 1103 895 mutantem
1136 837 1381 894 Prothea
1398 838 1615 895 vultus.
1648 838 1810 906 Quod

156 926 209 981 si
242 924 496 981 fortasse
526 925 748 1000 primos
779 925 975 982 aditus
1004 926 1117 985 sibi
1149 931 1415 999 usurpat,
1446 925 1504 981 in
1538 925 1646 981 hac
1676 941 1815 998 quo-

157 1030 277 1089 que
308 1017 475 1087 parte
504 1013 692 1071 victus
721 1014 1055 1073 succumbit
1074 1017 1347 1084 ;testatur
1361 1014 1413 1070 ei
1445 1013 1686 1071 forsitan
1712 1013 1817 1071 mi-

1922 836 2198 906 Francis;
2230 836 2315 893 illi
2344 838 2500 894 velut
2528 855 2562 894 a
2588 840 2740 895 fame
2769 840 2841 894 ad
2875 839 3078 912 epulas
3099 842 3569 907 occurrunt,fun-

1925 926 2075 983 dunt
2106 925 2289 982 nostri
2338 926 2493 999 quod
2544 926 2766 982 dictum
2799 932 2907 995 est,
2966 933 3023 983 et
3078 928 3181 984 ubi
3211 928 3432 985 dictum
3454 935 3564 999 est,

1923 1014 2095 1087 pauci
2178 1013 2468 1071 multos:
2555 1032 2670 1088 quo
2753 1020 2948 1072 autem
3041 1015 3264 1085 ordire,
3353 1035 3567 1093 urgens

156 1102 249 1159 les
268 1102 554 1170 unus,sed
572 1100 1815 1176 exercitusmihizquiaudierit,sedmillequi
1915 1102 2087 1175 jubet
2115 1102 2391 1175 praeteriri
2426 1104 2791 1159 Tancredns:
2823 1103 3093 1178 indulget
3140 1109 3334 1162 tamen
3382 1111 3567 1167 Asca-

156 1190 582 1264 videruntEgo
607 1191 837 1264 primus
866 1190 1263 1266 irrui,primus
1286 1196 1482 1265 portas
1503 1190 1667 1265 fregi,
1702 1207 1816 1263 quo

161 1279 338 1355 sequi
370 1297 485 1341 non
516 1281 775 1348 auderet,
807 1296 913 1355 ego
942 1280 1236 1355 praecessi,
1268 1296 1415 1353 quos
1458 1295 1563 1337 nec
1593 1297 1627 1336 a
1656 1284 1817 1353 tergo

159 1375 454 1445 spectare,
478 1386 583 1444 ego
614 1386 649 1425 a
677 1368 864 1426 fronte
886 1368 1268 1426 debellavi.At
1298 1370 1468 1443 fugas
1488 1386 1628 1426 suas
1648 1368 1820 1429 nobis

152 1461 372 1533 jactat,
406 1456 680 1532 periculis
693 1456 1081 1526 consuluisse,
1101 1458 1468 1533 suggessisse
1490 1457 1560 1514 de
1590 1458 1817 1524 nuntio,

157 1546 409 1605 demum
444 1547 916 1614 nuntiasse.Quis
945 1548 1087 1604 adeo
1107 1547 1374 1615 stolidus,
1399 1565 1432 1604 o
1453 1546 1822 1621 procereslut

159 1653 231 1693 ex
260 1635 357 1692 his
387 1636 517 1709 ejus
535 1636 906 1692 formidinem
927 1653 1044 1693 non
1060 1637 1382 1711 perpendat
1401 1637 1649 1709 ?Nempe
1666 1654 1702 1692 u
1726 1652 1819 1711 pe-

162 1724 356 1781 riculo
379 1724 608 1799 uspiam
633 1724 922 1789 mitti,hoc
937 1729 1026 1785 est
1055 1727 1257 1783 abesse
1277 1743 1312 1781 a
1334 1725 1589 1798 periculo
1602 1731 1659 1782 et
1675 1725 1817 1781 libeo

162 1811 305 1867 rari.
338 1811 486 1878 Quid
517 1812 674 1884 quod
703 1817 760 1867 et
785 1812 1095 1885 persuasit,
1122 1818 1180 1868 et
1204 1829 1269 1868 se
1296 1811 1564 1886 ingessit,
1584 1817 1642 1870 et
1664 1811 1817 1868 ultro

163 1898 503 1957 abscessit?
530 1899 822 1957 Nimirum
853 1916 920 1959 ex
957 1898 1051 1956 his
1073 1900 1371 1975 colligitur
1392 1902 1545 1974 quod
1564 1901 1812 1974 aufugit:

166 2004 362 2062 neque
389 1988 547 2044 enim
575 1987 700 2044 haec
732 1988 1047 2061 abscessio,
1098 1991 1197 2045 sed
1248 2005 1382 2046 vero
1414 1990 1649 2046 nomine
1681 1991 1820 2064 fuga

163 2078 419 2137 dicenda
448 2082 556 2135 est.
584 2077 754 2135 Juste
768 2077 879 2135 hoc
898 2077 1244 2137 vocabulum
1267 2079 1563 2152 jactantiae
1580 2080 1707 2151 ejus
1728 2078 1818 2135 in-

164 2167 441 2236 tercidit;
474 2167 648 2239 cujus
678 2171 801 2223 tota
823 2166 1088 2237 intentio,
1115 2169 1287 2225 ardor
1307 2168 1670 2235 unicus,sola
1688 2168 1819 2225 sitis

166 2257 311 2330 fuga
342 2256 537 2313 fuerit.
566 2255 681 2312 Sed
714 2261 1024 2313 excusatus
1070 2257 1192 2313 abit
1220 2261 1456 2330 propter
1485 2274 1622 2314 suos
1671 2270 1820 2330 quos

165 2348 499 2411 enumerat,
538 2344 755 2419 quibus
800 2345 1052 2405 occurrit
1102 2350 1326 2402 metus:
1361 2346 1623 2405 attendat
1677 2345 1821 2419 quid

162 2434 280 2491 ista
314 2438 565 2504 sonant;
596 2432 756 2490 mille
786 2434 991 2492 modos
1022 2434 1176 2490 inter
1221 2434 1365 2491 letbi
1413 2451 1572 2492 mors
1622 2433 1729 2490 illa
1753 2434 1822 2491 ti-

167 2523 321 2580 mori
354 2539 475 2597 qua
502 2522 693 2578 timidi
725 2539 949 2596 ccipere
980 2524 1150 2579 mori.
1185 2523 1367 2579 Pudet
1399 2540 1513 2589 me,
1544 2541 1578 2580 ο
1604 2528 1818 2597 patres,

166 2613 353 2685 hujus
382 2611 758 2681 certaminis;
793 2613 865 2668 ad
893 2613 1047 2686 quod
1069 2617 1287 2682 tamen,
1323 2629 1392 2668 ne
1414 2611 1524 2668 sibi
1545 2612 1819 2685 imputet,

170 2718 289 2758 non
324 2716 420 2757 me
450 2700 638 2775 coegit
652 2701 1022 2758 adversarius
1044 2718 1059 2770 ;
1078 2700 1410 2757 reverentiae
1425 2704 1625 2757 vestrae
1650 2699 1825 2759 ascri-

170 2790 296 2857 bat,
330 2806 399 2847 ea
429 2806 522 2846 me
552 2788 804 2862 impulit.
835 2789 967 2845 Jam
1008 2805 1145 2862 ergo
1194 2788 1483 2846 fatiscenti
1516 2805 1667 2861 equo
1699 2788 1823 2845 lora

169 2878 584 2952 supprimam:
617 2877 757 2952 quid
789 2878 860 2934 de
890 2882 1121 2952 peracto
1168 2894 1344 2934 cursu
1387 2878 1685 2947 debeatur,
1720 2893 1822 2933 vos

168 2967 511 3027 discernite.
538 2989 569 3019 ιι

478 3056 785 3114 CXXXVII.
815 3088 885 3101 -—-
909 3059 1193 3115 Sententia
1216 3074 1523 3131 pmcerum.

1924 1190 2141 1248 lonitas
2176 1196 2307 1265 post
2362 1191 2664 1249 victoriam
2711 1191 2917 1249 vexillo
2969 1194 3200 1249 comitis
3252 1193 3569 1253 Baimundi

1926 1280 2281 1353 elato,seque
2298 1298 2475 1353 suasq
2486 1299 2555 1338 ue
2566 1286 2756 1338 turres
2768 1282 3167 1355 substringere
3181 1284 3369 1341 manci
3380 1289 3567 1357 patos;

1927 1385 1993 1425 eo
2027 1386 2281 1442 namque
2311 1369 2577 1442 praeside,
2608 1370 2883 1427 Davidica
2912 1376 3135 1427 tutores
3151 1388 3290 1429 suos
3315 1372 3572 1431 immise-

1926 1461 2018 1513 rat
2049 1456 2282 1525 illaesos,
2316 1475 2384 1513 ex
2410 1474 2524 1530 quo
2555 1457 2734 1529 hujus
2761 1458 2869 1514 viri
2921 1459 3064 1516 fides
3112 1460 3171 1515 in
3227 1460 3441 1533 populo
3469 1461 3569 1519 illo

1928 1562 2144 1621 magna
2173 1547 2593 1603 celebrabatur.
2630 1549 2740 1604 Sed
2789 1554 2987 1605 exorta
3032 1549 3090 1604 in
3123 1550 3469 1624 magistratu
3499 1552 3571 1611 de

1928 1635 2277 1709 magistratu
2306 1635 2445 1704 lite;
2494 1638 2647 1709 quod
2698 1638 2906 1693 sortito
2964 1655 3210 1711 regnum
3260 1640 3569 1699 Godefrido

1932 1722 2298 1780 Rnimundus
2328 1723 2506 1781 nollet
2525 1725 2833 1798 suffragari
2860 1727 3022 1793 ;urbs
3044 1727 3332 1801 neophyta
3356 1729 3429 1785 ad
3452 1729 3573 1787 ido-

1925 1811 2156 1868 latriam
2188 1813 2355 1877 redit,
2390 1818 2622 1887 Spretus
2654 1814 2851 1871 comiti
2884 1815 3063 1871 simul
3095 1819 3307 1891 etjugo
3338 1818 3493 1891 regis
3512 1822 3573 1874 et

1926 1902 2055 1973 subj
2068 1905 2372 1973 ugatorum
2408 1901 2673 1971 habenis,
2707 1905 2861 1976 quod
2897 1905 3060 1961 nefas
3091 1906 3329 1979 quidem
3351 1906 3571 1981 expiari

1927 2006 2041 2045 non
2075 1989 2282 2058 habet;
2334 1989 2467 2046 licet
2515 1992 2785 2047 eumdem
2844 1992 3031 2048 multa
3065 1995 3195 2065 jam
3251 1993 3572 2053 clariﬁcent

1926 2079 2105 2151 probe
2136 2083 2319 2151 gesta,
2354 2084 2410 2134 et
2434 2084 2707 2135 maneant
2735 2080 2983 2137 clariora
3006 2082 3280 2154 ;superba
3307 2099 3573 2155 vanaque

1925 2166 2312 2241 indignatoris
2342 2169 2693 2242 contemptio
2718 2186 2971 2241 praesens
2986 2173 3174 2226 totum
3192 2170 3460 2243 deturpat
3481 2188 3574 2230 co-

1928 2255 2128 2311 mitem
2151 2261 2209 2311 et
2230 2256 2587 2329 praeteritum
2614 2262 2671 2314 et
2700 2258 2985 2315 futurum.
3014 2260 3130 2314 Ileu
3154 2257 3572 2327 miserlnescis,

1928 2344 2039 2399 heu
2072 2343 2285 2399 miseri
2319 2362 2447 2417 quae
2476 2345 2729 2414 vincula,
2761 2364 2910 2419 quas
2955 2351 3182 2422 strages
3228 2347 3572 2407 innocentia

1927 2432 2129 2501 struis,
2163 2433 2304 2488 dum
2338 2434 2552 2508 stragis
2594 2434 3079 2509 vinculorumque
3110 2437 3573 2495 instrumentum

1925 2516 2271 2578 Ascalonam
2303 2521 2503 2587 solvis,
2535 2529 2837 2580 nocentem
2862 2542 2977 2580 non
3007 2526 3455 2600 premisjugum
3478 2527 3576 2583 de-

1928 2609 2134 2665 trahis.
2168 2610 2544 2667 Mcestissima
2574 2612 2692 2667 haec
2722 2618 2833 2667 tute
2858 2613 3279 2686 indignationis
3300 2615 3426 2672 dies
3448 2615 3575 2675 inﬁ-

1930 2698 2112 2754 nitam
2146 2699 2217 2754 ad
2252 2704 2514 2771 posteros
2544 2701 2858 2773 perniciem
2889 2702 3253 2759 transmittit.

2033 2787 2311 2844 ΟΧΧΧΙΧ.
2346 2820 2413 2830 -
2449 2790 2747 2847 Tancredus
2774 2790 3036 2862 Oppidum
3061 2794 3240 2847 Bezan
3269 2794 3470 2851 munit.

2000 2877 2075 2931 At
2103 2876 2440 2932 Tancredus
2478 2892 2715 2948 semper
2758 2893 2821 2932 se
2866 2876 3181 2943 transiens,
3214 2894 3447 2950 semper
3502 2879 3574 2935 de

1930 2963 2082 3019 bono
2113 2963 2335 3031 melior,
2396 2979 2627 3036 semper
2687 2966 2798 3020 Deo
2854 2964 3207 3021 sublimante
3253 2964 3572 3024 humilior:

1930 3051 2200 3124 quamvis
2227 3069 2404 3124 opum
2438 3052 2746 3124 adeptione
2789 3050 3155 3126 templalium
3202 3071 3318 3127 prae
3350 3054 3574 3113 caeteris

240 3152 509 3220 Cumque
528 3146 649 3203 hec
664 3147 972 3204 verborum
990 3144 1049 3203 in
1068 3147 1311 3203 auribus
1328 3146 1659 3220 principum
1682 3163 1817 3203 con-
1850 3131 1892 3198 C
1932 3140 2218 3209 abundet;
2252 3141 2362 3195 sub
2402 3158 2533 3213 rege
2564 3146 2760 3197 tamen
2792 3158 2936 3199 novo
2968 3142 3201 3211 militat,
3234 3144 3572 3216 necjugum

168 3235 475 3297 sonuisset
500 3234 902 3293 dissonantia:
936 3234 1049 3309 ipsi
1070 3236 1196 3309 jam
1248 3235 1319 3292 ad
1359 3234 1694 3310 aequitatem
1734 3252 1824 3291 re-

167 3323 523 3403 spondentis
554 3322 912 3398 equanimcs
954 3322 1205 3392 redditi;
1239 3322 1429 3397 sopita
1460 3323 1698 3391 invidia,
1724 3325 1823 3397 ju-

168 3414 401 3473 stitiam
452 3418 806 3471 scrutantur.
839 3410 1096 3469 Medium
1154 3412 1450 3485 quoddam
1496 3410 1821 3481 inveniunt,

168 3521 291 3579 quo
325 3518 433 3559 nec
457 3501 676 3559 frustra
705 3500 1115 3559 declamaverit
1139 3500 1501 3574 Arnulphus,
1533 3517 1639 3557 nec
1660 3518 1826 3575 para-

170 3591 247 3651 tis
268 3589 509 3665 proprio
540 3589 828 3664 sanguine
855 3589 1067 3661 opibus
1116 3588 1432 3645 frustretur
1461 3589 1720 3646 Tancred
1732 3606 1819 3647 us.

168 3680 455 3739 Indicant
484 3676 665 3737 ubera
686 3695 801 3735 non
832 3678 1040 3735 debere
1064 3677 1317 3751 relinqui
1352 3677 1668 3751 arida,qua3
1694 3684 1824 3734 tan-

171 3776 302 3827 tum
326 3764 499 3826 lactis
521 3766 849 3831 effuderint,
871 3783 1004 3823 cum
1038 3766 1363 3839 praesertim
1380 3766 1663 3823 Tancredi
1684 3765 1825 3827 libe-

172 3857 378 3915 ralitas
410 3852 541 3911 aliis
570 3872 683 3911 non
716 3854 867 3911 desit
895 3852 1348 3911 ecclesiiszhanc
1378 3854 1666 3929 praecipue
1696 3872 1822 3929 quae

170 3945 484 4019 indignum
518 3942 739 4013 ditavit,
766 3942 931 3999 debet
964 3948 1021 3999 et
1035 3940 1160 4016 ipse
1188 3958 1356 3999 versa
1386 3942 1507 4000 vice
1524 3944 1713 4000 fovere
1735 3944 1823 4000 in-

170 4034 440 4108 dignam.
472 4032 620 4101 Quid
642 4030 853 4107 plura?
877 4030 1261 4105 septingentis
1282 4029 1565 4104 templum
1584 4032 1828 4090 redonat

172 4121 437 4183 marchis
466 4118 709 4177 consilio
736 4118 1069 4194 principum
1100 4118 1503 4188 Marchisides,
1528 4137 1646 4177 non
1675 4120 1824 4177 invi-

170 4216 271 4268 tus
297 4227 312 4271 :
344 4208 457 4267 hoc
488 4208 680 4266 medio
710 4209 1150 4282 conjunguntur
1178 4206 1279 4283 qui
1309 4207 1573 4281 abjuncti
1596 4210 1827 4267 fuerant

168 4297 527 4355 virizambo
575 4295 897 4372 conspicui,
934 4296 1106 4353 ambo
1164 4294 1236 4353 ab
1284 4296 1493 4353 humili
1538 4302 1823 4370 potentes,

172 4387 351 4443 ambo
381 4385 649 4442 omnium
681 4384 919 4456 invidia,
951 4401 1087 4441 cum
1135 4391 1340 4439 neuter
1369 4384 1481 4441 nisi
1512 4385 1658 4441 forte
1683 4384 1826 4442 alte-

170 4480 410 4531 rutrum
441 4473 743 4531 invideret.
778 4472 859 4529 De
891 4473 1107 4547 quibus
1122 4472 1314 4529 simile
1338 4471 1420 4529 illi
1452 4474 1608 4545 quod
1633 4475 1703 4530 de
1717 4474 1825 4532 He-

170 4569 336 4621 ctore
364 4567 424 4619 et
469 4558 664 4619 Enna
709 4560 893 4618 edidit
946 4560 1322 4630 Mantuanus,
1373 4561 1731 4619 confidenter
1766 4568 1825 4620 et

172 4653 305 4728 ipse
333 4648 702 4727 protulerim.

355 4742 424 4798 Si
439 4739 548 4797 duo
570 4747 839 4815 praeterea
863 4740 1102 4795 misisset
1132 4737 1345 4795 Gallica
1372 4739 1507 4795 tales

364 4830 529 4888 Terra
556 4830 723 4899 viros,

164 4922 295 4995 jam
327 4919 556 4977 dudum
584 4916 780 4976 Gallos
800 4916 1144 4975 habuissent
1156 4932 1318 4991 reges
1335 4915 1624 4990 Memphis
1644 4921 1701 4974 et
1724 4918 1827 4974 Ba-

172 5008 351 5084 bylon
375 5025 390 5066 :
424 5012 588 5065 tanta
615 5006 828 5065 enituit
854 5005 1038 5063 virtus
1067 5006 1127 5062 in
1157 5005 1268 5061 hoc
1290 5003 1593 5074 facundiae,
1618 5004 1678 5061 in
1726 5005 1825 5063 illo

171 5097 461 5166 audaciae,
486 5095 548 5153 in
584 5101 831 5171 utroque
858 5093 1246 5163 liberalitatis,
1282 5092 1672 5162 discretionis,
1704 5094 1826 5151 sol-

168 5186 522 5255 licitudinis,
544 5184 815 5259 justitiie,
852 5184 1196 5259 prudentiae.

311 5272 650 5334 CXXXVIII.
683 5306 751 5317 -—
781 5276 990 5331 Franci
1012 5273 1116 5330 sub
1144 5272 1406 5331 Ascalone
1440 5273 1680 5328 victores.

236 5366 376 5425 Jam
407 5362 766 5423 transierant
793 5368 928 5438 post
956 5360 1235 5437 praedicta
1264 5360 1412 5428 duae,
1430 5364 1489 5417 et
1519 5359 1590 5415 ab
1621 5361 1825 5419 eadem

173 5462 389 5533 quarta
415 5468 726 5533 patesceve
753 5450 1035 5528 fulgebat,
1083 5447 1187 5505 illa
1230 5464 1460 5521 quopue
1507 5447 1828 5522 geminavit

174 5542 471 5608 latinam:
505 5540 719 5625 quippe
747 5543 860 5605 sub
886 5537 1189 5607 Ascalome
1239 5535 1533 5598 moenibus
1572 5536 1826 5606 Francos

1931 3227 2268 3300 indignans,
2302 3244 2407 3283 nec
2437 3226 2811 3284 solitudinem
2833 3245 3220 3303 expavescens
3239 3230 3319 3287 :in
3340 3231 3398 3287 id
3414 3231 3571 3288 enim

1933 3331 2163 3371 summe
2190 3315 2356 3372 miles
2387 3314 2629 3371 militem
2663 3316 2964 3391 redegerat
2995 3317 3308 3374 haerentem
3338 3318 3571 3388 abiens;

1932 3410 1997 3461 ut
2025 3404 2393 3479 congregatis
2422 3405 2717 3474 omnibus,
2746 3406 2840 3461 vix
2863 3407 3125 3464 ducentae
3157 3407 3345 3464 lorica:
3368 3408 3573 3465 Hieru-

1931 3494 2115 3550 salem
2155 3499 2477 3550 tuerentur.
2541 3495 2581 3551 E
2630 3494 2846 3568 quibus
2899 3495 3296 3553 Wiscardides
3342 3496 3574 3553 circiter

1931 3582 2225 3656 octoginta
2254 3582 2363 3639 sibi
2395 3582 2614 3652 ascitis,
2648 3583 2856 3641 uberes
2899 3584 3124 3656 praedas
3154 3588 3210 3639 et
3240 3585 3572 3657 frequentes

1931 3670 2191 3743 undique
2223 3670 2582 3740 corradebat,
2614 3672 2915 3745 praedones
2957 3672 3030 3728 ab
3080 3675 3222 3729 urbe
3267 3672 3575 3746 vigilanter

1931 3761 2183 3828 arcebat,
2208 3759 2423 3816 ditator
2451 3759 2685 3827 civium,
2717 3760 2972 3825 hostium
3005 3763 3460 3834 pauperator.Ea
3490 3761 3574 3821 ni-
3648 3756 3669 3767 ’

1932 3850 2149 3905 mirum
2179 3848 2508 3905 sollicitudo
2536 3848 2725 3904 virum
2756 3849 2990 3922 impulit
3037 3850 3107 3909 ad
3141 3851 3443 3909 munimen
3474 3867 3573 3925 op-

1930 3938 2052 4012 pidi
2080 3939 2234 4011 quod
2268 3955 2424 3993 nunc
2444 3939 2642 4006 Bezan,
2666 3938 2804 3993 olim
2831 3938 3086 3995 Bezamis
3107 3938 3356 4013 legimus
3380 3936 3574 4013 appel-

1931 4027 2137 4084 latum.
2170 4026 2358 4083 Locus
2389 4024 2485 4081 ille
2515 4026 2589 4081 ab
2608 4024 2969 4082 Hierusalem
2988 4030 3389 4095 remotus,non
3410 4042 3570 4095 saxo,

1933 4132 2047 4172 non
2080 4113 2234 4187 palo,
2268 4131 2381 4170 non
2426 4130 2635 4187 aggere
2683 4114 2981 4170 munitus:
3016 4119 3290 4187 aquatore
3320 4131 3426 4171 suo
3458 4119 3574 4172 ter-

1932 4208 2096 4260 rebat
2125 4201 2450 4275 indigenas,
2486 4203 2726 4259 advenis
2756 4202 2902 4259 nihil
2924 4202 3346 4259 blandus.Nam
3366 4208 3576 4277 praeter

1933 4296 2157 4360 cratera,
2189 4290 2389 4365 p0puli
2418 4291 2745 4364 frequentia
2759 4290 3101 4348 circumfusi
3120 4293 3249 4363 jam
3267 4292 3575 4349 obsidebat

1933 4382 2274 4447 innocuum,
2305 4384 2608 4436 nocentem
2640 4380 2954 4437 obsessura
2978 4379 3164 4437 multo
3195 4379 3571 4453 frequentior.

1934 4470 2149 4527 Verum
2180 4469 2238 4525 id
2268 4470 2464 4541 ipsum
2494 4469 2822 4542 providerat
2851 4469 3094 4525 audacia
3122 4468 3249 4539 viri,
3277 4475 3332 4526 et
3363 4485 3575 4542 quem-

1933 4559 2251 4615 admodum
2282 4562 2519 4614 venator
2549 4574 2778 4627 nemus,
2811 4562 2914 4613 aut
2942 4558 3183 4613 dumeta
3211 4574 3447 4629 auceps,
3468 4573 3573 4615 no-

1932 4654 2093 4705 verat
2122 4648 2276 4703 unde
2306 4648 2492 4719 major
2522 4646 2724 4719 praedae
2747 4646 2914 4719 copia
2937 4645 3169 4702 deberet
3199 4644 3575 4719 avelli.Igitur

1932 4737 2120 4797 Bezan
2144 4735 2293 4791 vallo
2324 4738 2621 4808 utcunque
2644 4734 3039 4791 circumducto
3064 4734 3576 4803 vestitum,czetera

1932 4842 2037 4898 per
2063 4824 2371 4880 circuitum
2406 4822 2727 4897 municipia
2739 4822 2966 4896 spoliat,
2991 4829 3156 4880 arata
3175 4822 3577 4897 disjungitJu—

1933 4931 2073 4989 gum
2106 4931 2141 4969 a
2167 4913 2310 4975 bove
2341 4912 2410 4967 ad
2442 4912 2732 4969 rusticum
2780 4911 3077 4981 transfert,
3109 4911 3330 4969 claudit
3375 4908 3578 4968 merci-

1937 5005 2047 5061 bus
2077 5001 2219 5069 vias,
2253 5001 2500 5058 urbibus
2547 5006 2766 5075 portas.
2818 5001 3041 5070 Quibus
3092 5000 3282 5075 plagis
3326 4998 3577 5072 Caiphae

1935 5092 2172 5161 afﬂicta,
2204 5090 2473 5165 quamvis
2503 5089 2651 5147 mari
2680 5094 2738 5146 et
2766 5090 3029 5147 turribus
3058 5096 3225 5164 septa
3255 5087 3479 5157 civitas,
3499 5087 3579 5144 fa-

1932 5181 2093 5237 tiscit
2121 5185 2352 5237 tamen:
2385 5178 2575 5251 primo
2607 5178 2848 5252 quidem
2896 5178 3207 5236 tormentis
3246 5175 3577 5233 balearibus

1933 5271 2306 5337 obruta,mox
2327 5284 2430 5340 per
2449 5268 2641 5333 funes,
2664 5284 2769 5340 per
2788 5273 3125 5342 pontes,per
3151 5264 3338 5324 scalas
3358 5262 3581 5321 immis-

1935 5376 2032 5415 308
2060 5373 2371 5414 mucrones
2399 5374 2590 5430 passa.

1934 5448 2088 5505 CXL.
2119 5480 2187 5490 —
2217 5447 2566 5505 Boamundus
2590 5455 2643 5505 et
2678 5448 2985 5506 Batduinus
3003 5447 3303 5506 Jerusalem
3325 5449 3579 5518 pergunt.

2006 5536 2107 5596 His
2158 5535 2366 5597 diebus
2395 5534 2783 5600 Boamundus
2811 5543 2870 5603 et
2896 5535 3228 5618 Baldoynus
3280 5526 3586 5594 Gottit‘rsdi
