  <div class='ocr_page' id='page_1' title='image "/cluster/home/n/w/nwhite01/storage/ocr_20150623/155/hvd.32044054760137/293.png"; bbox 0 0 3996 6096; ppageno 0'>
   <div class='ocr_carea' id='block_1_1' title="bbox 455 379 571 440">
    <p class='ocr_par' dir='ltr' id='par_1_1' title="bbox 455 379 571 440">
     <span class='ocr_line' id='line_1_1' title="bbox 455 379 571 440; baseline 0.017 -2"><span class='ocrx_word' id='word_1_1' title='bbox 455 379 571 440; x_wconf 81' lang='lat'>579</span> 
     </span>
    </p>
   </div>
   <div class='ocr_carea' id='block_1_2' title="bbox 451 508 2190 585">
    <p class='ocr_par' dir='ltr' id='par_1_2' title="bbox 451 508 2190 585">
     <span class='ocr_line' id='line_1_2' title="bbox 451 508 2190 585; baseline -0.003 -17"><span class='ocrx_word' id='word_1_2' title='bbox 451 513 609 584; x_wconf 88' lang='lat' dir='ltr'>regis</span> <span class='ocrx_word' id='word_1_3' title='bbox 643 512 840 579; x_wconf 78' lang='lat' dir='ltr'>frater,</span> <span class='ocrx_word' id='word_1_4' title='bbox 875 511 947 567; x_wconf 91' lang='lat' dir='ltr'>de</span> <span class='ocrx_word' id='word_1_5' title='bbox 979 529 1094 584; x_wconf 90' lang='lat' dir='ltr'>quo</span> <span class='ocrx_word' id='word_1_6' title='bbox 1127 513 1531 585; x_wconf 90' lang='lat' dir='ltr'>supradictum</span> <span class='ocrx_word' id='word_1_7' title='bbox 1563 515 1673 576; x_wconf 87' lang='lat' dir='ltr'>est,</span> <span class='ocrx_word' id='word_1_8' title='bbox 1705 515 1904 565; x_wconf 89' lang='lat' dir='ltr'>votum</span> <span class='ocrx_word' id='word_1_9' title='bbox 1928 508 2104 564; x_wconf 83' lang='lat' dir='ltr'>eundi</span> <span class='ocrx_word' id='word_1_10' title='bbox 2134 511 2190 575; x_wconf 81' lang='grc' dir='ltr'><strong>Α</strong></span> 
     </span>
    </p>
   </div>
   <div class='ocr_carea' id='block_1_3' title="bbox 447 597 2098 674">
    <p class='ocr_par' dir='ltr' id='par_1_3' title="bbox 447 597 2098 674">
     <span class='ocr_line' id='line_1_3' title="bbox 447 597 2098 674; baseline -0.004 -17"><span class='ocrx_word' id='word_1_11' title='bbox 447 601 779 658; x_wconf 78' lang='lat' dir='ltr'>Jerusalem</span> <span class='ocrx_word' id='word_1_12' title='bbox 810 601 1103 670; x_wconf 90' lang='lat' dir='ltr'>complere</span> <span class='ocrx_word' id='word_1_13' title='bbox 1135 602 1601 674; x_wconf 90' lang='lat' dir='ltr'>cupientes,cum</span> <span class='ocrx_word' id='word_1_14' title='bbox 1635 617 1749 654; x_wconf 90' lang='lat' dir='ltr'>non</span> <span class='ocrx_word' id='word_1_15' title='bbox 1783 615 1960 670; x_wconf 88' lang='lat' dir='ltr'>parva</span> <span class='ocrx_word' id='word_1_16' title='bbox 1989 597 2098 652; x_wconf 90' lang='lat' dir='ltr'>mi-</span> 
     </span>
    </p>
   </div>
   <div class='ocr_carea' id='block_1_4' title="bbox 448 686 2102 762">
    <p class='ocr_par' dir='ltr' id='par_1_4' title="bbox 448 686 2102 762">
     <span class='ocr_line' id='line_1_4' title="bbox 448 686 2102 762; baseline -0.002 -18"><span class='ocrx_word' id='word_1_17' title='bbox 448 689 624 745; x_wconf 87' lang='lat' dir='ltr'>litum</span> <span class='ocrx_word' id='word_1_18' title='bbox 658 706 837 744; x_wconf 89' lang='lat' dir='ltr'>manu</span> <span class='ocrx_word' id='word_1_19' title='bbox 872 689 981 743; x_wconf 91' lang='lat' dir='ltr'>iter</span> <span class='ocrx_word' id='word_1_20' title='bbox 1006 689 1295 762; x_wconf 91' lang='lat' dir='ltr'>arripiunt</span> <span class='ocrx_word' id='word_1_21' title='bbox 1321 707 1333 743; x_wconf 90' lang='lat'>:</span> <span class='ocrx_word' id='word_1_22' title='bbox 1365 690 1460 761; x_wconf 91' lang='lat' dir='ltr'>qui</span> <span class='ocrx_word' id='word_1_23' title='bbox 1488 690 1627 743; x_wconf 91' lang='lat' dir='ltr'>dum</span> <span class='ocrx_word' id='word_1_24' title='bbox 1652 706 1754 760; x_wconf 93' lang='lat' dir='ltr'>per</span> <span class='ocrx_word' id='word_1_25' title='bbox 1772 686 1982 742; x_wconf 82' lang='lat' dir='ltr'>vallem</span> <span class='ocrx_word' id='word_1_26' title='bbox 2005 690 2102 741; x_wconf 89' lang='lat' dir='ltr'>Ca-</span> 
     </span>
    </p>
   </div>
   <div class='ocr_carea' id='block_1_5' title="bbox 451 775 2098 846">
    <p class='ocr_par' dir='ltr' id='par_1_5' title="bbox 451 775 2098 846">
     <span class='ocr_line' id='line_1_5' title="bbox 451 775 2098 846; baseline -0.002 -13"><span class='ocrx_word' id='word_1_27' title='bbox 451 778 612 833; x_wconf 68' lang='lat' dir='ltr'>melaa</span> <span class='ocrx_word' id='word_1_28' title='bbox 644 783 699 833; x_wconf 92' lang='lat' dir='ltr'>et</span> <span class='ocrx_word' id='word_1_29' title='bbox 731 776 1001 832; x_wconf 82' lang='lat' dir='ltr'>Damasci</span> <span class='ocrx_word' id='word_1_30' title='bbox 1031 777 1330 843; x_wconf 86' lang='lat' dir='ltr'>viciniam,</span> <span class='ocrx_word' id='word_1_31' title='bbox 1359 795 1466 832; x_wconf 87' lang='lat' dir='ltr'>nec</span> <span class='ocrx_word' id='word_1_32' title='bbox 1500 794 1613 831; x_wconf 93' lang='lat' dir='ltr'>non</span> <span class='ocrx_word' id='word_1_33' title='bbox 1646 794 1748 846; x_wconf 88' lang='lat' dir='ltr'>per</span> <span class='ocrx_word' id='word_1_34' title='bbox 1776 775 2098 830; x_wconf 72' lang='lat' dir='ltr'>Czesaream</span> 
     </span>
    </p>
   </div>
   <div class='ocr_carea' id='block_1_6' title="bbox 451 863 2097 940">
    <p class='ocr_par' dir='ltr' id='par_1_6' title="bbox 451 863 2097 940">
     <span class='ocr_line' id='line_1_6' title="bbox 451 863 2097 940; baseline -0.002 -16"><span class='ocrx_word' id='word_1_35' title='bbox 451 867 700 940; x_wconf 85' lang='lat' dir='ltr'>Philippi</span> <span class='ocrx_word' id='word_1_36' title='bbox 733 867 1088 933; x_wconf 85' lang='lat' dir='ltr'>incederent,</span> <span class='ocrx_word' id='word_1_37' title='bbox 1124 866 1395 922; x_wconf 80' lang='lat' dir='ltr'>mirabile</span> <span class='ocrx_word' id='word_1_38' title='bbox 1427 867 1585 921; x_wconf 92' lang='lat' dir='ltr'>dictu</span> <span class='ocrx_word' id='word_1_39' title='bbox 1621 883 1722 938; x_wconf 88' lang='lat' dir='ltr'>per</span> <span class='ocrx_word' id='word_1_40' title='bbox 1752 865 1972 920; x_wconf 86' lang='lat' dir='ltr'>medios</span> <span class='ocrx_word' id='word_1_41' title='bbox 1995 863 2097 920; x_wconf 85' lang='lat' dir='ltr'>ho-</span> 
     </span>
    </p>
   </div>
   <div class='ocr_carea' id='block_1_7' title="bbox 449 952 2096 1027">
    <p class='ocr_par' dir='ltr' id='par_1_7' title="bbox 449 952 2096 1027">
     <span class='ocr_line' id='line_1_7' title="bbox 449 952 2096 1027; baseline -0.004 -16"><span class='ocrx_word' id='word_1_42' title='bbox 449 962 588 1022; x_wconf 91' lang='lat' dir='ltr'>stes,</span> <span class='ocrx_word' id='word_1_43' title='bbox 625 955 722 1027; x_wconf 90' lang='lat' dir='ltr'>qui</span> <span class='ocrx_word' id='word_1_44' title='bbox 755 955 1215 1026; x_wconf 81' lang='lat' dir='ltr'>circumquaque</span> <span class='ocrx_word' id='word_1_45' title='bbox 1266 953 1618 1024; x_wconf 86' lang='lat' dir='ltr'>exploraturi</span> <span class='ocrx_word' id='word_1_46' title='bbox 1668 952 2096 1016; x_wconf 82' lang='lat' dir='ltr'>discurrebant,</span> 
     </span>
    </p>
   </div>
   <div class='ocr_carea' id='block_1_8' title="bbox 447 1039 2095 1113">
    <p class='ocr_par' dir='ltr' id='par_1_8' title="bbox 447 1039 2095 1113">
     <span class='ocr_line' id='line_1_8' title="bbox 447 1039 2095 1113; baseline -0.005 -13"><span class='ocrx_word' id='word_1_47' title='bbox 447 1044 613 1100; x_wconf 90' lang='lat' dir='ltr'>liberi</span> <span class='ocrx_word' id='word_1_48' title='bbox 647 1043 1033 1099; x_wconf 89' lang='lat' dir='ltr'>transierunt:</span> <span class='ocrx_word' id='word_1_49' title='bbox 1061 1047 1185 1097; x_wconf 87' lang='lat' dir='ltr'>erat</span> <span class='ocrx_word' id='word_1_50' title='bbox 1207 1048 1401 1097; x_wconf 89' lang='lat' dir='ltr'>autem</span> <span class='ocrx_word' id='word_1_51' title='bbox 1424 1039 1954 1113; x_wconf 87' lang='lat' dir='ltr'>quadragesimalis</span> <span class='ocrx_word' id='word_1_52' title='bbox 1983 1039 2095 1094; x_wconf 90' lang='lat' dir='ltr'>diei</span> 
     </span>
    </p>
   </div>
   <div class='ocr_carea' id='block_1_9' title="bbox 447 1127 2098 1204">
    <p class='ocr_par' dir='ltr' id='par_1_9' title="bbox 447 1127 2098 1204">
     <span class='ocr_line' id='line_1_9' title="bbox 447 1127 2098 1204; baseline -0.002 -18"><span class='ocrx_word' id='word_1_53' title='bbox 447 1138 701 1204; x_wconf 85' lang='lat' dir='ltr'>tempus.</span> <span class='ocrx_word' id='word_1_54' title='bbox 736 1132 842 1196; x_wconf 87' lang='lat' dir='ltr'>Qui</span> <span class='ocrx_word' id='word_1_55' title='bbox 877 1147 1010 1186; x_wconf 89' lang='lat' dir='ltr'>cum</span> <span class='ocrx_word' id='word_1_56' title='bbox 1051 1129 1376 1186; x_wconf 76' lang='lat' dir='ltr'>Jerusalem</span> <span class='ocrx_word' id='word_1_57' title='bbox 1423 1135 1850 1202; x_wconf 89' lang='lat' dir='ltr'>properassent,</span> <span class='ocrx_word' id='word_1_58' title='bbox 1885 1127 2098 1200; x_wconf 90' lang='lat' dir='ltr'>gaudia</span> 
     </span>
    </p>
   </div>
   <div class='ocr_carea' id='block_1_10' title="bbox 446 1218 2095 1292">
    <p class='ocr_par' dir='ltr' id='par_1_10' title="bbox 446 1218 2095 1292">
     <span class='ocr_line' id='line_1_10' title="bbox 446 1218 2095 1292; baseline -0.002 -16"><span class='ocrx_word' id='word_1_59' title='bbox 446 1221 526 1276; x_wconf 90' lang='lat' dir='ltr'>ibi</span> <span class='ocrx_word' id='word_1_60' title='bbox 558 1218 858 1292; x_wconf 83' lang='lat' dir='ltr'>paschalia</span> <span class='ocrx_word' id='word_1_61' title='bbox 889 1236 1020 1274; x_wconf 92' lang='lat' dir='ltr'>cum</span> <span class='ocrx_word' id='word_1_62' title='bbox 1055 1235 1186 1291; x_wconf 90' lang='lat' dir='ltr'>rege</span> <span class='ocrx_word' id='word_1_63' title='bbox 1219 1219 1539 1274; x_wconf 84' lang='lat' dir='ltr'>Gottifredo</span> <span class='ocrx_word' id='word_1_64' title='bbox 1562 1219 1948 1273; x_wconf 82' lang='lat' dir='ltr'>celebrarunt.</span> <span class='ocrx_word' id='word_1_65' title='bbox 1974 1219 2095 1282; x_wconf 88' lang='lat' dir='ltr'>Quo</span> 
     </span>
    </p>
   </div>
   <div class='ocr_carea' id='block_1_11' title="bbox 444 1305 2096 1379">
    <p class='ocr_par' dir='ltr' id='par_1_11' title="bbox 444 1305 2096 1379">
     <span class='ocr_line' id='line_1_11' title="bbox 444 1305 2096 1379; baseline -0.002 -16"><span class='ocrx_word' id='word_1_66' title='bbox 444 1307 716 1363; x_wconf 87' lang='lat' dir='ltr'>videlicet</span> <span class='ocrx_word' id='word_1_67' title='bbox 749 1313 1008 1379; x_wconf 86' lang='lat' dir='ltr'>tempore</span> <span class='ocrx_word' id='word_1_68' title='bbox 1039 1308 1364 1377; x_wconf 73' lang='lat' dir='ltr'>Daybertus</span> <span class='ocrx_word' id='word_1_69' title='bbox 1418 1307 1756 1362; x_wconf 88' lang='lat' dir='ltr'>Pisanorum</span> <span class='ocrx_word' id='word_1_70' title='bbox 1787 1305 2096 1376; x_wconf 81' lang='lat' dir='ltr'>episc0pus</span> 
     </span>
    </p>
   </div>
   <div class='ocr_carea' id='block_1_12' title="bbox 442 1393 2092 1468">
    <p class='ocr_par' dir='ltr' id='par_1_12' title="bbox 442 1393 2092 1468">
     <span class='ocr_line' id='line_1_12' title="bbox 442 1393 2092 1468; baseline -0.002 -17"><span class='ocrx_word' id='word_1_71' title='bbox 442 1397 532 1452; x_wconf 93' lang='lat' dir='ltr'>vir</span> <span class='ocrx_word' id='word_1_72' title='bbox 560 1396 619 1452; x_wconf 93' lang='lat' dir='ltr'>in</span> <span class='ocrx_word' id='word_1_73' title='bbox 651 1395 857 1451; x_wconf 86' lang='lat' dir='ltr'>litteris</span> <span class='ocrx_word' id='word_1_74' title='bbox 876 1396 1321 1468; x_wconf 90' lang='lat' dir='ltr'>potentissimus</span> <span class='ocrx_word' id='word_1_75' title='bbox 1351 1399 1524 1465; x_wconf 92' lang='lat' dir='ltr'>atque</span> <span class='ocrx_word' id='word_1_76' title='bbox 1541 1393 2092 1465; x_wconf 91' lang='lat' dir='ltr'>eloquentissimus;</span> 
     </span>
    </p>
   </div>
   <div class='ocr_carea' id='block_1_13' title="bbox 447 1483 2092 1558">
    <p class='ocr_par' dir='ltr' id='par_1_13' title="bbox 447 1483 2092 1558">
     <span class='ocr_line' id='line_1_13' title="bbox 447 1483 2092 1558; baseline -0.002 -19"><span class='ocrx_word' id='word_1_77' title='bbox 447 1483 546 1558; x_wconf 91' lang='lat' dir='ltr'>qui</span> <span class='ocrx_word' id='word_1_78' title='bbox 580 1487 636 1540; x_wconf 92' lang='lat' dir='ltr'>in</span> <span class='ocrx_word' id='word_1_79' title='bbox 685 1484 888 1539; x_wconf 91' lang='lat' dir='ltr'>multis</span> <span class='ocrx_word' id='word_1_80' title='bbox 941 1483 1188 1538; x_wconf 88' lang='lat' dir='ltr'>navibus</span> <span class='ocrx_word' id='word_1_81' title='bbox 1235 1483 1480 1554; x_wconf 89' lang='lat' dir='ltr'>Joppem</span> <span class='ocrx_word' id='word_1_82' title='bbox 1534 1499 1850 1554; x_wconf 78' lang='lat' dir='ltr'>aggressus</span> <span class='ocrx_word' id='word_1_83' title='bbox 1884 1483 2092 1550; x_wconf 84' lang='lat' dir='ltr'>fuerat,</span> 
     </span>
    </p>
   </div>
   <div class='ocr_carea' id='block_1_14' title="bbox 447 1569 2094 1642">
    <p class='ocr_par' dir='ltr' id='par_1_14' title="bbox 447 1569 2094 1642">
     <span class='ocr_line' id='line_1_14' title="bbox 447 1569 2094 1642; baseline -0.004 -13"><span class='ocrx_word' id='word_1_84' title='bbox 447 1575 650 1629; x_wconf 89' lang='lat' dir='ltr'>eodem</span> <span class='ocrx_word' id='word_1_85' title='bbox 679 1574 1015 1628; x_wconf 87' lang='lat' dir='ltr'>Boamundo</span> <span class='ocrx_word' id='word_1_86' title='bbox 1036 1573 1299 1640; x_wconf 86' lang='lat' dir='ltr'>juvante,</span> <span class='ocrx_word' id='word_1_87' title='bbox 1345 1571 1404 1625; x_wconf 91' lang='lat' dir='ltr'>in</span> <span class='ocrx_word' id='word_1_88' title='bbox 1440 1569 1896 1642; x_wconf 88' lang='lat' dir='ltr'>patriarchatum</span> <span class='ocrx_word' id='word_1_89' title='bbox 1927 1571 2094 1624; x_wconf 89' lang='lat' dir='ltr'>Jeru-</span> 
     </span>
    </p>
   </div>
   <div class='ocr_carea' id='block_1_15' title="bbox 447 1658 2094 1730">
    <p class='ocr_par' dir='ltr' id='par_1_15' title="bbox 447 1658 2094 1730">
     <span class='ocr_line' id='line_1_15' title="bbox 447 1658 2094 1730; baseline -0.002 -12"><span class='ocrx_word' id='word_1_90' title='bbox 447 1661 630 1718; x_wconf 87' lang='lat' dir='ltr'>salem</span> <span class='ocrx_word' id='word_1_91' title='bbox 658 1661 1033 1717; x_wconf 88' lang='lat' dir='ltr'>sublimatur.</span> <span class='ocrx_word' id='word_1_92' title='bbox 1069 1660 1347 1714; x_wconf 85' lang='lat' dir='ltr'>Arnulfus</span> <span class='ocrx_word' id='word_1_93' title='bbox 1398 1665 1592 1714; x_wconf 86' lang='lat' dir='ltr'>autem</span> <span class='ocrx_word' id='word_1_94' title='bbox 1627 1676 1848 1730; x_wconf 72' lang='lat' dir='ltr'>magna:</span> <span class='ocrx_word' id='word_1_95' title='bbox 1881 1658 2094 1714; x_wconf 90' lang='lat' dir='ltr'>indolis</span> 
     </span>
    </p>
   </div>
   <div class='ocr_carea' id='block_1_16' title="bbox 445 1747 2093 1822">
    <p class='ocr_par' dir='ltr' id='par_1_16' title="bbox 445 1747 2093 1822">
     <span class='ocr_line' id='line_1_16' title="bbox 445 1747 2093 1822; baseline -0.002 -17"><span class='ocrx_word' id='word_1_96' title='bbox 445 1751 551 1818; x_wconf 93' lang='lat' dir='ltr'>vir,</span> <span class='ocrx_word' id='word_1_97' title='bbox 586 1767 924 1822; x_wconf 87' lang='lat' dir='ltr'>quanquam</span> <span class='ocrx_word' id='word_1_98' title='bbox 958 1749 1263 1820; x_wconf 79' lang='lat' dir='ltr'>dignitatis</span> <span class='ocrx_word' id='word_1_99' title='bbox 1302 1749 1480 1819; x_wconf 89' lang='lat' dir='ltr'>hujus</span> <span class='ocrx_word' id='word_1_100' title='bbox 1525 1747 1804 1802; x_wconf 90' lang='lat' dir='ltr'>electione</span> <span class='ocrx_word' id='word_1_101' title='bbox 1842 1749 2093 1801; x_wconf 88' lang='lat' dir='ltr'>donatus</span> 
     </span>
    </p>
   </div>
   <div class='ocr_carea' id='block_1_17' title="bbox 446 1836 2094 1908">
    <p class='ocr_par' dir='ltr' id='par_1_17' title="bbox 446 1836 2094 1908">
     <span class='ocr_line' id='line_1_17' title="bbox 446 1836 2094 1908; baseline -0.003 -13"><span class='ocrx_word' id='word_1_102' title='bbox 446 1841 656 1908; x_wconf 86' lang='lat' dir='ltr'>fuerat,</span> <span class='ocrx_word' id='word_1_103' title='bbox 678 1845 872 1894; x_wconf 89' lang='lat' dir='ltr'>tamen</span> <span class='ocrx_word' id='word_1_104' title='bbox 895 1837 1282 1894; x_wconf 84' lang='lat' dir='ltr'>libentissime</span> <span class='ocrx_word' id='word_1_105' title='bbox 1300 1838 1528 1901; x_wconf 87' lang='lat' dir='ltr'>annuit,</span> <span class='ocrx_word' id='word_1_106' title='bbox 1559 1854 1802 1908; x_wconf 84' lang='lat' dir='ltr'>sperans</span> <span class='ocrx_word' id='word_1_107' title='bbox 1818 1836 2094 1890; x_wconf 88' lang='lat' dir='ltr'>Christia-</span> 
     </span>
    </p>
   </div>
   <div class='ocr_carea' id='block_1_18' title="bbox 445 1927 2090 2000">
    <p class='ocr_par' dir='ltr' id='par_1_18' title="bbox 445 1927 2090 2000">
     <span class='ocr_line' id='line_1_18' title="bbox 445 1927 2090 2000; baseline -0.002 -16"><span class='ocrx_word' id='word_1_108' title='bbox 445 1929 689 1984; x_wconf 88' lang='lat' dir='ltr'>nitatem</span> <span class='ocrx_word' id='word_1_109' title='bbox 724 1929 800 1983; x_wconf 91' lang='lat' dir='ltr'>ibi</span> <span class='ocrx_word' id='word_1_110' title='bbox 837 1928 1026 2000; x_wconf 88' lang='lat' dir='ltr'>magis</span> <span class='ocrx_word' id='word_1_111' title='bbox 1059 1927 1117 1982; x_wconf 90' lang='lat' dir='ltr'>in</span> <span class='ocrx_word' id='word_1_112' title='bbox 1151 1927 1248 1982; x_wconf 88' lang='lat' dir='ltr'>illo</span> <span class='ocrx_word' id='word_1_113' title='bbox 1277 1944 1452 1999; x_wconf 87' lang='lat' dir='ltr'>quam</span> <span class='ocrx_word' id='word_1_114' title='bbox 1493 1927 1551 1980; x_wconf 90' lang='lat' dir='ltr'>in</span> <span class='ocrx_word' id='word_1_115' title='bbox 1607 1943 1667 1981; x_wconf 91' lang='lat' dir='ltr'>sc</span> <span class='ocrx_word' id='word_1_116' title='bbox 1703 1927 2090 1998; x_wconf 80' lang='lat' dir='ltr'>profnturam.</span> 
     </span>
    </p>
   </div>
   <div class='ocr_carea' id='block_1_19' title="bbox 446 2013 2094 2088">
    <p class='ocr_par' dir='ltr' id='par_1_19' title="bbox 446 2013 2094 2088">
     <span class='ocr_line' id='line_1_19' title="bbox 446 2013 2094 2088; baseline -0.003 -14"><span class='ocrx_word' id='word_1_117' title='bbox 446 2019 805 2074; x_wconf 88' lang='lat' dir='ltr'>Ordinantur</span> <span class='ocrx_word' id='word_1_118' title='bbox 835 2018 913 2074; x_wconf 91' lang='lat' dir='ltr'>ibi</span> <span class='ocrx_word' id='word_1_119' title='bbox 948 2021 1200 2088; x_wconf 86' lang='lat' dir='ltr'>quatuor</span> <span class='ocrx_word' id='word_1_120' title='bbox 1219 2016 1500 2087; x_wconf 84' lang='lat' dir='ltr'>episcopi,</span> <span class='ocrx_word' id='word_1_121' title='bbox 1524 2015 1742 2070; x_wconf 87' lang='lat' dir='ltr'>scilicet</span> <span class='ocrx_word' id='word_1_122' title='bbox 1776 2013 2094 2087; x_wconf 79' lang='lat' dir='ltr'>Roggerius</span> 
     </span>
    </p>
   </div>
   <div class='ocr_carea' id='block_1_20' title="bbox 446 2103 2090 2178">
    <p class='ocr_par' dir='ltr' id='par_1_20' title="bbox 446 2103 2090 2178">
     <span class='ocr_line' id='line_1_20' title="bbox 446 2103 2090 2178; baseline -0.005 -15"><span class='ocrx_word' id='word_1_123' title='bbox 446 2107 678 2174; x_wconf 86' lang='lat' dir='ltr'>Tharsi,</span> <span class='ocrx_word' id='word_1_124' title='bbox 713 2108 1010 2178; x_wconf 72' lang='lat' dir='ltr'>Mamystaa</span> <span class='ocrx_word' id='word_1_125' title='bbox 1027 2104 1490 2168; x_wconf 85' lang='lat' dir='ltr'>Bartholomeus,</span> <span class='ocrx_word' id='word_1_126' title='bbox 1511 2105 1762 2158; x_wconf 86' lang='lat' dir='ltr'>Bcrnard</span> <span class='ocrx_word' id='word_1_127' title='bbox 1773 2122 1840 2159; x_wconf 89' lang='lat' dir='ltr'>us</span> <span class='ocrx_word' id='word_1_128' title='bbox 1857 2103 2090 2158; x_wconf 85' lang='lat' dir='ltr'>Artasii.</span> 
     </span>
    </p>
   </div>
   <div class='ocr_carea' id='block_1_21' title="bbox 448 2192 2095 2264">
    <p class='ocr_par' dir='ltr' id='par_1_21' title="bbox 448 2192 2095 2264">
     <span class='ocr_line' id='line_1_21' title="bbox 448 2192 2095 2264; baseline -0.002 -13"><span class='ocrx_word' id='word_1_129' title='bbox 448 2197 792 2251; x_wconf 86' lang='lat' dir='ltr'>Benedictus</span> <span class='ocrx_word' id='word_1_130' title='bbox 823 2194 1179 2264; x_wconf 69' lang='lat' dir='ltr'>Edessae,qui</span> <span class='ocrx_word' id='word_1_131' title='bbox 1204 2210 1337 2248; x_wconf 89' lang='lat' dir='ltr'>cum</span> <span class='ocrx_word' id='word_1_132' title='bbox 1353 2193 1692 2247; x_wconf 83' lang='lat' dir='ltr'>Boamundo</span> <span class='ocrx_word' id='word_1_133' title='bbox 1722 2198 1778 2246; x_wconf 90' lang='lat' dir='ltr'>et</span> <span class='ocrx_word' id='word_1_134' title='bbox 1803 2192 2095 2264; x_wconf 71' lang='lat' dir='ltr'>Baldoyno</span> 
     </span>
    </p>
   </div>
   <div class='ocr_carea' id='block_1_22' title="bbox 446 2279 2096 2355">
    <p class='ocr_par' dir='ltr' id='par_1_22' title="bbox 446 2279 2096 2355">
     <span class='ocr_line' id='line_1_22' title="bbox 446 2279 2096 2355; baseline -0.001 -17"><span class='ocrx_word' id='word_1_135' title='bbox 446 2283 506 2338; x_wconf 88' lang='lat' dir='ltr'>in</span> <span class='ocrx_word' id='word_1_136' title='bbox 541 2285 975 2355; x_wconf 80' lang='lat' dir='ltr'>presbyteratus</span> <span class='ocrx_word' id='word_1_137' title='bbox 1034 2282 1227 2338; x_wconf 81' lang='lat' dir='ltr'>ofﬁcio</span> <span class='ocrx_word' id='word_1_138' title='bbox 1278 2281 1450 2353; x_wconf 88' lang='lat' dir='ltr'>positi</span> <span class='ocrx_word' id='word_1_139' title='bbox 1505 2286 1803 2336; x_wconf 85' lang='lat' dir='ltr'>venerant.</span> <span class='ocrx_word' id='word_1_140' title='bbox 1859 2279 2096 2352; x_wconf 84' lang='lat' dir='ltr'>Expleta</span> 
     </span>
    </p>
   </div>
   <div class='ocr_carea' id='block_1_23' title="bbox 446 2369 2095 2445">
    <p class='ocr_par' dir='ltr' id='par_1_23' title="bbox 446 2369 2095 2445">
     <span class='ocr_line' id='line_1_23' title="bbox 446 2369 2095 2445; baseline 0 -18"><span class='ocrx_word' id='word_1_141' title='bbox 446 2373 643 2445; x_wconf 87' lang='lat' dir='ltr'>itaque</span> <span class='ocrx_word' id='word_1_142' title='bbox 663 2371 1030 2428; x_wconf 87' lang='lat' dir='ltr'>solemnitate</span> <span class='ocrx_word' id='word_1_143' title='bbox 1053 2369 1722 2443; x_wconf 86' lang='lat' dir='ltr'>paschali,Boamundus</span> <span class='ocrx_word' id='word_1_144' title='bbox 1745 2388 1878 2425; x_wconf 90' lang='lat' dir='ltr'>cum</span> <span class='ocrx_word' id='word_1_145' title='bbox 1905 2371 2095 2427; x_wconf 89' lang='lat' dir='ltr'>tribus</span> 
     </span>
    </p>
   </div>
   <div class='ocr_carea' id='block_1_24' title="bbox 448 2459 2094 2533">
    <p class='ocr_par' dir='ltr' id='par_1_24' title="bbox 448 2459 2094 2533">
     <span class='ocr_line' id='line_1_24' title="bbox 448 2459 2094 2533; baseline -0.001 -17"><span class='ocrx_word' id='word_1_146' title='bbox 448 2462 572 2517; x_wconf 90' lang='lat' dir='ltr'>suis</span> <span class='ocrx_word' id='word_1_147' title='bbox 595 2461 861 2533; x_wconf 89' lang='lat' dir='ltr'>patribus</span> <span class='ocrx_word' id='word_1_148' title='bbox 882 2461 1206 2526; x_wconf 86' lang='lat' dir='ltr'>revertitur,</span> <span class='ocrx_word' id='word_1_149' title='bbox 1231 2460 1479 2515; x_wconf 88' lang='lat' dir='ltr'>reddens</span> <span class='ocrx_word' id='word_1_150' title='bbox 1501 2459 1748 2530; x_wconf 81' lang='lat' dir='ltr'>singulis</span> <span class='ocrx_word' id='word_1_151' title='bbox 1763 2459 2094 2515; x_wconf 89' lang='lat' dir='ltr'>civitatibus</span> 
     </span>
    </p>
   </div>
   <div class='ocr_carea' id='block_1_25' title="bbox 447 2547 2094 2624">
    <p class='ocr_par' dir='ltr' id='par_1_25' title="bbox 447 2547 2094 2624">
     <span class='ocr_line' id='line_1_25' title="bbox 447 2547 2094 2624; baseline -0.002 -18"><span class='ocrx_word' id='word_1_152' title='bbox 447 2550 724 2624; x_wconf 63' lang='lat' dir='ltr'>praesules</span> <span class='ocrx_word' id='word_1_153' title='bbox 758 2567 916 2605; x_wconf 91' lang='lat' dir='ltr'>suos.</span> <span class='ocrx_word' id='word_1_154' title='bbox 952 2549 1284 2621; x_wconf 83' lang='lat' dir='ltr'>Baldoynus</span> <span class='ocrx_word' id='word_1_155' title='bbox 1333 2566 1563 2620; x_wconf 89' lang='lat' dir='ltr'>quoque</span> <span class='ocrx_word' id='word_1_156' title='bbox 1595 2566 1728 2604; x_wconf 92' lang='lat' dir='ltr'>cum</span> <span class='ocrx_word' id='word_1_157' title='bbox 1763 2566 1868 2604; x_wconf 92' lang='lat' dir='ltr'>suo</span> <span class='ocrx_word' id='word_1_158' title='bbox 1900 2547 2094 2603; x_wconf 92' lang='lat' dir='ltr'>archi-</span> 
     </span>
    </p>
   </div>
   <div class='ocr_carea' id='block_1_26' title="bbox 444 2637 2092 2712">
    <p class='ocr_par' dir='ltr' id='par_1_26' title="bbox 444 2637 2092 2712">
     <span class='ocr_line' id='line_1_26' title="bbox 444 2637 2092 2712; baseline -0.002 -17"><span class='ocrx_word' id='word_1_159' title='bbox 444 2638 714 2712; x_wconf 92' lang='lat' dir='ltr'>episcopo</span> <span class='ocrx_word' id='word_1_160' title='bbox 749 2637 1054 2693; x_wconf 88' lang='lat' dir='ltr'>Benedicto</span> <span class='ocrx_word' id='word_1_161' title='bbox 1077 2639 1378 2704; x_wconf 87' lang='lat' dir='ltr'>Edessam,</span> <span class='ocrx_word' id='word_1_162' title='bbox 1414 2639 1582 2708; x_wconf 88' lang='lat' dir='ltr'>cujus</span> <span class='ocrx_word' id='word_1_163' title='bbox 1607 2637 1728 2708; x_wconf 85' lang='lat' dir='ltr'>ipse</span> <span class='ocrx_word' id='word_1_164' title='bbox 1751 2637 2092 2692; x_wconf 88' lang='lat' dir='ltr'>comitatum</span> 
     </span>
    </p>
   </div>
   <div class='ocr_carea' id='block_1_27' title="bbox 443 2725 922 2795">
    <p class='ocr_par' dir='ltr' id='par_1_27' title="bbox 443 2725 922 2795">
     <span class='ocr_line' id='line_1_27' title="bbox 443 2725 922 2795; baseline -0.006 -12"><span class='ocrx_word' id='word_1_165' title='bbox 443 2727 697 2795; x_wconf 86' lang='lat' dir='ltr'>tenebat,</span> <span class='ocrx_word' id='word_1_166' title='bbox 733 2725 922 2782; x_wconf 90' lang='lat' dir='ltr'>rediit.</span> 
     </span>
    </p>
   </div>
   <div class='ocr_carea' id='block_1_28' title="bbox 442 2885 2092 2944">
    <p class='ocr_par' dir='ltr' id='par_1_28' title="bbox 442 2885 2092 2944">
     <span class='ocr_line' id='line_1_28' title="bbox 442 2885 2092 2944; baseline -0.002 0"><span class='ocrx_word' id='word_1_167' title='bbox 442 2888 581 2944; x_wconf 88' lang='lat' dir='ltr'>XLI.</span> <span class='ocrx_word' id='word_1_168' title='bbox 616 2919 681 2928; x_wconf 97' lang='lat'>—</span> <span class='ocrx_word' id='word_1_169' title='bbox 715 2886 906 2944; x_wconf 70' lang='lat' dir='ltr'>Urbem</span> <span class='ocrx_word' id='word_1_170' title='bbox 939 2886 1289 2942; x_wconf 79' lang='lat' dir='ltr'>Mcletaniam</span> <span class='ocrx_word' id='word_1_171' title='bbox 1323 2885 1390 2940; x_wconf 82' lang='lat' dir='ltr'>ab</span> <span class='ocrx_word' id='word_1_172' title='bbox 1420 2886 1699 2941; x_wconf 76' lang='lat' dir='ltr'>obsidione</span> <span class='ocrx_word' id='word_1_173' title='bbox 1732 2887 1925 2941; x_wconf 73' lang='lat' dir='ltr'>liberat</span> <span class='ocrx_word' id='word_1_174' title='bbox 1947 2891 2092 2942; x_wconf 85' lang='lat' dir='ltr'>Boa-</span> 
     </span>
    </p>
   </div>
   <div class='ocr_carea' id='block_1_29' title="bbox 512 2959 2090 3030">
    <p class='ocr_par' dir='ltr' id='par_1_29' title="bbox 512 2959 2090 3030">
     <span class='ocr_line' id='line_1_29' title="bbox 512 2959 2090 3030; baseline -0.001 -16"><span class='ocrx_word' id='word_1_175' title='bbox 512 2959 766 3014; x_wconf 81' lang='lat' dir='ltr'>mundus.</span> <span class='ocrx_word' id='word_1_176' title='bbox 797 2959 1004 3014; x_wconf 71' lang='lat' dir='ltr'>Prwlio</span> <span class='ocrx_word' id='word_1_177' title='bbox 1041 2960 1325 3012; x_wconf 84' lang='lat' dir='ltr'>commisso</span> <span class='ocrx_word' id='word_1_178' title='bbox 1373 2975 1405 3012; x_wconf 87' lang='grc' dir='ltr'>(ι</span> <span class='ocrx_word' id='word_1_179' title='bbox 1463 2959 1647 3013; x_wconf 78' lang='lat' dir='ltr'>Turcis</span> <span class='ocrx_word' id='word_1_180' title='bbox 1703 2966 1888 3030; x_wconf 76' lang='lat' dir='ltr'>captus</span> <span class='ocrx_word' id='word_1_181' title='bbox 1918 2959 2090 3013; x_wconf 83' lang='lat' dir='ltr'>abdu-</span> 
     </span>
    </p>
   </div>
   <div class='ocr_carea' id='block_1_30' title="bbox 513 3033 678 3086">
    <p class='ocr_par' dir='ltr' id='par_1_30' title="bbox 513 3033 678 3086">
     <span class='ocr_line' id='line_1_30' title="bbox 513 3033 678 3086; baseline 0 0"><span class='ocrx_word' id='word_1_182' title='bbox 513 3033 678 3086; x_wconf 81' lang='lat' dir='ltr'>citur.</span> 
     </span>
    </p>
   </div>
   <div class='ocr_carea' id='block_1_31' title="bbox 1011 3121 1048 3152">
    <p class='ocr_par' dir='ltr' id='par_1_31' title="bbox 1011 3121 1048 3152">
     <span class='ocr_line' id='line_1_31' title="bbox 1011 3121 1048 3152; baseline 0 0"><span class='ocrx_word' id='word_1_183' title='bbox 1011 3121 1048 3152; x_wconf 58' lang='grc' dir='ltr'>δ</span> 
     </span>
    </p>
   </div>
   <div class='ocr_carea' id='block_1_32' title="bbox 512 3171 2092 3244">
    <p class='ocr_par' dir='ltr' id='par_1_32' title="bbox 512 3171 2092 3244">
     <span class='ocr_line' id='line_1_32' title="bbox 512 3171 2092 3244; baseline -0.002 -14"><span class='ocrx_word' id='word_1_184' title='bbox 512 3174 628 3230; x_wconf 89' lang='lat' dir='ltr'>Nec</span> <span class='ocrx_word' id='word_1_185' title='bbox 660 3190 825 3228; x_wconf 89' lang='lat' dir='ltr'>mora</span> <span class='ocrx_word' id='word_1_186' title='bbox 856 3172 1234 3228; x_wconf 89' lang='lat' dir='ltr'>Boamundus</span> <span class='ocrx_word' id='word_1_187' title='bbox 1266 3171 1410 3244; x_wconf 90' lang='lat' dir='ltr'>ipse,</span> <span class='ocrx_word' id='word_1_188' title='bbox 1445 3189 1579 3227; x_wconf 89' lang='lat' dir='ltr'>cum</span> <span class='ocrx_word' id='word_1_189' title='bbox 1612 3171 1872 3227; x_wconf 88' lang='lat' dir='ltr'>audisset</span> <span class='ocrx_word' id='word_1_190' title='bbox 1897 3190 1929 3226; x_wconf 89' lang='lat' dir='ltr'>a</span> <span class='ocrx_word' id='word_1_191' title='bbox 1950 3171 2092 3227; x_wconf 88' lang='lat' dir='ltr'>rela-</span> 
     </span>
    </p>
   </div>
   <div class='ocr_carea' id='block_1_33' title="bbox 439 3248 2164 3330">
    <p class='ocr_par' dir='ltr' id='par_1_33' title="bbox 439 3248 2164 3330">
     <span class='ocr_line' id='line_1_33' title="bbox 439 3248 2164 3330; baseline -0.003 -11"><span class='ocrx_word' id='word_1_192' title='bbox 439 3263 898 3330; x_wconf 89' lang='lat' dir='ltr'>toribus,urbem</span> <span class='ocrx_word' id='word_1_193' title='bbox 923 3261 1291 3317; x_wconf 83' lang='lat' dir='ltr'>Meletaniam</span> <span class='ocrx_word' id='word_1_194' title='bbox 1311 3262 1394 3315; x_wconf 89' lang='lat' dir='ltr'>&#39;I‘u</span> <span class='ocrx_word' id='word_1_195' title='bbox 1406 3278 1634 3315; x_wconf 88' lang='lat' dir='ltr'>reorum</span> <span class='ocrx_word' id='word_1_196' title='bbox 1649 3262 1829 3316; x_wconf 91' lang='lat' dir='ltr'>armis</span> <span class='ocrx_word' id='word_1_197' title='bbox 1850 3261 2094 3317; x_wconf 89' lang='lat' dir='ltr'>circum-</span> <span class='ocrx_word' id='word_1_198' title='bbox 2123 3248 2164 3313; x_wconf 88' lang='lat' dir='ltr'>C</span> 
     </span>
    </p>
   </div>
   <div class='ocr_carea' id='block_1_34' title="bbox 441 3349 2094 3422">
    <p class='ocr_par' dir='ltr' id='par_1_34' title="bbox 441 3349 2094 3422">
     <span class='ocr_line' id='line_1_34' title="bbox 441 3349 2094 3422; baseline -0.002 -15"><span class='ocrx_word' id='word_1_199' title='bbox 441 3353 637 3408; x_wconf 87' lang='lat' dir='ltr'>datam</span> <span class='ocrx_word' id='word_1_200' title='bbox 658 3368 941 3422; x_wconf 70' lang='lat' dir='ltr'>esse,qua=.</span> <span class='ocrx_word' id='word_1_201' title='bbox 957 3351 1156 3406; x_wconf 90' lang='lat' dir='ltr'>decem</span> <span class='ocrx_word' id='word_1_202' title='bbox 1171 3350 1398 3404; x_wconf 89' lang='lat' dir='ltr'>dierum</span> <span class='ocrx_word' id='word_1_203' title='bbox 1417 3349 1621 3404; x_wconf 90' lang='lat' dir='ltr'>itinere</span> <span class='ocrx_word' id='word_1_204' title='bbox 1635 3354 1734 3404; x_wconf 90' lang='lat' dir='ltr'>aut</span> <span class='ocrx_word' id='word_1_205' title='bbox 1749 3349 1878 3422; x_wconf 90' lang='lat' dir='ltr'>plus</span> <span class='ocrx_word' id='word_1_206' title='bbox 1897 3351 1968 3404; x_wconf 92' lang='lat' dir='ltr'>ab</span> <span class='ocrx_word' id='word_1_207' title='bbox 1985 3353 2094 3404; x_wconf 84' lang='lat' dir='ltr'>An-</span> 
     </span>
    </p>
   </div>
   <div class='ocr_carea' id='block_1_35' title="bbox 442 3437 2116 3511">
    <p class='ocr_par' dir='ltr' id='par_1_35' title="bbox 442 3437 2116 3511">
     <span class='ocr_line' id='line_1_35' title="bbox 442 3437 2116 3511; baseline -0.001 -15"><span class='ocrx_word' id='word_1_208' title='bbox 442 3440 662 3496; x_wconf 88' lang='lat' dir='ltr'>tiochia</span> <span class='ocrx_word' id='word_1_209' title='bbox 678 3439 933 3495; x_wconf 89' lang='lat' dir='ltr'>distabat</span> <span class='ocrx_word' id='word_1_210' title='bbox 959 3443 1177 3507; x_wconf 90' lang='lat' dir='ltr'>;coacto</span> <span class='ocrx_word' id='word_1_211' title='bbox 1201 3438 1258 3492; x_wconf 91' lang='lat' dir='ltr'>in</span> <span class='ocrx_word' id='word_1_212' title='bbox 1279 3456 1461 3492; x_wconf 93' lang='lat' dir='ltr'>unum</span> <span class='ocrx_word' id='word_1_213' title='bbox 1477 3439 1830 3506; x_wconf 83' lang='lat' dir='ltr'>exercitu,ad</span> <span class='ocrx_word' id='word_1_214' title='bbox 1847 3437 2116 3511; x_wconf 85' lang='lat' dir='ltr'>liberan-_</span> 
     </span>
    </p>
   </div>
   <div class='ocr_carea' id='block_1_36' title="bbox 443 3527 2093 3599">
    <p class='ocr_par' dir='ltr' id='par_1_36' title="bbox 443 3527 2093 3599">
     <span class='ocr_line' id='line_1_36' title="bbox 443 3527 2093 3599; baseline -0.001 -15"><span class='ocrx_word' id='word_1_215' title='bbox 443 3531 584 3584; x_wconf 90' lang='lat' dir='ltr'>dum</span> <span class='ocrx_word' id='word_1_216' title='bbox 617 3545 744 3584; x_wconf 91' lang='lat' dir='ltr'>eam</span> <span class='ocrx_word' id='word_1_217' title='bbox 779 3528 863 3582; x_wconf 91' lang='lat' dir='ltr'>ire</span> <span class='ocrx_word' id='word_1_218' title='bbox 897 3533 1186 3582; x_wconf 89' lang='lat' dir='ltr'>conatur..</span> <span class='ocrx_word' id='word_1_219' title='bbox 1221 3527 1436 3581; x_wconf 89' lang='lat' dir='ltr'>Verum</span> <span class='ocrx_word' id='word_1_220' title='bbox 1469 3528 1639 3581; x_wconf 84' lang='lat' dir='ltr'>&#39;I‘urci</span> <span class='ocrx_word' id='word_1_221' title='bbox 1676 3533 2093 3599; x_wconf 79' lang='lat' dir='ltr'>cognoscentes</span> 
     </span>
    </p>
   </div>
   <div class='ocr_carea' id='block_1_37' title="bbox 441 3615 2087 3688">
    <p class='ocr_par' dir='ltr' id='par_1_37' title="bbox 441 3615 2087 3688">
     <span class='ocr_line' id='line_1_37' title="bbox 441 3615 2087 3688; baseline 0 -17"><span class='ocrx_word' id='word_1_222' title='bbox 441 3617 606 3672; x_wconf 89' lang='lat' dir='ltr'>illum</span> <span class='ocrx_word' id='word_1_223' title='bbox 627 3619 752 3688; x_wconf 89' lang='lat' dir='ltr'>jam</span> <span class='ocrx_word' id='word_1_224' title='bbox 785 3617 842 3670; x_wconf 90' lang='lat' dir='ltr'>in</span> <span class='ocrx_word' id='word_1_225' title='bbox 878 3615 1138 3687; x_wconf 86' lang='lat' dir='ltr'>proximo</span> <span class='ocrx_word' id='word_1_226' title='bbox 1162 3615 1386 3679; x_wconf 90' lang='lat' dir='ltr'>adesse,</span> <span class='ocrx_word' id='word_1_227' title='bbox 1421 3615 1787 3670; x_wconf 89' lang='lat' dir='ltr'>obsidionem</span> <span class='ocrx_word' id='word_1_228' title='bbox 1818 3633 1888 3671; x_wconf 78' lang='lat' dir='ltr'>ex</span> <span class='ocrx_word' id='word_1_229' title='bbox 1919 3616 2087 3672; x_wconf 85' lang='lat' dir='ltr'>indu-</span> 
     </span>
    </p>
   </div>
   <div class='ocr_carea' id='block_1_38' title="bbox 441 3705 2092 3769">
    <p class='ocr_par' dir='ltr' id='par_1_38' title="bbox 441 3705 2092 3769">
     <span class='ocr_line' id='line_1_38' title="bbox 441 3705 2092 3769; baseline 0 -8"><span class='ocrx_word' id='word_1_230' title='bbox 441 3707 583 3762; x_wconf 89' lang='lat' dir='ltr'>stria</span> <span class='ocrx_word' id='word_1_231' title='bbox 612 3705 997 3769; x_wconf 89' lang='lat' dir='ltr'>dimittentes,</span> <span class='ocrx_word' id='word_1_232' title='bbox 1032 3709 1096 3758; x_wconf 91' lang='lat' dir='ltr'>ut</span> <span class='ocrx_word' id='word_1_233' title='bbox 1125 3721 1326 3759; x_wconf 89' lang='lat' dir='ltr'>eorum</span> <span class='ocrx_word' id='word_1_234' title='bbox 1373 3709 1462 3759; x_wconf 88' lang='lat' dir='ltr'>est</span> <span class='ocrx_word' id='word_1_235' title='bbox 1494 3707 1874 3768; x_wconf 85' lang='lat' dir='ltr'>consuetudo,</span> <span class='ocrx_word' id='word_1_236' title='bbox 1909 3723 2092 3761; x_wconf 88' lang='lat' dir='ltr'>reces-</span> 
     </span>
    </p>
   </div>
   <div class='ocr_carea' id='block_1_39' title="bbox 441 3793 2090 3868">
    <p class='ocr_par' dir='ltr' id='par_1_39' title="bbox 441 3793 2090 3868">
     <span class='ocr_line' id='line_1_39' title="bbox 441 3793 2090 3868; baseline 0.001 -19"><span class='ocrx_word' id='word_1_237' title='bbox 441 3800 660 3851; x_wconf 89' lang='lat' dir='ltr'>serunt.</span> <span class='ocrx_word' id='word_1_238' title='bbox 696 3793 882 3865; x_wconf 84' lang='lat' dir='ltr'>Magis</span> <span class='ocrx_word' id='word_1_239' title='bbox 913 3794 1067 3848; x_wconf 90' lang='lat' dir='ltr'>enim</span> <span class='ocrx_word' id='word_1_240' title='bbox 1103 3793 1211 3864; x_wconf 91' lang='lat' dir='ltr'>ipsi</span> <span class='ocrx_word' id='word_1_241' title='bbox 1239 3793 1309 3847; x_wconf 88' lang='lat' dir='ltr'>ad</span> <span class='ocrx_word' id='word_1_242' title='bbox 1335 3797 1567 3863; x_wconf 90' lang='lat' dir='ltr'>tempus</span> <span class='ocrx_word' id='word_1_243' title='bbox 1589 3793 1675 3848; x_wconf 86' lang='lat' dir='ltr'>vel</span> <span class='ocrx_word' id='word_1_244' title='bbox 1702 3793 1902 3849; x_wconf 91' lang='lat' dir='ltr'>horam</span> <span class='ocrx_word' id='word_1_245' title='bbox 1929 3799 2090 3868; x_wconf 92' lang='lat' dir='ltr'>terga</span> 
     </span>
    </p>
   </div>
   <div class='ocr_carea' id='block_1_40' title="bbox 439 3881 2092 3956">
    <p class='ocr_par' dir='ltr' id='par_1_40' title="bbox 439 3881 2092 3956">
     <span class='ocr_line' id='line_1_40' title="bbox 439 3881 2092 3956; baseline -0.001 -17"><span class='ocrx_word' id='word_1_246' title='bbox 439 3884 920 3954; x_wconf 89' lang='lat' dir='ltr'>vertendo,quam</span> <span class='ocrx_word' id='word_1_247' title='bbox 936 3883 1260 3937; x_wconf 88' lang='lat' dir='ltr'>accedendo</span> <span class='ocrx_word' id='word_1_248' title='bbox 1277 3881 1759 3953; x_wconf 68' lang='lat' dir='ltr'>prazvalentNam</span> <span class='ocrx_word' id='word_1_249' title='bbox 1783 3888 1838 3938; x_wconf 93' lang='lat' dir='ltr'>et</span> <span class='ocrx_word' id='word_1_250' title='bbox 1867 3883 2092 3956; x_wconf 88' lang='lat' dir='ltr'>fugien-</span> 
     </span>
    </p>
   </div>
   <div class='ocr_carea' id='block_1_41' title="bbox 441 3970 2084 4044">
    <p class='ocr_par' dir='ltr' id='par_1_41' title="bbox 441 3970 2084 4044">
     <span class='ocr_line' id='line_1_41' title="bbox 441 3970 2084 4044; baseline 0.001 -18"><span class='ocrx_word' id='word_1_251' title='bbox 441 3972 514 4027; x_wconf 92' lang='lat' dir='ltr'>do</span> <span class='ocrx_word' id='word_1_252' title='bbox 547 3972 773 4044; x_wconf 77' lang='lat' dir='ltr'>Spicula</span> <span class='ocrx_word' id='word_1_253' title='bbox 803 3970 1064 4040; x_wconf 89' lang='lat' dir='ltr'>ejiciunt,</span> <span class='ocrx_word' id='word_1_254' title='bbox 1099 3988 1341 4042; x_wconf 87' lang='lat' dir='ltr'>seseque</span> <span class='ocrx_word' id='word_1_255' title='bbox 1362 3970 1735 4042; x_wconf 89' lang='lat' dir='ltr'>insequentes</span> <span class='ocrx_word' id='word_1_256' title='bbox 1756 3972 2084 4028; x_wconf 88' lang='lat' dir='ltr'>vulnerant.</span> 
     </span>
    </p>
   </div>
   <div class='ocr_carea' id='block_1_42' title="bbox 440 4059 2086 4132">
    <p class='ocr_par' dir='ltr' id='par_1_42' title="bbox 440 4059 2086 4132">
     <span class='ocr_line' id='line_1_42' title="bbox 440 4059 2086 4132; baseline 0 -16"><span class='ocrx_word' id='word_1_257' title='bbox 440 4061 819 4116; x_wconf 88' lang='lat' dir='ltr'>Boamundus</span> <span class='ocrx_word' id='word_1_258' title='bbox 847 4076 984 4132; x_wconf 89' lang='lat' dir='ltr'>ergo</span> <span class='ocrx_word' id='word_1_259' title='bbox 1015 4077 1146 4114; x_wconf 92' lang='lat' dir='ltr'>cum</span> <span class='ocrx_word' id='word_1_260' title='bbox 1179 4059 1397 4114; x_wconf 90' lang='lat' dir='ltr'>civitati</span> <span class='ocrx_word' id='word_1_261' title='bbox 1430 4059 1906 4132; x_wconf 89' lang='lat' dir='ltr'>appropinquans</span> <span class='ocrx_word' id='word_1_262' title='bbox 1939 4062 2086 4116; x_wconf 86' lang='lat' dir='ltr'>Tur-</span> 
     </span>
    </p>
   </div>
   <div class='ocr_carea' id='block_1_43' title="bbox 439 4147 2088 4218">
    <p class='ocr_par' dir='ltr' id='par_1_43' title="bbox 439 4147 2088 4218">
     <span class='ocr_line' id='line_1_43' title="bbox 439 4147 2088 4218; baseline 0.001 -14"><span class='ocrx_word' id='word_1_263' title='bbox 439 4165 642 4204; x_wconf 90' lang='lat' dir='ltr'>corum</span> <span class='ocrx_word' id='word_1_264' title='bbox 676 4148 857 4203; x_wconf 89' lang='lat' dir='ltr'>aciem</span> <span class='ocrx_word' id='word_1_265' title='bbox 893 4165 1006 4202; x_wconf 90' lang='lat' dir='ltr'>non</span> <span class='ocrx_word' id='word_1_266' title='bbox 1043 4147 1374 4218; x_wconf 90' lang='lat' dir='ltr'>reperisset,</span> <span class='ocrx_word' id='word_1_267' title='bbox 1424 4147 1759 4202; x_wconf 89' lang='lat' dir='ltr'>consultum</span> <span class='ocrx_word' id='word_1_268' title='bbox 1793 4153 1880 4202; x_wconf 90' lang='lat' dir='ltr'>est</span> <span class='ocrx_word' id='word_1_269' title='bbox 1911 4149 2022 4204; x_wconf 91' lang='lat' dir='ltr'>sibi</span> <span class='ocrx_word' id='word_1_270' title='bbox 2055 4167 2088 4205; x_wconf 93' lang='lat' dir='ltr'><strong>a</strong></span> 
     </span>
    </p>
   </div>
   <div class='ocr_carea' id='block_1_44' title="bbox 440 4235 2087 4309">
    <p class='ocr_par' dir='ltr' id='par_1_44' title="bbox 440 4235 2087 4309">
     <span class='ocr_line' id='line_1_44' title="bbox 440 4235 2087 4309; baseline 0 -15"><span class='ocrx_word' id='word_1_271' title='bbox 440 4237 566 4294; x_wconf 87' lang='lat' dir='ltr'>suis</span> <span class='ocrx_word' id='word_1_272' title='bbox 596 4242 886 4309; x_wconf 89' lang='lat' dir='ltr'>quatenus</span> <span class='ocrx_word' id='word_1_273' title='bbox 922 4236 1126 4291; x_wconf 89' lang='lat' dir='ltr'>urbem</span> <span class='ocrx_word' id='word_1_274' title='bbox 1160 4235 1461 4308; x_wconf 89' lang='lat' dir='ltr'>ingressus</span> <span class='ocrx_word' id='word_1_275' title='bbox 1493 4235 1798 4307; x_wconf 91' lang='lat' dir='ltr'>paululum</span> <span class='ocrx_word' id='word_1_276' title='bbox 1830 4236 2087 4309; x_wconf 92' lang='lat' dir='ltr'>ibiprius</span> 
     </span>
    </p>
   </div>
   <div class='ocr_carea' id='block_1_45' title="bbox 438 4324 2086 4400">
    <p class='ocr_par' dir='ltr' id='par_1_45' title="bbox 438 4324 2086 4400">
     <span class='ocr_line' id='line_1_45' title="bbox 438 4324 2086 4400; baseline 0.001 -18"><span class='ocrx_word' id='word_1_277' title='bbox 438 4326 862 4400; x_wconf 89' lang='lat' dir='ltr'>requiesceret;</span> <span class='ocrx_word' id='word_1_278' title='bbox 895 4343 960 4380; x_wconf 91' lang='lat' dir='ltr'>ac</span> <span class='ocrx_word' id='word_1_279' title='bbox 1011 4325 1094 4380; x_wconf 92' lang='lat' dir='ltr'>sic</span> <span class='ocrx_word' id='word_1_280' title='bbox 1136 4331 1336 4396; x_wconf 89' lang='lat' dir='ltr'>postea</span> <span class='ocrx_word' id='word_1_281' title='bbox 1384 4324 1577 4395; x_wconf 91' lang='lat' dir='ltr'>quiete</span> <span class='ocrx_word' id='word_1_282' title='bbox 1635 4326 1832 4380; x_wconf 83' lang='lat' dir='ltr'>refotis</span> <span class='ocrx_word' id='word_1_283' title='bbox 1863 4325 2086 4383; x_wconf 91' lang='lat' dir='ltr'>viribus</span> 
     </span>
    </p>
   </div>
   <div class='ocr_carea' id='block_1_46' title="bbox 439 4411 2085 4484">
    <p class='ocr_par' dir='ltr' id='par_1_46' title="bbox 439 4411 2085 4484">
     <span class='ocr_line' id='line_1_46' title="bbox 439 4411 2085 4484; baseline -0.001 -14"><span class='ocrx_word' id='word_1_284' title='bbox 439 4414 584 4484; x_wconf 88' lang='lat' dir='ltr'>suis,</span> <span class='ocrx_word' id='word_1_285' title='bbox 618 4419 818 4470; x_wconf 92' lang='lat' dir='ltr'>contra</span> <span class='ocrx_word' id='word_1_286' title='bbox 849 4415 1072 4469; x_wconf 91' lang='lat' dir='ltr'>Turcos</span> <span class='ocrx_word' id='word_1_287' title='bbox 1103 4415 1175 4468; x_wconf 89' lang='lat' dir='ltr'>ad</span> <span class='ocrx_word' id='word_1_288' title='bbox 1199 4411 1611 4468; x_wconf 89' lang='lat' dir='ltr'>debellandum</span> <span class='ocrx_word' id='word_1_289' title='bbox 1633 4414 1945 4480; x_wconf 79' lang='lat' dir='ltr'>exiret.Qui</span> <span class='ocrx_word' id='word_1_290' title='bbox 1971 4431 2085 4470; x_wconf 91' lang='lat' dir='ltr'>non</span> 
     </span>
    </p>
   </div>
   <div class='ocr_carea' id='block_1_47' title="bbox 438 4500 2085 4568">
    <p class='ocr_par' dir='ltr' id='par_1_47' title="bbox 438 4500 2085 4568">
     <span class='ocr_line' id='line_1_47' title="bbox 438 4500 2085 4568; baseline -0.001 -9"><span class='ocrx_word' id='word_1_291' title='bbox 438 4503 683 4559; x_wconf 90' lang='lat' dir='ltr'>credidit</span> <span class='ocrx_word' id='word_1_292' title='bbox 709 4520 911 4558; x_wconf 92' lang='lat' dir='ltr'>eorum</span> <span class='ocrx_word' id='word_1_293' title='bbox 943 4501 1227 4568; x_wconf 87' lang='lat' dir='ltr'>consiliis,</span> <span class='ocrx_word' id='word_1_294' title='bbox 1263 4502 1361 4556; x_wconf 87' lang='lat' dir='ltr'>sed</span> <span class='ocrx_word' id='word_1_295' title='bbox 1397 4519 1465 4556; x_wconf 83' lang='lat' dir='ltr'>ex</span> <span class='ocrx_word' id='word_1_296' title='bbox 1496 4500 1677 4556; x_wconf 89' lang='lat' dir='ltr'>stulta</span> <span class='ocrx_word' id='word_1_297' title='bbox 1709 4503 2085 4558; x_wconf 87' lang='lat' dir='ltr'>audaciaim-</span> 
     </span>
    </p>
   </div>
   <div class='ocr_carea' id='block_1_48' title="bbox 981 366 3372 444">
    <p class='ocr_par' dir='ltr' id='par_1_48' title="bbox 981 366 3372 444">
     <span class='ocr_line' id='line_1_48' title="bbox 981 366 3372 444; baseline -0.005 -2"><span class='ocrx_word' id='word_1_298' title='bbox 981 383 1084 442; x_wconf 84' lang='lat' dir='ltr'>AD</span> <span class='ocrx_word' id='word_1_299' title='bbox 1132 375 1646 444; x_wconf 79' lang='lat' dir='ltr'>GODEFRIDUM</span> <span class='ocrx_word' id='word_1_300' title='bbox 1690 375 2027 439; x_wconf 85' lang='lat' dir='ltr'>APPEND.</span> <span class='ocrx_word' id='word_1_301' title='bbox 2077 373 2153 437; x_wconf 89' lang='lat' dir='ltr'>II.</span> <span class='ocrx_word' id='word_1_302' title='bbox 2189 411 2264 420; x_wconf 98' lang='lat'><strong>—</strong></span> <span class='ocrx_word' id='word_1_303' title='bbox 2294 373 2604 439; x_wconf 84' lang='lat' dir='ltr'>MONUM.</span> <span class='ocrx_word' id='word_1_304' title='bbox 2656 370 2756 435; x_wconf 86' lang='lat' dir='ltr'>DE</span> <span class='ocrx_word' id='word_1_305' title='bbox 2800 372 3053 434; x_wconf 87' lang='lat' dir='ltr'>BELLO</span> <span class='ocrx_word' id='word_1_306' title='bbox 3098 366 3372 434; x_wconf 81' lang='lat' dir='ltr'>SACRO.</span> 
     </span>
    </p>
   </div>
   <div class='ocr_carea' id='block_1_49' title="bbox 3745 359 3871 426">
    <p class='ocr_par' dir='ltr' id='par_1_49' title="bbox 3745 359 3871 426">
     <span class='ocr_line' id='line_1_49' title="bbox 3745 359 3871 426; baseline 0 -2"><span class='ocrx_word' id='word_1_307' title='bbox 3745 359 3871 426; x_wconf 74' lang='lat'>580</span> 
     </span>
    </p>
   </div>
   <div class='ocr_carea' id='block_1_50' title="bbox 2529 499 3546 575">
    <p class='ocr_par' dir='ltr' id='par_1_50' title="bbox 2529 499 3546 575">
     <span class='ocr_line' id='line_1_50' title="bbox 2529 499 3546 575; baseline -0.008 -14"><span class='ocrx_word' id='word_1_308' title='bbox 2529 505 2740 561; x_wconf 85' lang='lat' dir='ltr'>CXLII.</span> <span class='ocrx_word' id='word_1_309' title='bbox 2769 535 2839 546; x_wconf 87' lang='lat'>—-</span> <span class='ocrx_word' id='word_1_310' title='bbox 2870 502 3147 575; x_wconf 82' lang='lat' dir='ltr'>Godefridi</span> <span class='ocrx_word' id='word_1_311' title='bbox 3173 502 3320 570; x_wconf 64' lang='lat' dir='ltr'>regis</span> <span class='ocrx_word' id='word_1_312' title='bbox 3349 499 3546 556; x_wconf 80' lang='lat' dir='ltr'>obitus.</span> 
     </span>
    </p>
   </div>
   <div class='ocr_carea' id='block_1_51' title="bbox 2287 603 3863 686">
    <p class='ocr_par' dir='ltr' id='par_1_51' title="bbox 2287 603 3863 686">
     <span class='ocr_line' id='line_1_51' title="bbox 2287 603 3863 686; baseline -0.008 -16"><span class='ocrx_word' id='word_1_313' title='bbox 2287 614 2566 686; x_wconf 90' lang='lat' dir='ltr'>Sequitur</span> <span class='ocrx_word' id='word_1_314' title='bbox 2596 629 2626 668; x_wconf 92' lang='lat' dir='ltr'>e</span> <span class='ocrx_word' id='word_1_315' title='bbox 2657 610 2900 684; x_wconf 89' lang='lat' dir='ltr'>vestigio</span> <span class='ocrx_word' id='word_1_316' title='bbox 2928 608 3298 665; x_wconf 85' lang='lat' dir='ltr'>miserrimus</span> <span class='ocrx_word' id='word_1_317' title='bbox 3327 623 3520 673; x_wconf 83' lang='lat' dir='ltr'>casus,</span> <span class='ocrx_word' id='word_1_318' title='bbox 3548 621 3661 677; x_wconf 90' lang='lat' dir='ltr'>quo</span> <span class='ocrx_word' id='word_1_319' title='bbox 3689 603 3863 659; x_wconf 83' lang='lat' dir='ltr'>Jeru-</span> 
     </span>
    </p>
   </div>
   <div class='ocr_carea' id='block_1_52' title="bbox 2210 691 3864 770">
    <p class='ocr_par' dir='ltr' id='par_1_52' title="bbox 2210 691 3864 770">
     <span class='ocr_line' id='line_1_52' title="bbox 2210 691 3864 770; baseline -0.008 -11"><span class='ocrx_word' id='word_1_320' title='bbox 2210 702 2390 759; x_wconf 84' lang='lat' dir='ltr'>salem</span> <span class='ocrx_word' id='word_1_321' title='bbox 2423 720 2537 757; x_wconf 91' lang='lat' dir='ltr'>non</span> <span class='ocrx_word' id='word_1_322' title='bbox 2569 699 2780 755; x_wconf 91' lang='lat' dir='ltr'>minori</span> <span class='ocrx_word' id='word_1_323' title='bbox 2812 699 2974 755; x_wconf 92' lang='lat' dir='ltr'>luctu</span> <span class='ocrx_word' id='word_1_324' title='bbox 3007 695 3549 770; x_wconf 80' lang='lat' dir='ltr'>affligebatur.Nam</span> <span class='ocrx_word' id='word_1_325' title='bbox 3581 691 3864 749; x_wconf 82' lang='lat' dir='ltr'>Gottifre-</span> 
     </span>
    </p>
   </div>
   <div class='ocr_carea' id='block_1_53' title="bbox 2210 781 3864 862">
    <p class='ocr_par' dir='ltr' id='par_1_53' title="bbox 2210 781 3864 862">
     <span class='ocr_line' id='line_1_53' title="bbox 2210 781 3864 862; baseline -0.008 -14"><span class='ocrx_word' id='word_1_326' title='bbox 2210 793 2340 857; x_wconf 92' lang='lat' dir='ltr'>dus,</span> <span class='ocrx_word' id='word_1_327' title='bbox 2375 808 2472 847; x_wconf 87' lang='lat' dir='ltr'>rex</span> <span class='ocrx_word' id='word_1_328' title='bbox 2501 789 2759 862; x_wconf 89' lang='lat' dir='ltr'>optimus</span> <span class='ocrx_word' id='word_1_329' title='bbox 2789 793 2846 844; x_wconf 92' lang='lat' dir='ltr'>et</span> <span class='ocrx_word' id='word_1_330' title='bbox 2875 788 3092 843; x_wconf 88' lang='lat' dir='ltr'>timens</span> <span class='ocrx_word' id='word_1_331' title='bbox 3126 788 3330 852; x_wconf 88' lang='lat' dir='ltr'>Deum,</span> <span class='ocrx_word' id='word_1_332' title='bbox 3363 788 3532 856; x_wconf 91' lang='lat' dir='ltr'>capto</span> <span class='ocrx_word' id='word_1_333' title='bbox 3554 799 3688 837; x_wconf 81' lang='lat' dir='ltr'>mox</span> <span class='ocrx_word' id='word_1_334' title='bbox 3718 781 3864 836; x_wconf 88' lang='lat' dir='ltr'>Boa-</span> 
     </span>
    </p>
   </div>
   <div class='ocr_carea' id='block_1_54' title="bbox 2208 873 3860 949">
    <p class='ocr_par' dir='ltr' id='par_1_54' title="bbox 2208 873 3860 949">
     <span class='ocr_line' id='line_1_54' title="bbox 2208 873 3860 949; baseline -0.006 -13"><span class='ocrx_word' id='word_1_335' title='bbox 2208 881 2428 935; x_wconf 89' lang='lat' dir='ltr'>mundo</span> <span class='ocrx_word' id='word_1_336' title='bbox 2461 897 2528 935; x_wconf 80' lang='lat' dir='ltr'>ex</span> <span class='ocrx_word' id='word_1_337' title='bbox 2554 879 2662 934; x_wconf 92' lang='lat' dir='ltr'>hac</span> <span class='ocrx_word' id='word_1_338' title='bbox 2693 877 2821 932; x_wconf 91' lang='lat' dir='ltr'>luce</span> <span class='ocrx_word' id='word_1_339' title='bbox 2851 875 3143 949; x_wconf 87' lang='lat' dir='ltr'>migravit,</span> <span class='ocrx_word' id='word_1_340' title='bbox 3165 876 3301 930; x_wconf 85' lang='lat' dir='ltr'>Erat</span> <span class='ocrx_word' id='word_1_341' title='bbox 3326 873 3481 929; x_wconf 91' lang='lat' dir='ltr'>enim</span> <span class='ocrx_word' id='word_1_342' title='bbox 3503 873 3630 943; x_wconf 89' lang='lat' dir='ltr'>jam</span> <span class='ocrx_word' id='word_1_343' title='bbox 3663 887 3860 926; x_wconf 84' lang='lat' dir='ltr'>annus</span> 
     </span>
    </p>
   </div>
   <div class='ocr_carea' id='block_1_55' title="bbox 2207 960 3855 1038">
    <p class='ocr_par' dir='ltr' id='par_1_55' title="bbox 2207 960 3855 1038">
     <span class='ocr_line' id='line_1_55' title="bbox 2207 960 3855 1038; baseline -0.006 -14"><span class='ocrx_word' id='word_1_344' title='bbox 2207 987 2362 1024; x_wconf 91' lang='lat' dir='ltr'>unus</span> <span class='ocrx_word' id='word_1_345' title='bbox 2393 967 2660 1024; x_wconf 88' lang='lat' dir='ltr'>evolutus</span> <span class='ocrx_word' id='word_1_346' title='bbox 2709 985 2776 1022; x_wconf 84' lang='lat' dir='ltr'>ex</span> <span class='ocrx_word' id='word_1_347' title='bbox 2831 983 2944 1038; x_wconf 90' lang='lat' dir='ltr'>quo</span> <span class='ocrx_word' id='word_1_348' title='bbox 3004 981 3246 1037; x_wconf 89' lang='lat' dir='ltr'>regnare</span> <span class='ocrx_word' id='word_1_349' title='bbox 3298 966 3569 1034; x_wconf 73' lang='lat' dir='ltr'>cmperat,</span> <span class='ocrx_word' id='word_1_350' title='bbox 3605 977 3740 1016; x_wconf 93' lang='lat' dir='ltr'>cum</span> <span class='ocrx_word' id='word_1_351' title='bbox 3782 960 3855 1015; x_wconf 84' lang='lat' dir='ltr'>ad</span> 
     </span>
    </p>
   </div>
   <div class='ocr_carea' id='block_1_56' title="bbox 2143 1048 3856 1130">
    <p class='ocr_par' dir='ltr' id='par_1_56' title="bbox 2143 1048 3856 1130">
     <span class='ocr_line' id='line_1_56' title="bbox 2143 1048 3856 1130; baseline -0.006 -17"><span class='ocrx_word' id='word_1_352' title='bbox 2143 1122 2149 1128; x_wconf 27' lang='grc' dir='ltr'>ι</span> <span class='ocrx_word' id='word_1_353' title='bbox 2207 1059 2429 1113; x_wconf 90' lang='lat' dir='ltr'>obitum</span> <span class='ocrx_word' id='word_1_354' title='bbox 2463 1056 2838 1130; x_wconf 87' lang='lat' dir='ltr'>pervenisset.</span> <span class='ocrx_word' id='word_1_355' title='bbox 2870 1054 2976 1122; x_wconf 87' lang='lat' dir='ltr'>Qui</span> <span class='ocrx_word' id='word_1_356' title='bbox 3010 1059 3204 1109; x_wconf 89' lang='lat' dir='ltr'>tamen</span> <span class='ocrx_word' id='word_1_357' title='bbox 3237 1057 3548 1124; x_wconf 89' lang='lat' dir='ltr'>antequam</span> <span class='ocrx_word' id='word_1_358' title='bbox 3581 1048 3856 1122; x_wconf 64' lang='lat' dir='ltr'>prasenti</span> 
     </span>
    </p>
   </div>
   <div class='ocr_carea' id='block_1_57' title="bbox 2205 1141 3854 1215">
    <p class='ocr_par' dir='ltr' id='par_1_57' title="bbox 2205 1141 3854 1215">
     <span class='ocr_line' id='line_1_57' title="bbox 2205 1141 3854 1215; baseline -0.005 -14"><span class='ocrx_word' id='word_1_359' title='bbox 2205 1147 2336 1202; x_wconf 92' lang='lat' dir='ltr'>luce</span> <span class='ocrx_word' id='word_1_360' title='bbox 2367 1147 2673 1210; x_wconf 90' lang='lat' dir='ltr'>caruisset,</span> <span class='ocrx_word' id='word_1_361' title='bbox 2705 1145 2845 1200; x_wconf 90' lang='lat' dir='ltr'>dum</span> <span class='ocrx_word' id='word_1_362' title='bbox 2878 1142 3135 1215; x_wconf 88' lang='lat' dir='ltr'>corporis</span> <span class='ocrx_word' id='word_1_363' title='bbox 3164 1141 3508 1197; x_wconf 83' lang='lat' dir='ltr'>infirmitate</span> <span class='ocrx_word' id='word_1_364' title='bbox 3531 1142 3854 1203; x_wconf 87' lang='lat' dir='ltr'>teneretur,</span> 
     </span>
    </p>
   </div>
   <div class='ocr_carea' id='block_1_58' title="bbox 2205 1226 3858 1308">
    <p class='ocr_par' dir='ltr' id='par_1_58' title="bbox 2205 1226 3858 1308">
     <span class='ocr_line' id='line_1_58' title="bbox 2205 1226 3858 1308; baseline -0.007 -17"><span class='ocrx_word' id='word_1_365' title='bbox 2205 1237 2274 1292; x_wconf 88' lang='lat' dir='ltr'>ad</span> <span class='ocrx_word' id='word_1_366' title='bbox 2309 1253 2368 1291; x_wconf 89' lang='lat' dir='ltr'>se</span> <span class='ocrx_word' id='word_1_367' title='bbox 2400 1226 2791 1308; x_wconf 80' lang='lat' dir='ltr'>patriarcham</span> <span class='ocrx_word' id='word_1_368' title='bbox 2824 1232 3178 1305; x_wconf 85' lang='lat' dir='ltr'>Daybertum</span> <span class='ocrx_word' id='word_1_369' title='bbox 3210 1234 3384 1302; x_wconf 91' lang='lat' dir='ltr'>atque</span> <span class='ocrx_word' id='word_1_370' title='bbox 3412 1227 3858 1292; x_wconf 71' lang='lat' dir='ltr'>Arnulium,cas-</span> 
     </span>
    </p>
   </div>
   <div class='ocr_carea' id='block_1_59' title="bbox 2205 1315 3850 1396">
    <p class='ocr_par' dir='ltr' id='par_1_59' title="bbox 2205 1315 3850 1396">
     <span class='ocr_line' id='line_1_59' title="bbox 2205 1315 3850 1396; baseline -0.005 -17"><span class='ocrx_word' id='word_1_371' title='bbox 2205 1331 2475 1396; x_wconf 83' lang='lat' dir='ltr'>terosque</span> <span class='ocrx_word' id='word_1_372' title='bbox 2505 1322 2776 1378; x_wconf 89' lang='lat' dir='ltr'>accersiri</span> <span class='ocrx_word' id='word_1_373' title='bbox 2803 1322 2995 1392; x_wconf 87' lang='lat' dir='ltr'>jubet,</span> <span class='ocrx_word' id='word_1_374' title='bbox 3027 1318 3397 1392; x_wconf 87' lang='lat' dir='ltr'>quibusille:</span> <span class='ocrx_word' id='word_1_375' title='bbox 3431 1315 3850 1388; x_wconf 81' lang='lat' dir='ltr'>«Ecce,inquit,</span> 
     </span>
    </p>
   </div>
   <div class='ocr_carea' id='block_1_60' title="bbox 2200 1405 3853 1483">
    <p class='ocr_par' dir='ltr' id='par_1_60' title="bbox 2200 1405 3853 1483">
     <span class='ocr_line' id='line_1_60' title="bbox 2200 1405 3853 1483; baseline -0.005 -15"><span class='ocrx_word' id='word_1_376' title='bbox 2200 1415 2356 1468; x_wconf 88' lang='lat' dir='ltr'>viam</span> <span class='ocrx_word' id='word_1_377' title='bbox 2391 1413 2672 1468; x_wconf 60' lang='lat' dir='ltr'>universa:</span> <span class='ocrx_word' id='word_1_378' title='bbox 2695 1415 2859 1466; x_wconf 70' lang='lat' dir='ltr'>terrae</span> <span class='ocrx_word' id='word_1_379' title='bbox 2878 1408 3368 1483; x_wconf 89' lang='lat' dir='ltr'>ingredior.Modo</span> <span class='ocrx_word' id='word_1_380' title='bbox 3385 1422 3520 1479; x_wconf 89' lang='lat' dir='ltr'>ergo</span> <span class='ocrx_word' id='word_1_381' title='bbox 3542 1405 3733 1462; x_wconf 88' lang='lat' dir='ltr'>adhuc</span> <span class='ocrx_word' id='word_1_382' title='bbox 3757 1420 3853 1460; x_wconf 91' lang='lat' dir='ltr'>me</span> 
     </span>
    </p>
   </div>
   <div class='ocr_carea' id='block_1_61' title="bbox 2203 1493 3853 1566">
    <p class='ocr_par' dir='ltr' id='par_1_61' title="bbox 2203 1493 3853 1566">
     <span class='ocr_line' id='line_1_61' title="bbox 2203 1493 3853 1566; baseline -0.004 -10"><span class='ocrx_word' id='word_1_383' title='bbox 2203 1502 2424 1558; x_wconf 84' lang='lat' dir='ltr'>vivente</span> <span class='ocrx_word' id='word_1_384' title='bbox 2455 1499 2767 1557; x_wconf 91' lang='lat' dir='ltr'>consilium</span> <span class='ocrx_word' id='word_1_385' title='bbox 2801 1495 2953 1554; x_wconf 90' lang='lat' dir='ltr'>inter</span> <span class='ocrx_word' id='word_1_386' title='bbox 2980 1516 3080 1553; x_wconf 89' lang='lat' dir='ltr'>vos</span> <span class='ocrx_word' id='word_1_387' title='bbox 3113 1497 3417 1564; x_wconf 90' lang='lat' dir='ltr'>habeatur,</span> <span class='ocrx_word' id='word_1_388' title='bbox 3450 1500 3508 1551; x_wconf 93' lang='lat' dir='ltr'>et</span> <span class='ocrx_word' id='word_1_389' title='bbox 3565 1494 3700 1566; x_wconf 90' lang='lat' dir='ltr'>quis</span> <span class='ocrx_word' id='word_1_390' title='bbox 3726 1493 3853 1549; x_wconf 81' lang='lat' dir='ltr'>vice</span> 
     </span>
    </p>
   </div>
   <div class='ocr_carea' id='block_1_62' title="bbox 2203 1584 3852 1660">
    <p class='ocr_par' dir='ltr' id='par_1_62' title="bbox 2203 1584 3852 1660">
     <span class='ocr_line' id='line_1_62' title="bbox 2203 1584 3852 1660; baseline -0.006 -14"><span class='ocrx_word' id='word_1_391' title='bbox 2203 1593 2316 1648; x_wconf 91' lang='lat' dir='ltr'>mei</span> <span class='ocrx_word' id='word_1_392' title='bbox 2347 1591 2406 1646; x_wconf 92' lang='lat' dir='ltr'>in</span> <span class='ocrx_word' id='word_1_393' title='bbox 2437 1589 2762 1646; x_wconf 89' lang='lat' dir='ltr'>Jerusalem</span> <span class='ocrx_word' id='word_1_394' title='bbox 2796 1605 3036 1660; x_wconf 89' lang='lat' dir='ltr'>regnare</span> <span class='ocrx_word' id='word_1_395' title='bbox 3069 1587 3277 1642; x_wconf 90' lang='lat' dir='ltr'>debeat</span> <span class='ocrx_word' id='word_1_396' title='bbox 3307 1585 3744 1658; x_wconf 67' lang='lat' dir='ltr'>prmvideatur.»</span> <span class='ocrx_word' id='word_1_397' title='bbox 3779 1584 3852 1636; x_wconf 86' lang='lat' dir='ltr'>At</span> 
     </span>
    </p>
   </div>
   <div class='ocr_carea' id='block_1_63' title="bbox 2201 1671 3849 1752">
    <p class='ocr_par' dir='ltr' id='par_1_63' title="bbox 2201 1671 3849 1752">
     <span class='ocr_line' id='line_1_63' title="bbox 2201 1671 3849 1752; baseline -0.005 -18"><span class='ocrx_word' id='word_1_398' title='bbox 2201 1681 2284 1735; x_wconf 90' lang='lat' dir='ltr'>illi</span> <span class='ocrx_word' id='word_1_399' title='bbox 2313 1681 2768 1752; x_wconf 89' lang='lat' dir='ltr'>respondentes:</span> <span class='ocrx_word' id='word_1_400' title='bbox 2803 1701 2830 1726; x_wconf 87' lang='grc'><strong><em>‹‹</em></strong></span> <span class='ocrx_word' id='word_1_401' title='bbox 2883 1678 2999 1733; x_wconf 88' lang='lat' dir='ltr'>Nos</span> <span class='ocrx_word' id='word_1_402' title='bbox 3053 1675 3351 1748; x_wconf 89' lang='lat' dir='ltr'>inquiunt,</span> <span class='ocrx_word' id='word_1_403' title='bbox 3399 1673 3589 1746; x_wconf 86' lang='lat' dir='ltr'>magis</span> <span class='ocrx_word' id='word_1_404' title='bbox 3645 1671 3849 1726; x_wconf 89' lang='lat' dir='ltr'>hocin</span> 
     </span>
    </p>
   </div>
   <div class='ocr_carea' id='block_1_64' title="bbox 2202 1761 3850 1841">
    <p class='ocr_par' dir='ltr' id='par_1_64' title="bbox 2202 1761 3850 1841">
     <span class='ocr_line' id='line_1_64' title="bbox 2202 1761 3850 1841; baseline -0.005 -17"><span class='ocrx_word' id='word_1_405' title='bbox 2202 1775 2302 1824; x_wconf 92' lang='lat' dir='ltr'>tua</span> <span class='ocrx_word' id='word_1_406' title='bbox 2333 1767 2697 1841; x_wconf 81' lang='lat' dir='ltr'>providentia</span> <span class='ocrx_word' id='word_1_407' title='bbox 2737 1766 3035 1839; x_wconf 86' lang='lat' dir='ltr'>ponimus,</span> <span class='ocrx_word' id='word_1_408' title='bbox 3069 1770 3124 1820; x_wconf 90' lang='lat' dir='ltr'>et</span> <span class='ocrx_word' id='word_1_409' title='bbox 3173 1781 3348 1837; x_wconf 89' lang='lat' dir='ltr'>quem</span> <span class='ocrx_word' id='word_1_410' title='bbox 3407 1761 3574 1818; x_wconf 89' lang='lat' dir='ltr'>nobis</span> <span class='ocrx_word' id='word_1_411' title='bbox 3613 1762 3686 1817; x_wconf 87' lang='lat' dir='ltr'>ad</span> <span class='ocrx_word' id='word_1_412' title='bbox 3736 1761 3850 1816; x_wconf 92' lang='lat' dir='ltr'>hoc</span> 
     </span>
    </p>
   </div>
   <div class='ocr_carea' id='block_1_65' title="bbox 2203 1850 3850 1931">
    <p class='ocr_par' dir='ltr' id='par_1_65' title="bbox 2203 1850 3850 1931">
     <span class='ocr_line' id='line_1_65' title="bbox 2203 1850 3850 1931; baseline -0.005 -18"><span class='ocrx_word' id='word_1_413' title='bbox 2203 1860 2394 1931; x_wconf 91' lang='lat' dir='ltr'>ipsum</span> <span class='ocrx_word' id='word_1_414' title='bbox 2445 1856 2709 1929; x_wconf 86' lang='lat' dir='ltr'>elegeris,</span> <span class='ocrx_word' id='word_1_415' title='bbox 2739 1855 2788 1911; x_wconf 92' lang='lat' dir='ltr'>ei</span> <span class='ocrx_word' id='word_1_416' title='bbox 2841 1854 3042 1928; x_wconf 90' lang='lat' dir='ltr'>procul</span> <span class='ocrx_word' id='word_1_417' title='bbox 3101 1853 3278 1909; x_wconf 90' lang='lat' dir='ltr'>dubio</span> <span class='ocrx_word' id='word_1_418' title='bbox 3337 1853 3678 1908; x_wconf 89' lang='lat' dir='ltr'>subdemur.</span> <span class='ocrx_word' id='word_1_419' title='bbox 3719 1872 3745 1898; x_wconf 76' lang='grc' dir='ltr'><strong>υ</strong></span> <span class='ocrx_word' id='word_1_420' title='bbox 3777 1850 3850 1904; x_wconf 85' lang='lat' dir='ltr'>At</span> 
     </span>
    </p>
   </div>
   <div class='ocr_carea' id='block_1_66' title="bbox 2207 1938 3852 2016">
    <p class='ocr_par' dir='ltr' id='par_1_66' title="bbox 2207 1938 3852 2016">
     <span class='ocr_line' id='line_1_66' title="bbox 2207 1938 3852 2016; baseline -0.005 -15"><span class='ocrx_word' id='word_1_421' title='bbox 2207 1947 2400 2002; x_wconf 79' lang='lat' dir='ltr'>illc:«</span> <span class='ocrx_word' id='word_1_422' title='bbox 2435 1946 2515 2011; x_wconf 89' lang='lat' dir='ltr'>Si,</span> <span class='ocrx_word' id='word_1_423' title='bbox 2563 1945 2776 2016; x_wconf 85' lang='lat' dir='ltr'>inquit,</span> <span class='ocrx_word' id='word_1_424' title='bbox 2830 1944 2887 1998; x_wconf 93' lang='lat' dir='ltr'>in</span> <span class='ocrx_word' id='word_1_425' title='bbox 2941 1960 3070 1999; x_wconf 90' lang='lat' dir='ltr'>mea</span> <span class='ocrx_word' id='word_1_426' title='bbox 3118 1941 3500 2014; x_wconf 88' lang='lat' dir='ltr'>dispositione</span> <span class='ocrx_word' id='word_1_427' title='bbox 3549 1938 3852 2005; x_wconf 89' lang='lat' dir='ltr'>statuitur,</span> 
     </span>
    </p>
   </div>
   <div class='ocr_carea' id='block_1_67' title="bbox 2204 2027 3856 2101">
    <p class='ocr_par' dir='ltr' id='par_1_67' title="bbox 2204 2027 3856 2101">
     <span class='ocr_line' id='line_1_67' title="bbox 2204 2027 3856 2101; baseline -0.005 -11"><span class='ocrx_word' id='word_1_428' title='bbox 2204 2034 2555 2091; x_wconf 88' lang='lat' dir='ltr'>Balduinum</span> <span class='ocrx_word' id='word_1_429' title='bbox 2580 2035 2817 2089; x_wconf 83' lang='lat' dir='ltr'>fratrem</span> <span class='ocrx_word' id='word_1_430' title='bbox 2837 2049 3034 2087; x_wconf 89' lang='lat' dir='ltr'>meum</span> <span class='ocrx_word' id='word_1_431' title='bbox 3057 2031 3128 2086; x_wconf 92' lang='lat' dir='ltr'>ad</span> <span class='ocrx_word' id='word_1_432' title='bbox 3145 2031 3250 2086; x_wconf 92' lang='lat' dir='ltr'>hoc</span> <span class='ocrx_word' id='word_1_433' title='bbox 3274 2029 3506 2087; x_wconf 89' lang='lat' dir='ltr'>culmen</span> <span class='ocrx_word' id='word_1_434' title='bbox 3531 2027 3856 2101; x_wconf 90' lang='lat' dir='ltr'>suscipien-</span> 
     </span>
    </p>
   </div>
   <div class='ocr_carea' id='block_1_68' title="bbox 2203 2117 3853 2194">
    <p class='ocr_par' dir='ltr' id='par_1_68' title="bbox 2203 2117 3853 2194">
     <span class='ocr_line' id='line_1_68' title="bbox 2203 2117 3853 2194; baseline -0.006 -14"><span class='ocrx_word' id='word_1_435' title='bbox 2203 2125 2346 2180; x_wconf 90' lang='lat' dir='ltr'>dum</span> <span class='ocrx_word' id='word_1_436' title='bbox 2376 2123 3014 2194; x_wconf 84' lang='lat' dir='ltr'>idoneumjudico.»At</span> <span class='ocrx_word' id='word_1_437' title='bbox 3037 2120 3120 2175; x_wconf 91' lang='lat' dir='ltr'>illi</span> <span class='ocrx_word' id='word_1_438' title='bbox 3144 2119 3495 2176; x_wconf 88' lang='lat' dir='ltr'>Balduinum</span> <span class='ocrx_word' id='word_1_439' title='bbox 3520 2117 3853 2185; x_wconf 86' lang='lat' dir='ltr'>audientes,</span> 
     </span>
    </p>
   </div>
   <div class='ocr_carea' id='block_1_69' title="bbox 2203 2205 3854 2278">
    <p class='ocr_par' dir='ltr' id='par_1_69' title="bbox 2203 2205 3854 2278">
     <span class='ocr_line' id='line_1_69' title="bbox 2203 2205 3854 2278; baseline -0.005 -9"><span class='ocrx_word' id='word_1_440' title='bbox 2203 2214 2479 2270; x_wconf 90' lang='lat' dir='ltr'>continuo</span> <span class='ocrx_word' id='word_1_441' title='bbox 2512 2210 2867 2268; x_wconf 87' lang='lat' dir='ltr'>unanimiter</span> <span class='ocrx_word' id='word_1_442' title='bbox 2881 2208 3277 2276; x_wconf 88' lang='lat' dir='ltr'>consentiunt,</span> <span class='ocrx_word' id='word_1_443' title='bbox 3313 2205 3854 2278; x_wconf 88' lang='lat' dir='ltr'>laudant,eiqueju-</span> 
     </span>
    </p>
   </div>
   <div class='ocr_carea' id='block_1_70' title="bbox 2203 2294 3856 2374">
    <p class='ocr_par' dir='ltr' id='par_1_70' title="bbox 2203 2294 3856 2374">
     <span class='ocr_line' id='line_1_70' title="bbox 2203 2294 3856 2374; baseline -0.007 -16"><span class='ocrx_word' id='word_1_444' title='bbox 2203 2302 2516 2374; x_wconf 85' lang='lat' dir='ltr'>rejurando</span> <span class='ocrx_word' id='word_1_445' title='bbox 2551 2300 2828 2355; x_wconf 84' lang='lat' dir='ltr'>fidelitate</span> <span class='ocrx_word' id='word_1_446' title='bbox 2879 2300 3114 2354; x_wconf 87' lang='lat' dir='ltr'>firmata</span> <span class='ocrx_word' id='word_1_447' title='bbox 3162 2297 3536 2363; x_wconf 89' lang='lat' dir='ltr'>subduntur;</span> <span class='ocrx_word' id='word_1_448' title='bbox 3567 2294 3856 2367; x_wconf 88' lang='lat' dir='ltr'>quoniam</span> 
     </span>
    </p>
   </div>
   <div class='ocr_carea' id='block_1_71' title="bbox 2202 2382 3856 2460">
    <p class='ocr_par' dir='ltr' id='par_1_71' title="bbox 2202 2382 3856 2460">
     <span class='ocr_line' id='line_1_71' title="bbox 2202 2382 3856 2460; baseline -0.005 -14"><span class='ocrx_word' id='word_1_449' title='bbox 2202 2391 2370 2447; x_wconf 90' lang='lat' dir='ltr'>illum</span> <span class='ocrx_word' id='word_1_450' title='bbox 2402 2391 2592 2446; x_wconf 93' lang='lat' dir='ltr'>virum</span> <span class='ocrx_word' id='word_1_451' title='bbox 2619 2387 2920 2445; x_wconf 88' lang='lat' dir='ltr'>liberalem</span> <span class='ocrx_word' id='word_1_452' title='bbox 2947 2387 3226 2460; x_wconf 72' lang='lat' dir='ltr'>pecuniae,</span> <span class='ocrx_word' id='word_1_453' title='bbox 3251 2385 3580 2443; x_wconf 85' lang='lat' dir='ltr'>studiosum</span> <span class='ocrx_word' id='word_1_454' title='bbox 3604 2382 3856 2448; x_wconf 69' lang='lat' dir='ltr'>militiae,</span> 
     </span>
    </p>
   </div>
   <div class='ocr_carea' id='block_1_72' title="bbox 2204 2473 3861 2550">
    <p class='ocr_par' dir='ltr' id='par_1_72' title="bbox 2204 2473 3861 2550">
     <span class='ocr_line' id='line_1_72' title="bbox 2204 2473 3861 2550; baseline -0.005 -15"><span class='ocrx_word' id='word_1_455' title='bbox 2204 2481 2378 2535; x_wconf 68' lang='lat' dir='ltr'>aifatu</span> <span class='ocrx_word' id='word_1_456' title='bbox 2415 2477 2722 2537; x_wconf 89' lang='lat' dir='ltr'>humilem.</span> <span class='ocrx_word' id='word_1_457' title='bbox 2769 2475 3250 2550; x_wconf 87' lang='lat' dir='ltr'>magnanimitate</span> <span class='ocrx_word' id='word_1_458' title='bbox 3294 2473 3605 2531; x_wconf 90' lang='lat' dir='ltr'>sublimem</span> <span class='ocrx_word' id='word_1_459' title='bbox 3638 2488 3861 2544; x_wconf 87' lang='lat' dir='ltr'>cogno-</span> 
     </span>
    </p>
   </div>
   <div class='ocr_carea' id='block_1_73' title="bbox 2202 2559 3858 2639">
    <p class='ocr_par' dir='ltr' id='par_1_73' title="bbox 2202 2559 3858 2639">
     <span class='ocr_line' id='line_1_73' title="bbox 2202 2559 3858 2639; baseline -0.006 -15"><span class='ocrx_word' id='word_1_460' title='bbox 2202 2573 2422 2624; x_wconf 91' lang='lat' dir='ltr'>verant.</span> <span class='ocrx_word' id='word_1_461' title='bbox 2461 2569 2590 2622; x_wconf 75' lang='lat' dir='ltr'>Ilzec</span> <span class='ocrx_word' id='word_1_462' title='bbox 2636 2566 2856 2639; x_wconf 89' lang='lat' dir='ltr'>quippe</span> <span class='ocrx_word' id='word_1_463' title='bbox 2899 2565 3098 2622; x_wconf 86' lang='lat' dir='ltr'>omnia</span> <span class='ocrx_word' id='word_1_464' title='bbox 3147 2567 3356 2619; x_wconf 83' lang='lat' dir='ltr'>natura</span> <span class='ocrx_word' id='word_1_465' title='bbox 3385 2563 3534 2634; x_wconf 89' lang='lat' dir='ltr'>ipsa,</span> <span class='ocrx_word' id='word_1_466' title='bbox 3566 2566 3630 2617; x_wconf 90' lang='lat' dir='ltr'>ut</span> <span class='ocrx_word' id='word_1_467' title='bbox 3657 2559 3740 2616; x_wconf 91' lang='lat' dir='ltr'>ita</span> <span class='ocrx_word' id='word_1_468' title='bbox 3771 2560 3858 2615; x_wconf 86' lang='lat' dir='ltr'>di-</span> 
     </span>
    </p>
   </div>
   <div class='ocr_carea' id='block_1_74' title="bbox 2205 2650 3858 2727">
    <p class='ocr_par' dir='ltr' id='par_1_74' title="bbox 2205 2650 3858 2727">
     <span class='ocr_line' id='line_1_74' title="bbox 2205 2650 3858 2727; baseline -0.005 -15"><span class='ocrx_word' id='word_1_469' title='bbox 2205 2674 2428 2723; x_wconf 88' lang='lat' dir='ltr'>camus,</span> <span class='ocrx_word' id='word_1_470' title='bbox 2491 2658 2549 2711; x_wconf 90' lang='lat' dir='ltr'>in</span> <span class='ocrx_word' id='word_1_471' title='bbox 2601 2674 2666 2711; x_wconf 90' lang='lat' dir='ltr'>eo</span> <span class='ocrx_word' id='word_1_472' title='bbox 2727 2673 2905 2711; x_wconf 88' lang='lat' dir='ltr'>manu</span> <span class='ocrx_word' id='word_1_473' title='bbox 2967 2653 3200 2727; x_wconf 88' lang='lat' dir='ltr'>propria</span> <span class='ocrx_word' id='word_1_474' title='bbox 3255 2651 3670 2724; x_wconf 81' lang='lat' dir='ltr'>exsculpserat.</span> <span class='ocrx_word' id='word_1_475' title='bbox 3715 2650 3858 2704; x_wconf 86' lang='lat' dir='ltr'>Erat</span> 
     </span>
    </p>
   </div>
   <div class='ocr_carea' id='block_1_75' title="bbox 2201 2739 3856 2816">
    <p class='ocr_par' dir='ltr' id='par_1_75' title="bbox 2201 2739 3856 2816">
     <span class='ocr_line' id='line_1_75' title="bbox 2201 2739 3856 2816; baseline -0.006 -14"><span class='ocrx_word' id='word_1_476' title='bbox 2201 2745 2355 2802; x_wconf 90' lang='lat' dir='ltr'>enim</span> <span class='ocrx_word' id='word_1_477' title='bbox 2390 2745 2505 2813; x_wconf 91' lang='lat' dir='ltr'>ille,</span> <span class='ocrx_word' id='word_1_478' title='bbox 2541 2745 2691 2801; x_wconf 91' lang='lat' dir='ltr'>sicut</span> <span class='ocrx_word' id='word_1_479' title='bbox 2721 2743 2992 2816; x_wconf 90' lang='lat' dir='ltr'>superius</span> <span class='ocrx_word' id='word_1_480' title='bbox 3031 2743 3254 2800; x_wconf 85' lang='lat' dir='ltr'>dictum</span> <span class='ocrx_word' id='word_1_481' title='bbox 3282 2744 3390 2808; x_wconf 91' lang='lat' dir='ltr'>est,</span> <span class='ocrx_word' id='word_1_482' title='bbox 3423 2739 3482 2795; x_wconf 92' lang='lat' dir='ltr'>in</span> <span class='ocrx_word' id='word_1_483' title='bbox 3515 2739 3701 2812; x_wconf 83' lang='lat' dir='ltr'>Rages</span> <span class='ocrx_word' id='word_1_484' title='bbox 3722 2754 3856 2810; x_wconf 78' lang='lat' dir='ltr'>quas</span> 
     </span>
    </p>
   </div>
   <div class='ocr_carea' id='block_1_76' title="bbox 2199 2828 3858 2903">
    <p class='ocr_par' dir='ltr' id='par_1_76' title="bbox 2199 2828 3858 2903">
     <span class='ocr_line' id='line_1_76' title="bbox 2199 2828 3858 2903; baseline -0.005 -13"><span class='ocrx_word' id='word_1_485' title='bbox 2199 2840 2256 2890; x_wconf 91' lang='lat' dir='ltr'>et</span> <span class='ocrx_word' id='word_1_486' title='bbox 2301 2836 2519 2891; x_wconf 85' lang='lat' dir='ltr'>Edessa</span> <span class='ocrx_word' id='word_1_487' title='bbox 2549 2833 2786 2903; x_wconf 92' lang='lat' dir='ltr'>dicitur,</span> <span class='ocrx_word' id='word_1_488' title='bbox 2817 2834 2936 2888; x_wconf 79' lang='lat' dir='ltr'>dux</span> <span class='ocrx_word' id='word_1_489' title='bbox 2965 2830 3326 2888; x_wconf 85' lang='lat' dir='ltr'>constitutus</span> <span class='ocrx_word' id='word_1_490' title='bbox 3343 2828 3540 2902; x_wconf 83' lang='lat' dir='ltr'>ibique</span> <span class='ocrx_word' id='word_1_491' title='bbox 3568 2833 3708 2884; x_wconf 91' lang='lat' dir='ltr'>tunc</span> <span class='ocrx_word' id='word_1_492' title='bbox 3733 2843 3858 2883; x_wconf 87' lang='lat' dir='ltr'>mo-</span> 
     </span>
    </p>
   </div>
   <div class='ocr_carea' id='block_1_77' title="bbox 2203 2924 2462 2979">
    <p class='ocr_par' dir='ltr' id='par_1_77' title="bbox 2203 2924 2462 2979">
     <span class='ocr_line' id='line_1_77' title="bbox 2203 2924 2462 2979; baseline 0.004 -1"><span class='ocrx_word' id='word_1_493' title='bbox 2203 2924 2462 2979; x_wconf 90' lang='lat' dir='ltr'>rabatur.</span> 
     </span>
    </p>
   </div>
   <div class='ocr_carea' id='block_1_78' title="bbox 2200 3061 3857 3134">
    <p class='ocr_par' dir='ltr' id='par_1_78' title="bbox 2200 3061 3857 3134">
     <span class='ocr_line' id='line_1_78' title="bbox 2200 3061 3857 3134; baseline -0.003 -12"><span class='ocrx_word' id='word_1_494' title='bbox 2200 3066 2436 3123; x_wconf 87' lang='lat' dir='ltr'>CXLIII.</span> <span class='ocrx_word' id='word_1_495' title='bbox 2470 3097 2537 3104; x_wconf 91' lang='lat'><strong>—</strong></span> <span class='ocrx_word' id='word_1_496' title='bbox 2569 3065 2873 3120; x_wconf 81' lang='lat' dir='ltr'>Balduinus</span> <span class='ocrx_word' id='word_1_497' title='bbox 2901 3063 3137 3119; x_wconf 74' lang='lat' dir='ltr'>succedit</span> <span class='ocrx_word' id='word_1_498' title='bbox 3169 3061 3452 3134; x_wconf 79' lang='lat' dir='ltr'>Godefrido</span> <span class='ocrx_word' id='word_1_499' title='bbox 3475 3063 3531 3116; x_wconf 84' lang='lat' dir='ltr'>in</span> <span class='ocrx_word' id='word_1_500' title='bbox 3565 3076 3742 3134; x_wconf 76' lang='lat' dir='ltr'>regno</span> <span class='ocrx_word' id='word_1_501' title='bbox 3767 3061 3857 3117; x_wconf 82' lang='lat' dir='ltr'>Je-</span> 
     </span>
    </p>
   </div>
   <div class='ocr_carea' id='block_1_79' title="bbox 2271 3132 3858 3209">
    <p class='ocr_par' dir='ltr' id='par_1_79' title="bbox 2271 3132 3858 3209">
     <span class='ocr_line' id='line_1_79' title="bbox 2271 3132 3858 3209; baseline -0.003 -17"><span class='ocrx_word' id='word_1_502' title='bbox 2271 3138 2664 3209; x_wconf 80' lang='lat' dir='ltr'>rosolymitano</span> <span class='ocrx_word' id='word_1_503' title='bbox 2687 3157 2705 3201; x_wconf 83' lang='lat'>,-</span> <span class='ocrx_word' id='word_1_504' title='bbox 2731 3136 3042 3209; x_wconf 64' lang='lat' dir='ltr'>Antiochiae</span> <span class='ocrx_word' id='word_1_505' title='bbox 3069 3132 3346 3209; x_wconf 65' lang='lat' dir='ltr'>sufﬁcitur</span> <span class='ocrx_word' id='word_1_506' title='bbox 3378 3132 3717 3209; x_wconf 51' lang='lat' dir='ltr'>Tancredi“,</span> <span class='ocrx_word' id='word_1_507' title='bbox 3751 3149 3858 3205; x_wconf 74' lang='lat' dir='ltr'>qu:</span> 
     </span>
    </p>
   </div>
   <div class='ocr_carea' id='block_1_80' title="bbox 2272 3205 3653 3281">
    <p class='ocr_par' dir='ltr' id='par_1_80' title="bbox 2272 3205 3653 3281">
     <span class='ocr_line' id='line_1_80' title="bbox 2272 3205 3653 3281; baseline -0.005 -15"><span class='ocrx_word' id='word_1_508' title='bbox 2272 3205 2627 3281; x_wconf 54' lang='lat' dir='ltr'>Mam&#39;ystam,</span> <span class='ocrx_word' id='word_1_509' title='bbox 2655 3208 2910 3263; x_wconf 64' lang='lat' dir='ltr'>Adana-m</span> <span class='ocrx_word' id='word_1_510' title='bbox 2939 3215 2990 3262; x_wconf 78' lang='lat' dir='ltr'>et</span> <span class='ocrx_word' id='word_1_511' title='bbox 3025 3205 3249 3262; x_wconf 55' lang='lat' dir='ltr'>Tarsum</span> <span class='ocrx_word' id='word_1_512' title='bbox 3273 3207 3385 3261; x_wconf 78' lang='lat' dir='ltr'>sibi</span> <span class='ocrx_word' id='word_1_513' title='bbox 3411 3205 3653 3276; x_wconf 78' lang='lat' dir='ltr'>subjicit.</span> 
     </span>
    </p>
   </div>
   <div class='ocr_carea' id='block_1_81' title="bbox 2274 3345 3856 3422">
    <p class='ocr_par' dir='ltr' id='par_1_81' title="bbox 2274 3345 3856 3422">
     <span class='ocr_line' id='line_1_81' title="bbox 2274 3345 3856 3422; baseline -0.005 -14"><span class='ocrx_word' id='word_1_514' title='bbox 2274 3352 2380 3408; x_wconf 89' lang='lat' dir='ltr'>Sed</span> <span class='ocrx_word' id='word_1_515' title='bbox 2417 3350 2648 3406; x_wconf 89' lang='lat' dir='ltr'>interim</span> <span class='ocrx_word' id='word_1_516' title='bbox 2681 3348 2907 3422; x_wconf 89' lang='lat' dir='ltr'>sepulto</span> <span class='ocrx_word' id='word_1_517' title='bbox 2957 3352 3090 3404; x_wconf 90' lang='lat' dir='ltr'>ante</span> <span class='ocrx_word' id='word_1_518' title='bbox 3127 3346 3411 3421; x_wconf 91' lang='lat' dir='ltr'>Golgotha</span> <span class='ocrx_word' id='word_1_519' title='bbox 3454 3362 3587 3420; x_wconf 84' lang='lat' dir='ltr'>rege</span> <span class='ocrx_word' id='word_1_520' title='bbox 3617 3345 3856 3417; x_wconf 69' lang='lat' dir='ltr'>praeeri-</span> 
     </span>
    </p>
   </div>
   <div class='ocr_carea' id='block_1_82' title="bbox 2203 3434 3856 3515">
    <p class='ocr_par' dir='ltr' id='par_1_82' title="bbox 2203 3434 3856 3515">
     <span class='ocr_line' id='line_1_82' title="bbox 2203 3434 3856 3515; baseline -0.004 -19"><span class='ocrx_word' id='word_1_521' title='bbox 2203 3447 2322 3515; x_wconf 91' lang='lat' dir='ltr'>pto,</span> <span class='ocrx_word' id='word_1_522' title='bbox 2359 3441 2613 3495; x_wconf 85' lang='lat' dir='ltr'>mittitur</span> <span class='ocrx_word' id='word_1_523' title='bbox 2667 3439 2946 3494; x_wconf 87' lang='lat' dir='ltr'>Edessam</span> <span class='ocrx_word' id='word_1_524' title='bbox 2996 3436 3263 3508; x_wconf 90' lang='lat' dir='ltr'>nuntius,</span> <span class='ocrx_word' id='word_1_525' title='bbox 3295 3437 3467 3508; x_wconf 82' lang='lat' dir='ltr'>cujus</span> <span class='ocrx_word' id='word_1_526' title='bbox 3496 3434 3686 3491; x_wconf 88' lang='lat' dir='ltr'>accitu</span> <span class='ocrx_word' id='word_1_527' title='bbox 3719 3434 3856 3490; x_wconf 84' lang='lat' dir='ltr'>Bal-</span> 
     </span>
    </p>
   </div>
   <div class='ocr_carea' id='block_1_83' title="bbox 2202 3524 3855 3601">
    <p class='ocr_par' dir='ltr' id='par_1_83' title="bbox 2202 3524 3855 3601">
     <span class='ocr_line' id='line_1_83' title="bbox 2202 3524 3855 3601; baseline -0.004 -16"><span class='ocrx_word' id='word_1_528' title='bbox 2202 3531 2418 3586; x_wconf 91' lang='lat' dir='ltr'>duinus</span> <span class='ocrx_word' id='word_1_529' title='bbox 2448 3527 2868 3601; x_wconf 76' lang='lat' dir='ltr'>Jerosolymam</span> <span class='ocrx_word' id='word_1_530' title='bbox 2917 3525 3132 3592; x_wconf 91' lang='lat' dir='ltr'>veniat,</span> <span class='ocrx_word' id='word_1_531' title='bbox 3162 3524 3426 3598; x_wconf 84' lang='lat' dir='ltr'>germani</span> <span class='ocrx_word' id='word_1_532' title='bbox 3457 3528 3690 3596; x_wconf 88' lang='lat' dir='ltr'>sceptro</span> <span class='ocrx_word' id='word_1_533' title='bbox 3718 3540 3855 3579; x_wconf 88' lang='lat' dir='ltr'>suc-</span> 
     </span>
    </p>
   </div>
   <div class='ocr_carea' id='block_1_84' title="bbox 2199 3611 3855 3689">
    <p class='ocr_par' dir='ltr' id='par_1_84' title="bbox 2199 3611 3855 3689">
     <span class='ocr_line' id='line_1_84' title="bbox 2199 3611 3855 3689; baseline -0.005 -15"><span class='ocrx_word' id='word_1_534' title='bbox 2199 3637 2397 3675; x_wconf 87' lang='lat' dir='ltr'>cessor</span> <span class='ocrx_word' id='word_1_535' title='bbox 2423 3619 2706 3674; x_wconf 88' lang='lat' dir='ltr'>crcandus</span> <span class='ocrx_word' id='word_1_536' title='bbox 2734 3636 2746 3684; x_wconf 91' lang='lat'><strong>;</strong></span> <span class='ocrx_word' id='word_1_537' title='bbox 2782 3617 2957 3688; x_wconf 90' lang='lat' dir='ltr'>idque</span> <span class='ocrx_word' id='word_1_538' title='bbox 2978 3632 3203 3689; x_wconf 70' lang='lat' dir='ltr'>magna:</span> <span class='ocrx_word' id='word_1_539' title='bbox 3225 3611 3611 3670; x_wconf 87' lang='lat' dir='ltr'>dissensionis</span> <span class='ocrx_word' id='word_1_540' title='bbox 3633 3618 3691 3667; x_wconf 91' lang='lat' dir='ltr'>et</span> <span class='ocrx_word' id='word_1_541' title='bbox 3711 3611 3855 3668; x_wconf 90' lang='lat' dir='ltr'>belli</span> 
     </span>
    </p>
   </div>
   <div class='ocr_carea' id='block_1_85' title="bbox 2201 3701 3855 3774">
    <p class='ocr_par' dir='ltr' id='par_1_85' title="bbox 2201 3701 3855 3774">
     <span class='ocr_line' id='line_1_85' title="bbox 2201 3701 3855 3774; baseline -0.005 -11"><span class='ocrx_word' id='word_1_542' title='bbox 2201 3709 2498 3763; x_wconf 84' lang='lat' dir='ltr'>flammam</span> <span class='ocrx_word' id='word_1_543' title='bbox 2534 3706 2916 3762; x_wconf 63' lang='lat' dir='ltr'>suscitasset:</span> <span class='ocrx_word' id='word_1_544' title='bbox 2953 3705 3052 3760; x_wconf 89' lang='lat' dir='ltr'>sed</span> <span class='ocrx_word' id='word_1_545' title='bbox 3103 3705 3306 3759; x_wconf 90' lang='lat' dir='ltr'>eadem</span> <span class='ocrx_word' id='word_1_546' title='bbox 3363 3719 3479 3774; x_wconf 86' lang='lat' dir='ltr'>qua</span> <span class='ocrx_word' id='word_1_547' title='bbox 3525 3701 3855 3756; x_wconf 89' lang='lat' dir='ltr'>Balduinus</span> 
     </span>
    </p>
   </div>
   <div class='ocr_carea' id='block_1_86' title="bbox 2197 3789 3853 3865">
    <p class='ocr_par' dir='ltr' id='par_1_86' title="bbox 2197 3789 3853 3865">
     <span class='ocr_line' id='line_1_86' title="bbox 2197 3789 3853 3865; baseline -0.005 -12"><span class='ocrx_word' id='word_1_548' title='bbox 2197 3796 2516 3853; x_wconf 88' lang='lat' dir='ltr'>accersitus</span> <span class='ocrx_word' id='word_1_549' title='bbox 2538 3795 2903 3860; x_wconf 89' lang='lat' dir='ltr'>necessitate,</span> <span class='ocrx_word' id='word_1_550' title='bbox 2935 3793 3121 3849; x_wconf 88' lang='lat' dir='ltr'>vocati</span> <span class='ocrx_word' id='word_1_551' title='bbox 3153 3793 3223 3848; x_wconf 92' lang='lat' dir='ltr'>ad</span> <span class='ocrx_word' id='word_1_552' title='bbox 3247 3791 3501 3865; x_wconf 90' lang='lat' dir='ltr'>regimen</span> <span class='ocrx_word' id='word_1_553' title='bbox 3528 3789 3853 3846; x_wconf 64' lang='lat' dir='ltr'>Antiochia</span> 
     </span>
    </p>
   </div>
   <div class='ocr_carea' id='block_1_87' title="bbox 2196 3879 3852 3955">
    <p class='ocr_par' dir='ltr' id='par_1_87' title="bbox 2196 3879 3852 3955">
     <span class='ocr_line' id='line_1_87' title="bbox 2196 3879 3852 3955; baseline -0.004 -13"><span class='ocrx_word' id='word_1_554' title='bbox 2196 3885 2480 3942; x_wconf 90' lang='lat' dir='ltr'>Tancredi</span> <span class='ocrx_word' id='word_1_555' title='bbox 2513 3885 2822 3939; x_wconf 87' lang='lat' dir='ltr'>abscessus</span> <span class='ocrx_word' id='word_1_556' title='bbox 2853 3882 3016 3938; x_wconf 92' lang='lat' dir='ltr'>litem</span> <span class='ocrx_word' id='word_1_557' title='bbox 3051 3880 3328 3955; x_wconf 65' lang='lat' dir='ltr'>praecidit.</span> <span class='ocrx_word' id='word_1_558' title='bbox 3365 3879 3686 3936; x_wconf 89' lang='lat' dir='ltr'>Substituti</span> <span class='ocrx_word' id='word_1_559' title='bbox 3709 3895 3852 3952; x_wconf 85' lang='lat' dir='ltr'>ergo</span> 
     </span>
    </p>
   </div>
   <div class='ocr_carea' id='block_1_88' title="bbox 2193 3967 3856 4046">
    <p class='ocr_par' dir='ltr' id='par_1_88' title="bbox 2193 3967 3856 4046">
     <span class='ocr_line' id='line_1_88' title="bbox 2193 3967 3856 4046; baseline -0.005 -16"><span class='ocrx_word' id='word_1_560' title='bbox 2193 3975 2472 4041; x_wconf 64' lang='lat' dir='ltr'>hmredes,</span> <span class='ocrx_word' id='word_1_561' title='bbox 2501 3971 2878 4046; x_wconf 82' lang='lat' dir='ltr'>Jerosolymis</span> <span class='ocrx_word' id='word_1_562' title='bbox 2904 3970 3249 4041; x_wconf 90' lang='lat' dir='ltr'>Balduinus,</span> <span class='ocrx_word' id='word_1_563' title='bbox 3283 3969 3623 4025; x_wconf 84' lang='lat' dir='ltr'>Tancredus</span> <span class='ocrx_word' id='word_1_564' title='bbox 3651 3967 3856 4023; x_wconf 87' lang='lat' dir='ltr'>Antio-</span> 
     </span>
    </p>
   </div>
   <div class='ocr_carea' id='block_1_89' title="bbox 2195 4057 3855 4129">
    <p class='ocr_par' dir='ltr' id='par_1_89' title="bbox 2195 4057 3855 4129">
     <span class='ocr_line' id='line_1_89' title="bbox 2195 4057 3855 4129; baseline -0.004 -11"><span class='ocrx_word' id='word_1_565' title='bbox 2195 4063 2361 4129; x_wconf 67' lang='lat' dir='ltr'>chiae,</span> <span class='ocrx_word' id='word_1_566' title='bbox 2393 4061 2658 4117; x_wconf 90' lang='lat' dir='ltr'>certatim</span> <span class='ocrx_word' id='word_1_567' title='bbox 2691 4061 2762 4117; x_wconf 91' lang='lat' dir='ltr'>ad</span> <span class='ocrx_word' id='word_1_568' title='bbox 2797 4061 3014 4116; x_wconf 87' lang='lat' dir='ltr'>famam</span> <span class='ocrx_word' id='word_1_569' title='bbox 3049 4063 3296 4115; x_wconf 91' lang='lat' dir='ltr'>currunt</span> <span class='ocrx_word' id='word_1_570' title='bbox 3320 4076 3334 4127; x_wconf 88' lang='lat'><strong>;</strong></span> <span class='ocrx_word' id='word_1_571' title='bbox 3357 4062 3481 4113; x_wconf 92' lang='lat' dir='ltr'>tum</span> <span class='ocrx_word' id='word_1_572' title='bbox 3505 4074 3576 4114; x_wconf 91' lang='lat' dir='ltr'>ne</span> <span class='ocrx_word' id='word_1_573' title='bbox 3607 4057 3855 4112; x_wconf 86' lang='lat' dir='ltr'>asenio-</span> 
     </span>
    </p>
   </div>
   <div class='ocr_carea' id='block_1_90' title="bbox 2197 4144 3852 4222">
    <p class='ocr_par' dir='ltr' id='par_1_90' title="bbox 2197 4144 3852 4222">
     <span class='ocr_line' id='line_1_90' title="bbox 2197 4144 3852 4222; baseline -0.002 -16"><span class='ocrx_word' id='word_1_574' title='bbox 2197 4169 2326 4207; x_wconf 91' lang='lat' dir='ltr'>rum</span> <span class='ocrx_word' id='word_1_575' title='bbox 2358 4152 2572 4206; x_wconf 87' lang='lat' dir='ltr'>virtute</span> <span class='ocrx_word' id='word_1_576' title='bbox 2620 4151 2930 4222; x_wconf 82' lang='lat' dir='ltr'>degeneret</span> <span class='ocrx_word' id='word_1_577' title='bbox 2969 4149 3192 4221; x_wconf 89' lang='lat' dir='ltr'>junior,</span> <span class='ocrx_word' id='word_1_578' title='bbox 3225 4152 3352 4202; x_wconf 90' lang='lat' dir='ltr'>tum</span> <span class='ocrx_word' id='word_1_579' title='bbox 3401 4145 3548 4203; x_wconf 86' lang='lat' dir='ltr'>alter</span> <span class='ocrx_word' id='word_1_580' title='bbox 3602 4144 3852 4202; x_wconf 87' lang='lat' dir='ltr'>alterius</span> 
     </span>
    </p>
   </div>
   <div class='ocr_carea' id='block_1_91' title="bbox 2194 4235 3854 4308">
    <p class='ocr_par' dir='ltr' id='par_1_91' title="bbox 2194 4235 3854 4308">
     <span class='ocr_line' id='line_1_91' title="bbox 2194 4235 3854 4308; baseline -0.002 -14"><span class='ocrx_word' id='word_1_581' title='bbox 2194 4239 2414 4294; x_wconf 90' lang='lat' dir='ltr'>invidia</span> <span class='ocrx_word' id='word_1_582' title='bbox 2435 4237 2724 4294; x_wconf 89' lang='lat' dir='ltr'>succensi.</span> <span class='ocrx_word' id='word_1_583' title='bbox 2759 4238 3038 4293; x_wconf 56' lang='lat' dir='ltr'>Praterea</span> <span class='ocrx_word' id='word_1_584' title='bbox 3082 4235 3496 4292; x_wconf 87' lang='lat' dir='ltr'>Marchisidam</span> <span class='ocrx_word' id='word_1_585' title='bbox 3547 4239 3720 4308; x_wconf 89' lang='lat' dir='ltr'>urget</span> <span class='ocrx_word' id='word_1_586' title='bbox 3744 4252 3854 4290; x_wconf 91' lang='lat' dir='ltr'>su-</span> 
     </span>
    </p>
   </div>
   <div class='ocr_carea' id='block_1_92' title="bbox 2196 4321 3854 4400">
    <p class='ocr_par' dir='ltr' id='par_1_92' title="bbox 2196 4321 3854 4400">
     <span class='ocr_line' id='line_1_92' title="bbox 2196 4321 3854 4400; baseline -0.003 -16"><span class='ocrx_word' id='word_1_587' title='bbox 2196 4333 2393 4400; x_wconf 77' lang='lat' dir='ltr'>Specta</span> <span class='ocrx_word' id='word_1_588' title='bbox 2417 4327 2694 4399; x_wconf 89' lang='lat' dir='ltr'>dignitas,</span> <span class='ocrx_word' id='word_1_589' title='bbox 2723 4326 2877 4397; x_wconf 90' lang='lat' dir='ltr'>quod</span> <span class='ocrx_word' id='word_1_590' title='bbox 2903 4325 3091 4398; x_wconf 90' lang='lat' dir='ltr'>magis</span> <span class='ocrx_word' id='word_1_591' title='bbox 3116 4325 3352 4396; x_wconf 88' lang='lat' dir='ltr'>hospes,</span> <span class='ocrx_word' id='word_1_592' title='bbox 3375 4340 3552 4396; x_wconf 88' lang='lat' dir='ltr'>quam</span> <span class='ocrx_word' id='word_1_593' title='bbox 3573 4321 3854 4396; x_wconf 83' lang='lat' dir='ltr'>princeps</span> 
     </span>
    </p>
   </div>
   <div class='ocr_carea' id='block_1_93' title="bbox 2193 4411 3855 4489">
    <p class='ocr_par' dir='ltr' id='par_1_93' title="bbox 2193 4411 3855 4489">
     <span class='ocr_line' id='line_1_93' title="bbox 2193 4411 3855 4489; baseline -0.001 -18"><span class='ocrx_word' id='word_1_594' title='bbox 2193 4417 2319 4489; x_wconf 90' lang='lat' dir='ltr'>ipse</span> <span class='ocrx_word' id='word_1_595' title='bbox 2351 4416 2461 4472; x_wconf 92' lang='lat' dir='ltr'>sibi</span> <span class='ocrx_word' id='word_1_596' title='bbox 2493 4416 2759 4470; x_wconf 91' lang='lat' dir='ltr'>videtur:</span> <span class='ocrx_word' id='word_1_597' title='bbox 2796 4415 2951 4469; x_wconf 91' lang='lat' dir='ltr'>unde</span> <span class='ocrx_word' id='word_1_598' title='bbox 2994 4418 3157 4469; x_wconf 90' lang='lat' dir='ltr'>tanto</span> <span class='ocrx_word' id='word_1_599' title='bbox 3208 4411 3687 4486; x_wconf 83' lang='lat' dir='ltr'>experrectiorem</span> <span class='ocrx_word' id='word_1_600' title='bbox 3721 4429 3855 4469; x_wconf 85' lang='lat' dir='ltr'>esse</span> 
     </span>
    </p>
   </div>
   <div class='ocr_carea' id='block_1_94' title="bbox 2195 4500 3852 4578">
    <p class='ocr_par' dir='ltr' id='par_1_94' title="bbox 2195 4500 3852 4578">
     <span class='ocr_line' id='line_1_94' title="bbox 2195 4500 3852 4578; baseline -0.003 -17"><span class='ocrx_word' id='word_1_601' title='bbox 2195 4523 2329 4561; x_wconf 90' lang='lat' dir='ltr'>eum</span> <span class='ocrx_word' id='word_1_602' title='bbox 2360 4505 2635 4578; x_wconf 89' lang='lat' dir='ltr'>oportuit,</span> <span class='ocrx_word' id='word_1_603' title='bbox 2665 4520 2780 4575; x_wconf 92' lang='lat' dir='ltr'>quo</span> <span class='ocrx_word' id='word_1_604' title='bbox 2812 4503 3138 4576; x_wconf 88' lang='lat' dir='ltr'>suspectior</span> <span class='ocrx_word' id='word_1_605' title='bbox 3166 4507 3288 4558; x_wconf 89' lang='lat' dir='ltr'>erat</span> <span class='ocrx_word' id='word_1_606' title='bbox 3339 4500 3592 4558; x_wconf 89' lang='lat' dir='ltr'>brevitas</span> <span class='ocrx_word' id='word_1_607' title='bbox 3623 4501 3852 4574; x_wconf 87' lang='lat' dir='ltr'>princi-</span> 
     </span>
    </p>
   </div>
   <div class='ocr_carea' id='block_1_95' title="bbox 439 4589 3849 4676">
    <p class='ocr_par' dir='ltr' id='par_1_95' title="bbox 439 4589 3849 4676">
     <span class='ocr_line' id='line_1_95' title="bbox 439 4589 3849 4676; baseline -0.001 -28"><span class='ocrx_word' id='word_1_608' title='bbox 439 4593 809 4648; x_wconf 90' lang='lat' dir='ltr'>modcranter</span> <span class='ocrx_word' id='word_1_609' title='bbox 839 4589 2086 4672; x_wconf 6' lang='lat' dir='ltr'>praesgumens,absit,inquit.utBoamundus</span> <span class='ocrx_word' id='word_1_610' title='bbox 2118 4613 2163 4676; x_wconf 72' lang='grc' dir='ltr'>Ι)</span> <span class='ocrx_word' id='word_1_611' title='bbox 2196 4601 2367 4666; x_wconf 89' lang='lat' dir='ltr'>patus</span> <span class='ocrx_word' id='word_1_612' title='bbox 2417 4594 2526 4650; x_wconf 90' lang='lat' dir='ltr'>sub</span> <span class='ocrx_word' id='word_1_613' title='bbox 2573 4591 2894 4647; x_wconf 88' lang='lat' dir='ltr'>Boamundi</span> <span class='ocrx_word' id='word_1_614' title='bbox 2941 4590 3194 4646; x_wconf 89' lang='lat' dir='ltr'>reditum</span> <span class='ocrx_word' id='word_1_615' title='bbox 3252 4592 3429 4646; x_wconf 81' lang='lat' dir='ltr'>ﬁnem</span> <span class='ocrx_word' id='word_1_616' title='bbox 3477 4594 3849 4662; x_wconf 78' lang='lat' dir='ltr'>exspectans.</span> 
     </span>
    </p>
   </div>
   <div class='ocr_carea' id='block_1_96' title="bbox 439 4669 2080 4753">
    <p class='ocr_par' dir='ltr' id='par_1_96' title="bbox 439 4669 2080 4753">
     <span class='ocr_line' id='line_1_96' title="bbox 439 4669 2080 4753; baseline -0.001 -17"><span class='ocrx_word' id='word_1_617' title='bbox 439 4681 592 4753; x_wconf 91' lang='lat' dir='ltr'>quod</span> <span class='ocrx_word' id='word_1_618' title='bbox 627 4697 930 4752; x_wconf 90' lang='lat' dir='ltr'>nunquam</span> <span class='ocrx_word' id='word_1_619' title='bbox 951 4669 1155 4736; x_wconf 84' lang='lat' dir='ltr'>fecisse</span> <span class='ocrx_word' id='word_1_620' title='bbox 1181 4679 1469 4740; x_wconf 82' lang='lat' dir='ltr'>meminit.</span> <span class='ocrx_word' id='word_1_621' title='bbox 1495 4679 1667 4733; x_wconf 91' lang='lat' dir='ltr'>modo</span> <span class='ocrx_word' id='word_1_622' title='bbox 1693 4681 1954 4735; x_wconf 79' lang='lat' dir='ltr'>facturus</span> <span class='ocrx_word' id='word_1_623' title='bbox 1977 4681 2080 4748; x_wconf 90' lang='lat' dir='ltr'>sit;</span> 
     </span>
    </p>
   </div>
   <div class='ocr_carea' id='block_1_97' title="bbox 437 4767 2086 4840">
    <p class='ocr_par' dir='ltr' id='par_1_97' title="bbox 437 4767 2086 4840">
     <span class='ocr_line' id='line_1_97' title="bbox 437 4767 2086 4840; baseline 0 -14"><span class='ocrx_word' id='word_1_624' title='bbox 437 4770 547 4826; x_wconf 90' lang='lat' dir='ltr'>hoc</span> <span class='ocrx_word' id='word_1_625' title='bbox 577 4771 733 4826; x_wconf 90' lang='lat' dir='ltr'>enim</span> <span class='ocrx_word' id='word_1_626' title='bbox 768 4770 987 4825; x_wconf 71' lang='lat' dir='ltr'>faciunt</span> <span class='ocrx_word' id='word_1_627' title='bbox 1034 4769 1257 4840; x_wconf 87' lang='lat' dir='ltr'>vulpes,</span> <span class='ocrx_word' id='word_1_628' title='bbox 1307 4785 1434 4839; x_wconf 63' lang='lat' dir='ltr'>quae</span> <span class='ocrx_word' id='word_1_629' title='bbox 1483 4785 1616 4821; x_wconf 81' lang='lat' dir='ltr'>mox</span> <span class='ocrx_word' id='word_1_630' title='bbox 1660 4768 1758 4821; x_wconf 89' lang='lat' dir='ltr'>ubi</span> <span class='ocrx_word' id='word_1_631' title='bbox 1808 4767 2086 4826; x_wconf 89' lang='lat' dir='ltr'>latrantes</span> 
     </span>
    </p>
   </div>
   <div class='ocr_carea' id='block_1_98' title="bbox 440 4858 2084 4928">
    <p class='ocr_par' dir='ltr' id='par_1_98' title="bbox 440 4858 2084 4928">
     <span class='ocr_line' id='line_1_98' title="bbox 440 4858 2084 4928; baseline -0.001 -13"><span class='ocrx_word' id='word_1_632' title='bbox 440 4876 612 4915; x_wconf 91' lang='lat' dir='ltr'>canes</span> <span class='ocrx_word' id='word_1_633' title='bbox 644 4858 952 4924; x_wconf 91' lang='lat' dir='ltr'>audierint,</span> <span class='ocrx_word' id='word_1_634' title='bbox 989 4858 1246 4913; x_wconf 91' lang='lat' dir='ltr'>latebras</span> <span class='ocrx_word' id='word_1_635' title='bbox 1277 4862 1601 4928; x_wconf 71' lang='lat' dir='ltr'>quaerentes</span> <span class='ocrx_word' id='word_1_636' title='bbox 1624 4858 2084 4927; x_wconf 70' lang='lat' dir='ltr'>abscondantur,</span> 
     </span>
    </p>
   </div>
   <div class='ocr_carea' id='block_1_99' title="bbox 440 4945 2088 5019">
    <p class='ocr_par' dir='ltr' id='par_1_99' title="bbox 440 4945 2088 5019">
     <span class='ocr_line' id='line_1_99' title="bbox 440 4945 2088 5019; baseline 0 -17"><span class='ocrx_word' id='word_1_637' title='bbox 440 4949 546 5003; x_wconf 90' lang='lat' dir='ltr'>lvit</span> <span class='ocrx_word' id='word_1_638' title='bbox 576 4948 754 5019; x_wconf 91' lang='lat' dir='ltr'>igitur</span> <span class='ocrx_word' id='word_1_639' title='bbox 787 4953 919 5019; x_wconf 92' lang='lat' dir='ltr'>post</span> <span class='ocrx_word' id='word_1_640' title='bbox 948 4948 1190 5013; x_wconf 83' lang='lat' dir='ltr'>Turcos,</span> <span class='ocrx_word' id='word_1_641' title='bbox 1227 4963 1440 5017; x_wconf 91' lang='lat' dir='ltr'>eosque</span> <span class='ocrx_word' id='word_1_642' title='bbox 1493 4945 1814 5013; x_wconf 81' lang='lat' dir='ltr'>inveniens,</span> <span class='ocrx_word' id='word_1_643' title='bbox 1848 4965 1981 5002; x_wconf 90' lang='lat' dir='ltr'>cum</span> <span class='ocrx_word' id='word_1_644' title='bbox 2004 4948 2088 5003; x_wconf 89' lang='lat' dir='ltr'>eis</span> 
     </span>
    </p>
   </div>
   <div class='ocr_carea' id='block_1_100' title="bbox 440 5033 2086 5108">
    <p class='ocr_par' dir='ltr' id='par_1_100' title="bbox 440 5033 2086 5108">
     <span class='ocr_line' id='line_1_100' title="bbox 440 5033 2086 5108; baseline 0 -18"><span class='ocrx_word' id='word_1_645' title='bbox 440 5036 729 5108; x_wconf 58' lang='lat' dir='ltr'>praelium,</span> <span class='ocrx_word' id='word_1_646' title='bbox 757 5036 912 5106; x_wconf 91' lang='lat' dir='ltr'>quod</span> <span class='ocrx_word' id='word_1_647' title='bbox 945 5035 1172 5089; x_wconf 74' lang='lat' dir='ltr'>utinam</span> <span class='ocrx_word' id='word_1_648' title='bbox 1206 5051 1508 5105; x_wconf 90' lang='lat' dir='ltr'>nunquam</span> <span class='ocrx_word' id='word_1_649' title='bbox 1543 5033 1788 5100; x_wconf 90' lang='lat' dir='ltr'>iniisset,</span> <span class='ocrx_word' id='word_1_650' title='bbox 1826 5053 1958 5090; x_wconf 77' lang='lat' dir='ltr'>mox</span> <span class='ocrx_word' id='word_1_651' title='bbox 1991 5037 2086 5090; x_wconf 91' lang='lat' dir='ltr'>in-</span> 
     </span>
    </p>
   </div>
   <div class='ocr_carea' id='block_1_101' title="bbox 440 5123 2087 5195">
    <p class='ocr_par' dir='ltr' id='par_1_101' title="bbox 440 5123 2087 5195">
     <span class='ocr_line' id='line_1_101' title="bbox 440 5123 2087 5195; baseline 0 -15"><span class='ocrx_word' id='word_1_652' title='bbox 440 5125 686 5180; x_wconf 87' lang='lat' dir='ltr'>choavit.</span> <span class='ocrx_word' id='word_1_653' title='bbox 723 5125 984 5195; x_wconf 91' lang='lat' dir='ltr'>Cumque</span> <span class='ocrx_word' id='word_1_654' title='bbox 1015 5123 1071 5177; x_wconf 92' lang='lat' dir='ltr'>hi</span> <span class='ocrx_word' id='word_1_655' title='bbox 1105 5128 1161 5178; x_wconf 89' lang='lat' dir='ltr'>et</span> <span class='ocrx_word' id='word_1_656' title='bbox 1193 5123 1276 5177; x_wconf 93' lang='lat' dir='ltr'>illi</span> <span class='ocrx_word' id='word_1_657' title='bbox 1310 5123 1486 5177; x_wconf 74' lang='lat' dir='ltr'>:iUIUI</span> <span class='ocrx_word' id='word_1_658' title='bbox 1521 5123 2087 5194; x_wconf 70' lang='lat' dir='ltr'>prmliarentur,Boa-</span> 
     </span>
    </p>
   </div>
   <div class='ocr_carea' id='block_1_102' title="bbox 442 5211 2087 5286">
    <p class='ocr_par' dir='ltr' id='par_1_102' title="bbox 442 5211 2087 5286">
     <span class='ocr_line' id='line_1_102' title="bbox 442 5211 2087 5286; baseline 0.001 -17"><span class='ocrx_word' id='word_1_659' title='bbox 442 5213 701 5269; x_wconf 90' lang='lat' dir='ltr'>mundus</span> <span class='ocrx_word' id='word_1_660' title='bbox 733 5211 1275 5284; x_wconf 88' lang='lat' dir='ltr'>retinetur,ligatur,</span> <span class='ocrx_word' id='word_1_661' title='bbox 1303 5211 1775 5267; x_wconf 89' lang='lat' dir='ltr'>Mahummicolis</span> <span class='ocrx_word' id='word_1_662' title='bbox 1807 5230 2087 5286; x_wconf 88' lang='lat' dir='ltr'>magnum</span> 
     </span>
    </p>
   </div>
   <div class='ocr_carea' id='block_1_103' title="bbox 442 5299 2086 5376">
    <p class='ocr_par' dir='ltr' id='par_1_103' title="bbox 442 5299 2086 5376">
     <span class='ocr_line' id='line_1_103' title="bbox 442 5299 2086 5376; baseline -0.001 -19"><span class='ocrx_word' id='word_1_663' title='bbox 442 5301 743 5376; x_wconf 90' lang='lat' dir='ltr'>gaudium,</span> <span class='ocrx_word' id='word_1_664' title='bbox 777 5319 856 5355; x_wconf 72' lang='lat' dir='ltr'>vre</span> <span class='ocrx_word' id='word_1_665' title='bbox 909 5300 1242 5356; x_wconf 88' lang='lat' dir='ltr'>miserabile</span> <span class='ocrx_word' id='word_1_666' title='bbox 1283 5299 1633 5356; x_wconf 90' lang='lat' dir='ltr'>Christianis</span> <span class='ocrx_word' id='word_1_667' title='bbox 1667 5301 1944 5357; x_wconf 86' lang='lat' dir='ltr'>facturus.</span> <span class='ocrx_word' id='word_1_668' title='bbox 1979 5303 2086 5368; x_wconf 88' lang='lat' dir='ltr'>Qui</span> 
     </span>
    </p>
   </div>
   <div class='ocr_carea' id='block_1_104' title="bbox 441 5387 2087 5462">
    <p class='ocr_par' dir='ltr' id='par_1_104' title="bbox 441 5387 2087 5462">
     <span class='ocr_line' id='line_1_104' title="bbox 441 5387 2087 5462; baseline 0 -16"><span class='ocrx_word' id='word_1_669' title='bbox 441 5391 651 5446; x_wconf 85' lang='lat' dir='ltr'>deinde</span> <span class='ocrx_word' id='word_1_670' title='bbox 682 5390 739 5444; x_wconf 90' lang='lat' dir='ltr'>in</span> <span class='ocrx_word' id='word_1_671' title='bbox 774 5389 1119 5444; x_wconf 86' lang='lat' dir='ltr'>Romaniam</span> <span class='ocrx_word' id='word_1_672' title='bbox 1152 5391 1222 5444; x_wconf 91' lang='lat' dir='ltr'>ad</span> <span class='ocrx_word' id='word_1_673' title='bbox 1274 5387 1577 5444; x_wconf 87' lang='lat' dir='ltr'>Anismam</span> <span class='ocrx_word' id='word_1_674' title='bbox 1611 5407 1806 5462; x_wconf 91' lang='lat' dir='ltr'>regem</span> <span class='ocrx_word' id='word_1_675' title='bbox 1839 5391 2087 5447; x_wconf 89' lang='lat' dir='ltr'>vinculis</span> 
     </span>
    </p>
   </div>
   <div class='ocr_carea' id='block_1_105' title="bbox 443 5478 2088 5551">
    <p class='ocr_par' dir='ltr' id='par_1_105' title="bbox 443 5478 2088 5551">
     <span class='ocr_line' id='line_1_105' title="bbox 443 5478 2088 5551; baseline 0.001 -17"><span class='ocrx_word' id='word_1_676' title='bbox 443 5478 869 5551; x_wconf 87' lang='lat' dir='ltr'>mancipandus</span> <span class='ocrx_word' id='word_1_677' title='bbox 901 5478 1272 5550; x_wconf 90' lang='lat' dir='ltr'>perducitur:</span> <span class='ocrx_word' id='word_1_678' title='bbox 1307 5479 1379 5533; x_wconf 87' lang='lat' dir='ltr'>de</span> <span class='ocrx_word' id='word_1_679' title='bbox 1419 5479 1590 5548; x_wconf 88' lang='lat' dir='ltr'>cujus</span> <span class='ocrx_word' id='word_1_680' title='bbox 1643 5482 1774 5550; x_wconf 90' lang='lat' dir='ltr'>post</span> <span class='ocrx_word' id='word_1_681' title='bbox 1823 5479 2088 5551; x_wconf 90' lang='lat' dir='ltr'>captione</span> 
     </span>
    </p>
   </div>
   <div class='ocr_carea' id='block_1_106' title="bbox 440 5566 2088 5633">
    <p class='ocr_par' dir='ltr' id='par_1_106' title="bbox 440 5566 2088 5633">
     <span class='ocr_line' id='line_1_106' title="bbox 440 5566 2088 5633; baseline 0.002 -9"><span class='ocrx_word' id='word_1_682' title='bbox 440 5567 747 5624; x_wconf 81' lang='lat' dir='ltr'>Antiochia</span> <span class='ocrx_word' id='word_1_683' title='bbox 777 5566 991 5623; x_wconf 88' lang='lat' dir='ltr'>misera</span> <span class='ocrx_word' id='word_1_684' title='bbox 1039 5567 1191 5623; x_wconf 82' lang='lat' dir='ltr'>facta</span> <span class='ocrx_word' id='word_1_685' title='bbox 1238 5567 1322 5623; x_wconf 90' lang='lat' dir='ltr'>ita</span> <span class='ocrx_word' id='word_1_686' title='bbox 1368 5567 1662 5633; x_wconf 86' lang='lat' dir='ltr'>manebat,</span> <span class='ocrx_word' id='word_1_687' title='bbox 1690 5572 1754 5622; x_wconf 91' lang='lat' dir='ltr'>ut</span> <span class='ocrx_word' id='word_1_688' title='bbox 1786 5585 1899 5624; x_wconf 89' lang='lat' dir='ltr'>non</span> <span class='ocrx_word' id='word_1_689' title='bbox 1933 5574 2088 5628; x_wconf 86' lang='lat' dir='ltr'>esset</span> 
     </span>
    </p>
   </div>
   <div class='ocr_carea' id='block_1_107' title="bbox 443 5655 1728 5740">
    <p class='ocr_par' dir='ltr' id='par_1_107' title="bbox 443 5655 1728 5740">
     <span class='ocr_line' id='line_1_107' title="bbox 443 5655 1728 5740; baseline 0.002 -26"><span class='ocrx_word' id='word_1_690' title='bbox 443 5657 543 5737; x_wconf 87' lang='lat' dir='ltr'>qui</span> <span class='ocrx_word' id='word_1_691' title='bbox 572 5657 872 5738; x_wconf 78' lang='lat' dir='ltr'>adjuvaret</span> <span class='ocrx_word' id='word_1_692' title='bbox 901 5673 1051 5740; x_wconf 68' lang='lat' dir='ltr'>eam,</span> <span class='ocrx_word' id='word_1_693' title='bbox 1087 5672 1277 5740; x_wconf 81' lang='lat' dir='ltr'>neque</span> <span class='ocrx_word' id='word_1_694' title='bbox 1309 5655 1728 5718; x_wconf 85' lang='lat' dir='ltr'>consolaretur.</span> 
     </span>
    </p>
   </div>
   <div class='ocr_carea' id='block_1_108' title="bbox 2195 4678 3852 4752">
    <p class='ocr_par' dir='ltr' id='par_1_108' title="bbox 2195 4678 3852 4752">
     <span class='ocr_line' id='line_1_108' title="bbox 2195 4678 3852 4752; baseline -0.003 -13"><span class='ocrx_word' id='word_1_695' title='bbox 2195 4685 2297 4739; x_wconf 87' lang='lat' dir='ltr'>His</span> <span class='ocrx_word' id='word_1_696' title='bbox 2329 4683 2615 4738; x_wconf 86' lang='lat' dir='ltr'>exercitus</span> <span class='ocrx_word' id='word_1_697' title='bbox 2647 4680 2806 4736; x_wconf 89' lang='lat' dir='ltr'>curis</span> <span class='ocrx_word' id='word_1_698' title='bbox 2833 4680 3021 4752; x_wconf 91' lang='lat' dir='ltr'>primo</span> <span class='ocrx_word' id='word_1_699' title='bbox 3047 4678 3397 4736; x_wconf 88' lang='lat' dir='ltr'>Balduinum</span> <span class='ocrx_word' id='word_1_700' title='bbox 3431 4696 3464 4734; x_wconf 91' lang='lat' dir='ltr'><strong>a</strong></span> <span class='ocrx_word' id='word_1_701' title='bbox 3495 4696 3556 4734; x_wconf 92' lang='lat' dir='ltr'>se</span> <span class='ocrx_word' id='word_1_702' title='bbox 3573 4680 3852 4734; x_wconf 80' lang='lat' dir='ltr'>extermi-</span> 
     </span>
    </p>
   </div>
   <div class='ocr_carea' id='block_1_109' title="bbox 2197 4767 3850 4844">
    <p class='ocr_par' dir='ltr' id='par_1_109' title="bbox 2197 4767 3850 4844">
     <span class='ocr_line' id='line_1_109' title="bbox 2197 4767 3850 4844; baseline -0.002 -17"><span class='ocrx_word' id='word_1_703' title='bbox 2197 4777 2316 4836; x_wconf 90' lang='lat' dir='ltr'>nat,</span> <span class='ocrx_word' id='word_1_704' title='bbox 2351 4772 2450 4844; x_wconf 91' lang='lat' dir='ltr'>qui</span> <span class='ocrx_word' id='word_1_705' title='bbox 2488 4772 2639 4825; x_wconf 91' lang='lat' dir='ltr'>inter</span> <span class='ocrx_word' id='word_1_706' title='bbox 2657 4768 3042 4825; x_wconf 84' lang='lat' dir='ltr'>Antiochenos</span> <span class='ocrx_word' id='word_1_707' title='bbox 3064 4767 3602 4841; x_wconf 87' lang='lat' dir='ltr'>potentior,jugum</span> <span class='ocrx_word' id='word_1_708' title='bbox 3627 4783 3850 4833; x_wconf 89' lang='lat' dir='ltr'>novum</span> 
     </span>
    </p>
   </div>
   <div class='ocr_carea' id='block_1_110' title="bbox 2197 4854 3851 4930">
    <p class='ocr_par' dir='ltr' id='par_1_110' title="bbox 2197 4854 3851 4930">
     <span class='ocr_line' id='line_1_110' title="bbox 2197 4854 3851 4930; baseline -0.002 -17"><span class='ocrx_word' id='word_1_709' title='bbox 2197 4856 2700 4930; x_wconf 86' lang='lat' dir='ltr'>indignabatur.ls</span> <span class='ocrx_word' id='word_1_710' title='bbox 2725 4855 2835 4910; x_wconf 89' lang='lat' dir='ltr'>sub</span> <span class='ocrx_word' id='word_1_711' title='bbox 2850 4857 3188 4911; x_wconf 91' lang='lat' dir='ltr'>Boamundo</span> <span class='ocrx_word' id='word_1_712' title='bbox 3205 4854 3424 4911; x_wconf 73' lang='lat' dir='ltr'>militiaa</span> <span class='ocrx_word' id='word_1_713' title='bbox 3449 4854 3851 4927; x_wconf 80' lang='lat' dir='ltr'>principatum</span> 
     </span>
    </p>
   </div>
   <div class='ocr_carea' id='block_1_111' title="bbox 2199 4943 3850 5020">
    <p class='ocr_par' dir='ltr' id='par_1_111' title="bbox 2199 4943 3850 5020">
     <span class='ocr_line' id='line_1_111' title="bbox 2199 4943 3850 5020; baseline -0.002 -18"><span class='ocrx_word' id='word_1_714' title='bbox 2199 4947 2570 5003; x_wconf 90' lang='lat' dir='ltr'>obtinuerat:</span> <span class='ocrx_word' id='word_1_715' title='bbox 2607 4949 2706 5002; x_wconf 91' lang='lat' dir='ltr'>sed</span> <span class='ocrx_word' id='word_1_716' title='bbox 2749 4949 2876 5020; x_wconf 90' lang='lat' dir='ltr'>jam</span> <span class='ocrx_word' id='word_1_717' title='bbox 2935 4949 3235 5001; x_wconf 86' lang='lat' dir='ltr'>erexerant</span> <span class='ocrx_word' id='word_1_718' title='bbox 3276 4945 3406 5016; x_wconf 78' lang='lat' dir='ltr'>eius</span> <span class='ocrx_word' id='word_1_719' title='bbox 3455 4943 3681 4999; x_wconf 87' lang='lat' dir='ltr'>animos</span> <span class='ocrx_word' id='word_1_720' title='bbox 3714 4961 3850 5016; x_wconf 87' lang='lat' dir='ltr'>par-</span> 
     </span>
    </p>
   </div>
   <div class='ocr_carea' id='block_1_112' title="bbox 2199 5031 3856 5107">
    <p class='ocr_par' dir='ltr' id='par_1_112' title="bbox 2199 5031 3856 5107">
     <span class='ocr_line' id='line_1_112' title="bbox 2199 5031 3856 5107; baseline -0.002 -16"><span class='ocrx_word' id='word_1_721' title='bbox 2199 5037 2326 5102; x_wconf 87' lang='lat' dir='ltr'>tim,</span> <span class='ocrx_word' id='word_1_722' title='bbox 2357 5041 2420 5091; x_wconf 91' lang='lat' dir='ltr'>ut</span> <span class='ocrx_word' id='word_1_723' title='bbox 2451 5036 2573 5091; x_wconf 80' lang='lat' dir='ltr'>fieri</span> <span class='ocrx_word' id='word_1_724' title='bbox 2623 5036 2791 5104; x_wconf 88' lang='lat' dir='ltr'>solet,</span> <span class='ocrx_word' id='word_1_725' title='bbox 2826 5035 3095 5107; x_wconf 87' lang='lat' dir='ltr'>princeps</span> <span class='ocrx_word' id='word_1_726' title='bbox 3146 5050 3354 5098; x_wconf 89' lang='lat' dir='ltr'>novus,</span> <span class='ocrx_word' id='word_1_727' title='bbox 3386 5031 3596 5105; x_wconf 87' lang='lat' dir='ltr'>partim</span> <span class='ocrx_word' id='word_1_728' title='bbox 3629 5032 3856 5088; x_wconf 85' lang='lat' dir='ltr'>tradita</span> 
     </span>
    </p>
   </div>
   <div class='ocr_carea' id='block_1_113' title="bbox 2198 5121 3850 5197">
    <p class='ocr_par' dir='ltr' id='par_1_113' title="bbox 2198 5121 3850 5197">
     <span class='ocr_line' id='line_1_113' title="bbox 2198 5121 3850 5197; baseline -0.002 -17"><span class='ocrx_word' id='word_1_729' title='bbox 2198 5125 2307 5181; x_wconf 89' lang='lat' dir='ltr'>sibi</span> <span class='ocrx_word' id='word_1_730' title='bbox 2341 5127 2412 5180; x_wconf 92' lang='lat' dir='ltr'>ad</span> <span class='ocrx_word' id='word_1_731' title='bbox 2466 5125 2784 5197; x_wconf 91' lang='lat' dir='ltr'>regendum</span> <span class='ocrx_word' id='word_1_732' title='bbox 2839 5124 3075 5180; x_wconf 88' lang='lat' dir='ltr'>Edessa.</span> <span class='ocrx_word' id='word_1_733' title='bbox 3117 5125 3239 5189; x_wconf 89' lang='lat' dir='ltr'>Quo</span> <span class='ocrx_word' id='word_1_734' title='bbox 3297 5121 3542 5194; x_wconf 84' lang='lat' dir='ltr'>expleto,</span> <span class='ocrx_word' id='word_1_735' title='bbox 3604 5138 3740 5176; x_wconf 85' lang='lat' dir='ltr'>mox</span> <span class='ocrx_word' id='word_1_736' title='bbox 3774 5122 3850 5177; x_wconf 88' lang='lat' dir='ltr'>ad</span> 
     </span>
    </p>
   </div>
   <div class='ocr_carea' id='block_1_114' title="bbox 2198 5209 3851 5286">
    <p class='ocr_par' dir='ltr' id='par_1_114' title="bbox 2198 5209 3851 5286">
     <span class='ocr_line' id='line_1_114' title="bbox 2198 5209 3851 5286; baseline -0.002 -17"><span class='ocrx_word' id='word_1_737' title='bbox 2198 5213 2568 5286; x_wconf 90' lang='lat' dir='ltr'>ampliandos</span> <span class='ocrx_word' id='word_1_738' title='bbox 2601 5214 2746 5269; x_wconf 80' lang='lat' dir='ltr'>ﬁnes</span> <span class='ocrx_word' id='word_1_739' title='bbox 2777 5213 3042 5268; x_wconf 89' lang='lat' dir='ltr'>animum</span> <span class='ocrx_word' id='word_1_740' title='bbox 3066 5212 3401 5267; x_wconf 87' lang='lat' dir='ltr'>Tancredus</span> <span class='ocrx_word' id='word_1_741' title='bbox 3421 5209 3851 5282; x_wconf 86' lang='lat' dir='ltr'>intendit.quos</span> 
     </span>
    </p>
   </div>
   <div class='ocr_carea' id='block_1_115' title="bbox 2197 5299 3853 5374">
    <p class='ocr_par' dir='ltr' id='par_1_115' title="bbox 2197 5299 3853 5374">
     <span class='ocr_line' id='line_1_115' title="bbox 2197 5299 3853 5374; baseline -0.001 -16"><span class='ocrx_word' id='word_1_742' title='bbox 2197 5302 2370 5374; x_wconf 89' lang='lat' dir='ltr'>paulo</span> <span class='ocrx_word' id='word_1_743' title='bbox 2403 5308 2557 5367; x_wconf 88' lang='lat' dir='ltr'>ante,</span> <span class='ocrx_word' id='word_1_744' title='bbox 2604 5301 2944 5357; x_wconf 89' lang='lat' dir='ltr'>Boamundo</span> <span class='ocrx_word' id='word_1_745' title='bbox 2992 5305 3289 5373; x_wconf 90' lang='lat' dir='ltr'>regnante,</span> <span class='ocrx_word' id='word_1_746' title='bbox 3320 5299 3499 5356; x_wconf 69' lang='lat' dir='ltr'>Graeci</span> <span class='ocrx_word' id='word_1_747' title='bbox 3546 5303 3853 5356; x_wconf 83' lang='lat' dir='ltr'>contraxe-</span> 
     </span>
    </p>
   </div>
   <div class='ocr_carea' id='block_1_116' title="bbox 2197 5387 3850 5463">
    <p class='ocr_par' dir='ltr' id='par_1_116' title="bbox 2197 5387 3850 5463">
     <span class='ocr_line' id='line_1_116' title="bbox 2197 5387 3850 5463; baseline -0.002 -17"><span class='ocrx_word' id='word_1_748' title='bbox 2197 5397 2348 5446; x_wconf 88' lang='lat' dir='ltr'>rant.</span> <span class='ocrx_word' id='word_1_749' title='bbox 2385 5390 2566 5463; x_wconf 88' lang='lat' dir='ltr'>lgitur</span> <span class='ocrx_word' id='word_1_750' title='bbox 2596 5391 2968 5462; x_wconf 83' lang='lat' dir='ltr'>Mamystam,</span> <span class='ocrx_word' id='word_1_751' title='bbox 3001 5390 3281 5457; x_wconf 81' lang='lat' dir='ltr'>Adanam,</span> <span class='ocrx_word' id='word_1_752' title='bbox 3315 5388 3630 5455; x_wconf 86' lang='lat' dir='ltr'>Tharsum,</span> <span class='ocrx_word' id='word_1_753' title='bbox 3661 5387 3850 5461; x_wconf 81' lang='lat' dir='ltr'>brevi,</span> 
     </span>
    </p>
   </div>
   <div class='ocr_carea' id='block_1_117' title="bbox 2197 5475 3854 5550">
    <p class='ocr_par' dir='ltr' id='par_1_117' title="bbox 2197 5475 3854 5550">
     <span class='ocr_line' id='line_1_117' title="bbox 2197 5475 3854 5550; baseline -0.002 -15"><span class='ocrx_word' id='word_1_754' title='bbox 2197 5481 2298 5536; x_wconf 89' lang='lat' dir='ltr'>sed</span> <span class='ocrx_word' id='word_1_755' title='bbox 2333 5480 2449 5535; x_wconf 91' lang='lat' dir='ltr'>acri</span> <span class='ocrx_word' id='word_1_756' title='bbox 2501 5478 2801 5534; x_wconf 90' lang='lat' dir='ltr'>molimine</span> <span class='ocrx_word' id='word_1_757' title='bbox 2848 5477 3119 5545; x_wconf 89' lang='lat' dir='ltr'>debellat,</span> <span class='ocrx_word' id='word_1_758' title='bbox 3171 5478 3546 5550; x_wconf 87' lang='lat' dir='ltr'>secundoque</span> <span class='ocrx_word' id='word_1_759' title='bbox 3593 5475 3721 5532; x_wconf 89' lang='lat' dir='ltr'>suis</span> <span class='ocrx_word' id='word_1_760' title='bbox 3764 5475 3854 5532; x_wconf 79' lang='lat' dir='ltr'>le-</span> 
     </span>
    </p>
   </div>
   <div class='ocr_carea' id='block_1_118' title="bbox 2196 5563 3853 5647">
    <p class='ocr_par' dir='ltr' id='par_1_118' title="bbox 2196 5563 3853 5647">
     <span class='ocr_line' id='line_1_118' title="bbox 2196 5563 3853 5647; baseline 0.001 -23"><span class='ocrx_word' id='word_1_761' title='bbox 2196 5569 2368 5647; x_wconf 83' lang='lat' dir='ltr'>gibus</span> <span class='ocrx_word' id='word_1_762' title='bbox 2399 5568 2660 5644; x_wconf 83' lang='lat' dir='ltr'>subjicit,</span> <span class='ocrx_word' id='word_1_763' title='bbox 2691 5566 3138 5647; x_wconf 69' lang='lat' dir='ltr'>praedecessoris</span> <span class='ocrx_word' id='word_1_764' title='bbox 3161 5566 3400 5636; x_wconf 73' lang='lat' dir='ltr'>incuriae</span> <span class='ocrx_word' id='word_1_765' title='bbox 3424 5564 3702 5645; x_wconf 87' lang='lat' dir='ltr'>primitus</span> <span class='ocrx_word' id='word_1_766' title='bbox 3724 5563 3853 5627; x_wconf 87' lang='lat' dir='ltr'>ela-</span> 
     </span>
    </p>
   </div>
   <div class='ocr_carea' id='block_1_119' title="bbox 2195 5676 2354 5742">
    <p class='ocr_par' dir='ltr' id='par_1_119' title="bbox 2195 5676 2354 5742">
     <span class='ocr_line' id='line_1_119' title="bbox 2195 5676 2354 5742; baseline 0.038 -24"><span class='ocrx_word' id='word_1_767' title='bbox 2195 5676 2354 5742; x_wconf 87' lang='lat' dir='ltr'>psas.</span> 
     </span>
    </p>
   </div>
  </div>
