3996 6096
188 279 301 346 581

523 412 750 470 CXLIV.
783 443 854 454 ——
885 411 1196 469 Laodiciam
1222 422 1518 486 expugnat.

261 503 406 560 Inde
438 507 731 559 revertens
763 502 1096 558 Laodiciam
1139 503 1278 558 totis
1323 502 1546 560 viribus
1576 504 1840 576 aggredi-

187 599 289 650 tur
321 611 335 647 :
373 593 474 648 sed
507 595 726 647 natura;
753 591 1024 664 praesidio
1056 591 1307 658 munita,
1341 591 1461 647 viro
1493 592 1842 660 obstitit,cui

187 699 298 739 nec
329 683 570 746 ferrum,
607 697 712 737 nec
745 679 963 752 calybs,
997 697 1103 735 nec
1147 697 1423 748 marmor,
1468 697 1572 736 nec
1602 698 1844 753 prorsus

187 771 500 828 hominum
549 769 714 825 labor
761 773 972 825 norant
999 769 1301 838 obsistere,
1347 771 1496 826 Urbs
1552 787 1638 835 ea,
1693 771 1845 826 sicut

188 859 365 916 hodie
395 877 465 916 ex
494 858 682 915 ruinis
710 858 902 932 ipsius
953 859 1382 932 deprehendere
1413 864 1520 928 est,
1546 861 1844 932 quondam

187 948 430 1016 nobilis,
481 947 778 1014 ecclesias,
813 947 1118 1021 populum.
1167 964 1326 1021 opes,
1359 952 1570 1014 turres,
1605 947 1841 1021 palatia,

188 1039 507 1105 theatra,et
535 1037 877 1108 hujusmodi
929 1053 1054 1108 qua:
1103 1036 1321 1092 habent
1360 1037 1668 1108 alize,inter
1698 1037 1845 1094 alias

190 1132 410 1183 cuncta
438 1125 644 1181 habuit
674 1125 969 1198 praeclara.
1003 1125 1236 1199 Excipio
1268 1126 1659 1193 Antiochiam,
1685 1126 1847 1182 nulla

192 1233 300 1288 per
328 1215 641 1270 circuitum
672 1215 813 1270 urbs
834 1219 999 1270 tanta
1022 1213 1226 1287 prisca:
1246 1215 1569 1270 nobilitatis
1593 1219 1848 1271 reservat

189 1303 470 1376 insignia.
505 1301 925 1359 Columnarum
973 1304 1113 1359 ordo
1158 1303 1483 1377 multiplex,
1530 1322 1690 1377 aqua:
1745 1322 1848 1376 per

190 1395 449 1466 abrupta
476 1391 972 1460 ductus,turrium
1005 1393 1073 1448 ad
1109 1398 1267 1448 astra
1301 1393 1590 1461 educatio,
1623 1393 1847 1466 effigies

187 1501 297 1556 per
326 1481 584 1554 compita
613 1481 1194 1549 excubantes,omnia
1223 1481 1498 1554 pretiosa,
1517 1499 1612 1537 ars
1643 1487 1700 1536 et
1730 1499 1848 1537 ma-

188 1572 343 1628 teria
371 1572 443 1626 de
474 1571 762 1644 praeterita
793 1569 1084 1643 presenti,
1119 1571 1190 1626 de
1233 1570 1460 1644 integra
1511 1571 1740 1636 dirutae,
1776 1571 1847 1626 de

191 1661 482 1736 populosa
527 1661 770 1716 desertae
817 1659 1220 1715 testimonium
1272 1659 1598 1732 perhibent,
1650 1664 1848 1732 utpote

190 1755 329 1825 post
360 1755 445 1805 tot
492 1747 668 1814 soles,
699 1753 830 1821 post
859 1753 946 1803 tot
969 1748 1303 1822 grandines,
1329 1765 1476 1820 opus
1494 1749 1684 1804 adhuc
1712 1749 1846 1804 insi—
1877 1789 1923 1852 Β

193 1857 330 1912 gne.
364 1839 553 1911 Hujus
602 1837 1026 1912 longitudinem
1075 1839 1397 1892 terminant
1426 1839 1497 1893 ad
1529 1843 1720 1893 ortum
1753 1842 1846 1893 tu-

195 1928 421 1996 mulus,
453 1929 525 1984 ad
573 1943 847 1983 occasum
879 1944 1040 1982 mare
1073 1943 1085 1980 :
1116 1925 1481 1982 latitudinem
1531 1926 1668 1983 hinc
1712 1927 1848 1983 inde

193 2016 511 2092 planities:
546 2033 651 2089 per
680 2015 992 2071 circuitum
1025 2019 1124 2071 aut
1159 2032 1363 2070 murus
1393 2020 1494 2071 aut
1525 2015 1693 2071 ruina
1727 2033 1739 2072 :
1766 2015 1849 2070 in-

195 2107 398 2164 ﬁnitas
429 2104 630 2178 populi
661 2103 743 2159 nil
768 2103 1308 2176 reformidans,ipsa
1329 2103 1550 2160 caeteris
1572 2104 1847 2176 gentibus

193 2195 449 2255 formido
483 2211 495 2249 :
531 2211 640 2252 suo
669 2199 931 2266 tempore
961 2193 1148 2249 multo
1178 2210 1386 2266 aggere
1429 2192 1647 2248 includi
1682 2211 1848 2266 spre-

191 2288 490 2358 vit,pauco
522 2282 848 2338 munimine
878 2286 1172 2338 contenta.
1202 2282 1312 2337 Sed
1344 2282 1512 2338 redeo
1544 2283 1614 2338 ad
1649 2287 1846 2338 tumu-

195 2375 343 2441 lum,
378 2373 532 2446 quod
571 2372 698 2443 jam
750 2369 940 2427 solum
991 2371 1272 2427 adversus
1320 2370 1518 2426 hostes
1548 2375 1851 2443 supererat

195 2462 524 2519 munimen.
560 2459 660 2516 Ille
704 2460 925 2515 arduus
973 2464 1147 2532 atque
1189 2459 1247 2514 in
1294 2459 1504 2516 vertice
1537 2461 1850 2532 spatiosior

194 2555 351 2610 cives
373 2553 690 2622 receperat,
715 2549 812 2621 qui
847 2548 1091 2604 dimissa
1117 2547 1376 2620 planitie,
1404 2548 1540 2605 illuc
1572 2551 1849 2622 confuge-

197 2647 330 2699 rant
361 2639 554 2695 bellici
588 2639 858 2694 fremitus
887 2642 1104 2693 terrore
1127 2637 1398 2711 perculsi.
1425 2637 1699 2693 Arduitas
1722 2639 1850 2710 ipsa

194 2731 286 2787 vel
339 2730 468 2786 sine
516 2745 685 2784 muro
729 2726 1029 2800 repelleret
1086 2728 1422 2782 obsessores
1457 2744 1468 2780 :
1505 2744 1621 2799 quo
1651 2731 1847 2783 tamen

198 2823 501 2886 coronata,
551 2815 768 2889 duplex
815 2817 994 2871 robur
1039 2815 1388 2872 adversariis
1438 2816 1658 2887 objicit,
1713 2817 1849 2873 hinc

197 2908 514 2974 artis,hinc
533 2905 886 2962 naturae.His
919 2905 1122 2961 conﬁsi
1155 2904 1427 2960 claustris
1475 2905 1654 2961 Graeci
1695 2907 1848 2961 Tan-

197 2999 441 3056 credum
459 2999 798 3068 exspectant
814 2995 1248 3050 adventantem:
1270 2999 1327 3050 at
1343 2995 1615 3068 princeps
1631 2995 1849 3050 bellum

195 3091 254 3145 et
283 3086 480 3142 sciens
509 3089 566 3140 et
608 3082 832 3150 sitiens,
853 3081 1075 3154 aliquot
1101 3081 1403 3154 praemittit
1429 3099 1716 3152 cursores,
1751 3083 1850 3156 qui

1539 233 1788 344 GESTA
1830 281 2252 344 'I‘ANCREDI.

1869 415 1924 481 Α
1954 414 2095 468 dum
2123 417 2320 485 portas
2349 413 2645 486 frangunt,
2663 412 2794 485 ipsa
2823 429 3057 486 quoque
3088 431 3244 470 nunc
3275 415 3598 487 dissiliunt,

3479 282 3597 348 589

1953 519 2110 558 nunc
2143 503 2513 576 franguntur.

1951 609 2162 665 CXLV.
2201 641 2264 650 -—
2298 611 2644 665 Raimundus
2674 627 2848 666 comes
2883 612 3144 683 Tripolim
3173 613 3406 680 obsidet;
3427 615 3599 668 auxi-

2024 683 2164 736 lium
2210 683 2278 736 ab
2326 684 2650 754 imperatore
2697 683 2968 754 deposcit,-
3025 692 3214 754 mptus
3259 685 3602 739 Antiochiam

2021 770 2145 807 cum
2173 754 2362 825 opibus
2387 754 2626 808 ducitur.

2024 859 2134 914 Sed
2167 859 2305 913 dum
2341 859 2422 914 sic
2453 864 2750 932 pugnatur
2780 877 2970 916 annus
3013 860 3241 926 transit,
3275 860 3333 916 in
3368 878 3480 934 quo
3511 866 3600 916 ta-

1954 964 2086 1002 men
2119 946 2432 1020 aliquando
2467 949 2836 1004 Raimundus
2867 965 3062 1004 comes
3086 949 3296 1005 Grazcis
3327 950 3600 1022 opitulari

1952 1035 2176 1103 volens,
2211 1035 2511 1109 repellitur
2545 1055 2556 1092 :
2593 1036 2907 1110 aliquando
2940 1037 3110 1093 Turci
3162 1037 3456 1110 principes
3507 1039 3601 1094 di-

1954 1129 2330 1198 sperguntur.
2364 1127 2660 1182 Postremo
2710 1126 2996 1181 laboranti
3049 1126 3406 1182 Hierusalem
3453 1133 3600 1183 stre-

1955 1214 2240 1270 nuissime
2289 1214 2648 1269 subvenitur.
2695 1215 2824 1270 Haec
2868 1233 3022 1270 unus
3075 1215 3272 1271 omnia
3318 1221 3596 1288 operatus

1954 1308 2063 1367 est,
2095 1303 2177 1358 sic
2211 1307 2404 1358 tamen
2437 1308 2499 1358 ut
2529 1303 2894 1359 obsidionem
2927 1322 3039 1359 non
3075 1304 3319 1360 solveret
3349 1307 3599 1361 Tancre-

1955 1392 2086 1460 dus,
2121 1391 2223 1446 illa
2255 1409 2488 1464 semper
2517 1392 2816 1448 incolumi.
2850 1397 2981 1465 Ipse
3022 1393 3248 1461 Persas,
3279 1393 3401 1466 ipse
3434 1395 3602 1467 {Egy-

1955 1482 2127 1553 ptios,
2163 1481 2286 1553 ipse
2319 1481 2759 1550 Provincialcm,
2793 1486 2858 1536 ut
2888 1481 3164 1550 diximus,
3197 1483 3468 1538 comitem
3503 1485 3602 1540 de-

1955 1568 2209 1626 bellavit.
2259 1571 2463 1626 Comes
2512 1570 2608 1625 ille
2666 1571 2825 1625 mirae
2877 1571 3132 1626 audaciae
3179 1572 3267 1626 vir
3322 1571 3602 1644 Tripolim

1955 1659 2374 1726 obsidebat,tot
2401 1659 2586 1714 millia
2616 1677 2770 1716 unus
2802 1659 3031 1715 circiter
3057 1661 3160 1714 400
3192 1661 3403 1732 partim
3439 1661 3600 1733 pedi-

1954 1751 2044 1803 tes
2074 1747 2285 1819 partim
2333 1748 2550 1803 milites
2598 1748 2823 1804 habens
2872 1748 3254 1804 Christianos.
3289 1751 3366 1806 Eo
3416 1751 3600 1807 fretus

1956 1836 2570 1904 numero,colliculum
2602 1837 2732 1892 urbi
2762 1837 3019 1893 vicinum
3053 1855 3220 1893 muro
3253 1842 3309 1894 et
3337 1840 3601 1895 turribus

1957 1925 2186 1981 munire
2217 1925 2410 1998 ccepit,
2445 1943 2617 1998 quem
2667 1927 2844 1982 etiam
2893 1930 3152 1982 montem
3201 1927 3600 2000 peregrinum,

1957 2015 2180 2070 urbana
2210 2015 2463 2086 quadam
2495 2015 2947 2088 comitate,quod
2979 2032 3290 2071 commune
3320 2021 3463 2084 erat,
3487 2017 3603 2073 sibi

1959 2103 2200 2158 minime
2229 2121 2522 2175 usurpans
2546 2103 3063 2176 nuncupavit.lllic
3095 2104 3600 2172 residens,urbem

1956 2193 2282 2263 proximam
2315 2192 2534 2248 crebris
2565 2191 2891 2248 assultibus
2920 2193 3374 2262 infestabat,nec
3404 2193 3600 2250 minus

1957 2281 2165 2336 urbani
2197 2297 2408 2338 novum
2444 2280 2587 2336 illud
2629 2280 3019 2352 municipium
3068 2298 3215 2354 pene
3265 2283 3599 2338 diruebant.

1959 2370 2242 2442 Perquam
2275 2372 2616 2426 rarissimus
2648 2371 2906 2443 fulgebat
2936 2371 3060 2428 dies
3089 2371 3187 2444 qui
3234 2377 3601 2445 sequestram

1958 2459 2258 2532 planitiem
2295 2460 2690 2533 utroque,sive
2719 2459 2998 2515 alterutro
3030 2461 3314 2534 sanguine
3335 2478 3605 2534 consper-

1959 2566 2082 2603 sam
2117 2566 2230 2602 non
2263 2549 2661 2604 videret.Adeo
2693 2548 3094 2604 multitudinis
3126 2549 3440 2621 opesalios,
3459 2550 3603 2608 alios

1958 2638 2221 2710 paucitas
2253 2638 2420 2710 inops
2452 2640 2522 2694 ad
2555 2638 2770 2694 bellum
2805 2638 3468 2712 stimulabatzquoniam
3501 2641 3602 2697 ubi

1958 2743 2126 2782 rarus
2159 2731 2247 2783 est
2276 2727 2540 2794 bellator,
2573 2727 2702 2799 ipsa
2732 2743 2839 2782 sua
2869 2726 3079 2782 raritas
3124 2727 3351 2784 animos
3401 2745 3603 2786 accen-

1958 2816 2062 2871 dit:
2086 2816 2184 2871 ubi
2215 2816 2774 2888 multus,dispendia
2805 2817 3029 2872 cruoris
3061 2816 3225 2872 facile
3256 2818 3601 2886 tolerantur,

1961 2906 2140 2976 fitque
2171 2905 2456 2976 voluptati
2486 2905 2692 2960 horror
2739 2904 3006 2961 bellicus.
3040 2905 3135 2960 Sic
3184 2905 3604 2962 recalcitrando

1959 3000 2238 3062 castrum,
2271 3000 2327 3050 et
2358 2995 2584 3061 civitas,
2619 2993 2930 3050 diminutio
2963 2993 3150 3066 popeli
3197 2994 3288 3050 sui
3323 2994 3603 3050 Raimun-

1965 3083 2104 3138 dum
2151 3087 2373 3139 terret:
2427 3084 2627 3138 eadem
2679 3083 2872 3154 ipsum
2922 3083 3297 3139 transfretare
3347 3087 3519 3154 atque
3571 3101 3606 3140 a

195 3181 301 3233 aut
329 3172 557 3230 elicitos
587 3171 838 3244 capiant,
875 3176 976 3228 aut
1019 3170 1254 3243 ejiciant
1301 3171 1634 3245 capiendos.
1668 3173 1848 3229 Graeci
1881 3158 1923 3224 C
1958 3176 2154 3228 Graeco
2203 3172 2553 3244 imperatore
2599 3170 2881 3227 auxilium
2932 3171 3244 3244 implorare
3287 3171 3601 3244 compellit.

192 3267 428 3332 vero,ut
456 3277 689 3334 semper
715 3260 1172 3334 vigilantissimi,
1209 3261 1488 3316 adversus
1534 3261 1655 3316 haec
1703 3279 1847 3334 prae-

194 3357 450 3410 cavent:
484 3354 776 3424 quatenus
833 3366 940 3405 nec
988 3349 1499 3422 deprehendantur
1545 3349 1693 3422 vagi,
1740 3367 1847 3406 nec

193 3447 403 3500 exeant
434 3440 747 3514 provocati.
782 3439 1092 3495 Dementiae
1122 3437 1425 3494 ascribunt
1459 3443 1657 3512 portas
1686 3455 1847 3511 egre-

194 3532 254 3588 di
281 3547 298 3587 :
332 3529 436 3603 qui
466 3545 600 3585 cum
634 3529 704 3582 de
731 3527 996 3582 turribus
1027 3526 1292 3583 exclusos
1313 3527 1847 3598 aspiciunt,inclusi

191 3618 572 3677 tremuntAb
603 3617 712 3672 hoc
741 3615 868 3687 ipso
891 3615 1161 3687 princeps
1183 3620 1595 3688 argumentum
1618 3616 1847 3672 timoris

192 3708 448 3780 accipit;
481 3709 559 3776 et,
593 3728 622 3754 ‹‹
655 3703 742 3760 Io!
775 3705 1037 3771 comites,
1073 3704 1356 3759 exclamat
1390 3721 1401 3758 :
1437 3704 1850 3776 aggrediamur

191 3796 342 3854 ovile
371 3795 484 3851 hoc
510 3812 524 3862 ;
553 3793 764 3849 videtis
795 3793 1282 3854 arduum.scitote
1311 3809 1580 3848 vacuum.
1605 3791 1846 3849 Plenum

192 3891 284 3942 est
312 3884 548 3959 Opibus,
572 3887 632 3938 at
661 3883 788 3938 sine
815 3882 1058 3938 viribus.
1084 3880 1254 3936 Nulla
1275 3885 1363 3937 est
1391 3899 1632 3954 prorsus
1663 3883 1846 3938 auda-

191 3975 283 4030 cia
313 3973 542 4039 militis,
575 3972 672 4044 qui
726 3988 839 4027 non
887 3970 1178 4026 erubescit
1209 3969 1427 4025 includi
1461 3970 1664 4042 portis.
1699 3971 1845 4026 Con-

191 4063 552 4120 scendamus
592 4077 882 4134 aggerem,
936 4075 1162 4128 murus,
1214 4057 1362 4126 dico,
1410 4063 1511 4114 aut
1541 4058 1845 4115 securibus

191 4153 382 4218 cedat,
401 4154 502 4206 aut
529 4148 724 4205 scalis.
760 4170 789 4197 »
817 4149 992 4204 Jubet
1025 4147 1313 4220 princeps,
1338 4146 1622 4203 accelerat
1653 4147 1844 4221 miles,

191 4239 453 4297 curritur
489 4237 562 4294 ad
603 4253 802 4293 muros
837 4253 850 4291 :
885 4236 1153 4304 malleus,
1186 4235 1323 4309 ligo,
1357 4235 1598 4304 securis,
1632 4240 1690 4292 et
1737 4237 1845 4292 hoc

189 4346 368 4387 omne
398 4345 585 4402 genus
615 4327 687 4382 ad
719 4329 916 4399 portas
948 4325 1145 4381 fremit
1177 4343 1189 4380 :
1223 4324 1334 4380 illze
1368 4325 1635 4398 quamvis
1655 4325 1845 4397 dupli-

189 4437 308 4487 ces,
338 4415 612 4491 quamvis
659 4416 874 4483 ferreae,
925 4432 1042 4471 non
1092 4415 1330 4470 ferunt:
1365 4418 1628 4470 tremunt
1675 4414 1844 4486 quasi

1960 3263 2088 3317 Fert
2118 3278 2312 3316 secum
2328 3260 2616 3332 apocryph
2626 3277 2717 3315 am
2733 3258 2893 3315 illam
2912 3259 3412 3332 cuspidem,cujus
3425 3278 3605 3333 supra

1957 3349 2174 3406 mentio
2208 3350 2746 3418 facta,inventorem
2762 3365 2934 3403 suum
2961 3366 3063 3421 per
3093 3350 3362 3404 flammas
3383 3355 3605 3422 tempo-

1958 3439 2107 3495 rales
2139 3441 2209 3495 ad
2243 3444 2488 3494 aeternas
2521 3437 2877 3506 transmisit;
2908 3439 3078 3507 hanc,
3111 3439 3375 3512 inquam,
3401 3457 3602 3496 secum

1957 3532 2216 3600 asportet
2245 3527 2441 3583 Alexio
2477 3544 2713 3582 munus.
2750 3527 3180 3583 Remuneratur
3209 3533 3265 3584 et
3290 3527 3414 3600 ipse
3445 3546 3602 3584 sum-

1957 3622 2419 3689 mopere,gratus
2450 3617 2687 3688 quidem
2719 3615 2875 3688 quod
2908 3615 3209 3688 sua,longe
3241 3622 3435 3674 autem
3467 3635 3604 3690 gra-

1959 3707 2068 3762 tior
2098 3706 2252 3779 quod
2284 3706 2544 3777 seipsum
2575 3704 3070 3760 obtuleritzeundo
3103 3723 3355 3778 namque
3370 3707 3602 3764 Jerusa-

1955 3795 2070 3851 lem
2101 3794 2380 3850 invitatus
2407 3793 2652 3849 nescivit
2682 3793 3228 3866 supplicare,redux
3258 3795 3553 3867 supplicat
3583 3812 3595 3851 :

1954 3885 2336 3956 inde,quanto
2369 3887 2502 3938 ante
2533 3881 2722 3938 fuerat
2753 3883 2979 3938 sordior
3009 3888 3444 3955 rogatus;tanto
3466 3887 3598 3956 post

1955 3975 2021 4028 fit
2077 3971 2420 4038 exauditior,
2481 3987 2714 4044 rogans.
2774 3971 3044 4026 Cumulat
3099 3972 3291 4043 gratia
3357 3989 3598 4028 concors

1954 4062 2153 4117 odium
2186 4059 2490 4116 Antiochia
2525 4065 2645 4115 tam
2677 4059 2833 4126 huic,
2868 4077 3043 4131 quam
3075 4059 3160 4114 illi
3191 4060 3448 4116 inimica.
3489 4061 3598 4117 Re-

1955 4149 2209 4205 mittitur
2235 4165 2370 4222 ergo
2405 4165 2538 4203 cum
2570 4147 2821 4221 magnis,
2857 4152 2922 4202 ut
2969 4147 3106 4215 dixi,
3143 4150 3486 4206 muneribus
3525 4151 3598 4205 ad

1953 4239 2406 4311 expugnandum
2438 4237 2663 4292 hostem
2680 4236 2984 4292 amborum
3003 4236 3600 4293 Marchisidam.Deli-

1953 4328 2159 4382 berant
2189 4326 2342 4382 intra
2371 4325 2659 4382 homines:
2667 4324 2897 4396 judicat
2923 4324 3026 4396 qui
3059 4325 3219 4380 sedet
3252 4343 3427 4398 super
3453 4326 3598 4383 Cbe-

1955 4415 2146 4471 rubim
2178 4415 2236 4470 in
2272 4414 2413 4470 cmlo
2446 4415 2618 4470 Deus.
2655 4413 2836 4469 Mittis
2880 4413 3042 4469 Alexi
3074 4414 3371 4469 Tancredo
3398 4430 3595 4487 gazas,

187 4507 496 4580 simplices
525 4521 590 4561 ac
619 4504 904 4560 viminea}.
935 4503 1153 4560 Videas
1182 4503 1382 4559 civitas
1416 4504 1655 4570 ferrum,
1687 4521 1844 4559 mar-
1874 4526 1921 4591 D
1955 4505 2095 4561 dum
2129 4503 2441 4560 Raimundi
2495 4503 2768 4570 biremes,
2801 4503 2970 4558 donis
3015 4502 3135 4558 tuis
3183 4503 3401 4558 refertae
3452 4520 3598 4574 pene

188 4613 358 4654 mora
383 4595 603 4652 credere
629 4593 882 4662 ictibus;
915 4593 1057 4666 quin
1089 4593 1276 4665 ipsam
1305 4592 1635 4648 strenuitati
1667 4597 1841 4648 natu-

187 4703 340 4754 ram,
393 4684 594 4740 diffisa
646 4682 940 4750 claustris,
987 4683 1060 4738 ad
1108 4699 1274 4738 arma
1319 4681 1582 4738 vertitur.
1631 4681 1842 4738 Molem

188 4788 434 4829 saxeam
464 4771 536 4827 de
564 4769 827 4826 turribus
856 4769 1026 4842 pluit,
1059 4767 1288 4825 nullum
1336 4769 1432 4824 teli
1467 4785 1652 4842 genus
1675 4771 1840 4842 jactu

184 4867 378 4926 vacat,
411 4876 583 4916 nemo
609 4859 764 4915 intra
793 4858 1007 4914 mcenia
1035 4858 1280 4915 otiosus.
1315 4858 1626 4930 Expulerat
1669 4876 1842 4930 pavo-

186 4967 314 5007 rem
345 4947 538 5005 hostis
585 4947 744 5004 necis
800 4964 1014 5020 pavor;
1048 4947 1308 5019 dumque
1365 4948 1603 5003 effectus
1663 4947 1846 5002 instat

184 5037 447 5112 propior,
481 5036 778 5093 efﬁcacius
824 5035 1128 5109 repellitur
1174 5052 1352 5092 causa
1381 5036 1662 5092 efficiens.
1699 5037 1842 5092 Prae-

182 5134 346 5185 terea
376 5126 763 5182 commoditas
792 5125 924 5198 ipsa
953 5125 1235 5199 populum
1257 5124 1462 5180 invitat
1487 5141 1498 5179 :
1534 5125 1748 5197 quippe
1769 5125 1840 5181 de

183 5218 452 5274 turribus
483 5233 623 5273 saxa
652 5215 955 5271 demittere
979 5231 1230 5287 pronum
1262 5217 1349 5270 est
1379 5212 1562 5269 cuivis
1591 5213 1742 5269 aetati
1775 5231 1840 5270 ac

185 5304 614 5378 sexui.Sagittae
645 5308 849 5361 contra
877 5303 950 5360 ad
981 5308 1174 5359 turres
1202 5302 1418 5371 volant,
1441 5301 1657 5374 quibus
1689 5320 1841 5377 saepe

183 5401 285 5454 aut
312 5396 594 5454 effoditur
621 5393 958 5460 oculus,aut
987 5392 1312 5466 perfoditur
1341 5409 1572 5449 manus.
1608 5391 1708 5447 His
1738 5394 1840 5450 de-

181 5486 445 5546 cernitur
474 5483 703 5541 vicibus
728 5501 742 5552 ;
774 5484 958 5540 donec
979 5480 1274 5560 exhausta:
1308 5484 1426 5536 tam
1464 5481 1637 5558 vires,
1661 5497 1839 5554 quam

180 5573 471 5657 pharetra:
497 5572 658 5638 refici
689 5571 1032 5655 postulant:
1057 5567 1380 5650 praesertim
1400 5570 1620 5632 ferrum
1642 5568 1840 5652 calybs

1951 4595 2566 4664 submerguntur;quze
2597 4591 2866 4647 felicibus
2899 4595 3095 4647 tamen
3127 4591 3405 4664 auspiciis
3438 4592 3596 4647 mul-

1951 4687 2012 4738 ta
2041 4681 2398 4737 infelicitatis
2428 4681 2554 4736 loca
2584 4679 2969 4753 praeterlapsae
2996 4681 3055 4734 in
3087 4679 3355 4736 hostilem
3387 4680 3596 4736 ﬁscum

1952 4772 2023 4827 ad
2073 4776 2305 4843 portum
2354 4769 2577 4825 Tharso
2610 4769 2939 4842 proximum
2979 4769 3321 4825 deferuntur
3352 4785 3366 4824 :
3401 4769 3597 4826 nothis

1953 4860 2181 4933 agitatae
2233 4857 2580 4926 furentibus,
2615 4858 2986 4914 inimicorum
3039 4875 3252 4913 manus
3297 4863 3598 4930 nequeunt

1952 4949 2262 5005 declinare.
2296 4946 2538 5003 Volante
2571 4951 2766 5002 autem
2800 4948 2870 5003 ad
2903 4963 3076 5002 aures
3106 4945 3387 5019 principis
3417 4947 3594 5014 fama,

1953 5036 2288 5110 praecipitur
2324 5035 2596 5091 comitem
2647 5035 2992 5107 Graecasque
3039 5051 3177 5106 opes
3224 5034 3596 5092 Antiochiam

1951 5127 2120 5194 duci;
2153 5143 2308 5193 eum,
2362 5124 2434 5179 ad
2485 5125 2866 5194 servandum;
2900 5140 3019 5192 eas,
3055 5123 3126 5178 ad
3175 5123 3593 5196 spargendum.

1949 5215 2063 5270 Nec
2095 5219 2291 5270 tamen
2321 5213 2423 5269 diu
2455 5218 2686 5270 tenetur
2716 5213 3003 5285 quidquid
3017 5211 3522 5283 jubetur,abjurat
3542 5218 3600 5269 et

1941 5305 2123 5376 jurat.
2153 5304 2361 5374 Sicque
2393 5304 2660 5374 adjurato
2692 5301 2950 5359 claustra
2969 5299 3597 5374 panduntur,alioquin

1949 5393 2067 5449 vita
2098 5392 2309 5448 comite
2339 5393 2622 5448 servando
2653 5389 3001 5448 claudenda.
3032 5389 3360 5446 Volvuntur
3389 5392 3596 5444 cetera

1952 5482 2196 5540 fortunae
2227 5481 2470 5550 nutu,ﬁt
2499 5480 2672 5536 modo
2703 5480 2998 5559 quispiam
3027 5479 3098 5538 de
3128 5493 3387 5556 paupere
3415 5477 3598 5546 dives,

1952 5571 2091 5633 item
2123 5585 2348 5652 pauper
2377 5571 2446 5633 de
2478 5569 2673 5631 divite.
