  <div class='ocr_page' id='page_1' title='image "/cluster/home/n/w/nwhite01/storage/ocr_20150623/155/hvd.32044054760137/295.png"; bbox 0 0 3996 6096; ppageno 0'>
   <div class='ocr_carea' id='block_1_1' title="bbox 364 260 573 329">
    <p class='ocr_par' dir='ltr' id='par_1_1' title="bbox 364 260 573 329">
     <span class='ocr_line' id='line_1_1' title="bbox 364 260 573 329; baseline -0.01 -8"><span class='ocrx_word' id='word_1_1' title='bbox 364 260 573 329; x_wconf 64' lang='grc'>383,</span> 
     </span>
    </p>
   </div>
   <div class='ocr_carea' id='block_1_2' title="bbox 489 389 1877 472">
    <p class='ocr_par' dir='ltr' id='par_1_2' title="bbox 489 389 1877 472">
     <span class='ocr_line' id='line_1_2' title="bbox 489 389 1877 472; baseline -0.005 -24"><span class='ocrx_word' id='word_1_2' title='bbox 489 389 718 448; x_wconf 75' lang='lat' dir='ltr'>CXLVI.</span> <span class='ocrx_word' id='word_1_3' title='bbox 750 422 821 433; x_wconf 88' lang='lat'>——</span> <span class='ocrx_word' id='word_1_4' title='bbox 850 389 1105 447; x_wconf 82' lang='lat' dir='ltr'>Laodicia</span> <span class='ocrx_word' id='word_1_5' title='bbox 1134 405 1278 472; x_wconf 54' lang='lat' dir='ltr'>anno</span> <span class='ocrx_word' id='word_1_6' title='bbox 1306 397 1359 447; x_wconf 84' lang='lat' dir='ltr'>et</span> <span class='ocrx_word' id='word_1_7' title='bbox 1377 390 1542 446; x_wconf 72' lang='lat' dir='ltr'>semis</span> <span class='ocrx_word' id='word_1_8' title='bbox 1566 393 1877 461; x_wconf 72' lang='lat' dir='ltr'>expugnata</span> 
     </span>
    </p>
   </div>
   <div class='ocr_carea' id='block_1_3' title="bbox 1067 469 1303 534">
    <p class='ocr_par' dir='ltr' id='par_1_3' title="bbox 1067 469 1303 534">
     <span class='ocr_line' id='line_1_3' title="bbox 1067 469 1303 534; baseline -0.008 -17"><span class='ocrx_word' id='word_1_9' title='bbox 1067 469 1303 534; x_wconf 81' lang='lat' dir='ltr'>capitur.</span> 
     </span>
    </p>
   </div>
   <div class='ocr_carea' id='block_1_4' title="bbox 432 566 2004 640">
    <p class='ocr_par' dir='ltr' id='par_1_4' title="bbox 432 566 2004 640">
     <span class='ocr_line' id='line_1_4' title="bbox 432 566 2004 640; baseline -0.006 -14"><span class='ocrx_word' id='word_1_10' title='bbox 432 571 501 626; x_wconf 78' lang='lat' dir='ltr'>At</span> <span class='ocrx_word' id='word_1_11' title='bbox 528 568 864 629; x_wconf 85' lang='lat' dir='ltr'>Tancredus</span> <span class='ocrx_word' id='word_1_12' title='bbox 896 584 1126 640; x_wconf 81' lang='lat' dir='ltr'>semper</span> <span class='ocrx_word' id='word_1_13' title='bbox 1152 566 1210 623; x_wconf 89' lang='lat' dir='ltr'>in</span> <span class='ocrx_word' id='word_1_14' title='bbox 1242 566 1443 623; x_wconf 85' lang='lat' dir='ltr'>eodem</span> <span class='ocrx_word' id='word_1_15' title='bbox 1469 582 1651 639; x_wconf 83' lang='lat' dir='ltr'>agone</span> <span class='ocrx_word' id='word_1_16' title='bbox 1681 566 2004 638; x_wconf 83' lang='lat' dir='ltr'>permanet,</span> 
     </span>
    </p>
   </div>
   <div class='ocr_carea' id='block_1_5' title="bbox 362 651 2008 734">
    <p class='ocr_par' dir='ltr' id='par_1_5' title="bbox 362 651 2008 734">
     <span class='ocr_line' id='line_1_5' title="bbox 362 651 2008 734; baseline -0.007 -16"><span class='ocrx_word' id='word_1_17' title='bbox 362 660 519 734; x_wconf 78' lang='lat' dir='ltr'>quod</span> <span class='ocrx_word' id='word_1_18' title='bbox 544 657 730 717; x_wconf 84' lang='lat' dir='ltr'>semel</span> <span class='ocrx_word' id='word_1_19' title='bbox 763 656 937 730; x_wconf 67' lang='lat' dir='ltr'>erepit</span> <span class='ocrx_word' id='word_1_20' title='bbox 969 673 1273 729; x_wconf 80' lang='lat' dir='ltr'>nunquam</span> <span class='ocrx_word' id='word_1_21' title='bbox 1297 654 1528 711; x_wconf 87' lang='lat' dir='ltr'>deserit.</span> <span class='ocrx_word' id='word_1_22' title='bbox 1560 652 1892 711; x_wconf 80' lang='lat' dir='ltr'>Laodiciam</span> <span class='ocrx_word' id='word_1_23' title='bbox 1908 651 2008 707; x_wconf 90' lang='lat' dir='ltr'>ob-</span> 
     </span>
    </p>
   </div>
   <div class='ocr_carea' id='block_1_6' title="bbox 362 743 2008 818">
    <p class='ocr_par' dir='ltr' id='par_1_6' title="bbox 362 743 2008 818">
     <span class='ocr_line' id='line_1_6' title="bbox 362 743 2008 818; baseline -0.006 -13"><span class='ocrx_word' id='word_1_24' title='bbox 362 748 533 813; x_wconf 87' lang='lat' dir='ltr'>sidet,</span> <span class='ocrx_word' id='word_1_25' title='bbox 567 765 674 803; x_wconf 90' lang='lat' dir='ltr'>nec</span> <span class='ocrx_word' id='word_1_26' title='bbox 707 746 819 802; x_wconf 83' lang='lat' dir='ltr'>nisi</span> <span class='ocrx_word' id='word_1_27' title='bbox 851 748 1082 818; x_wconf 80' lang='lat' dir='ltr'>captam</span> <span class='ocrx_word' id='word_1_28' title='bbox 1112 743 1487 800; x_wconf 80' lang='lat' dir='ltr'>dimissurus.</span> <span class='ocrx_word' id='word_1_29' title='bbox 1518 743 1651 799; x_wconf 87' lang='lat' dir='ltr'>Jam</span> <span class='ocrx_word' id='word_1_30' title='bbox 1682 746 1879 797; x_wconf 85' lang='lat' dir='ltr'>tamen</span> <span class='ocrx_word' id='word_1_31' title='bbox 1911 757 2008 796; x_wconf 87' lang='lat' dir='ltr'>an-</span> 
     </span>
    </p>
   </div>
   <div class='ocr_carea' id='block_1_7' title="bbox 361 832 2004 908">
    <p class='ocr_par' dir='ltr' id='par_1_7' title="bbox 361 832 2004 908">
     <span class='ocr_line' id='line_1_7' title="bbox 361 832 2004 908; baseline -0.005 -15"><span class='ocrx_word' id='word_1_32' title='bbox 361 854 491 893; x_wconf 72' lang='lat' dir='ltr'>nua:</span> <span class='ocrx_word' id='word_1_33' title='bbox 523 852 591 893; x_wconf 82' lang='lat' dir='ltr'>ac</span> <span class='ocrx_word' id='word_1_34' title='bbox 622 851 765 908; x_wconf 91' lang='lat' dir='ltr'>pene</span> <span class='ocrx_word' id='word_1_35' title='bbox 795 835 974 889; x_wconf 80' lang='lat' dir='ltr'>semis</span> <span class='ocrx_word' id='word_1_36' title='bbox 1006 849 1303 889; x_wconf 89' lang='lat' dir='ltr'>morarum</span> <span class='ocrx_word' id='word_1_37' title='bbox 1334 832 1543 888; x_wconf 69' lang='lat' dir='ltr'>taedere</span> <span class='ocrx_word' id='word_1_38' title='bbox 1573 834 2004 903; x_wconf 77' lang='lat' dir='ltr'>cmperatzcum</span> 
     </span>
    </p>
   </div>
   <div class='ocr_carea' id='block_1_8' title="bbox 362 919 2009 996">
    <p class='ocr_par' dir='ltr' id='par_1_8' title="bbox 362 919 2009 996">
     <span class='ocr_line' id='line_1_8' title="bbox 362 919 2009 996; baseline -0.005 -14"><span class='ocrx_word' id='word_1_39' title='bbox 362 927 517 983; x_wconf 86' lang='lat' dir='ltr'>Deus</span> <span class='ocrx_word' id='word_1_40' title='bbox 546 929 732 981; x_wconf 88' lang='lat' dir='ltr'>artem</span> <span class='ocrx_word' id='word_1_41' title='bbox 764 940 884 995; x_wconf 90' lang='lat' dir='ltr'>qua</span> <span class='ocrx_word' id='word_1_42' title='bbox 912 926 1110 996; x_wconf 81' lang='lat' dir='ltr'>posset</span> <span class='ocrx_word' id='word_1_43' title='bbox 1141 921 1268 994; x_wconf 89' lang='lat' dir='ltr'>capi</span> <span class='ocrx_word' id='word_1_44' title='bbox 1319 919 1522 976; x_wconf 86' lang='lat' dir='ltr'>civitas</span> <span class='ocrx_word' id='word_1_45' title='bbox 1554 919 1874 991; x_wconf 81' lang='lat' dir='ltr'>inspiravit.</span> <span class='ocrx_word' id='word_1_46' title='bbox 1909 920 2009 974; x_wconf 82' lang='lat' dir='ltr'>As-</span> 
     </span>
    </p>
   </div>
   <div class='ocr_carea' id='block_1_9' title="bbox 362 1007 2004 1077">
    <p class='ocr_par' dir='ltr' id='par_1_9' title="bbox 362 1007 2004 1077">
     <span class='ocr_line' id='line_1_9' title="bbox 362 1007 2004 1077; baseline -0.005 -6"><span class='ocrx_word' id='word_1_47' title='bbox 362 1018 671 1071; x_wconf 80' lang='lat' dir='ltr'>suevcrant</span> <span class='ocrx_word' id='word_1_48' title='bbox 700 1011 882 1067; x_wconf 90' lang='lat' dir='ltr'>clausi</span> <span class='ocrx_word' id='word_1_49' title='bbox 916 1010 1182 1076; x_wconf 81' lang='lat' dir='ltr'>insidiari</span> <span class='ocrx_word' id='word_1_50' title='bbox 1231 1009 1618 1077; x_wconf 88' lang='lat' dir='ltr'>clausoribus,</span> <span class='ocrx_word' id='word_1_51' title='bbox 1648 1014 1706 1064; x_wconf 91' lang='lat' dir='ltr'>et</span> <span class='ocrx_word' id='word_1_52' title='bbox 1755 1008 1897 1063; x_wconf 87' lang='lat' dir='ltr'>dum</span> <span class='ocrx_word' id='word_1_53' title='bbox 1945 1007 2004 1063; x_wconf 90' lang='lat' dir='ltr'>in</span> 
     </span>
    </p>
   </div>
   <div class='ocr_carea' id='block_1_10' title="bbox 361 1096 2003 1170">
    <p class='ocr_par' dir='ltr' id='par_1_10' title="bbox 361 1096 2003 1170">
     <span class='ocr_line' id='line_1_10' title="bbox 361 1096 2003 1170; baseline -0.005 -10"><span class='ocrx_word' id='word_1_54' title='bbox 361 1101 603 1160; x_wconf 87' lang='lat' dir='ltr'>meridie</span> <span class='ocrx_word' id='word_1_55' title='bbox 636 1100 775 1156; x_wconf 87' lang='lat' dir='ltr'>foris</span> <span class='ocrx_word' id='word_1_56' title='bbox 807 1099 1162 1155; x_wconf 85' lang='lat' dir='ltr'>dormiretur</span> <span class='ocrx_word' id='word_1_57' title='bbox 1192 1117 1206 1154; x_wconf 90' lang='lat'><strong>:</strong></span> <span class='ocrx_word' id='word_1_58' title='bbox 1250 1097 1568 1170; x_wconf 86' lang='lat' dir='ltr'>aliquando</span> <span class='ocrx_word' id='word_1_59' title='bbox 1616 1114 1751 1153; x_wconf 90' lang='lat' dir='ltr'>cum</span> <span class='ocrx_word' id='word_1_60' title='bbox 1782 1096 2003 1169; x_wconf 85' lang='lat' dir='ltr'>impetu</span> 
     </span>
    </p>
   </div>
   <div class='ocr_carea' id='block_1_11' title="bbox 361 1185 2008 1260">
    <p class='ocr_par' dir='ltr' id='par_1_11' title="bbox 361 1185 2008 1260">
     <span class='ocr_line' id='line_1_11' title="bbox 361 1185 2008 1260; baseline -0.005 -12"><span class='ocrx_word' id='word_1_61' title='bbox 361 1192 431 1248; x_wconf 83' lang='lat' dir='ltr'>do</span> <span class='ocrx_word' id='word_1_62' title='bbox 461 1191 621 1246; x_wconf 86' lang='lat' dir='ltr'>intus</span> <span class='ocrx_word' id='word_1_63' title='bbox 646 1188 1033 1260; x_wconf 89' lang='lat' dir='ltr'>erumpebant</span> <span class='ocrx_word' id='word_1_64' title='bbox 1065 1205 1078 1242; x_wconf 90' lang='lat'>:</span> <span class='ocrx_word' id='word_1_65' title='bbox 1112 1191 1177 1242; x_wconf 87' lang='lat' dir='ltr'>ut</span> <span class='ocrx_word' id='word_1_66' title='bbox 1209 1204 1322 1243; x_wconf 90' lang='lat' dir='ltr'>non</span> <span class='ocrx_word' id='word_1_67' title='bbox 1357 1187 1482 1243; x_wconf 89' lang='lat' dir='ltr'>sine</span> <span class='ocrx_word' id='word_1_68' title='bbox 1529 1186 1683 1242; x_wconf 69' lang='lat' dir='ltr'>caede</span> <span class='ocrx_word' id='word_1_69' title='bbox 1714 1190 1770 1241; x_wconf 88' lang='lat' dir='ltr'>et</span> <span class='ocrx_word' id='word_1_70' title='bbox 1801 1185 2008 1257; x_wconf 80' lang='lat' dir='ltr'>rapina</span> 
     </span>
    </p>
   </div>
   <div class='ocr_carea' id='block_1_12' title="bbox 361 1273 2003 1350">
    <p class='ocr_par' dir='ltr' id='par_1_12' title="bbox 361 1273 2003 1350">
     <span class='ocr_line' id='line_1_12' title="bbox 361 1273 2003 1350; baseline -0.005 -14"><span class='ocrx_word' id='word_1_71' title='bbox 361 1278 553 1337; x_wconf 86' lang='lat' dir='ltr'>somni</span> <span class='ocrx_word' id='word_1_72' title='bbox 602 1281 1041 1350; x_wconf 85' lang='lat' dir='ltr'>rumperentur.</span> <span class='ocrx_word' id='word_1_73' title='bbox 1073 1276 1338 1333; x_wconf 86' lang='lat' dir='ltr'>Clamore</span> <span class='ocrx_word' id='word_1_74' title='bbox 1385 1277 1533 1331; x_wconf 87' lang='lat' dir='ltr'>facto</span> <span class='ocrx_word' id='word_1_75' title='bbox 1578 1273 1747 1331; x_wconf 80' lang='lat' dir='ltr'>exciti</span> <span class='ocrx_word' id='word_1_76' title='bbox 1802 1273 2003 1330; x_wconf 84' lang='lat' dir='ltr'>Franci</span> 
     </span>
    </p>
   </div>
   <div class='ocr_carea' id='block_1_13' title="bbox 365 1361 2005 1436">
    <p class='ocr_par' dir='ltr' id='par_1_13' title="bbox 365 1361 2005 1436">
     <span class='ocr_line' id='line_1_13' title="bbox 365 1361 2005 1436; baseline -0.005 -10"><span class='ocrx_word' id='word_1_77' title='bbox 365 1368 789 1435; x_wconf 83' lang='lat' dir='ltr'>armabantur;</span> <span class='ocrx_word' id='word_1_78' title='bbox 823 1365 1207 1422; x_wconf 80' lang='lat' dir='ltr'>Laodicenses</span> <span class='ocrx_word' id='word_1_79' title='bbox 1236 1363 1469 1420; x_wconf 82' lang='lat' dir='ltr'>interim</span> <span class='ocrx_word' id='word_1_80' title='bbox 1498 1381 1557 1418; x_wconf 89' lang='lat' dir='ltr'>re</span> <span class='ocrx_word' id='word_1_81' title='bbox 1588 1367 1820 1436; x_wconf 90' lang='lat' dir='ltr'>peracta</span> <span class='ocrx_word' id='word_1_82' title='bbox 1840 1361 2005 1419; x_wconf 65' lang='lat' dir='ltr'>illaesi</span> 
     </span>
    </p>
   </div>
   <div class='ocr_carea' id='block_1_14' title="bbox 363 1451 2009 1525">
    <p class='ocr_par' dir='ltr' id='par_1_14' title="bbox 363 1451 2009 1525">
     <span class='ocr_line' id='line_1_14' title="bbox 363 1451 2009 1525; baseline -0.005 -11"><span class='ocrx_word' id='word_1_83' title='bbox 363 1458 635 1515; x_wconf 85' lang='lat' dir='ltr'>redibant</span> <span class='ocrx_word' id='word_1_84' title='bbox 667 1473 681 1512; x_wconf 89' lang='lat'><strong>:</strong></span> <span class='ocrx_word' id='word_1_85' title='bbox 715 1455 793 1510; x_wconf 85' lang='lat' dir='ltr'>ita</span> <span class='ocrx_word' id='word_1_86' title='bbox 825 1453 1025 1520; x_wconf 70' lang='lat' dir='ltr'>semel,</span> <span class='ocrx_word' id='word_1_87' title='bbox 1057 1451 1508 1521; x_wconf 78' lang='lat' dir='ltr'>secundo,tcrtio</span> <span class='ocrx_word' id='word_1_88' title='bbox 1537 1468 1769 1525; x_wconf 88' lang='lat' dir='ltr'>quoque</span> <span class='ocrx_word' id='word_1_89' title='bbox 1799 1451 2009 1507; x_wconf 82' lang='lat' dir='ltr'>exerci-</span> 
     </span>
    </p>
   </div>
   <div class='ocr_carea' id='block_1_15' title="bbox 362 1541 2001 1616">
    <p class='ocr_par' dir='ltr' id='par_1_15' title="bbox 362 1541 2001 1616">
     <span class='ocr_line' id='line_1_15' title="bbox 362 1541 2001 1616; baseline -0.006 -11"><span class='ocrx_word' id='word_1_90' title='bbox 362 1554 489 1605; x_wconf 87' lang='lat' dir='ltr'>tum</span> <span class='ocrx_word' id='word_1_91' title='bbox 521 1545 810 1610; x_wconf 79' lang='lat' dir='ltr'>fallentes,</span> <span class='ocrx_word' id='word_1_92' title='bbox 844 1544 1002 1616; x_wconf 86' lang='lat' dir='ltr'>ipsos</span> <span class='ocrx_word' id='word_1_93' title='bbox 1033 1560 1094 1599; x_wconf 89' lang='lat' dir='ltr'>se</span> <span class='ocrx_word' id='word_1_94' title='bbox 1124 1541 1359 1599; x_wconf 85' lang='lat' dir='ltr'>fallendi</span> <span class='ocrx_word' id='word_1_95' title='bbox 1391 1542 1542 1597; x_wconf 87' lang='lat' dir='ltr'>viam</span> <span class='ocrx_word' id='word_1_96' title='bbox 1576 1541 1956 1597; x_wconf 87' lang='lat' dir='ltr'>ostenderunt</span> <span class='ocrx_word' id='word_1_97' title='bbox 1988 1557 2001 1594; x_wconf 93' lang='lat'>:</span> 
     </span>
    </p>
   </div>
   <div class='ocr_carea' id='block_1_16' title="bbox 363 1629 2002 1710">
    <p class='ocr_par' dir='ltr' id='par_1_16' title="bbox 363 1629 2002 1710">
     <span class='ocr_line' id='line_1_16' title="bbox 363 1629 2002 1710; baseline -0.007 -16"><span class='ocrx_word' id='word_1_98' title='bbox 363 1635 640 1710; x_wconf 88' lang='lat' dir='ltr'>quoniam</span> <span class='ocrx_word' id='word_1_99' title='bbox 672 1633 771 1691; x_wconf 85' lang='lat' dir='ltr'>ubi</span> <span class='ocrx_word' id='word_1_100' title='bbox 802 1632 1017 1705; x_wconf 67' lang='lat' dir='ltr'>saepius</span> <span class='ocrx_word' id='word_1_101' title='bbox 1046 1648 1153 1688; x_wconf 88' lang='lat' dir='ltr'>nec</span> <span class='ocrx_word' id='word_1_102' title='bbox 1184 1629 1719 1687; x_wconf 87' lang='lat' dir='ltr'>dissimiliteridem</span> <span class='ocrx_word' id='word_1_103' title='bbox 1740 1630 2002 1697; x_wconf 79' lang='lat' dir='ltr'>iteratur,</span> 
     </span>
    </p>
   </div>
   <div class='ocr_carea' id='block_1_17' title="bbox 361 1716 2006 1786">
    <p class='ocr_par' dir='ltr' id='par_1_17' title="bbox 361 1716 2006 1786">
     <span class='ocr_line' id='line_1_17' title="bbox 361 1716 2006 1786; baseline -0.006 -3"><span class='ocrx_word' id='word_1_104' title='bbox 361 1724 696 1783; x_wconf 85' lang='lat' dir='ltr'>Taneredus</span> <span class='ocrx_word' id='word_1_105' title='bbox 729 1725 793 1777; x_wconf 87' lang='lat' dir='ltr'>ut</span> <span class='ocrx_word' id='word_1_106' title='bbox 818 1725 943 1779; x_wconf 86' lang='lat' dir='ltr'>arte</span> <span class='ocrx_word' id='word_1_107' title='bbox 973 1722 1157 1777; x_wconf 80' lang='lat' dir='ltr'>artem</span> <span class='ocrx_word' id='word_1_108' title='bbox 1190 1719 1448 1786; x_wconf 86' lang='lat' dir='ltr'>deludat,</span> <span class='ocrx_word' id='word_1_109' title='bbox 1482 1717 1713 1774; x_wconf 87' lang='lat' dir='ltr'>insidiis</span> <span class='ocrx_word' id='word_1_110' title='bbox 1761 1716 2006 1774; x_wconf 87' lang='lat' dir='ltr'>insidias</span> 
     </span>
    </p>
   </div>
   <div class='ocr_carea' id='block_1_18' title="bbox 362 1806 2006 1889">
    <p class='ocr_par' dir='ltr' id='par_1_18' title="bbox 362 1806 2006 1889">
     <span class='ocr_line' id='line_1_18' title="bbox 362 1806 2006 1889; baseline -0.005 -18"><span class='ocrx_word' id='word_1_111' title='bbox 362 1813 648 1889; x_wconf 85' lang='lat' dir='ltr'>rependit.</span> <span class='ocrx_word' id='word_1_112' title='bbox 683 1809 947 1881; x_wconf 79' lang='lat' dir='ltr'>Praecipit</span> <span class='ocrx_word' id='word_1_113' title='bbox 970 1808 1285 1865; x_wconf 83' lang='lat' dir='ltr'>tentorium</span> <span class='ocrx_word' id='word_1_114' title='bbox 1318 1806 1598 1873; x_wconf 82' lang='lat' dir='ltr'>construi,</span> <span class='ocrx_word' id='word_1_115' title='bbox 1632 1807 1803 1878; x_wconf 87' lang='lat' dir='ltr'>cujus</span> <span class='ocrx_word' id='word_1_116' title='bbox 1836 1823 2006 1879; x_wconf 88' lang='lat' dir='ltr'>capa-</span> 
     </span>
    </p>
   </div>
   <div class='ocr_carea' id='block_1_19' title="bbox 363 1896 2003 1974">
    <p class='ocr_par' dir='ltr' id='par_1_19' title="bbox 363 1896 2003 1974">
     <span class='ocr_line' id='line_1_19' title="bbox 363 1896 2003 1974; baseline -0.005 -14"><span class='ocrx_word' id='word_1_117' title='bbox 363 1902 521 1960; x_wconf 90' lang='lat' dir='ltr'>citati</span> <span class='ocrx_word' id='word_1_118' title='bbox 550 1919 657 1974; x_wconf 84' lang='lat' dir='ltr'>par</span> <span class='ocrx_word' id='word_1_119' title='bbox 687 1897 913 1955; x_wconf 85' lang='lat' dir='ltr'>nullum</span> <span class='ocrx_word' id='word_1_120' title='bbox 945 1901 1079 1954; x_wconf 84' lang='lat' dir='ltr'>ante</span> <span class='ocrx_word' id='word_1_121' title='bbox 1104 1897 1293 1953; x_wconf 85' lang='lat' dir='ltr'>visum</span> <span class='ocrx_word' id='word_1_122' title='bbox 1326 1897 1515 1953; x_wconf 84' lang='lat' dir='ltr'>fuerat</span> <span class='ocrx_word' id='word_1_123' title='bbox 1542 1913 1650 1952; x_wconf 87' lang='lat' dir='ltr'>nec</span> <span class='ocrx_word' id='word_1_124' title='bbox 1689 1896 1955 1951; x_wconf 88' lang='lat' dir='ltr'>auditum</span> <span class='ocrx_word' id='word_1_125' title='bbox 1990 1911 2003 1951; x_wconf 90' lang='lat'>:</span> 
     </span>
    </p>
   </div>
   <div class='ocr_carea' id='block_1_20' title="bbox 364 1984 2006 2066">
    <p class='ocr_par' dir='ltr' id='par_1_20' title="bbox 364 1984 2006 2066">
     <span class='ocr_line' id='line_1_20' title="bbox 364 1984 2006 2066; baseline -0.006 -17"><span class='ocrx_word' id='word_1_126' title='bbox 364 1991 645 2066; x_wconf 70' lang='lat' dir='ltr'>quaeritur</span> <span class='ocrx_word' id='word_1_127' title='bbox 676 2004 907 2061; x_wconf 87' lang='lat' dir='ltr'>quoque</span> <span class='ocrx_word' id='word_1_128' title='bbox 940 1986 1115 2058; x_wconf 88' lang='lat' dir='ltr'>pinus</span> <span class='ocrx_word' id='word_1_129' title='bbox 1148 1985 1440 2041; x_wconf 89' lang='lat' dir='ltr'>altissima</span> <span class='ocrx_word' id='word_1_130' title='bbox 1488 1989 1649 2041; x_wconf 82' lang='lat' dir='ltr'>tanto</span> <span class='ocrx_word' id='word_1_131' title='bbox 1698 1984 1853 2040; x_wconf 90' lang='lat' dir='ltr'>oneri</span> <span class='ocrx_word' id='word_1_132' title='bbox 1907 2001 2006 2039; x_wconf 80' lang='lat' dir='ltr'>co-</span> 
     </span>
    </p>
   </div>
   <div class='ocr_carea' id='block_1_21' title="bbox 363 2072 2005 2145">
    <p class='ocr_par' dir='ltr' id='par_1_21' title="bbox 363 2072 2005 2145">
     <span class='ocr_line' id='line_1_21' title="bbox 363 2072 2005 2145; baseline -0.005 -9"><span class='ocrx_word' id='word_1_133' title='bbox 363 2081 567 2139; x_wconf 82' lang='lat' dir='ltr'>lumna</span> <span class='ocrx_word' id='word_1_134' title='bbox 594 2074 1204 2142; x_wconf 81' lang='lat' dir='ltr'>sustinendo.Dixit,ct</span> <span class='ocrx_word' id='word_1_135' title='bbox 1234 2074 1385 2129; x_wconf 86' lang='lat' dir='ltr'>facta</span> <span class='ocrx_word' id='word_1_136' title='bbox 1415 2078 1571 2129; x_wconf 80' lang='lat' dir='ltr'>sunt.</span> <span class='ocrx_word' id='word_1_137' title='bbox 1598 2072 1783 2145; x_wconf 75' lang='lat' dir='ltr'>Igitur</span> <span class='ocrx_word' id='word_1_138' title='bbox 1812 2073 2005 2139; x_wconf 89' lang='lat' dir='ltr'>arbor,</span> 
     </span>
    </p>
   </div>
   <div class='ocr_carea' id='block_1_22' title="bbox 365 2161 2006 2240">
    <p class='ocr_par' dir='ltr' id='par_1_22' title="bbox 365 2161 2006 2240">
     <span class='ocr_line' id='line_1_22' title="bbox 365 2161 2006 2240; baseline -0.007 -13"><span class='ocrx_word' id='word_1_139' title='bbox 365 2170 531 2228; x_wconf 82' lang='lat' dir='ltr'>sinus</span> <span class='ocrx_word' id='word_1_140' title='bbox 562 2164 803 2240; x_wconf 87' lang='lat' dir='ltr'>spatiosi</span> <span class='ocrx_word' id='word_1_141' title='bbox 834 2182 938 2236; x_wconf 88' lang='lat' dir='ltr'>per</span> <span class='ocrx_word' id='word_1_142' title='bbox 966 2180 1174 2236; x_wconf 82' lang='lat' dir='ltr'>gyrum</span> <span class='ocrx_word' id='word_1_143' title='bbox 1204 2162 1591 2235; x_wconf 79' lang='lat' dir='ltr'>explicantur,</span> <span class='ocrx_word' id='word_1_144' title='bbox 1605 2164 1793 2228; x_wconf 87' lang='lat' dir='ltr'>funes,</span> <span class='ocrx_word' id='word_1_145' title='bbox 1812 2161 2006 2234; x_wconf 87' lang='lat' dir='ltr'>laquei</span> 
     </span>
    </p>
   </div>
   <div class='ocr_carea' id='block_1_23' title="bbox 361 2249 2008 2323">
    <p class='ocr_par' dir='ltr' id='par_1_23' title="bbox 361 2249 2008 2323">
     <span class='ocr_line' id='line_1_23' title="bbox 361 2249 2008 2323; baseline -0.008 -6"><span class='ocrx_word' id='word_1_146' title='bbox 361 2258 511 2316; x_wconf 86' lang='lat' dir='ltr'>telas</span> <span class='ocrx_word' id='word_1_147' title='bbox 539 2263 597 2313; x_wconf 91' lang='lat' dir='ltr'>et</span> <span class='ocrx_word' id='word_1_148' title='bbox 622 2258 905 2311; x_wconf 84' lang='lat' dir='ltr'>coronant</span> <span class='ocrx_word' id='word_1_149' title='bbox 934 2256 993 2307; x_wconf 91' lang='lat' dir='ltr'>et</span> <span class='ocrx_word' id='word_1_150' title='bbox 1022 2252 1289 2307; x_wconf 89' lang='lat' dir='ltr'>tendunt.</span> <span class='ocrx_word' id='word_1_151' title='bbox 1324 2251 1537 2306; x_wconf 88' lang='lat' dir='ltr'>Putant</span> <span class='ocrx_word' id='word_1_152' title='bbox 1568 2250 1669 2323; x_wconf 86' lang='lat' dir='ltr'>qui</span> <span class='ocrx_word' id='word_1_153' title='bbox 1700 2249 1893 2305; x_wconf 87' lang='lat' dir='ltr'>vident</span> <span class='ocrx_word' id='word_1_154' title='bbox 1916 2268 2008 2305; x_wconf 85' lang='lat' dir='ltr'>su-</span> 
     </span>
    </p>
   </div>
   <div class='ocr_carea' id='block_1_24' title="bbox 364 2338 2009 2423">
    <p class='ocr_par' dir='ltr' id='par_1_24' title="bbox 364 2338 2009 2423">
     <span class='ocr_line' id='line_1_24' title="bbox 364 2338 2009 2423; baseline -0.006 -18"><span class='ocrx_word' id='word_1_155' title='bbox 364 2349 539 2423; x_wconf 86' lang='lat' dir='ltr'>perbe</span> <span class='ocrx_word' id='word_1_156' title='bbox 566 2349 788 2411; x_wconf 86' lang='lat' dir='ltr'>actum,</span> <span class='ocrx_word' id='word_1_157' title='bbox 822 2340 907 2398; x_wconf 89' lang='lat' dir='ltr'>uti</span> <span class='ocrx_word' id='word_1_158' title='bbox 935 2340 1233 2404; x_wconf 89' lang='lat' dir='ltr'>solent,ob</span> <span class='ocrx_word' id='word_1_159' title='bbox 1264 2340 1479 2397; x_wconf 84' lang='lat' dir='ltr'>fastum</span> <span class='ocrx_word' id='word_1_160' title='bbox 1512 2338 1832 2395; x_wconf 86' lang='lat' dir='ltr'>sublimare</span> <span class='ocrx_word' id='word_1_161' title='bbox 1856 2338 2009 2411; x_wconf 84' lang='lat' dir='ltr'>pala-</span> 
     </span>
    </p>
   </div>
   <div class='ocr_carea' id='block_1_25' title="bbox 362 2426 2006 2495">
    <p class='ocr_par' dir='ltr' id='par_1_25' title="bbox 362 2426 2006 2495">
     <span class='ocr_line' id='line_1_25' title="bbox 362 2426 2006 2495; baseline -0.008 0"><span class='ocrx_word' id='word_1_162' title='bbox 362 2436 445 2495; x_wconf 85' lang='lat' dir='ltr'>tia</span> <span class='ocrx_word' id='word_1_163' title='bbox 474 2434 533 2492; x_wconf 90' lang='lat' dir='ltr'>in</span> <span class='ocrx_word' id='word_1_164' title='bbox 564 2432 812 2491; x_wconf 87' lang='lat' dir='ltr'>urbibus</span> <span class='ocrx_word' id='word_1_165' title='bbox 844 2429 1155 2486; x_wconf 83' lang='lat' dir='ltr'>urbani.At</span> <span class='ocrx_word' id='word_1_166' title='bbox 1183 2429 1517 2485; x_wconf 85' lang='lat' dir='ltr'>Tancredus</span> <span class='ocrx_word' id='word_1_167' title='bbox 1545 2428 1604 2483; x_wconf 91' lang='lat' dir='ltr'>in</span> <span class='ocrx_word' id='word_1_168' title='bbox 1637 2426 2006 2484; x_wconf 84' lang='lat' dir='ltr'>ortuluciferi</span> 
     </span>
    </p>
   </div>
   <div class='ocr_carea' id='block_1_26' title="bbox 364 2517 2007 2590">
    <p class='ocr_par' dir='ltr' id='par_1_26' title="bbox 364 2517 2007 2590">
     <span class='ocr_line' id='line_1_26' title="bbox 364 2517 2007 2590; baseline -0.006 -6"><span class='ocrx_word' id='word_1_169' title='bbox 364 2525 639 2585; x_wconf 88' lang='lat' dir='ltr'>militiam</span> <span class='ocrx_word' id='word_1_170' title='bbox 667 2525 856 2590; x_wconf 89' lang='lat' dir='ltr'>vocat,</span> <span class='ocrx_word' id='word_1_171' title='bbox 886 2523 943 2575; x_wconf 90' lang='lat' dir='ltr'>et</span> <span class='ocrx_word' id='word_1_172' title='bbox 968 2535 1095 2575; x_wconf 90' lang='lat' dir='ltr'>eam</span> <span class='ocrx_word' id='word_1_173' title='bbox 1129 2518 1239 2573; x_wconf 84' lang='lat' dir='ltr'>sub</span> <span class='ocrx_word' id='word_1_174' title='bbox 1272 2517 1613 2573; x_wconf 86' lang='lat' dir='ltr'>umbraculo</span> <span class='ocrx_word' id='word_1_175' title='bbox 1644 2518 1823 2589; x_wconf 78' lang='lat' dir='ltr'>stipat</span> <span class='ocrx_word' id='word_1_176' title='bbox 1841 2517 2007 2590; x_wconf 89' lang='lat' dir='ltr'>equis</span> 
     </span>
    </p>
   </div>
   <div class='ocr_carea' id='block_1_27' title="bbox 364 2605 2005 2680">
    <p class='ocr_par' dir='ltr' id='par_1_27' title="bbox 364 2605 2005 2680">
     <span class='ocr_line' id='line_1_27' title="bbox 364 2605 2005 2680; baseline -0.006 -10"><span class='ocrx_word' id='word_1_177' title='bbox 364 2613 732 2677; x_wconf 80' lang='lat' dir='ltr'>insidiantes,</span> <span class='ocrx_word' id='word_1_178' title='bbox 758 2609 857 2665; x_wconf 89' lang='lat' dir='ltr'>ubi</span> <span class='ocrx_word' id='word_1_179' title='bbox 889 2624 1040 2680; x_wconf 90' lang='lat' dir='ltr'>opus</span> <span class='ocrx_word' id='word_1_180' title='bbox 1066 2606 1255 2674; x_wconf 64' lang='lat' dir='ltr'>fuerit,</span> <span class='ocrx_word' id='word_1_181' title='bbox 1279 2605 1420 2661; x_wconf 86' lang='lat' dir='ltr'>nihil</span> <span class='ocrx_word' id='word_1_182' title='bbox 1455 2610 1852 2677; x_wconf 86' lang='lat' dir='ltr'>cunctaturos,</span> <span class='ocrx_word' id='word_1_183' title='bbox 1875 2606 2005 2679; x_wconf 88' lang='lat' dir='ltr'>qui-</span> 
     </span>
    </p>
   </div>
   <div class='ocr_carea' id='block_1_28' title="bbox 363 2693 2005 2761">
    <p class='ocr_par' dir='ltr' id='par_1_28' title="bbox 363 2693 2005 2761">
     <span class='ocr_line' id='line_1_28' title="bbox 363 2693 2005 2761; baseline -0.006 0"><span class='ocrx_word' id='word_1_184' title='bbox 363 2706 478 2761; x_wconf 89' lang='lat' dir='ltr'>bus</span> <span class='ocrx_word' id='word_1_185' title='bbox 510 2718 615 2759; x_wconf 86' lang='lat' dir='ltr'>nec</span> <span class='ocrx_word' id='word_1_186' title='bbox 645 2698 837 2757; x_wconf 85' lang='lat' dir='ltr'>calcar</span> <span class='ocrx_word' id='word_1_187' title='bbox 864 2698 1064 2752; x_wconf 84' lang='lat' dir='ltr'>deerat</span> <span class='ocrx_word' id='word_1_188' title='bbox 1110 2695 1184 2751; x_wconf 87' lang='lat' dir='ltr'>ad</span> <span class='ocrx_word' id='word_1_189' title='bbox 1236 2693 1595 2751; x_wconf 79' lang='lat' dir='ltr'>bellandum.</span> <span class='ocrx_word' id='word_1_190' title='bbox 1630 2694 1759 2751; x_wconf 85' lang='lat' dir='ltr'>Sole</span> <span class='ocrx_word' id='word_1_191' title='bbox 1806 2701 2005 2751; x_wconf 89' lang='lat' dir='ltr'>autem</span> 
     </span>
    </p>
   </div>
   <div class='ocr_carea' id='block_1_29' title="bbox 362 2783 2005 2864">
    <p class='ocr_par' dir='ltr' id='par_1_29' title="bbox 362 2783 2005 2864">
     <span class='ocr_line' id='line_1_29' title="bbox 362 2783 2005 2864; baseline -0.007 -14"><span class='ocrx_word' id='word_1_192' title='bbox 362 2797 487 2850; x_wconf 82' lang='lat' dir='ltr'>orto</span> <span class='ocrx_word' id='word_1_193' title='bbox 520 2794 743 2864; x_wconf 85' lang='lat' dir='ltr'>partem</span> <span class='ocrx_word' id='word_1_194' title='bbox 774 2803 893 2843; x_wconf 78' lang='lat' dir='ltr'>non</span> <span class='ocrx_word' id='word_1_195' title='bbox 920 2784 1212 2843; x_wconf 85' lang='lat' dir='ltr'>modicam</span> <span class='ocrx_word' id='word_1_196' title='bbox 1243 2783 1532 2840; x_wconf 84' lang='lat' dir='ltr'>exercitus</span> <span class='ocrx_word' id='word_1_197' title='bbox 1576 2783 1633 2839; x_wconf 88' lang='lat' dir='ltr'>in</span> <span class='ocrx_word' id='word_1_198' title='bbox 1684 2783 1870 2839; x_wconf 88' lang='lat' dir='ltr'>oculis</span> <span class='ocrx_word' id='word_1_199' title='bbox 1903 2784 2005 2840; x_wconf 88' lang='lat' dir='ltr'>ho-</span> 
     </span>
    </p>
   </div>
   <div class='ocr_carea' id='block_1_30' title="bbox 363 2872 2005 2946">
    <p class='ocr_par' dir='ltr' id='par_1_30' title="bbox 363 2872 2005 2946">
     <span class='ocr_line' id='line_1_30' title="bbox 363 2872 2005 2946; baseline -0.008 -5"><span class='ocrx_word' id='word_1_200' title='bbox 363 2883 543 2941; x_wconf 83' lang='lat' dir='ltr'>stium</span> <span class='ocrx_word' id='word_1_201' title='bbox 577 2880 998 2937; x_wconf 76' lang='lat' dir='ltr'>frumentatum</span> <span class='ocrx_word' id='word_1_202' title='bbox 1030 2873 1231 2942; x_wconf 88' lang='lat' dir='ltr'>mittit,</span> <span class='ocrx_word' id='word_1_203' title='bbox 1248 2872 1457 2945; x_wconf 88' lang='lat' dir='ltr'>reliqui</span> <span class='ocrx_word' id='word_1_204' title='bbox 1489 2876 1721 2946; x_wconf 88' lang='lat' dir='ltr'>sumpto</span> <span class='ocrx_word' id='word_1_205' title='bbox 1752 2872 1881 2929; x_wconf 89' lang='lat' dir='ltr'>cibo</span> <span class='ocrx_word' id='word_1_206' title='bbox 1913 2890 2005 2929; x_wconf 87' lang='lat' dir='ltr'>so-</span> 
     </span>
    </p>
   </div>
   <div class='ocr_carea' id='block_1_31' title="bbox 364 2962 2007 3046">
    <p class='ocr_par' dir='ltr' id='par_1_31' title="bbox 364 2962 2007 3046">
     <span class='ocr_line' id='line_1_31' title="bbox 364 2962 2007 3046; baseline -0.007 -18"><span class='ocrx_word' id='word_1_207' title='bbox 364 2971 487 3046; x_wconf 86' lang='lat' dir='ltr'>pori</span> <span class='ocrx_word' id='word_1_208' title='bbox 521 2983 722 3026; x_wconf 84' lang='lat' dir='ltr'>vacare</span> <span class='ocrx_word' id='word_1_209' title='bbox 752 2963 1289 3035; x_wconf 89' lang='lat' dir='ltr'>simulantes,spcm</span> <span class='ocrx_word' id='word_1_210' title='bbox 1322 2962 1537 3035; x_wconf 75' lang='lat' dir='ltr'>rapina:</span> <span class='ocrx_word' id='word_1_211' title='bbox 1552 2966 2007 3035; x_wconf 83' lang='lat' dir='ltr'>atqueopportu-</span> 
     </span>
    </p>
   </div>
   <div class='ocr_carea' id='block_1_32' title="bbox 362 3050 2004 3129">
    <p class='ocr_par' dir='ltr' id='par_1_32' title="bbox 362 3050 2004 3129">
     <span class='ocr_line' id='line_1_32' title="bbox 362 3050 2004 3129; baseline -0.009 -9"><span class='ocrx_word' id='word_1_212' title='bbox 362 3061 603 3121; x_wconf 78' lang='lat' dir='ltr'>nitatem</span> <span class='ocrx_word' id='word_1_213' title='bbox 640 3052 1070 3129; x_wconf 84' lang='lat' dir='ltr'>spectatoribus</span> <span class='ocrx_word' id='word_1_214' title='bbox 1118 3050 1486 3124; x_wconf 85' lang='lat' dir='ltr'>promittunt.</span> <span class='ocrx_word' id='word_1_215' title='bbox 1519 3050 1795 3108; x_wconf 82' lang='lat' dir='ltr'>Videntes</span> <span class='ocrx_word' id='word_1_216' title='bbox 1840 3051 2004 3124; x_wconf 88' lang='lat' dir='ltr'>oppi-</span> 
     </span>
    </p>
   </div>
   <div class='ocr_carea' id='block_1_33' title="bbox 361 3126 2075 3212">
    <p class='ocr_par' dir='ltr' id='par_1_33' title="bbox 361 3126 2075 3212">
     <span class='ocr_line' id='line_1_33' title="bbox 361 3126 2075 3212; baseline -0.008 -5"><span class='ocrx_word' id='word_1_217' title='bbox 361 3149 498 3206; x_wconf 86' lang='lat' dir='ltr'>dani</span> <span class='ocrx_word' id='word_1_218' title='bbox 528 3126 713 3205; x_wconf 77' lang='lat' dir='ltr'>altum</span> <span class='ocrx_word' id='word_1_219' title='bbox 743 3142 942 3201; x_wconf 87' lang='lat' dir='ltr'>omnia</span> <span class='ocrx_word' id='word_1_220' title='bbox 961 3140 2004 3212; x_wconf 83' lang='lat' dir='ltr'>teneresilentium,sperantquoquo—</span> <span class='ocrx_word' id='word_1_221' title='bbox 2030 3126 2075 3194; x_wconf 86' lang='lat' dir='ltr'><strong>C</strong></span> 
     </span>
    </p>
   </div>
   <div class='ocr_carea' id='block_1_34' title="bbox 362 3228 2003 3301">
    <p class='ocr_par' dir='ltr' id='par_1_34' title="bbox 362 3228 2003 3301">
     <span class='ocr_line' id='line_1_34' title="bbox 362 3228 2003 3301; baseline -0.005 -6"><span class='ocrx_word' id='word_1_222' title='bbox 362 3237 535 3295; x_wconf 87' lang='lat' dir='ltr'>modo</span> <span class='ocrx_word' id='word_1_223' title='bbox 584 3235 1004 3291; x_wconf 76' lang='lat' dir='ltr'>consueverant</span> <span class='ocrx_word' id='word_1_224' title='bbox 1056 3229 1293 3285; x_wconf 81' lang='lat' dir='ltr'>turbare</span> <span class='ocrx_word' id='word_1_225' title='bbox 1340 3228 1678 3295; x_wconf 80' lang='lat' dir='ltr'>exercitum,</span> <span class='ocrx_word' id='word_1_226' title='bbox 1712 3228 2003 3301; x_wconf 88' lang='lat' dir='ltr'>celerique</span> 
     </span>
    </p>
   </div>
   <div class='ocr_carea' id='block_1_35' title="bbox 362 3316 2002 3394">
    <p class='ocr_par' dir='ltr' id='par_1_35' title="bbox 362 3316 2002 3394">
     <span class='ocr_line' id='line_1_35' title="bbox 362 3316 2002 3394; baseline -0.006 -11"><span class='ocrx_word' id='word_1_227' title='bbox 362 3327 551 3383; x_wconf 88' lang='lat' dir='ltr'>reditu</span> <span class='ocrx_word' id='word_1_228' title='bbox 584 3321 911 3394; x_wconf 72' lang='lat' dir='ltr'>improvisae</span> <span class='ocrx_word' id='word_1_229' title='bbox 942 3318 1277 3374; x_wconf 85' lang='lat' dir='ltr'>tarditatem</span> <span class='ocrx_word' id='word_1_230' title='bbox 1308 3316 1548 3373; x_wconf 82' lang='lat' dir='ltr'>evadere</span> <span class='ocrx_word' id='word_1_231' title='bbox 1564 3316 2002 3391; x_wconf 84' lang='lat' dir='ltr'>ultionis.Egre-</span> 
     </span>
    </p>
   </div>
   <div class='ocr_carea' id='block_1_36' title="bbox 361 3404 2003 3483">
    <p class='ocr_par' dir='ltr' id='par_1_36' title="bbox 361 3404 2003 3483">
     <span class='ocr_line' id='line_1_36' title="bbox 361 3404 2003 3483; baseline -0.005 -11"><span class='ocrx_word' id='word_1_232' title='bbox 361 3415 609 3471; x_wconf 88' lang='lat' dir='ltr'>diuntur</span> <span class='ocrx_word' id='word_1_233' title='bbox 635 3427 773 3483; x_wconf 81' lang='lat' dir='ltr'>ergo</span> <span class='ocrx_word' id='word_1_234' title='bbox 802 3405 1070 3466; x_wconf 87' lang='lat' dir='ltr'>certatim</span> <span class='ocrx_word' id='word_1_235' title='bbox 1102 3410 1403 3462; x_wconf 89' lang='lat' dir='ltr'>currentes</span> <span class='ocrx_word' id='word_1_236' title='bbox 1433 3405 1506 3461; x_wconf 88' lang='lat' dir='ltr'>ad</span> <span class='ocrx_word' id='word_1_237' title='bbox 1538 3404 2003 3478; x_wconf 89' lang='lat' dir='ltr'>spolia,aliialiis</span> 
     </span>
    </p>
   </div>
   <div class='ocr_carea' id='block_1_37' title="bbox 363 3493 2004 3577">
    <p class='ocr_par' dir='ltr' id='par_1_37' title="bbox 363 3493 2004 3577">
     <span class='ocr_line' id='line_1_37' title="bbox 363 3493 2004 3577; baseline -0.004 -18"><span class='ocrx_word' id='word_1_238' title='bbox 363 3515 723 3577; x_wconf 75' lang='lat' dir='ltr'>praecursum</span> <span class='ocrx_word' id='word_1_239' title='bbox 776 3495 1124 3553; x_wconf 88' lang='lat' dir='ltr'>invidentes.</span> <span class='ocrx_word' id='word_1_240' title='bbox 1192 3493 1398 3548; x_wconf 87' lang='lat' dir='ltr'>Paucis</span> <span class='ocrx_word' id='word_1_241' title='bbox 1456 3494 1830 3551; x_wconf 77' lang='lat' dir='ltr'>manentibus</span> <span class='ocrx_word' id='word_1_242' title='bbox 1885 3495 2004 3552; x_wconf 88' lang='lat' dir='ltr'>fere</span> 
     </span>
    </p>
   </div>
   <div class='ocr_carea' id='block_1_38' title="bbox 361 3581 2006 3655">
    <p class='ocr_par' dir='ltr' id='par_1_38' title="bbox 361 3581 2006 3655">
     <span class='ocr_line' id='line_1_38' title="bbox 361 3581 2006 3655; baseline -0.004 -6"><span class='ocrx_word' id='word_1_243' title='bbox 361 3594 573 3650; x_wconf 83' lang='lat' dir='ltr'>exeunt</span> <span class='ocrx_word' id='word_1_244' title='bbox 602 3603 825 3653; x_wconf 87' lang='lat' dir='ltr'>omnes,</span> <span class='ocrx_word' id='word_1_245' title='bbox 859 3585 1002 3640; x_wconf 89' lang='lat' dir='ltr'>adeo</span> <span class='ocrx_word' id='word_1_246' title='bbox 1033 3582 1301 3638; x_wconf 86' lang='lat' dir='ltr'>incautos</span> <span class='ocrx_word' id='word_1_247' title='bbox 1338 3581 1574 3638; x_wconf 86' lang='lat' dir='ltr'>fallebat</span> <span class='ocrx_word' id='word_1_248' title='bbox 1601 3585 2006 3655; x_wconf 85' lang='lat' dir='ltr'>opportunitas</span> 
     </span>
    </p>
   </div>
   <div class='ocr_carea' id='block_1_39' title="bbox 363 3670 2004 3744">
    <p class='ocr_par' dir='ltr' id='par_1_39' title="bbox 363 3670 2004 3744">
     <span class='ocr_line' id='line_1_39' title="bbox 363 3670 2004 3744; baseline -0.005 -7"><span class='ocrx_word' id='word_1_249' title='bbox 363 3677 641 3737; x_wconf 82' lang='lat' dir='ltr'>simulata</span> <span class='ocrx_word' id='word_1_250' title='bbox 671 3692 686 3732; x_wconf 87' lang='lat'>:</span> <span class='ocrx_word' id='word_1_251' title='bbox 718 3677 963 3731; x_wconf 89' lang='lat' dir='ltr'>currunt</span> <span class='ocrx_word' id='word_1_252' title='bbox 992 3672 1066 3728; x_wconf 88' lang='lat' dir='ltr'>ad</span> <span class='ocrx_word' id='word_1_253' title='bbox 1096 3671 1355 3744; x_wconf 65' lang='lat' dir='ltr'>praedam</span> <span class='ocrx_word' id='word_1_254' title='bbox 1383 3676 1442 3727; x_wconf 88' lang='lat' dir='ltr'>et</span> <span class='ocrx_word' id='word_1_255' title='bbox 1470 3670 1837 3744; x_wconf 88' lang='lat' dir='ltr'>indulgetur:</span> <span class='ocrx_word' id='word_1_256' title='bbox 1867 3690 2004 3730; x_wconf 88' lang='lat' dir='ltr'>one-</span> 
     </span>
    </p>
   </div>
   <div class='ocr_carea' id='block_1_40' title="bbox 362 3760 2006 3839">
    <p class='ocr_par' dir='ltr' id='par_1_40' title="bbox 362 3760 2006 3839">
     <span class='ocr_line' id='line_1_40' title="bbox 362 3760 2006 3839; baseline -0.005 -14"><span class='ocrx_word' id='word_1_257' title='bbox 362 3769 504 3835; x_wconf 73' lang='lat' dir='ltr'>ratis</span> <span class='ocrx_word' id='word_1_258' title='bbox 525 3768 770 3839; x_wconf 78' lang='lat' dir='ltr'>jamque</span> <span class='ocrx_word' id='word_1_259' title='bbox 801 3764 874 3820; x_wconf 83' lang='lat' dir='ltr'>ad</span> <span class='ocrx_word' id='word_1_260' title='bbox 908 3767 1106 3835; x_wconf 85' lang='lat' dir='ltr'>portas</span> <span class='ocrx_word' id='word_1_261' title='bbox 1154 3760 1635 3833; x_wconf 79' lang='lat' dir='ltr'>regredientibus,</span> <span class='ocrx_word' id='word_1_262' title='bbox 1670 3761 2006 3818; x_wconf 89' lang='lat' dir='ltr'>intercurri-</span> 
     </span>
    </p>
   </div>
   <div class='ocr_carea' id='block_1_41' title="bbox 360 3848 2008 3926">
    <p class='ocr_par' dir='ltr' id='par_1_41' title="bbox 360 3848 2008 3926">
     <span class='ocr_line' id='line_1_41' title="bbox 360 3848 2008 3926; baseline -0.004 -13"><span class='ocrx_word' id='word_1_263' title='bbox 360 3861 476 3915; x_wconf 85' lang='lat' dir='ltr'>tur.</span> <span class='ocrx_word' id='word_1_264' title='bbox 509 3856 654 3912; x_wconf 81' lang='lat' dir='ltr'>Nam</span> <span class='ocrx_word' id='word_1_265' title='bbox 687 3853 787 3926; x_wconf 90' lang='lat' dir='ltr'>qui</span> <span class='ocrx_word' id='word_1_266' title='bbox 808 3848 1147 3909; x_wconf 88' lang='lat' dir='ltr'>obumbrati</span> <span class='ocrx_word' id='word_1_267' title='bbox 1180 3856 1237 3905; x_wconf 90' lang='lat' dir='ltr'>et</span> <span class='ocrx_word' id='word_1_268' title='bbox 1266 3850 1453 3921; x_wconf 89' lang='lat' dir='ltr'>parati</span> <span class='ocrx_word' id='word_1_269' title='bbox 1487 3854 1842 3921; x_wconf 80' lang='lat' dir='ltr'>exspectant,</span> <span class='ocrx_word' id='word_1_270' title='bbox 1875 3868 2008 3907; x_wconf 88' lang='lat' dir='ltr'>con-</span> 
     </span>
    </p>
   </div>
   <div class='ocr_carea' id='block_1_42' title="bbox 361 3938 2006 4015">
    <p class='ocr_par' dir='ltr' id='par_1_42' title="bbox 361 3938 2006 4015">
     <span class='ocr_line' id='line_1_42' title="bbox 361 3938 2006 4015; baseline -0.005 -13"><span class='ocrx_word' id='word_1_271' title='bbox 361 3946 558 4004; x_wconf 81' lang='lat' dir='ltr'>festim</span> <span class='ocrx_word' id='word_1_272' title='bbox 589 3943 681 3999; x_wconf 85' lang='lat' dir='ltr'>via</span> <span class='ocrx_word' id='word_1_273' title='bbox 710 3941 1002 4015; x_wconf 87' lang='lat' dir='ltr'>patefacta</span> <span class='ocrx_word' id='word_1_274' title='bbox 1031 3938 1375 4007; x_wconf 88' lang='lat' dir='ltr'>accelerant,</span> <span class='ocrx_word' id='word_1_275' title='bbox 1406 3938 1594 4012; x_wconf 89' lang='lat' dir='ltr'>portis</span> <span class='ocrx_word' id='word_1_276' title='bbox 1625 3938 1896 4011; x_wconf 89' lang='lat' dir='ltr'>oppositi.</span> <span class='ocrx_word' id='word_1_277' title='bbox 1916 3957 2006 3995; x_wconf 84' lang='lat' dir='ltr'>re-</span> 
     </span>
    </p>
   </div>
   <div class='ocr_carea' id='block_1_43' title="bbox 361 4027 2004 4105">
    <p class='ocr_par' dir='ltr' id='par_1_43' title="bbox 361 4027 2004 4105">
     <span class='ocr_line' id='line_1_43' title="bbox 361 4027 2004 4105; baseline -0.005 -13"><span class='ocrx_word' id='word_1_278' title='bbox 361 4035 553 4092; x_wconf 88' lang='lat' dir='ltr'>ditum</span> <span class='ocrx_word' id='word_1_279' title='bbox 578 4032 923 4091; x_wconf 76' lang='lat' dir='ltr'>excludunt.</span> <span class='ocrx_word' id='word_1_280' title='bbox 943 4028 1278 4105; x_wconf 84' lang='lat' dir='ltr'>Tancredus</span> <span class='ocrx_word' id='word_1_281' title='bbox 1310 4045 1488 4101; x_wconf 89' lang='lat' dir='ltr'>super</span> <span class='ocrx_word' id='word_1_282' title='bbox 1516 4027 1784 4085; x_wconf 85' lang='lat' dir='ltr'>exclusos</span> <span class='ocrx_word' id='word_1_283' title='bbox 1813 4027 2004 4098; x_wconf 81' lang='lat' dir='ltr'>irruit,</span> 
     </span>
    </p>
   </div>
   <div class='ocr_carea' id='block_1_44' title="bbox 362 4116 2010 4190">
    <p class='ocr_par' dir='ltr' id='par_1_44' title="bbox 362 4116 2010 4190">
     <span class='ocr_line' id='line_1_44' title="bbox 362 4116 2010 4190; baseline -0.005 -9"><span class='ocrx_word' id='word_1_284' title='bbox 362 4125 488 4185; x_wconf 83' lang='lat' dir='ltr'>sine</span> <span class='ocrx_word' id='word_1_285' title='bbox 517 4120 894 4179; x_wconf 80' lang='lat' dir='ltr'>cunctatione</span> <span class='ocrx_word' id='word_1_286' title='bbox 920 4121 1026 4175; x_wconf 87' lang='lat' dir='ltr'>aut</span> <span class='ocrx_word' id='word_1_287' title='bbox 1056 4116 1388 4190; x_wconf 89' lang='lat' dir='ltr'>capiuntur,</span> <span class='ocrx_word' id='word_1_288' title='bbox 1420 4121 1526 4173; x_wconf 90' lang='lat' dir='ltr'>aut</span> <span class='ocrx_word' id='word_1_289' title='bbox 1556 4121 1856 4173; x_wconf 89' lang='lat' dir='ltr'>necantur.</span> <span class='ocrx_word' id='word_1_290' title='bbox 1883 4117 2010 4173; x_wconf 88' lang='lat' dir='ltr'>Per-</span> 
     </span>
    </p>
   </div>
   <div class='ocr_carea' id='block_1_45' title="bbox 361 4205 2005 4283">
    <p class='ocr_par' dir='ltr' id='par_1_45' title="bbox 361 4205 2005 4283">
     <span class='ocr_line' id='line_1_45' title="bbox 361 4205 2005 4283; baseline -0.006 -13"><span class='ocrx_word' id='word_1_291' title='bbox 361 4211 549 4270; x_wconf 84' lang='lat' dir='ltr'>territi</span> <span class='ocrx_word' id='word_1_292' title='bbox 578 4211 777 4283; x_wconf 88' lang='lat' dir='ltr'>itaque</span> <span class='ocrx_word' id='word_1_293' title='bbox 806 4207 1018 4280; x_wconf 89' lang='lat' dir='ltr'>reliqui</span> <span class='ocrx_word' id='word_1_294' title='bbox 1049 4207 1322 4263; x_wconf 86' lang='lat' dir='ltr'>custodes</span> <span class='ocrx_word' id='word_1_295' title='bbox 1352 4211 1411 4262; x_wconf 91' lang='lat' dir='ltr'>et</span> <span class='ocrx_word' id='word_1_296' title='bbox 1458 4205 1799 4278; x_wconf 83' lang='lat' dir='ltr'>paucissimi</span> <span class='ocrx_word' id='word_1_297' title='bbox 1847 4206 2005 4275; x_wconf 90' lang='lat' dir='ltr'>facti,</span> 
     </span>
    </p>
   </div>
   <div class='ocr_carea' id='block_1_46' title="bbox 361 4295 2008 4375">
    <p class='ocr_par' dir='ltr' id='par_1_46' title="bbox 361 4295 2008 4375">
     <span class='ocr_line' id='line_1_46' title="bbox 361 4295 2008 4375; baseline -0.004 -16"><span class='ocrx_word' id='word_1_298' title='bbox 361 4318 550 4375; x_wconf 71' lang='lat' dir='ltr'>neque</span> <span class='ocrx_word' id='word_1_299' title='bbox 584 4300 794 4366; x_wconf 85' lang='lat' dir='ltr'>muris,</span> <span class='ocrx_word' id='word_1_300' title='bbox 825 4314 1012 4371; x_wconf 83' lang='lat' dir='ltr'>neque</span> <span class='ocrx_word' id='word_1_301' title='bbox 1056 4295 1167 4352; x_wconf 88' lang='lat' dir='ltr'>sibi</span> <span class='ocrx_word' id='word_1_302' title='bbox 1216 4295 1522 4351; x_wconf 77' lang='lat' dir='ltr'>conﬁdunt</span> <span class='ocrx_word' id='word_1_303' title='bbox 1554 4311 1566 4351; x_wconf 90' lang='lat'><strong>:</strong></span> <span class='ocrx_word' id='word_1_304' title='bbox 1601 4299 1809 4367; x_wconf 88' lang='lat' dir='ltr'>petunt</span> <span class='ocrx_word' id='word_1_305' title='bbox 1855 4295 2008 4352; x_wconf 91' lang='lat' dir='ltr'>ultro</span> 
     </span>
    </p>
   </div>
   <div class='ocr_carea' id='block_1_47' title="bbox 361 4382 2011 4464">
    <p class='ocr_par' dir='ltr' id='par_1_47' title="bbox 361 4382 2011 4464">
     <span class='ocr_line' id='line_1_47' title="bbox 361 4382 2011 4464; baseline -0.006 -15"><span class='ocrx_word' id='word_1_306' title='bbox 361 4388 906 4464; x_wconf 79' lang='lat' dir='ltr'>pacem,resoranda</span> <span class='ocrx_word' id='word_1_307' title='bbox 933 4386 1185 4442; x_wconf 74' lang='lat' dir='ltr'>olfernnt</span> <span class='ocrx_word' id='word_1_308' title='bbox 1213 4382 2011 4457; x_wconf 87' lang='lat' dir='ltr'>claustra,adingrcssumin-</span> 
     </span>
    </p>
   </div>
   <div class='ocr_carea' id='block_1_48' title="bbox 868 249 3244 319">
    <p class='ocr_par' dir='ltr' id='par_1_48' title="bbox 868 249 3244 319">
     <span class='ocr_line' id='line_1_48' title="bbox 868 249 3244 319; baseline -0.004 -2"><span class='ocrx_word' id='word_1_309' title='bbox 868 259 970 319; x_wconf 91' lang='lat' dir='ltr'>AD</span> <span class='ocrx_word' id='word_1_310' title='bbox 1016 255 1529 319; x_wconf 81' lang='lat' dir='ltr'>GODEFRIDUM</span> <span class='ocrx_word' id='word_1_311' title='bbox 1570 253 1903 316; x_wconf 83' lang='lat' dir='ltr'>APPEND.</span> <span class='ocrx_word' id='word_1_312' title='bbox 1953 251 2026 312; x_wconf 84' lang='lat' dir='ltr'>Il.</span> <span class='ocrx_word' id='word_1_313' title='bbox 2062 282 2138 295; x_wconf 78' lang='lat'>—-—</span> <span class='ocrx_word' id='word_1_314' title='bbox 2170 249 2479 315; x_wconf 71' lang='lat' dir='ltr'>M&#39;ONUM.</span> <span class='ocrx_word' id='word_1_315' title='bbox 2527 251 2629 312; x_wconf 86' lang='lat' dir='ltr'>DE</span> <span class='ocrx_word' id='word_1_316' title='bbox 2670 249 2921 312; x_wconf 80' lang='lat' dir='ltr'><strong>BELLO</strong></span> <span class='ocrx_word' id='word_1_317' title='bbox 2966 250 3244 311; x_wconf 82' lang='lat' dir='ltr'>SACRO.</span> 
     </span>
    </p>
   </div>
   <div class='ocr_carea' id='block_1_49' title="bbox 2030 379 3764 458">
    <p class='ocr_par' dir='ltr' id='par_1_49' title="bbox 2030 379 3764 458">
     <span class='ocr_line' id='line_1_49' title="bbox 2030 379 3764 458; baseline -0.001 -21"><span class='ocrx_word' id='word_1_318' title='bbox 2030 385 2087 452; x_wconf 74' lang='grc' dir='ltr'><strong>Α</strong></span> <span class='ocrx_word' id='word_1_319' title='bbox 2116 382 2376 439; x_wconf 85' lang='lat' dir='ltr'>Ciliciam</span> <span class='ocrx_word' id='word_1_320' title='bbox 2409 381 2770 458; x_wconf 72' lang='lat' dir='ltr'>confugiens,</span> <span class='ocrx_word' id='word_1_321' title='bbox 2802 381 2904 441; x_wconf 81' lang='lat' dir='ltr'>ubi</span> <span class='ocrx_word' id='word_1_322' title='bbox 2946 382 3026 439; x_wconf 72' lang='lat' dir='ltr'>ad</span> <span class='ocrx_word' id='word_1_323' title='bbox 3074 380 3441 443; x_wconf 68' lang='lat' dir='ltr'>Tenendum</span> <span class='ocrx_word' id='word_1_324' title='bbox 3478 379 3764 454; x_wconf 85' lang='lat' dir='ltr'>pervenit,</span> 
     </span>
    </p>
   </div>
   <div class='ocr_carea' id='block_1_50' title="bbox 3643 246 3764 311">
    <p class='ocr_par' dir='ltr' id='par_1_50' title="bbox 3643 246 3764 311">
     <span class='ocr_line' id='line_1_50' title="bbox 3643 246 3764 311; baseline 0.033 -4"><span class='ocrx_word' id='word_1_325' title='bbox 3643 246 3764 311; x_wconf 63' lang='grc' dir='ltr'>ὅθι</span> 
     </span>
    </p>
   </div>
   <div class='ocr_carea' id='block_1_51' title="bbox 2114 471 3764 543">
    <p class='ocr_par' dir='ltr' id='par_1_51' title="bbox 2114 471 3764 543">
     <span class='ocr_line' id='line_1_51' title="bbox 2114 471 3764 543; baseline -0.002 -14"><span class='ocrx_word' id='word_1_326' title='bbox 2114 473 2479 529; x_wconf 86' lang='lat' dir='ltr'>Tancredum</span> <span class='ocrx_word' id='word_1_327' title='bbox 2511 472 2752 530; x_wconf 80' lang='lat' dir='ltr'>invenit.</span> <span class='ocrx_word' id='word_1_328' title='bbox 2785 471 3062 529; x_wconf 84' lang='lat' dir='ltr'>Omnium</span> <span class='ocrx_word' id='word_1_329' title='bbox 3102 471 3261 528; x_wconf 84' lang='lat' dir='ltr'>enim</span> <span class='ocrx_word' id='word_1_330' title='bbox 3294 471 3580 528; x_wconf 64' lang='lat' dir='ltr'>honor-um</span> <span class='ocrx_word' id='word_1_331' title='bbox 3608 485 3764 543; x_wconf 62' lang='lat' dir='ltr'>epu-</span> 
     </span>
    </p>
   </div>
   <div class='ocr_carea' id='block_1_52' title="bbox 2113 557 3769 634">
    <p class='ocr_par' dir='ltr' id='par_1_52' title="bbox 2113 557 3769 634">
     <span class='ocr_line' id='line_1_52' title="bbox 2113 557 3769 634; baseline -0.002 -18"><span class='ocrx_word' id='word_1_332' title='bbox 2113 562 2295 619; x_wconf 87' lang='lat' dir='ltr'>lentia</span> <span class='ocrx_word' id='word_1_333' title='bbox 2323 561 2660 618; x_wconf 87' lang='lat' dir='ltr'>cumulatur</span> <span class='ocrx_word' id='word_1_334' title='bbox 2687 560 3124 634; x_wconf 85' lang='lat' dir='ltr'>susoeptus,qui</span> <span class='ocrx_word' id='word_1_335' title='bbox 3144 559 3410 619; x_wconf 75' lang='lat' dir='ltr'>omnium</span> <span class='ocrx_word' id='word_1_336' title='bbox 3442 557 3769 632; x_wconf 69' lang='lat' dir='ltr'>suscipitur</span> 
     </span>
    </p>
   </div>
   <div class='ocr_carea' id='block_1_53' title="bbox 2115 646 3766 724">
    <p class='ocr_par' dir='ltr' id='par_1_53' title="bbox 2115 646 3766 724">
     <span class='ocr_line' id='line_1_53' title="bbox 2115 646 3766 724; baseline -0.001 -17"><span class='ocrx_word' id='word_1_337' title='bbox 2115 668 2334 724; x_wconf 86' lang='lat' dir='ltr'>egenus</span> <span class='ocrx_word' id='word_1_338' title='bbox 2368 668 2380 706; x_wconf 91' lang='lat'><strong>:</strong></span> <span class='ocrx_word' id='word_1_339' title='bbox 2409 650 2537 708; x_wconf 78' lang='lat' dir='ltr'>exin</span> <span class='ocrx_word' id='word_1_340' title='bbox 2572 650 2952 717; x_wconf 83' lang='lat' dir='ltr'>confortatus,</span> <span class='ocrx_word' id='word_1_341' title='bbox 2982 650 3061 705; x_wconf 86' lang='lat' dir='ltr'>ad</span> <span class='ocrx_word' id='word_1_342' title='bbox 3096 653 3357 707; x_wconf 87' lang='lat' dir='ltr'>montem</span> <span class='ocrx_word' id='word_1_343' title='bbox 3387 646 3766 721; x_wconf 78' lang='lat' dir='ltr'>peregrinum</span> 
     </span>
    </p>
   </div>
   <div class='ocr_carea' id='block_1_54' title="bbox 2113 734 3769 812">
    <p class='ocr_par' dir='ltr' id='par_1_54' title="bbox 2113 734 3769 812">
     <span class='ocr_line' id='line_1_54' title="bbox 2113 734 3769 812; baseline -0.001 -17"><span class='ocrx_word' id='word_1_344' title='bbox 2113 741 2343 809; x_wconf 88' lang='lat' dir='ltr'>transit,</span> <span class='ocrx_word' id='word_1_345' title='bbox 2378 739 2494 796; x_wconf 89' lang='lat' dir='ltr'>illic</span> <span class='ocrx_word' id='word_1_346' title='bbox 2525 739 2624 812; x_wconf 88' lang='lat' dir='ltr'>qui</span> <span class='ocrx_word' id='word_1_347' title='bbox 2653 737 2978 796; x_wconf 83' lang='lat' dir='ltr'>Jerusalem</span> <span class='ocrx_word' id='word_1_348' title='bbox 3028 742 3186 807; x_wconf 85' lang='lat' dir='ltr'>eant,</span> <span class='ocrx_word' id='word_1_349' title='bbox 3218 755 3254 794; x_wconf 89' lang='lat' dir='ltr'>a</span> <span class='ocrx_word' id='word_1_350' title='bbox 3294 737 3509 795; x_wconf 84' lang='lat' dir='ltr'>comite</span> <span class='ocrx_word' id='word_1_351' title='bbox 3551 734 3769 809; x_wconf 79' lang='lat' dir='ltr'>accipit</span> 
     </span>
    </p>
   </div>
   <div class='ocr_carea' id='block_1_55' title="bbox 2115 824 3768 902">
    <p class='ocr_par' dir='ltr' id='par_1_55' title="bbox 2115 824 3768 902">
     <span class='ocr_line' id='line_1_55' title="bbox 2115 824 3768 902; baseline -0.004 -16"><span class='ocrx_word' id='word_1_352' title='bbox 2115 830 2567 887; x_wconf 86' lang='lat' dir='ltr'>comitatum.Ea</span> <span class='ocrx_word' id='word_1_353' title='bbox 2589 831 2936 902; x_wconf 86' lang='lat' dir='ltr'>tempestate</span> <span class='ocrx_word' id='word_1_354' title='bbox 2959 825 3285 885; x_wconf 87' lang='lat' dir='ltr'>Boamundi</span> <span class='ocrx_word' id='word_1_355' title='bbox 3308 824 3633 899; x_wconf 78' lang='lat' dir='ltr'>redemptio</span> <span class='ocrx_word' id='word_1_356' title='bbox 3648 825 3768 885; x_wconf 73' lang='lat' dir='ltr'>sol—</span> 
     </span>
    </p>
   </div>
   <div class='ocr_carea' id='block_1_56' title="bbox 2114 913 3765 990">
    <p class='ocr_par' dir='ltr' id='par_1_56' title="bbox 2114 913 3765 990">
     <span class='ocr_line' id='line_1_56' title="bbox 2114 913 3765 990; baseline -0.002 -16"><span class='ocrx_word' id='word_1_357' title='bbox 2114 919 2300 975; x_wconf 89' lang='lat' dir='ltr'>licitat</span> <span class='ocrx_word' id='word_1_358' title='bbox 2328 916 2633 990; x_wconf 84' lang='lat' dir='ltr'>populum,</span> <span class='ocrx_word' id='word_1_359' title='bbox 2656 917 2945 990; x_wconf 47' lang='lat' dir='ltr'>praecipue</span> <span class='ocrx_word' id='word_1_360' title='bbox 2973 914 3325 975; x_wconf 79' lang='lat' dir='ltr'>Balduinum</span> <span class='ocrx_word' id='word_1_361' title='bbox 3357 913 3765 987; x_wconf 75' lang='lat' dir='ltr'>comitem,qu</span> 
     </span>
    </p>
   </div>
   <div class='ocr_carea' id='block_1_57' title="bbox 2113 1003 3761 1080">
    <p class='ocr_par' dir='ltr' id='par_1_57' title="bbox 2113 1003 3761 1080">
     <span class='ocr_line' id='line_1_57' title="bbox 2113 1003 3761 1080; baseline -0.001 -18"><span class='ocrx_word' id='word_1_362' title='bbox 2113 1006 2396 1063; x_wconf 88' lang='lat' dir='ltr'>Tancredi</span> <span class='ocrx_word' id='word_1_363' title='bbox 2450 1006 2780 1080; x_wconf 65' lang='lat' dir='ltr'>praecipuus</span> <span class='ocrx_word' id='word_1_364' title='bbox 2824 1010 2951 1063; x_wconf 90' lang='lat' dir='ltr'>erat</span> <span class='ocrx_word' id='word_1_365' title='bbox 2997 1003 3295 1063; x_wconf 81' lang='lat' dir='ltr'>inimicus.</span> <span class='ocrx_word' id='word_1_366' title='bbox 3345 1005 3401 1061; x_wconf 86' lang='lat' dir='ltr'><strong>Is</strong></span> <span class='ocrx_word' id='word_1_367' title='bbox 3444 1005 3761 1075; x_wconf 76' lang='lat' dir='ltr'>monendo,</span> 
     </span>
    </p>
   </div>
   <div class='ocr_carea' id='block_1_58' title="bbox 2115 1093 3764 1168">
    <p class='ocr_par' dir='ltr' id='par_1_58' title="bbox 2115 1093 3764 1168">
     <span class='ocr_line' id='line_1_58' title="bbox 2115 1093 3764 1168; baseline -0.001 -17"><span class='ocrx_word' id='word_1_368' title='bbox 2115 1096 2475 1168; x_wconf 89' lang='lat' dir='ltr'>spondendo,</span> <span class='ocrx_word' id='word_1_369' title='bbox 2499 1095 2874 1168; x_wconf 85' lang='lat' dir='ltr'>increpando,</span> <span class='ocrx_word' id='word_1_370' title='bbox 2890 1093 3281 1153; x_wconf 76' lang='lat' dir='ltr'>Antiochenos</span> <span class='ocrx_word' id='word_1_371' title='bbox 3310 1093 3600 1167; x_wconf 72' lang='lat' dir='ltr'>pulsat,ut</span> <span class='ocrx_word' id='word_1_372' title='bbox 3628 1110 3764 1155; x_wconf 75' lang='lat' dir='ltr'>car-</span> 
     </span>
    </p>
   </div>
   <div class='ocr_carea' id='block_1_59' title="bbox 2114 1182 3768 1257">
    <p class='ocr_par' dir='ltr' id='par_1_59' title="bbox 2114 1182 3768 1257">
     <span class='ocr_line' id='line_1_59' title="bbox 2114 1182 3768 1257; baseline 0.001 -17"><span class='ocrx_word' id='word_1_373' title='bbox 2114 1201 2302 1241; x_wconf 85' lang='lat' dir='ltr'>cerem</span> <span class='ocrx_word' id='word_1_374' title='bbox 2332 1184 2670 1241; x_wconf 90' lang='lat' dir='ltr'>Boamundo</span> <span class='ocrx_word' id='word_1_375' title='bbox 2702 1182 2983 1256; x_wconf 81' lang='lat' dir='ltr'>aperiant.</span> <span class='ocrx_word' id='word_1_376' title='bbox 3016 1182 3346 1240; x_wconf 81' lang='lat' dir='ltr'>Bernardus</span> <span class='ocrx_word' id='word_1_377' title='bbox 3393 1198 3627 1256; x_wconf 78' lang='lat' dir='ltr'>quoque</span> <span class='ocrx_word' id='word_1_378' title='bbox 3666 1201 3768 1257; x_wconf 78' lang='lat' dir='ltr'>pa-</span> 
     </span>
    </p>
   </div>
   <div class='ocr_carea' id='block_1_60' title="bbox 2112 1271 3765 1346">
    <p class='ocr_par' dir='ltr' id='par_1_60' title="bbox 2112 1271 3765 1346">
     <span class='ocr_line' id='line_1_60' title="bbox 2112 1271 3765 1346; baseline 0.001 -17"><span class='ocrx_word' id='word_1_379' title='bbox 2112 1273 2368 1330; x_wconf 87' lang='lat' dir='ltr'>triarcha</span> <span class='ocrx_word' id='word_1_380' title='bbox 2388 1290 2589 1330; x_wconf 88' lang='lat' dir='ltr'>recens</span> <span class='ocrx_word' id='word_1_381' title='bbox 2608 1283 2982 1346; x_wconf 87' lang='lat' dir='ltr'>summopere</span> <span class='ocrx_word' id='word_1_382' title='bbox 3002 1271 3402 1345; x_wconf 73' lang='lat' dir='ltr'>nititur,quasi</span> <span class='ocrx_word' id='word_1_383' title='bbox 3431 1272 3765 1331; x_wconf 70' lang='lat' dir='ltr'>retribuam</span> 
     </span>
    </p>
   </div>
   <div class='ocr_carea' id='block_1_61' title="bbox 2114 1360 3762 1436">
    <p class='ocr_par' dir='ltr' id='par_1_61' title="bbox 2114 1360 3762 1436">
     <span class='ocr_line' id='line_1_61' title="bbox 2114 1360 3762 1436; baseline 0 -18"><span class='ocrx_word' id='word_1_384' title='bbox 2114 1363 2270 1436; x_wconf 92' lang='lat' dir='ltr'>quod</span> <span class='ocrx_word' id='word_1_385' title='bbox 2290 1380 2425 1419; x_wconf 89' lang='lat' dir='ltr'>eum</span> <span class='ocrx_word' id='word_1_386' title='bbox 2442 1363 2513 1419; x_wconf 89' lang='lat' dir='ltr'>de</span> <span class='ocrx_word' id='word_1_387' title='bbox 2530 1362 2656 1435; x_wconf 89' lang='lat' dir='ltr'>ipso</span> <span class='ocrx_word' id='word_1_388' title='bbox 2674 1377 2902 1418; x_wconf 84' lang='lat' dir='ltr'>carcere</span> <span class='ocrx_word' id='word_1_389' title='bbox 2918 1360 3321 1421; x_wconf 80' lang='lat' dir='ltr'>sublimaverit</span> <span class='ocrx_word' id='word_1_390' title='bbox 3339 1362 3722 1423; x_wconf 84' lang='lat' dir='ltr'>Boamundus</span> <span class='ocrx_word' id='word_1_391' title='bbox 3746 1379 3762 1419; x_wconf 90' lang='lat'><strong>:</strong></span> 
     </span>
    </p>
   </div>
   <div class='ocr_carea' id='block_1_62' title="bbox 2113 1450 3764 1519">
    <p class='ocr_par' dir='ltr' id='par_1_62' title="bbox 2113 1450 3764 1519">
     <span class='ocr_line' id='line_1_62' title="bbox 2113 1450 3764 1519; baseline 0.002 -11"><span class='ocrx_word' id='word_1_392' title='bbox 2113 1469 2221 1509; x_wconf 91' lang='lat' dir='ltr'>nec</span> <span class='ocrx_word' id='word_1_393' title='bbox 2244 1452 2579 1508; x_wconf 89' lang='lat' dir='ltr'>Tancredus</span> <span class='ocrx_word' id='word_1_394' title='bbox 2603 1455 2801 1508; x_wconf 85' lang='lat' dir='ltr'>tamen</span> <span class='ocrx_word' id='word_1_395' title='bbox 2832 1450 2968 1508; x_wconf 87' lang='lat' dir='ltr'>huic</span> <span class='ocrx_word' id='word_1_396' title='bbox 2998 1451 3192 1508; x_wconf 87' lang='lat' dir='ltr'>studio</span> <span class='ocrx_word' id='word_1_397' title='bbox 3219 1451 3583 1519; x_wconf 81' lang='lat' dir='ltr'>obviat.lioet</span> <span class='ocrx_word' id='word_1_398' title='bbox 3612 1453 3764 1511; x_wconf 77' lang='lat' dir='ltr'>Boa-</span> 
     </span>
    </p>
   </div>
   <div class='ocr_carea' id='block_1_63' title="bbox 2115 1538 3761 1613">
    <p class='ocr_par' dir='ltr' id='par_1_63' title="bbox 2115 1538 3761 1613">
     <span class='ocr_line' id='line_1_63' title="bbox 2115 1538 3761 1613; baseline 0 -16"><span class='ocrx_word' id='word_1_399' title='bbox 2115 1541 2321 1598; x_wconf 90' lang='lat' dir='ltr'>mundi</span> <span class='ocrx_word' id='word_1_400' title='bbox 2355 1539 2603 1597; x_wconf 87' lang='lat' dir='ltr'>redditio</span> <span class='ocrx_word' id='word_1_401' title='bbox 2618 1538 2991 1613; x_wconf 81' lang='lat' dir='ltr'>prosperitati</span> <span class='ocrx_word' id='word_1_402' title='bbox 3006 1540 3140 1611; x_wconf 86' lang='lat' dir='ltr'>ejus</span> <span class='ocrx_word' id='word_1_403' title='bbox 3156 1540 3459 1599; x_wconf 67' lang='lat' dir='ltr'>obviatura</span> <span class='ocrx_word' id='word_1_404' title='bbox 3473 1540 3761 1599; x_wconf 82' lang='lat' dir='ltr'>videatur.</span> 
     </span>
    </p>
   </div>
   <div class='ocr_carea' id='block_1_64' title="bbox 2116 1627 3766 1702">
    <p class='ocr_par' dir='ltr' id='par_1_64' title="bbox 2116 1627 3766 1702">
     <span class='ocr_line' id='line_1_64' title="bbox 2116 1627 3766 1702; baseline 0.002 -16"><span class='ocrx_word' id='word_1_405' title='bbox 2116 1630 2334 1686; x_wconf 89' lang='lat' dir='ltr'>Partim</span> <span class='ocrx_word' id='word_1_406' title='bbox 2365 1628 2700 1702; x_wconf 84' lang='lat' dir='ltr'>his,partim</span> <span class='ocrx_word' id='word_1_407' title='bbox 2724 1627 2842 1685; x_wconf 89' lang='lat' dir='ltr'>illis</span> <span class='ocrx_word' id='word_1_408' title='bbox 2860 1628 3316 1702; x_wconf 84' lang='lat' dir='ltr'>aspernantibus</span> <span class='ocrx_word' id='word_1_409' title='bbox 3348 1630 3766 1691; x_wconf 73' lang='lat' dir='ltr'>:Boamundus</span> 
     </span>
    </p>
   </div>
   <div class='ocr_carea' id='block_1_65' title="bbox 2115 1717 3766 1788">
    <p class='ocr_par' dir='ltr' id='par_1_65' title="bbox 2115 1717 3766 1788">
     <span class='ocr_line' id='line_1_65' title="bbox 2115 1717 3766 1788; baseline 0.003 -14"><span class='ocrx_word' id='word_1_410' title='bbox 2115 1718 2421 1776; x_wconf 82' lang='lat' dir='ltr'>revertitur</span> <span class='ocrx_word' id='word_1_411' title='bbox 2469 1719 2667 1775; x_wconf 87' lang='lat' dir='ltr'>decem</span> <span class='ocrx_word' id='word_1_412' title='bbox 2711 1717 3059 1774; x_wconf 83' lang='lat' dir='ltr'>miriadibus</span> <span class='ocrx_word' id='word_1_413' title='bbox 3090 1717 3532 1777; x_wconf 82' lang='lat' dir='ltr'>Michelatorum</span> <span class='ocrx_word' id='word_1_414' title='bbox 3558 1721 3639 1788; x_wconf 83' lang='lat'>(6)</span> <span class='ocrx_word' id='word_1_415' title='bbox 3668 1719 3766 1779; x_wconf 68' lang='lat' dir='ltr'>vix</span> 
     </span>
    </p>
   </div>
   <div class='ocr_carea' id='block_1_66' title="bbox 2117 1806 3766 1880">
    <p class='ocr_par' dir='ltr' id='par_1_66' title="bbox 2117 1806 3766 1880">
     <span class='ocr_line' id='line_1_66' title="bbox 2117 1806 3766 1880; baseline 0.001 -16"><span class='ocrx_word' id='word_1_416' title='bbox 2117 1806 2696 1880; x_wconf 80' lang='lat' dir='ltr'>redemptus.Reddit</span> <span class='ocrx_word' id='word_1_417' title='bbox 2724 1806 2775 1862; x_wconf 88' lang='lat' dir='ltr'>ei</span> <span class='ocrx_word' id='word_1_418' title='bbox 2806 1807 3146 1864; x_wconf 83' lang='lat' dir='ltr'>Tancredus</span> <span class='ocrx_word' id='word_1_419' title='bbox 3172 1808 3330 1879; x_wconf 84' lang='lat' dir='ltr'>quod</span> <span class='ocrx_word' id='word_1_420' title='bbox 3361 1813 3683 1880; x_wconf 73' lang='lat' dir='ltr'>accepant,</span> <span class='ocrx_word' id='word_1_421' title='bbox 3702 1812 3766 1865; x_wconf 81' lang='lat' dir='ltr'>et</span> 
     </span>
    </p>
   </div>
   <div class='ocr_carea' id='block_1_67' title="bbox 2117 1894 3766 1972">
    <p class='ocr_par' dir='ltr' id='par_1_67' title="bbox 2117 1894 3766 1972">
     <span class='ocr_line' id='line_1_67' title="bbox 2117 1894 3766 1972; baseline 0.003 -18"><span class='ocrx_word' id='word_1_422' title='bbox 2117 1898 2271 1971; x_wconf 91' lang='lat' dir='ltr'>quod</span> <span class='ocrx_word' id='word_1_423' title='bbox 2304 1913 2417 1952; x_wconf 90' lang='lat' dir='ltr'>non</span> <span class='ocrx_word' id='word_1_424' title='bbox 2448 1899 2747 1967; x_wconf 68' lang='lat' dir='ltr'>acceperat</span> <span class='ocrx_word' id='word_1_425' title='bbox 2770 1913 2783 1950; x_wconf 89' lang='lat'><strong>:</strong></span> <span class='ocrx_word' id='word_1_426' title='bbox 2805 1894 3054 1953; x_wconf 84' lang='lat' dir='ltr'>alterum</span> <span class='ocrx_word' id='word_1_427' title='bbox 3082 1896 3323 1968; x_wconf 86' lang='lat' dir='ltr'>quidem</span> <span class='ocrx_word' id='word_1_428' title='bbox 3354 1897 3562 1967; x_wconf 71' lang='lat' dir='ltr'>libens,</span> <span class='ocrx_word' id='word_1_429' title='bbox 3586 1903 3766 1972; x_wconf 85' lang='lat' dir='ltr'>atque</span> 
     </span>
    </p>
   </div>
   <div class='ocr_carea' id='block_1_68' title="bbox 2116 1983 3764 2057">
    <p class='ocr_par' dir='ltr' id='par_1_68' title="bbox 2116 1983 3764 2057">
     <span class='ocr_line' id='line_1_68' title="bbox 2116 1983 3764 2057; baseline 0.002 -16"><span class='ocrx_word' id='word_1_430' title='bbox 2116 1988 2365 2041; x_wconf 84' lang='lat' dir='ltr'>alterum</span> <span class='ocrx_word' id='word_1_431' title='bbox 2405 1990 2661 2040; x_wconf 88' lang='lat' dir='ltr'>coactus.</span> <span class='ocrx_word' id='word_1_432' title='bbox 2703 1983 3052 2053; x_wconf 86' lang='lat' dir='ltr'>Laodiciam,</span> <span class='ocrx_word' id='word_1_433' title='bbox 3083 1984 3439 2054; x_wconf 82' lang='lat' dir='ltr'>Mamistam,</span> <span class='ocrx_word' id='word_1_434' title='bbox 3470 1988 3764 2057; x_wconf 59' lang='lat' dir='ltr'>Adduam,</span> 
     </span>
    </p>
   </div>
   <div class='ocr_carea' id='block_1_69' title="bbox 2114 2072 3760 2151">
    <p class='ocr_par' dir='ltr' id='par_1_69' title="bbox 2114 2072 3760 2151">
     <span class='ocr_line' id='line_1_69' title="bbox 2114 2072 3760 2151; baseline 0.004 -22"><span class='ocrx_word' id='word_1_435' title='bbox 2114 2075 2403 2130; x_wconf 84' lang='lat' dir='ltr'>Tharsum</span> <span class='ocrx_word' id='word_1_436' title='bbox 2455 2072 2690 2146; x_wconf 85' lang='lat' dir='ltr'>proprio</span> <span class='ocrx_word' id='word_1_437' title='bbox 2732 2073 2944 2130; x_wconf 89' lang='lat' dir='ltr'>sudore</span> <span class='ocrx_word' id='word_1_438' title='bbox 2989 2079 3205 2146; x_wconf 74' lang='lat' dir='ltr'>partes,</span> <span class='ocrx_word' id='word_1_439' title='bbox 3241 2076 3479 2135; x_wconf 74' lang='lat' dir='ltr'>reddere</span> <span class='ocrx_word' id='word_1_440' title='bbox 3506 2077 3760 2151; x_wconf 75' lang='lat' dir='ltr'>cogitur,</span> 
     </span>
    </p>
   </div>
   <div class='ocr_carea' id='block_1_70' title="bbox 2116 2161 3765 2237">
    <p class='ocr_par' dir='ltr' id='par_1_70' title="bbox 2116 2161 3765 2237">
     <span class='ocr_line' id='line_1_70' title="bbox 2116 2161 3765 2237; baseline 0.006 -18"><span class='ocrx_word' id='word_1_441' title='bbox 2116 2164 2376 2236; x_wconf 89' lang='lat' dir='ltr'>alioquin</span> <span class='ocrx_word' id='word_1_442' title='bbox 2407 2161 2629 2219; x_wconf 86' lang='lat' dir='ltr'>catenis</span> <span class='ocrx_word' id='word_1_443' title='bbox 2675 2165 2734 2219; x_wconf 90' lang='lat' dir='ltr'>et</span> <span class='ocrx_word' id='word_1_444' title='bbox 2781 2163 2931 2220; x_wconf 69' lang='lat' dir='ltr'>ftl‘t‘O</span> <span class='ocrx_word' id='word_1_445' title='bbox 2978 2164 3425 2237; x_wconf 86' lang='lat' dir='ltr'>mancipandus.</span> <span class='ocrx_word' id='word_1_446' title='bbox 3456 2166 3551 2227; x_wconf 88' lang='lat' dir='ltr'>Sic</span> <span class='ocrx_word' id='word_1_447' title='bbox 3588 2168 3765 2229; x_wconf 66' lang='lat' dir='ltr'>bonis</span> 
     </span>
    </p>
   </div>
   <div class='ocr_carea' id='block_1_71' title="bbox 2115 2250 3758 2323">
    <p class='ocr_par' dir='ltr' id='par_1_71' title="bbox 2115 2250 3758 2323">
     <span class='ocr_line' id='line_1_71' title="bbox 2115 2250 3758 2323; baseline 0.005 -14"><span class='ocrx_word' id='word_1_448' title='bbox 2115 2253 2413 2321; x_wconf 89' lang='lat' dir='ltr'>omnibus,</span> <span class='ocrx_word' id='word_1_449' title='bbox 2447 2251 2605 2308; x_wconf 89' lang='lat' dir='ltr'>socia</span> <span class='ocrx_word' id='word_1_450' title='bbox 2651 2251 2827 2308; x_wconf 90' lang='lat' dir='ltr'>etiam</span> <span class='ocrx_word' id='word_1_451' title='bbox 2860 2250 3072 2309; x_wconf 89' lang='lat' dir='ltr'>militia</span> <span class='ocrx_word' id='word_1_452' title='bbox 3118 2254 3357 2323; x_wconf 76' lang='lat' dir='ltr'>nudato,</span> <span class='ocrx_word' id='word_1_453' title='bbox 3391 2255 3485 2310; x_wconf 75' lang='lat' dir='ltr'>vix</span> <span class='ocrx_word' id='word_1_454' title='bbox 3520 2258 3758 2317; x_wconf 74' lang='lat' dir='ltr'>tandem</span> 
     </span>
    </p>
   </div>
   <div class='ocr_carea' id='block_1_72' title="bbox 2113 2339 3208 2415">
    <p class='ocr_par' dir='ltr' id='par_1_72' title="bbox 2113 2339 3208 2415">
     <span class='ocr_line' id='line_1_72' title="bbox 2113 2339 3208 2415; baseline -0.001 -16"><span class='ocrx_word' id='word_1_455' title='bbox 2113 2341 2394 2415; x_wconf 86' lang='lat' dir='ltr'>oppidula</span> <span class='ocrx_word' id='word_1_456' title='bbox 2422 2341 2538 2397; x_wconf 92' lang='lat' dir='ltr'>duo</span> <span class='ocrx_word' id='word_1_457' title='bbox 2558 2339 2810 2414; x_wconf 88' lang='lat' dir='ltr'>supplici</span> <span class='ocrx_word' id='word_1_458' title='bbox 2839 2340 3208 2414; x_wconf 76' lang='lat' dir='ltr'>supplentur.</span> 
     </span>
    </p>
   </div>
   <div class='ocr_carea' id='block_1_73' title="bbox 2114 2447 3761 2521">
    <p class='ocr_par' dir='ltr' id='par_1_73' title="bbox 2114 2447 3761 2521">
     <span class='ocr_line' id='line_1_73' title="bbox 2114 2447 3761 2521; baseline 0.005 -17"><span class='ocrx_word' id='word_1_459' title='bbox 2114 2448 2403 2504; x_wconf 68' lang='lat' dir='ltr'><strong>CXLVIII.</strong></span> <span class='ocrx_word' id='word_1_460' title='bbox 2434 2479 2501 2489; x_wconf 90' lang='lat'><em>—</em></span> <span class='ocrx_word' id='word_1_461' title='bbox 2522 2447 2735 2521; x_wconf 69' lang='lat' dir='ltr'>Bellum</span> <span class='ocrx_word' id='word_1_462' title='bbox 2751 2455 2963 2521; x_wconf 65' lang='lat' dir='ltr'>mooent</span> <span class='ocrx_word' id='word_1_463' title='bbox 2987 2448 3216 2521; x_wconf 75' lang='lat' dir='ltr'>Assyrii,</span> <span class='ocrx_word' id='word_1_464' title='bbox 3243 2449 3508 2508; x_wconf 74' lang='lat' dir='ltr'>Edessam</span> <span class='ocrx_word' id='word_1_465' title='bbox 3520 2456 3761 2512; x_wconf 81' lang='lat' dir='ltr'>circum-</span> 
     </span>
    </p>
   </div>
   <div class='ocr_carea' id='block_1_74' title="bbox 2518 2518 3356 2590">
    <p class='ocr_par' dir='ltr' id='par_1_74' title="bbox 2518 2518 3356 2590">
     <span class='ocr_line' id='line_1_74' title="bbox 2518 2518 3356 2590; baseline 0.005 -16"><span class='ocrx_word' id='word_1_466' title='bbox 2518 2518 2672 2583; x_wconf 85' lang='lat' dir='ltr'>dant,</span> <span class='ocrx_word' id='word_1_467' title='bbox 2700 2518 2965 2590; x_wconf 51' lang='lat' dir='ltr'>pretium</span> <span class='ocrx_word' id='word_1_468' title='bbox 2992 2518 3356 2578; x_wconf 59' lang='lat' dir='ltr'>committunt.</span> 
     </span>
    </p>
   </div>
   <div class='ocr_carea' id='block_1_75' title="bbox 2185 2606 3764 2685">
    <p class='ocr_par' dir='ltr' id='par_1_75' title="bbox 2185 2606 3764 2685">
     <span class='ocr_line' id='line_1_75' title="bbox 2185 2606 3764 2685; baseline 0.007 -21"><span class='ocrx_word' id='word_1_469' title='bbox 2185 2609 2245 2664; x_wconf 89' lang='lat' dir='ltr'><strong>In</strong></span> <span class='ocrx_word' id='word_1_470' title='bbox 2256 2614 2413 2664; x_wconf 89' lang='lat' dir='ltr'>terea</span> <span class='ocrx_word' id='word_1_471' title='bbox 2427 2606 2646 2663; x_wconf 89' lang='lat' dir='ltr'>bellum</span> <span class='ocrx_word' id='word_1_472' title='bbox 2662 2610 2894 2663; x_wconf 82' lang='lat' dir='ltr'>movent</span> <span class='ocrx_word' id='word_1_473' title='bbox 2905 2607 3764 2685; x_wconf 72' lang='lat' dir='ltr'>Assyrii,vicinamqueintlnita</span> 
     </span>
    </p>
   </div>
   <div class='ocr_carea' id='block_1_76' title="bbox 2115 2694 3761 2765">
    <p class='ocr_par' dir='ltr' id='par_1_76' title="bbox 2115 2694 3761 2765">
     <span class='ocr_line' id='line_1_76' title="bbox 2115 2694 3761 2765; baseline 0.005 -9"><span class='ocrx_word' id='word_1_474' title='bbox 2115 2697 2493 2757; x_wconf 87' lang='lat' dir='ltr'>multitudine</span> <span class='ocrx_word' id='word_1_475' title='bbox 2510 2696 2785 2753; x_wconf 85' lang='lat' dir='ltr'>Edessam</span> <span class='ocrx_word' id='word_1_476' title='bbox 2810 2694 3371 2757; x_wconf 67' lang='lat' dir='ltr'>circumdatholat</span> <span class='ocrx_word' id='word_1_477' title='bbox 3386 2703 3761 2765; x_wconf 76' lang='lat' dir='ltr'>Antiochiam</span> 
     </span>
    </p>
   </div>
   <div class='ocr_carea' id='block_1_77' title="bbox 2115 2786 3760 2857">
    <p class='ocr_par' dir='ltr' id='par_1_77' title="bbox 2115 2786 3760 2857">
     <span class='ocr_line' id='line_1_77' title="bbox 2115 2786 3760 2857; baseline 0.002 -14"><span class='ocrx_word' id='word_1_478' title='bbox 2115 2804 2317 2843; x_wconf 91' lang='lat' dir='ltr'>rumor</span> <span class='ocrx_word' id='word_1_479' title='bbox 2349 2803 2362 2841; x_wconf 91' lang='lat'>:</span> <span class='ocrx_word' id='word_1_480' title='bbox 2388 2786 2770 2843; x_wconf 85' lang='lat' dir='ltr'>Boamundus</span> <span class='ocrx_word' id='word_1_481' title='bbox 2790 2803 2960 2857; x_wconf 88' lang='lat' dir='ltr'>opem</span> <span class='ocrx_word' id='word_1_482' title='bbox 2983 2787 3128 2843; x_wconf 84' lang='lat' dir='ltr'>ferre</span> <span class='ocrx_word' id='word_1_483' title='bbox 3156 2794 3358 2849; x_wconf 80' lang='lat' dir='ltr'>oratus</span> <span class='ocrx_word' id='word_1_484' title='bbox 3372 2809 3497 2848; x_wconf 73' lang='lat' dir='ltr'>non</span> <span class='ocrx_word' id='word_1_485' title='bbox 3522 2794 3722 2853; x_wconf 63' lang='lat' dir='ltr'>dium</span> <span class='ocrx_word' id='word_1_486' title='bbox 3740 2813 3760 2853; x_wconf 85' lang='lat'><strong>:</strong></span> 
     </span>
    </p>
   </div>
   <div class='ocr_carea' id='block_1_78' title="bbox 2114 2874 3758 2954">
    <p class='ocr_par' dir='ltr' id='par_1_78' title="bbox 2114 2874 3758 2954">
     <span class='ocr_line' id='line_1_78' title="bbox 2114 2874 3758 2954; baseline 0.006 -22"><span class='ocrx_word' id='word_1_487' title='bbox 2114 2875 2324 2932; x_wconf 85' lang='lat' dir='ltr'>transit</span> <span class='ocrx_word' id='word_1_488' title='bbox 2358 2874 3049 2948; x_wconf 80' lang='lat' dir='ltr'>Euphraten,patriarcha</span> <span class='ocrx_word' id='word_1_489' title='bbox 3066 2892 3200 2937; x_wconf 83' lang='lat' dir='ltr'>cum</span> <span class='ocrx_word' id='word_1_490' title='bbox 3224 2894 3292 2935; x_wconf 84' lang='lat' dir='ltr'>eo</span> <span class='ocrx_word' id='word_1_491' title='bbox 3319 2885 3377 2939; x_wconf 84' lang='lat' dir='ltr'>et</span> <span class='ocrx_word' id='word_1_492' title='bbox 3400 2881 3758 2954; x_wconf 77' lang='lat' dir='ltr'>Taneredus,</span> 
     </span>
    </p>
   </div>
   <div class='ocr_carea' id='block_1_79' title="bbox 2114 2962 3763 3045">
    <p class='ocr_par' dir='ltr' id='par_1_79' title="bbox 2114 2962 3763 3045">
     <span class='ocr_line' id='line_1_79' title="bbox 2114 2962 3763 3045; baseline 0.004 -24"><span class='ocrx_word' id='word_1_493' title='bbox 2114 2963 2452 3021; x_wconf 87' lang='lat' dir='ltr'>Goscelinus</span> <span class='ocrx_word' id='word_1_494' title='bbox 2464 2962 2822 3034; x_wconf 84' lang='lat' dir='ltr'>quoque,qui</span> <span class='ocrx_word' id='word_1_495' title='bbox 2844 2967 2983 3019; x_wconf 86' lang='lat' dir='ltr'>tunc</span> <span class='ocrx_word' id='word_1_496' title='bbox 2998 2964 3279 3038; x_wconf 80' lang='lat' dir='ltr'>temporis</span> <span class='ocrx_word' id='word_1_497' title='bbox 3294 2969 3499 3029; x_wconf 68' lang='lat' dir='ltr'>urbem</span> <span class='ocrx_word' id='word_1_498' title='bbox 3520 2972 3763 3045; x_wconf 66' lang='lat' dir='ltr'>regebat</span> 
     </span>
    </p>
   </div>
   <div class='ocr_carea' id='block_1_80' title="bbox 2112 3050 3759 3145">
    <p class='ocr_par' dir='ltr' id='par_1_80' title="bbox 2112 3050 3759 3145">
     <span class='ocr_line' id='line_1_80' title="bbox 2112 3050 3759 3145; baseline 0.007 -34"><span class='ocrx_word' id='word_1_499' title='bbox 2112 3052 2449 3145; x_wconf 71' lang='lat' dir='ltr'>Maresium,</span> <span class='ocrx_word' id='word_1_500' title='bbox 2480 3055 2538 3108; x_wconf 87' lang='lat' dir='ltr'>et</span> <span class='ocrx_word' id='word_1_501' title='bbox 2564 3050 2691 3123; x_wconf 88' lang='lat' dir='ltr'>ipse</span> <span class='ocrx_word' id='word_1_502' title='bbox 2720 3051 2953 3119; x_wconf 80' lang='lat' dir='ltr'>transit,</span> <span class='ocrx_word' id='word_1_503' title='bbox 2984 3069 3182 3110; x_wconf 84' lang='lat' dir='ltr'>secum</span> <span class='ocrx_word' id='word_1_504' title='bbox 3213 3055 3436 3115; x_wconf 80' lang='lat' dir='ltr'>ducens</span> <span class='ocrx_word' id='word_1_505' title='bbox 3464 3061 3759 3135; x_wconf 76' lang='lat' dir='ltr'>quidquid</span> 
     </span>
    </p>
   </div>
   <div class='ocr_carea' id='block_1_81' title="bbox 2113 3139 3755 3222">
    <p class='ocr_par' dir='ltr' id='par_1_81' title="bbox 2113 3139 3755 3222">
     <span class='ocr_line' id='line_1_81' title="bbox 2113 3139 3755 3222; baseline 0.006 -24"><span class='ocrx_word' id='word_1_506' title='bbox 2113 3139 2552 3199; x_wconf 55' lang='lat' dir='ltr'>virium&#39;habet.</span> <span class='ocrx_word' id='word_1_507' title='bbox 2609 3139 2777 3196; x_wconf 85' lang='lat' dir='ltr'>Turci</span> <span class='ocrx_word' id='word_1_508' title='bbox 2836 3140 3087 3198; x_wconf 86' lang='lat' dir='ltr'>adventu</span> <span class='ocrx_word' id='word_1_509' title='bbox 3149 3143 3476 3207; x_wconf 79' lang='lat' dir='ltr'>Boamundi</span> <span class='ocrx_word' id='word_1_510' title='bbox 3532 3150 3755 3222; x_wconf 77' lang='lat' dir='ltr'>audita,</span> 
     </span>
    </p>
   </div>
   <div class='ocr_carea' id='block_1_82' title="bbox 2113 3228 3758 3306">
    <p class='ocr_par' dir='ltr' id='par_1_82' title="bbox 2113 3228 3758 3306">
     <span class='ocr_line' id='line_1_82' title="bbox 2113 3228 3758 3306; baseline 0.006 -19"><span class='ocrx_word' id='word_1_511' title='bbox 2113 3232 2391 3289; x_wconf 88' lang='lat' dir='ltr'>Edessam</span> <span class='ocrx_word' id='word_1_512' title='bbox 2448 3228 2774 3295; x_wconf 87' lang='lat' dir='ltr'>dimittunt,</span> <span class='ocrx_word' id='word_1_513' title='bbox 2825 3228 3150 3289; x_wconf 83' lang='lat' dir='ltr'>abscedunt</span> <span class='ocrx_word' id='word_1_514' title='bbox 3192 3232 3502 3306; x_wconf 76' lang='lat' dir='ltr'>paululum</span> <span class='ocrx_word' id='word_1_515' title='bbox 3552 3237 3758 3299; x_wconf 66' lang='lat' dir='ltr'>Martis</span> 
     </span>
    </p>
   </div>
   <div class='ocr_carea' id='block_1_83' title="bbox 2111 3316 3757 3402">
    <p class='ocr_par' dir='ltr' id='par_1_83' title="bbox 2111 3316 3757 3402">
     <span class='ocr_line' id='line_1_83' title="bbox 2111 3316 3757 3402; baseline 0.007 -26"><span class='ocrx_word' id='word_1_516' title='bbox 2111 3319 2392 3388; x_wconf 88' lang='lat' dir='ltr'>avidi,sed</span> <span class='ocrx_word' id='word_1_517' title='bbox 2424 3316 2865 3374; x_wconf 89' lang='lat' dir='ltr'>dissimulantes</span> <span class='ocrx_word' id='word_1_518' title='bbox 2899 3334 2911 3372; x_wconf 89' lang='lat'><strong>:</strong></span> <span class='ocrx_word' id='word_1_519' title='bbox 2945 3334 3013 3375; x_wconf 83' lang='lat' dir='ltr'>ea</span> <span class='ocrx_word' id='word_1_520' title='bbox 3044 3319 3261 3393; x_wconf 86' lang='lat' dir='ltr'>quippe</span> <span class='ocrx_word' id='word_1_521' title='bbox 3305 3325 3523 3383; x_wconf 73' lang='lat' dir='ltr'>astutia</span> <span class='ocrx_word' id='word_1_522' title='bbox 3548 3326 3757 3402; x_wconf 56' lang='lat' dir='ltr'>fugam</span> 
     </span>
    </p>
   </div>
   <div class='ocr_carea' id='block_1_84' title="bbox 2112 3406 3763 3478">
    <p class='ocr_par' dir='ltr' id='par_1_84' title="bbox 2112 3406 3763 3478">
     <span class='ocr_line' id='line_1_84' title="bbox 2112 3406 3763 3478; baseline 0.007 -13"><span class='ocrx_word' id='word_1_523' title='bbox 2112 3408 2488 3473; x_wconf 87' lang='lat' dir='ltr'>simulant,ut</span> <span class='ocrx_word' id='word_1_524' title='bbox 2515 3406 2721 3463; x_wconf 88' lang='lat' dir='ltr'>fallant</span> <span class='ocrx_word' id='word_1_525' title='bbox 2759 3407 3013 3463; x_wconf 83' lang='lat' dir='ltr'>advenas</span> <span class='ocrx_word' id='word_1_526' title='bbox 3042 3406 3371 3469; x_wconf 85' lang='lat' dir='ltr'>inconsulte</span> <span class='ocrx_word' id='word_1_527' title='bbox 3402 3419 3713 3476; x_wconf 75' lang='lat' dir='ltr'>secuturos</span> <span class='ocrx_word' id='word_1_528' title='bbox 3740 3436 3763 3478; x_wconf 67' lang='grc' dir='ltr'><em>ι</em></span> 
     </span>
    </p>
   </div>
   <div class='ocr_carea' id='block_1_85' title="bbox 2112 3495 3767 3575">
    <p class='ocr_par' dir='ltr' id='par_1_85' title="bbox 2112 3495 3767 3575">
     <span class='ocr_line' id='line_1_85' title="bbox 2112 3495 3767 3575; baseline 0.002 -20"><span class='ocrx_word' id='word_1_529' title='bbox 2112 3503 2178 3555; x_wconf 90' lang='lat' dir='ltr'>ut</span> <span class='ocrx_word' id='word_1_530' title='bbox 2207 3498 2264 3554; x_wconf 90' lang='lat' dir='ltr'>hi</span> <span class='ocrx_word' id='word_1_531' title='bbox 2292 3513 2397 3570; x_wconf 88' lang='lat' dir='ltr'>per</span> <span class='ocrx_word' id='word_1_532' title='bbox 2426 3500 2564 3552; x_wconf 91' lang='lat' dir='ltr'>nota</span> <span class='ocrx_word' id='word_1_533' title='bbox 2592 3495 2665 3551; x_wconf 91' lang='lat' dir='ltr'>ad</span> <span class='ocrx_word' id='word_1_534' title='bbox 2698 3500 2826 3551; x_wconf 89' lang='lat' dir='ltr'>tuta</span> <span class='ocrx_word' id='word_1_535' title='bbox 2853 3495 3183 3566; x_wconf 83' lang='lat' dir='ltr'>devenient,</span> <span class='ocrx_word' id='word_1_536' title='bbox 3217 3498 3302 3555; x_wconf 82' lang='lat' dir='ltr'>illi</span> <span class='ocrx_word' id='word_1_537' title='bbox 3334 3502 3406 3561; x_wconf 82' lang='lat' dir='ltr'>ad</span> <span class='ocrx_word' id='word_1_538' title='bbox 3433 3504 3767 3575; x_wconf 70' lang='lat' dir='ltr'>perin</span> 
     </span>
    </p>
   </div>
   <div class='ocr_carea' id='block_1_86' title="bbox 2113 3583 3769 3661">
    <p class='ocr_par' dir='ltr' id='par_1_86' title="bbox 2113 3583 3769 3661">
     <span class='ocr_line' id='line_1_86' title="bbox 2113 3583 3769 3661; baseline 0.007 -18"><span class='ocrx_word' id='word_1_539' title='bbox 2113 3603 2217 3661; x_wconf 89' lang='lat' dir='ltr'>per</span> <span class='ocrx_word' id='word_1_540' title='bbox 2247 3586 2445 3659; x_wconf 84' lang='lat' dir='ltr'>ignota</span> <span class='ocrx_word' id='word_1_541' title='bbox 2469 3602 2482 3653; x_wconf 89' lang='lat'><strong>;</strong></span> <span class='ocrx_word' id='word_1_542' title='bbox 2516 3588 2581 3640; x_wconf 91' lang='lat' dir='ltr'>ut</span> <span class='ocrx_word' id='word_1_543' title='bbox 2610 3583 2668 3639; x_wconf 91' lang='lat' dir='ltr'>hi</span> <span class='ocrx_word' id='word_1_544' title='bbox 2702 3584 2772 3640; x_wconf 88' lang='lat' dir='ltr'>ad</span> <span class='ocrx_word' id='word_1_545' title='bbox 2796 3585 3121 3657; x_wconf 87' lang='lat' dir='ltr'>panem,illi</span> <span class='ocrx_word' id='word_1_546' title='bbox 3144 3588 3217 3644; x_wconf 81' lang='lat' dir='ltr'>ad</span> <span class='ocrx_word' id='word_1_547' title='bbox 3244 3590 3460 3649; x_wconf 82' lang='lat' dir='ltr'>famem</span> <span class='ocrx_word' id='word_1_548' title='bbox 3484 3608 3499 3660; x_wconf 89' lang='lat'><strong>;</strong></span> <span class='ocrx_word' id='word_1_549' title='bbox 3524 3597 3587 3653; x_wconf 83' lang='lat' dir='ltr'>ut</span> <span class='ocrx_word' id='word_1_550' title='bbox 3608 3594 3667 3653; x_wconf 87' lang='lat' dir='ltr'>hi</span> <span class='ocrx_word' id='word_1_551' title='bbox 3688 3597 3769 3655; x_wconf 73' lang='lat' dir='ltr'>ad</span> 
     </span>
    </p>
   </div>
   <div class='ocr_carea' id='block_1_87' title="bbox 2114 3670 3774 3756">
    <p class='ocr_par' dir='ltr' id='par_1_87' title="bbox 2114 3670 3774 3756">
     <span class='ocr_line' id='line_1_87' title="bbox 2114 3670 3774 3756; baseline 0.006 -25"><span class='ocrx_word' id='word_1_552' title='bbox 2114 3691 2413 3732; x_wconf 90' lang='lat' dir='ltr'>armorum</span> <span class='ocrx_word' id='word_1_553' title='bbox 2435 3670 2954 3746; x_wconf 81' lang='lat' dir='ltr'>supplementa,illi</span> <span class='ocrx_word' id='word_1_554' title='bbox 2978 3675 3050 3730; x_wconf 88' lang='lat' dir='ltr'>ad</span> <span class='ocrx_word' id='word_1_555' title='bbox 3073 3676 3547 3739; x_wconf 79' lang='lat' dir='ltr'>detrimenta.Sic</span> <span class='ocrx_word' id='word_1_556' title='bbox 3565 3683 3774 3756; x_wconf 45' lang='lat' dir='ltr'>pauit</span> 
     </span>
    </p>
   </div>
   <div class='ocr_carea' id='block_1_88' title="bbox 2112 3760 3768 3843">
    <p class='ocr_par' dir='ltr' id='par_1_88' title="bbox 2112 3760 3768 3843">
     <span class='ocr_line' id='line_1_88' title="bbox 2112 3760 3768 3843; baseline 0.007 -23"><span class='ocrx_word' id='word_1_557' title='bbox 2112 3765 2222 3820; x_wconf 89' lang='lat' dir='ltr'>tim</span> <span class='ocrx_word' id='word_1_558' title='bbox 2251 3762 2446 3819; x_wconf 91' lang='lat' dir='ltr'>triduo</span> <span class='ocrx_word' id='word_1_559' title='bbox 2473 3760 2627 3817; x_wconf 92' lang='lat' dir='ltr'>ultra</span> <span class='ocrx_word' id='word_1_560' title='bbox 2643 3761 2851 3817; x_wconf 86' lang='lat' dir='ltr'>Carras</span> <span class='ocrx_word' id='word_1_561' title='bbox 2872 3762 3075 3819; x_wconf 89' lang='lat' dir='ltr'>urbem</span> <span class='ocrx_word' id='word_1_562' title='bbox 3098 3763 3506 3832; x_wconf 83' lang='lat' dir='ltr'>eliciendo,alii</span> <span class='ocrx_word' id='word_1_563' title='bbox 3526 3770 3768 3843; x_wconf 64' lang='lat' dir='ltr'>fallunt,</span> 
     </span>
    </p>
   </div>
   <div class='ocr_carea' id='block_1_89' title="bbox 2115 3849 3773 3924">
    <p class='ocr_par' dir='ltr' id='par_1_89' title="bbox 2115 3849 3773 3924">
     <span class='ocr_line' id='line_1_89' title="bbox 2115 3849 3773 3924; baseline 0.001 -16"><span class='ocrx_word' id='word_1_564' title='bbox 2115 3857 2293 3924; x_wconf 86' lang='lat' dir='ltr'>atque</span> <span class='ocrx_word' id='word_1_565' title='bbox 2316 3850 2418 3907; x_wconf 87' lang='lat' dir='ltr'>alii</span> <span class='ocrx_word' id='word_1_566' title='bbox 2452 3849 2769 3905; x_wconf 87' lang='lat' dir='ltr'>falluntur:</span> <span class='ocrx_word' id='word_1_567' title='bbox 2803 3850 2986 3906; x_wconf 91' lang='lat' dir='ltr'>donec</span> <span class='ocrx_word' id='word_1_568' title='bbox 3016 3852 3089 3907; x_wconf 90' lang='lat' dir='ltr'>ad</span> <span class='ocrx_word' id='word_1_569' title='bbox 3111 3852 3331 3911; x_wconf 85' lang='lat' dir='ltr'>ﬂumen</span> <span class='ocrx_word' id='word_1_570' title='bbox 3365 3857 3576 3915; x_wconf 75' lang='lat' dir='ltr'>Chobar</span> <span class='ocrx_word' id='word_1_571' title='bbox 3604 3861 3773 3918; x_wconf 77' lang='lat' dir='ltr'>veni.</span> 
     </span>
    </p>
   </div>
   <div class='ocr_carea' id='block_1_90' title="bbox 2114 3936 3772 4021">
    <p class='ocr_par' dir='ltr' id='par_1_90' title="bbox 2114 3936 3772 4021">
     <span class='ocr_line' id='line_1_90' title="bbox 2114 3936 3772 4021; baseline 0.005 -25"><span class='ocrx_word' id='word_1_572' title='bbox 2114 3945 2211 3997; x_wconf 91' lang='lat' dir='ltr'>tur</span> <span class='ocrx_word' id='word_1_573' title='bbox 2238 3944 2296 3997; x_wconf 90' lang='lat' dir='ltr'>et</span> <span class='ocrx_word' id='word_1_574' title='bbox 2325 3938 2628 3995; x_wconf 86' lang='lat' dir='ltr'>transitur.</span> <span class='ocrx_word' id='word_1_575' title='bbox 2664 3936 2753 3994; x_wconf 90' lang='lat' dir='ltr'>Illi</span> <span class='ocrx_word' id='word_1_576' title='bbox 2784 3938 2918 3994; x_wconf 86' lang='lat' dir='ltr'>urbi</span> <span class='ocrx_word' id='word_1_577' title='bbox 2970 3938 3106 3995; x_wconf 90' lang='lat' dir='ltr'>belli</span> <span class='ocrx_word' id='word_1_578' title='bbox 3158 3940 3362 3999; x_wconf 85' lang='lat' dir='ltr'>dilatio</span> <span class='ocrx_word' id='word_1_579' title='bbox 3410 3944 3616 4007; x_wconf 78' lang='lat' dir='ltr'>Turcis</span> <span class='ocrx_word' id='word_1_580' title='bbox 3634 3949 3772 4021; x_wconf 77' lang='lat' dir='ltr'>jam</span> 
     </span>
    </p>
   </div>
   <div class='ocr_carea' id='block_1_91' title="bbox 2116 4028 3771 4110">
    <p class='ocr_par' dir='ltr' id='par_1_91' title="bbox 2116 4028 3771 4110">
     <span class='ocr_line' id='line_1_91' title="bbox 2116 4028 3771 4110; baseline 0.007 -24"><span class='ocrx_word' id='word_1_581' title='bbox 2116 4028 2373 4097; x_wconf 85' lang='lat' dir='ltr'>sufﬁcit;</span> <span class='ocrx_word' id='word_1_582' title='bbox 2408 4029 2557 4101; x_wconf 81' lang='lat' dir='ltr'>fugae</span> <span class='ocrx_word' id='word_1_583' title='bbox 2606 4028 2869 4085; x_wconf 87' lang='lat' dir='ltr'>obmissa</span> <span class='ocrx_word' id='word_1_584' title='bbox 2911 4029 3307 4102; x_wconf 84' lang='lat' dir='ltr'>simulatione,</span> <span class='ocrx_word' id='word_1_585' title='bbox 3341 4033 3559 4097; x_wconf 83' lang='lat' dir='ltr'>bellum</span> <span class='ocrx_word' id='word_1_586' title='bbox 3589 4039 3771 4110; x_wconf 83' lang='lat' dir='ltr'>cient,</span> 
     </span>
    </p>
   </div>
   <div class='ocr_carea' id='block_1_92' title="bbox 2116 4116 3772 4187">
    <p class='ocr_par' dir='ltr' id='par_1_92' title="bbox 2116 4116 3772 4187">
     <span class='ocr_line' id='line_1_92' title="bbox 2116 4116 3772 4187; baseline 0.007 -12"><span class='ocrx_word' id='word_1_587' title='bbox 2116 4118 2335 4175; x_wconf 90' lang='lat' dir='ltr'>bellum</span> <span class='ocrx_word' id='word_1_588' title='bbox 2366 4134 2522 4186; x_wconf 88' lang='lat' dir='ltr'>voce,</span> <span class='ocrx_word' id='word_1_589' title='bbox 2556 4116 2775 4174; x_wconf 89' lang='lat' dir='ltr'>bellum</span> <span class='ocrx_word' id='word_1_590' title='bbox 2831 4136 3010 4175; x_wconf 89' lang='lat' dir='ltr'>manu</span> <span class='ocrx_word' id='word_1_591' title='bbox 3042 4127 3313 4179; x_wconf 83' lang='lat' dir='ltr'>exercent</span> <span class='ocrx_word' id='word_1_592' title='bbox 3344 4140 3358 4179; x_wconf 90' lang='lat'><strong>:</strong></span> <span class='ocrx_word' id='word_1_593' title='bbox 3390 4141 3772 4187; x_wconf 61' lang='lat' dir='ltr'>consumtum-</span> 
     </span>
    </p>
   </div>
   <div class='ocr_carea' id='block_1_93' title="bbox 2115 4206 3775 4287">
    <p class='ocr_par' dir='ltr' id='par_1_93' title="bbox 2115 4206 3775 4287">
     <span class='ocr_line' id='line_1_93' title="bbox 2115 4206 3775 4287; baseline 0.007 -23"><span class='ocrx_word' id='word_1_594' title='bbox 2115 4213 2244 4264; x_wconf 85' lang='lat' dir='ltr'>tum</span> <span class='ocrx_word' id='word_1_595' title='bbox 2273 4222 2402 4263; x_wconf 85' lang='lat' dir='ltr'>esse</span> <span class='ocrx_word' id='word_1_596' title='bbox 2424 4206 2502 4262; x_wconf 88' lang='lat' dir='ltr'>de</span> <span class='ocrx_word' id='word_1_597' title='bbox 2532 4206 2751 4262; x_wconf 86' lang='lat' dir='ltr'>nostris</span> <span class='ocrx_word' id='word_1_598' title='bbox 2782 4212 3012 4280; x_wconf 81' lang='lat' dir='ltr'>putant,</span> <span class='ocrx_word' id='word_1_599' title='bbox 3043 4210 3216 4281; x_wconf 73' lang='lat' dir='ltr'>quasi</span> <span class='ocrx_word' id='word_1_600' title='bbox 3236 4216 3625 4287; x_wconf 68' lang='lat' dir='ltr'>transgressis</span> <span class='ocrx_word' id='word_1_601' title='bbox 3656 4217 3775 4275; x_wconf 62' lang='grc' dir='ltr'>θυι</span> 
     </span>
    </p>
   </div>
   <div class='ocr_carea' id='block_1_94' title="bbox 2115 4294 3772 4373">
    <p class='ocr_par' dir='ltr' id='par_1_94' title="bbox 2115 4294 3772 4373">
     <span class='ocr_line' id='line_1_94' title="bbox 2115 4294 3772 4373; baseline 0.008 -22"><span class='ocrx_word' id='word_1_602' title='bbox 2115 4296 2275 4353; x_wconf 90' lang='lat' dir='ltr'>vium</span> <span class='ocrx_word' id='word_1_603' title='bbox 2305 4298 2502 4367; x_wconf 87' lang='lat' dir='ltr'>erepta</span> <span class='ocrx_word' id='word_1_604' title='bbox 2519 4294 2596 4351; x_wconf 92' lang='lat' dir='ltr'>sit</span> <span class='ocrx_word' id='word_1_605' title='bbox 2622 4295 2771 4368; x_wconf 60' lang='lat' dir='ltr'>fugis</span> <span class='ocrx_word' id='word_1_606' title='bbox 2800 4296 3325 4373; x_wconf 78' lang='lat' dir='ltr'>libertas,fatigatis</span> <span class='ocrx_word' id='word_1_607' title='bbox 3354 4318 3424 4359; x_wconf 80' lang='lat' dir='ltr'>ex</span> <span class='ocrx_word' id='word_1_608' title='bbox 3442 4302 3651 4365; x_wconf 78' lang='lat' dir='ltr'>itinere</span> <span class='ocrx_word' id='word_1_609' title='bbox 3676 4306 3772 4364; x_wconf 70' lang='lat' dir='ltr'>vi-</span> 
     </span>
    </p>
   </div>
   <div class='ocr_carea' id='block_1_95' title="bbox 2116 4384 3767 4458">
    <p class='ocr_par' dir='ltr' id='par_1_95' title="bbox 2116 4384 3767 4458">
     <span class='ocr_line' id='line_1_95' title="bbox 2116 4384 3767 4458; baseline 0.007 -16"><span class='ocrx_word' id='word_1_610' title='bbox 2116 4385 2349 4442; x_wconf 82' lang='lat' dir='ltr'>res.Nee</span> <span class='ocrx_word' id='word_1_611' title='bbox 2380 4384 2549 4457; x_wconf 84' lang='lat' dir='ltr'>longe</span> <span class='ocrx_word' id='word_1_612' title='bbox 2578 4401 2613 4440; x_wconf 85' lang='lat' dir='ltr'>a</span> <span class='ocrx_word' id='word_1_613' title='bbox 2640 4401 2773 4442; x_wconf 89' lang='lat' dir='ltr'>vero</span> <span class='ocrx_word' id='word_1_614' title='bbox 2802 4387 3129 4458; x_wconf 86' lang='lat' dir='ltr'>putandum</span> <span class='ocrx_word' id='word_1_615' title='bbox 3148 4393 3274 4447; x_wconf 81' lang='lat' dir='ltr'>est:</span> <span class='ocrx_word' id='word_1_616' title='bbox 3309 4391 3397 4446; x_wconf 88' lang='lat' dir='ltr'>sic</span> <span class='ocrx_word' id='word_1_617' title='bbox 3423 4396 3513 4451; x_wconf 78' lang='lat' dir='ltr'>est</span> <span class='ocrx_word' id='word_1_618' title='bbox 3542 4400 3767 4455; x_wconf 73' lang='lat' dir='ltr'>actum.</span> 
     </span>
    </p>
   </div>
   <div class='ocr_carea' id='block_1_96' title="bbox 359 4472 3771 4559">
    <p class='ocr_par' dir='ltr' id='par_1_96' title="bbox 359 4472 3771 4559">
     <span class='ocr_line' id='line_1_96' title="bbox 359 4472 3771 4559; baseline 0.001 -24"><span class='ocrx_word' id='word_1_619' title='bbox 359 4480 564 4547; x_wconf 75' lang='lat' dir='ltr'>vitant,</span> <span class='ocrx_word' id='word_1_620' title='bbox 597 4478 707 4537; x_wconf 86' lang='lat' dir='ltr'>tuti</span> <span class='ocrx_word' id='word_1_621' title='bbox 755 4474 1104 4533; x_wconf 88' lang='lat' dir='ltr'>commercio</span> <span class='ocrx_word' id='word_1_622' title='bbox 1150 4490 1444 4546; x_wconf 86' lang='lat' dir='ltr'>egressus.</span> <span class='ocrx_word' id='word_1_623' title='bbox 1493 4472 1685 4529; x_wconf 88' lang='lat' dir='ltr'>Placet</span> <span class='ocrx_word' id='word_1_624' title='bbox 1730 4473 2002 4546; x_wconf 88' lang='lat' dir='ltr'>principi,</span> <span class='ocrx_word' id='word_1_625' title='bbox 2035 4493 2085 4559; x_wconf 68' lang='grc' dir='ltr'><strong>Β</strong></span> <span class='ocrx_word' id='word_1_626' title='bbox 2112 4472 2426 4530; x_wconf 85' lang='lat' dir='ltr'>Christiani</span> <span class='ocrx_word' id='word_1_627' title='bbox 2456 4473 2637 4530; x_wconf 87' lang='lat' dir='ltr'>ternis</span> <span class='ocrx_word' id='word_1_628' title='bbox 2656 4474 2993 4547; x_wconf 82' lang='lat' dir='ltr'>agminibus</span> <span class='ocrx_word' id='word_1_629' title='bbox 3014 4476 3771 4549; x_wconf 50' lang='lat' dir='ltr'>incedebmanmundnn</span> 
     </span>
    </p>
   </div>
   <div class='ocr_carea' id='block_1_97' title="bbox 360 4562 2009 4642">
    <p class='ocr_par' dir='ltr' id='par_1_97' title="bbox 360 4562 2009 4642">
     <span class='ocr_line' id='line_1_97' title="bbox 360 4562 2009 4642; baseline -0.004 -16"><span class='ocrx_word' id='word_1_630' title='bbox 360 4568 564 4642; x_wconf 74' lang='lat' dir='ltr'>sicque</span> <span class='ocrx_word' id='word_1_631' title='bbox 592 4571 726 4640; x_wconf 87' lang='lat' dir='ltr'>post</span> <span class='ocrx_word' id='word_1_632' title='bbox 755 4565 986 4622; x_wconf 89' lang='lat' dir='ltr'>labores</span> <span class='ocrx_word' id='word_1_633' title='bbox 1015 4562 1793 4635; x_wconf 26' lang='lat' dir='ltr'>diutinos,quietis.domum</span> <span class='ocrx_word' id='word_1_634' title='bbox 1813 4562 2009 4619; x_wconf 84' lang='lat' dir='ltr'>Antio-</span> 
     </span>
    </p>
   </div>
   <div class='ocr_carea' id='block_1_98' title="bbox 359 4655 807 4715">
    <p class='ocr_par' dir='ltr' id='par_1_98' title="bbox 359 4655 807 4715">
     <span class='ocr_line' id='line_1_98' title="bbox 359 4655 807 4715; baseline -0.011 -1"><span class='ocrx_word' id='word_1_635' title='bbox 359 4656 554 4715; x_wconf 79' lang='lat' dir='ltr'>chiam</span> <span class='ocrx_word' id='word_1_636' title='bbox 588 4655 807 4713; x_wconf 89' lang='lat' dir='ltr'>revisit.</span> 
     </span>
    </p>
   </div>
   <div class='ocr_carea' id='block_1_99' title="bbox 360 4757 2011 4831">
    <p class='ocr_par' dir='ltr' id='par_1_99' title="bbox 360 4757 2011 4831">
     <span class='ocr_line' id='line_1_99' title="bbox 360 4757 2011 4831; baseline -0.004 -11"><span class='ocrx_word' id='word_1_637' title='bbox 360 4763 620 4820; x_wconf 79' lang='lat' dir='ltr'>CXLVlI.</span> <span class='ocrx_word' id='word_1_638' title='bbox 655 4793 721 4803; x_wconf 74' lang='grc' dir='ltr'>-ο</span> <span class='ocrx_word' id='word_1_639' title='bbox 753 4761 1196 4831; x_wconf 74' lang='lat' dir='ltr'>Archiepiscopus</span> <span class='ocrx_word' id='word_1_640' title='bbox 1225 4757 1638 4812; x_wconf 70' lang='lat' dir='ltr'>Mediolanensis</span> <span class='ocrx_word' id='word_1_641' title='bbox 1667 4759 2011 4831; x_wconf 23' lang='lat' dir='ltr'>cum‘comite</span> 
     </span>
    </p>
   </div>
   <div class='ocr_carea' id='block_1_100' title="bbox 432 4829 2013 4900">
    <p class='ocr_par' dir='ltr' id='par_1_100' title="bbox 432 4829 2013 4900">
     <span class='ocr_line' id='line_1_100' title="bbox 432 4829 2013 4900; baseline -0.004 -8"><span class='ocrx_word' id='word_1_642' title='bbox 432 4835 747 4892; x_wconf 75' lang='lat' dir='ltr'>Pictavensi</span> <span class='ocrx_word' id='word_1_643' title='bbox 774 4829 965 4888; x_wconf 72' lang='lat' dir='ltr'>contra</span> <span class='ocrx_word' id='word_1_644' title='bbox 995 4831 1316 4885; x_wconf 77' lang='lat' dir='ltr'>Danismam</span> <span class='ocrx_word' id='word_1_645' title='bbox 1360 4837 1690 4900; x_wconf 80' lang='lat' dir='ltr'>superatur;</span> <span class='ocrx_word' id='word_1_646' title='bbox 1722 4829 2013 4886; x_wconf 80' lang='lat' dir='ltr'>redimitur</span> 
     </span>
    </p>
   </div>
   <div class='ocr_carea' id='block_1_101' title="bbox 433 4904 808 4963">
    <p class='ocr_par' dir='ltr' id='par_1_101' title="bbox 433 4904 808 4963">
     <span class='ocr_line' id='line_1_101' title="bbox 433 4904 808 4963; baseline -0.016 0"><span class='ocrx_word' id='word_1_647' title='bbox 433 4904 808 4963; x_wconf 82' lang='lat' dir='ltr'>Boamundus.</span> 
     </span>
    </p>
   </div>
   <div class='ocr_carea' id='block_1_102' title="bbox 432 5005 2015 5082">
    <p class='ocr_par' dir='ltr' id='par_1_102' title="bbox 432 5005 2015 5082">
     <span class='ocr_line' id='line_1_102' title="bbox 432 5005 2015 5082; baseline -0.003 -15"><span class='ocrx_word' id='word_1_648' title='bbox 432 5012 593 5068; x_wconf 86' lang='lat' dir='ltr'>Tunc</span> <span class='ocrx_word' id='word_1_649' title='bbox 616 5008 901 5082; x_wconf 89' lang='lat' dir='ltr'>temporis</span> <span class='ocrx_word' id='word_1_650' title='bbox 923 5005 1238 5063; x_wconf 80' lang='lat' dir='ltr'>Anselmus</span> <span class='ocrx_word' id='word_1_651' title='bbox 1270 5005 2015 5081; x_wconf 86' lang='lat' dir='ltr'>Mediolanensisarchiepi-</span> 
     </span>
    </p>
   </div>
   <div class='ocr_carea' id='block_1_103' title="bbox 363 5095 2014 5172">
    <p class='ocr_par' dir='ltr' id='par_1_103' title="bbox 363 5095 2014 5172">
     <span class='ocr_line' id='line_1_103' title="bbox 363 5095 2014 5172; baseline -0.002 -15"><span class='ocrx_word' id='word_1_652' title='bbox 363 5116 600 5172; x_wconf 88' lang='lat' dir='ltr'>scopus,</span> <span class='ocrx_word' id='word_1_653' title='bbox 650 5097 1101 5168; x_wconf 90' lang='lat' dir='ltr'>Willelmusque</span> <span class='ocrx_word' id='word_1_654' title='bbox 1151 5112 1346 5152; x_wconf 88' lang='lat' dir='ltr'>comes</span> <span class='ocrx_word' id='word_1_655' title='bbox 1395 5095 1769 5154; x_wconf 86' lang='lat' dir='ltr'>Pictaviensis</span> <span class='ocrx_word' id='word_1_656' title='bbox 1811 5103 2014 5153; x_wconf 91' lang='lat' dir='ltr'>contra</span> 
     </span>
    </p>
   </div>
   <div class='ocr_carea' id='block_1_104' title="bbox 363 5183 2016 5258">
    <p class='ocr_par' dir='ltr' id='par_1_104' title="bbox 363 5183 2016 5258">
     <span class='ocr_line' id='line_1_104' title="bbox 363 5183 2016 5258; baseline -0.002 -12"><span class='ocrx_word' id='word_1_657' title='bbox 363 5188 708 5247; x_wconf 86' lang='lat' dir='ltr'>Danismam</span> <span class='ocrx_word' id='word_1_658' title='bbox 744 5187 803 5241; x_wconf 87' lang='lat' dir='ltr'>in</span> <span class='ocrx_word' id='word_1_659' title='bbox 834 5186 1120 5241; x_wconf 86' lang='lat' dir='ltr'>Romania</span> <span class='ocrx_word' id='word_1_660' title='bbox 1148 5183 1901 5258; x_wconf 75' lang='lat' dir='ltr'>praeliati,archiepiscOpus</span> <span class='ocrx_word' id='word_1_661' title='bbox 1930 5186 2016 5242; x_wconf 86' lang='lat' dir='ltr'>in-</span> 
     </span>
    </p>
   </div>
   <div class='ocr_carea' id='block_1_105' title="bbox 362 5273 2016 5335">
    <p class='ocr_par' dir='ltr' id='par_1_105' title="bbox 362 5273 2016 5335">
     <span class='ocr_line' id='line_1_105' title="bbox 362 5273 2016 5335; baseline -0.002 0"><span class='ocrx_word' id='word_1_662' title='bbox 362 5277 691 5335; x_wconf 88' lang='lat' dir='ltr'>terimitur:</span> <span class='ocrx_word' id='word_1_663' title='bbox 726 5291 923 5331; x_wconf 90' lang='lat' dir='ltr'>comes</span> <span class='ocrx_word' id='word_1_664' title='bbox 957 5290 1089 5329; x_wconf 86' lang='lat' dir='ltr'>vero</span> <span class='ocrx_word' id='word_1_665' title='bbox 1119 5273 1211 5330; x_wconf 79' lang='lat' dir='ltr'>vix</span> <span class='ocrx_word' id='word_1_666' title='bbox 1243 5275 1567 5330; x_wconf 90' lang='lat' dir='ltr'>Turcorum</span> <span class='ocrx_word' id='word_1_667' title='bbox 1598 5291 1810 5331; x_wconf 89' lang='lat' dir='ltr'>manus</span> <span class='ocrx_word' id='word_1_668' title='bbox 1834 5276 2016 5332; x_wconf 84' lang='lat' dir='ltr'>evasit</span> 
     </span>
    </p>
   </div>
   <div class='ocr_carea' id='block_1_106' title="bbox 362 5363 2013 5438">
    <p class='ocr_par' dir='ltr' id='par_1_106' title="bbox 362 5363 2013 5438">
     <span class='ocr_line' id='line_1_106' title="bbox 362 5363 2013 5438; baseline -0.001 -15"><span class='ocrx_word' id='word_1_669' title='bbox 362 5368 502 5438; x_wconf 81' lang='lat' dir='ltr'>fuga</span> <span class='ocrx_word' id='word_1_670' title='bbox 534 5364 764 5437; x_wconf 87' lang='lat' dir='ltr'>lapsus;</span> <span class='ocrx_word' id='word_1_671' title='bbox 799 5363 1037 5419; x_wconf 88' lang='lat' dir='ltr'>tandem</span> <span class='ocrx_word' id='word_1_672' title='bbox 1069 5379 1202 5420; x_wconf 89' lang='lat' dir='ltr'>vero</span> <span class='ocrx_word' id='word_1_673' title='bbox 1231 5380 1472 5437; x_wconf 89' lang='lat' dir='ltr'>pauper,</span> <span class='ocrx_word' id='word_1_674' title='bbox 1504 5363 1694 5437; x_wconf 89' lang='lat' dir='ltr'>inops,</span> <span class='ocrx_word' id='word_1_675' title='bbox 1728 5364 1924 5421; x_wconf 89' lang='lat' dir='ltr'>nudus</span> <span class='ocrx_word' id='word_1_676' title='bbox 1940 5366 2013 5422; x_wconf 92' lang='lat' dir='ltr'>ad</span> 
     </span>
    </p>
   </div>
   <div class='ocr_carea' id='block_1_107' title="bbox 2116 4561 3768 4644">
    <p class='ocr_par' dir='ltr' id='par_1_107' title="bbox 2116 4561 3768 4644">
     <span class='ocr_line' id='line_1_107' title="bbox 2116 4561 3768 4644; baseline 0.007 -25"><span class='ocrx_word' id='word_1_677' title='bbox 2116 4564 2318 4619; x_wconf 84' lang='lat' dir='ltr'>dextra</span> <span class='ocrx_word' id='word_1_678' title='bbox 2348 4578 2361 4617; x_wconf 92' lang='lat'><strong>:</strong></span> <span class='ocrx_word' id='word_1_679' title='bbox 2396 4561 2635 4618; x_wconf 88' lang='lat' dir='ltr'>sinistra</span> <span class='ocrx_word' id='word_1_680' title='bbox 2654 4567 2712 4619; x_wconf 90' lang='lat' dir='ltr'>et</span> <span class='ocrx_word' id='word_1_681' title='bbox 2730 4568 2895 4636; x_wconf 83' lang='lat' dir='ltr'>parte</span> <span class='ocrx_word' id='word_1_682' title='bbox 2917 4569 2974 4620; x_wconf 88' lang='lat' dir='ltr'>et</span> <span class='ocrx_word' id='word_1_683' title='bbox 2993 4570 3151 4622; x_wconf 86' lang='lat' dir='ltr'>sorte</span> <span class='ocrx_word' id='word_1_684' title='bbox 3176 4580 3378 4629; x_wconf 69' lang='lat' dir='ltr'>comes</span> <span class='ocrx_word' id='word_1_685' title='bbox 3398 4569 3727 4631; x_wconf 71' lang='lat' dir='ltr'>Balduinus</span> <span class='ocrx_word' id='word_1_686' title='bbox 3751 4592 3768 4644; x_wconf 87' lang='lat'><strong>;</strong></span> 
     </span>
    </p>
   </div>
   <div class='ocr_carea' id='block_1_108' title="bbox 2117 4650 3772 4727">
    <p class='ocr_par' dir='ltr' id='par_1_108' title="bbox 2117 4650 3772 4727">
     <span class='ocr_line' id='line_1_108' title="bbox 2117 4650 3772 4727; baseline 0.008 -19"><span class='ocrx_word' id='word_1_687' title='bbox 2117 4652 2291 4708; x_wconf 86' lang='lat' dir='ltr'>ambo</span> <span class='ocrx_word' id='word_1_688' title='bbox 2321 4651 2596 4719; x_wconf 87' lang='lat' dir='ltr'>inermes,</span> <span class='ocrx_word' id='word_1_689' title='bbox 2622 4650 2969 4725; x_wconf 80' lang='lat' dir='ltr'>indeparati,</span> <span class='ocrx_word' id='word_1_690' title='bbox 2988 4653 3675 4727; x_wconf 77' lang='lat' dir='ltr'>improvidi.Tancredus</span> <span class='ocrx_word' id='word_1_691' title='bbox 3700 4663 3772 4721; x_wconf 80' lang='lat' dir='ltr'>in</span> 
     </span>
    </p>
   </div>
   <div class='ocr_carea' id='block_1_109' title="bbox 2120 4741 3773 4816">
    <p class='ocr_par' dir='ltr' id='par_1_109' title="bbox 2120 4741 3773 4816">
     <span class='ocr_line' id='line_1_109' title="bbox 2120 4741 3773 4816; baseline 0.007 -19"><span class='ocrx_word' id='word_1_692' title='bbox 2120 4741 2311 4797; x_wconf 88' lang='lat' dir='ltr'>medio</span> <span class='ocrx_word' id='word_1_693' title='bbox 2337 4744 2599 4814; x_wconf 88' lang='lat' dir='ltr'>paratus,</span> <span class='ocrx_word' id='word_1_694' title='bbox 2632 4741 2930 4813; x_wconf 84' lang='lat' dir='ltr'>providus,</span> <span class='ocrx_word' id='word_1_695' title='bbox 2976 4748 3279 4816; x_wconf 82' lang='lat' dir='ltr'>armatus;</span> <span class='ocrx_word' id='word_1_696' title='bbox 3309 4747 3484 4806; x_wconf 66' lang='lat' dir='ltr'>Tusci</span> <span class='ocrx_word' id='word_1_697' title='bbox 3528 4754 3773 4808; x_wconf 58' lang='lat' dir='ltr'>annos.</span> 
     </span>
    </p>
   </div>
   <div class='ocr_carea' id='block_1_110' title="bbox 2120 4828 3773 4909">
    <p class='ocr_par' dir='ltr' id='par_1_110' title="bbox 2120 4828 3773 4909">
     <span class='ocr_line' id='line_1_110' title="bbox 2120 4828 3773 4909; baseline -0.001 -23"><span class='ocrx_word' id='word_1_698' title='bbox 2120 4831 2337 4887; x_wconf 87' lang='lat' dir='ltr'>debant</span> <span class='ocrx_word' id='word_1_699' title='bbox 2366 4846 2478 4885; x_wconf 90' lang='lat' dir='ltr'>non</span> <span class='ocrx_word' id='word_1_700' title='bbox 2510 4828 2689 4907; x_wconf 63' lang='lat' dir='ltr'>longe~</span> <span class='ocrx_word' id='word_1_701' title='bbox 2711 4831 2877 4903; x_wconf 88' lang='lat' dir='ltr'>quasi</span> <span class='ocrx_word' id='word_1_702' title='bbox 2903 4832 3120 4904; x_wconf 66' lang='lat' dir='ltr'>praevii,</span> <span class='ocrx_word' id='word_1_703' title='bbox 3150 4850 3329 4909; x_wconf 81' lang='lat' dir='ltr'>prope</span> <span class='ocrx_word' id='word_1_704' title='bbox 3358 4835 3641 4896; x_wconf 66' lang='lat' dir='ltr'>habentes</span> <span class='ocrx_word' id='word_1_705' title='bbox 3669 4856 3773 4897; x_wconf 72' lang='grc' dir='ltr'>οι.</span> 
     </span>
    </p>
   </div>
   <div class='ocr_carea' id='block_1_111' title="bbox 2121 4920 3773 4991">
    <p class='ocr_par' dir='ltr' id='par_1_111' title="bbox 2121 4920 3773 4991">
     <span class='ocr_line' id='line_1_111' title="bbox 2121 4920 3773 4991; baseline 0.007 -16"><span class='ocrx_word' id='word_1_706' title='bbox 2121 4920 2324 4976; x_wconf 87' lang='lat' dir='ltr'>cubias</span> <span class='ocrx_word' id='word_1_707' title='bbox 2356 4936 2483 4991; x_wconf 68' lang='lat' dir='ltr'>quae</span> <span class='ocrx_word' id='word_1_708' title='bbox 2512 4922 2737 4975; x_wconf 88' lang='lat' dir='ltr'>statum</span> <span class='ocrx_word' id='word_1_709' title='bbox 2767 4936 3001 4977; x_wconf 88' lang='lat' dir='ltr'>omnem</span> <span class='ocrx_word' id='word_1_710' title='bbox 3030 4922 3385 4981; x_wconf 80' lang='lat' dir='ltr'>Francorum</span> <span class='ocrx_word' id='word_1_711' title='bbox 3404 4927 3773 4987; x_wconf 65' lang='lat' dir='ltr'>nuntiarent.</span> 
     </span>
    </p>
   </div>
   <div class='ocr_carea' id='block_1_112' title="bbox 2123 5008 3777 5083">
    <p class='ocr_par' dir='ltr' id='par_1_112' title="bbox 2123 5008 3777 5083">
     <span class='ocr_line' id='line_1_112' title="bbox 2123 5008 3777 5083; baseline 0.005 -17"><span class='ocrx_word' id='word_1_712' title='bbox 2123 5008 2295 5066; x_wconf 88' lang='lat' dir='ltr'>Lucis</span> <span class='ocrx_word' id='word_1_713' title='bbox 2326 5008 2623 5079; x_wconf 88' lang='lat' dir='ltr'>quadrans</span> <span class='ocrx_word' id='word_1_714' title='bbox 2654 5013 2977 5081; x_wconf 82' lang='lat' dir='ltr'>supererat,</span> <span class='ocrx_word' id='word_1_715' title='bbox 2999 5011 3312 5071; x_wconf 80' lang='lat' dir='ltr'>transierat</span> <span class='ocrx_word' id='word_1_716' title='bbox 3339 5014 3777 5083; x_wconf 81' lang='lat' dir='ltr'>dodrans,cum</span> 
     </span>
    </p>
   </div>
   <div class='ocr_carea' id='block_1_113' title="bbox 2123 5096 3776 5176">
    <p class='ocr_par' dir='ltr' id='par_1_113' title="bbox 2123 5096 3776 5176">
     <span class='ocr_line' id='line_1_113' title="bbox 2123 5096 3776 5176; baseline 0.004 -21"><span class='ocrx_word' id='word_1_717' title='bbox 2123 5098 2327 5155; x_wconf 89' lang='lat' dir='ltr'>Franci</span> <span class='ocrx_word' id='word_1_718' title='bbox 2361 5096 2765 5153; x_wconf 86' lang='lat' dir='ltr'>castrametari</span> <span class='ocrx_word' id='word_1_719' title='bbox 2798 5097 3158 5171; x_wconf 79' lang='lat' dir='ltr'>incwperant</span> <span class='ocrx_word' id='word_1_720' title='bbox 3186 5099 3245 5157; x_wconf 84' lang='lat' dir='ltr'>in</span> <span class='ocrx_word' id='word_1_721' title='bbox 3276 5102 3481 5161; x_wconf 78' lang='lat' dir='ltr'>ordine</span> <span class='ocrx_word' id='word_1_722' title='bbox 3504 5103 3776 5176; x_wconf 66' lang='lat' dir='ltr'>mseri-</span> 
     </span>
    </p>
   </div>
   <div class='ocr_carea' id='block_1_114' title="bbox 2122 5184 3776 5266">
    <p class='ocr_par' dir='ltr' id='par_1_114' title="bbox 2122 5184 3776 5266">
     <span class='ocr_line' id='line_1_114' title="bbox 2122 5184 3776 5266; baseline 0.005 -24"><span class='ocrx_word' id='word_1_723' title='bbox 2122 5187 2396 5261; x_wconf 86' lang='lat' dir='ltr'>pto.Ergo</span> <span class='ocrx_word' id='word_1_724' title='bbox 2427 5184 2527 5242; x_wconf 89' lang='lat' dir='ltr'>ubi</span> <span class='ocrx_word' id='word_1_725' title='bbox 2556 5186 2690 5259; x_wconf 82' lang='lat' dir='ltr'>guis</span> <span class='ocrx_word' id='word_1_726' title='bbox 2718 5191 2978 5259; x_wconf 83' lang='lat' dir='ltr'>paratus,</span> <span class='ocrx_word' id='word_1_727' title='bbox 3002 5188 3137 5261; x_wconf 82' lang='lat' dir='ltr'>quis</span> <span class='ocrx_word' id='word_1_728' title='bbox 3172 5206 3309 5259; x_wconf 84' lang='lat' dir='ltr'>non,</span> <span class='ocrx_word' id='word_1_729' title='bbox 3340 5193 3416 5251; x_wconf 87' lang='lat' dir='ltr'>ab</span> <span class='ocrx_word' id='word_1_730' title='bbox 3440 5192 3776 5266; x_wconf 50' lang='lat' dir='ltr'>equorum</span> 
     </span>
    </p>
   </div>
   <div class='ocr_carea' id='block_1_115' title="bbox 2122 5275 3775 5351">
    <p class='ocr_par' dir='ltr' id='par_1_115' title="bbox 2122 5275 3775 5351">
     <span class='ocr_line' id='line_1_115' title="bbox 2122 5275 3775 5351; baseline 0.006 -20"><span class='ocrx_word' id='word_1_731' title='bbox 2122 5277 2286 5332; x_wconf 87' lang='lat' dir='ltr'>ribus</span> <span class='ocrx_word' id='word_1_732' title='bbox 2317 5275 2489 5331; x_wconf 88' lang='lat' dir='ltr'>Turci</span> <span class='ocrx_word' id='word_1_733' title='bbox 2522 5280 2849 5349; x_wconf 76' lang='lat' dir='ltr'>agnosCunt</span> <span class='ocrx_word' id='word_1_734' title='bbox 2881 5293 2894 5332; x_wconf 87' lang='lat'><strong>:</strong></span> <span class='ocrx_word' id='word_1_735' title='bbox 2928 5282 3167 5350; x_wconf 87' lang='lat' dir='ltr'>repente</span> <span class='ocrx_word' id='word_1_736' title='bbox 3181 5281 3775 5351; x_wconf 78' lang='lat' dir='ltr'>conversi,armatum</span> 
     </span>
    </p>
   </div>
   <div class='ocr_carea' id='block_1_116' title="bbox 2123 5363 3778 5440">
    <p class='ocr_par' dir='ltr' id='par_1_116' title="bbox 2123 5363 3778 5440">
     <span class='ocr_line' id='line_1_116' title="bbox 2123 5363 3778 5440; baseline 0.005 -19"><span class='ocrx_word' id='word_1_737' title='bbox 2123 5365 2490 5422; x_wconf 86' lang='lat' dir='ltr'>Tancredum</span> <span class='ocrx_word' id='word_1_738' title='bbox 2522 5363 2906 5436; x_wconf 83' lang='lat' dir='ltr'>declinantes,</span> <span class='ocrx_word' id='word_1_739' title='bbox 2930 5365 3066 5423; x_wconf 85' lang='lat' dir='ltr'>hinc</span> <span class='ocrx_word' id='word_1_740' title='bbox 3095 5367 3441 5440; x_wconf 77' lang='lat' dir='ltr'>Boamundi,</span> <span class='ocrx_word' id='word_1_741' title='bbox 3468 5370 3609 5429; x_wconf 84' lang='lat' dir='ltr'>inde</span> <span class='ocrx_word' id='word_1_742' title='bbox 3637 5370 3778 5429; x_wconf 83' lang='lat' dir='ltr'>Bai-</span> 
     </span>
    </p>
   </div>
   <div class='ocr_carea' id='block_1_117' title="bbox 432 5464 3776 5556">
    <p class='ocr_par' dir='ltr' id='par_1_117' title="bbox 432 5464 3776 5556">
     <span class='ocr_line' id='line_1_117' title="bbox 432 5464 3776 5556; baseline 0.003 -29"><span class='ocrx_word' id='word_1_743' title='bbox 432 5471 513 5556; x_wconf 69' lang='grc' dir='ltr'>(εξ)</span> <span class='ocrx_word' id='word_1_744' title='bbox 542 5468 740 5556; x_wconf 77' lang='lat' dir='ltr'>Genus</span> <span class='ocrx_word' id='word_1_745' title='bbox 783 5487 1095 5556; x_wconf 76' lang='lat' dir='ltr'>aureorum</span> <span class='ocrx_word' id='word_1_746' title='bbox 1144 5476 1284 5529; x_wconf 87' lang='lat' dir='ltr'>tunc</span> <span class='ocrx_word' id='word_1_747' title='bbox 1316 5471 1376 5527; x_wconf 88' lang='lat' dir='ltr'>in</span> <span class='ocrx_word' id='word_1_748' title='bbox 1405 5469 1658 5548; x_wconf 86' lang='lat' dir='ltr'>publicis</span> <span class='ocrx_word' id='word_1_749' title='bbox 1698 5464 2066 5537; x_wconf 71' lang='lat' dir='ltr'>commerciis</span> <span class='ocrx_word' id='word_1_750' title='bbox 2093 5474 2338 5544; x_wconf 83' lang='lat' dir='ltr'>celebre,</span> <span class='ocrx_word' id='word_1_751' title='bbox 2364 5488 2398 5529; x_wconf 92' lang='lat' dir='ltr'>a</span> <span class='ocrx_word' id='word_1_752' title='bbox 2435 5472 2689 5548; x_wconf 88' lang='lat' dir='ltr'>quodam</span> <span class='ocrx_word' id='word_1_753' title='bbox 2730 5471 3080 5551; x_wconf 83' lang='lat' dir='ltr'>imperatore</span> <span class='ocrx_word' id='word_1_754' title='bbox 3099 5474 3776 5556; x_wconf 77' lang='lat' dir='ltr'>Constantinopolitano,</span> 
     </span>
    </p>
   </div>
   <div class='ocr_carea' id='block_1_118' title="bbox 359 5540 932 5609">
    <p class='ocr_par' dir='ltr' id='par_1_118' title="bbox 359 5540 932 5609">
     <span class='ocr_line' id='line_1_118' title="bbox 359 5540 932 5609; baseline 0.002 -3"><span class='ocrx_word' id='word_1_755' title='bbox 359 5540 643 5606; x_wconf 86' lang='lat' dir='ltr'>Michaele</span> <span class='ocrx_word' id='word_1_756' title='bbox 672 5545 932 5609; x_wconf 87' lang='lat' dir='ltr'>nomine.</span> 
     </span>
    </p>
   </div>
  </div>
