3996 6096
377 301 491 369 58⁴1

881 306 986 369 AD
1033 303 1542 369 GODEFRIDUM
1586 299 1918 366 APPEND.
1963 297 2042 361 II.
2073 333 2151 344 —
2181 296 2492 362 MONUM.
2540 299 2640 360 DE
2684 299 2934 362 BELLO
2979 300 3256 362 SACRO.

3659 293 3782 357 588

377 440 534 496 fecit.
565 438 776 494 Habita
803 438 1004 511 itaque
1035 439 1189 495 intra
1217 439 1370 494 beati
1393 439 1541 495 Petri
1565 436 1869 493 basilicam
1890 451 2022 490 con-
2047 433 2103 500 Α
2133 433 2304 488 dum:
2338 432 2452 500 vix,
2489 431 2594 487 ab!
2627 433 2739 500 vix,
2773 431 3002 488 utinam
3053 431 3462 488 Boamundum
3510 429 3782 496 audiant,

382 528 568 600 cione,
602 527 984 584 Boamundus
1012 528 1096 585 sic
1125 527 1388 584 orditur:

461 640 491 668 ‹‹
523 619 730 691 Magna
759 633 910 690 opus
942 621 1052 684 est,
1086 634 1119 673 ο
1150 633 1436 689 proceres,
1469 615 1579 670 hac
1603 613 1663 670 in
1684 615 2031 686 tempestate

388 705 955 780 providentia,quam
987 705 1037 761 si
1064 703 1438 777 negligimus,
1475 703 1755 776 perimus.
1781 701 2032 758 Invaluit

391 799 594 852 contra
649 811 757 850 nos
787 794 1104 868 gentilitas,
1135 793 1258 849 vias
1289 793 1457 849 nobis
1486 791 1864 848 circumcirca
1893 791 2032 846 obs-

389 888 698 940 truxerunt
746 883 928 939 Graeci
979 887 1037 938 et
1082 883 1289 938 Turci:
1339 881 1602 955 geminas
1649 880 1828 936 totius
1876 879 2034 935 orbis

391 970 872 1046 opulentissimas
893 971 1366 1044 exasperavimus
1383 973 1728 1043 potestates;
1750 971 2033 1025 Constan-

390 1060 698 1134 tinopolim
728 1065 786 1116 et
817 1061 1070 1117 Persida.
1090 1060 1296 1116 Oriens
1314 1076 1420 1115 nos
1437 1075 1539 1132 per
1555 1063 1770 1115 terram
1786 1057 2032 1126 territat,

393 1149 665 1206 occidens
693 1166 826 1205 vero
858 1152 915 1204 et
943 1153 1099 1204 terra
1128 1149 1529 1206 etmari:nam
1544 1145 2034 1213 utaliaomittam,

391 1238 730 1296 Arthasium
763 1237 1052 1294 hactenus
1083 1237 1403 1293 Antiochia:
1434 1236 1672 1310 clypeus
1703 1235 1832 1302 fuit,
1864 1235 2038 1290 modo

395 1343 568 1384 arcus
598 1325 870 1395 intendit,
906 1325 1156 1381 modoin
1169 1341 1276 1381 nos
1292 1324 1856 1397 acuitsagittasznos
1869 1323 2040 1394 pauci

395 1432 627 1482 sumus,
659 1418 716 1470 et
745 1419 940 1470 tamen
959 1430 1191 1486 semper
1206 1413 1276 1468 de
1293 1413 1495 1485 paucis
1513 1413 1689 1468 {imus
1706 1411 2038 1484 pauciores:

395 1503 562 1560 valde
590 1503 944 1559 imminutus
975 1507 1064 1558 est
1092 1518 1375 1558 numerus
1405 1507 1621 1569 noster,
1657 1500 1758 1556 ubi
1781 1517 1935 1556 unus
1954 1503 2044 1556 est

399 1592 656 1650 amissus
687 1607 884 1649 comes
916 1591 1271 1647 Edessanus.
1301 1590 1548 1646 Proinde
1571 1589 1822 1662 vigilate,
1852 1589 2043 1645 consi-

400 1682 599 1738 derate
629 1679 854 1749 attenti,
879 1679 1019 1752 quid
1037 1678 1097 1733 in
1119 1682 1280 1735 tanto
1305 1695 1498 1734 rerum
1523 1677 1755 1734 cardine
1777 1678 1855 1734 sit
1874 1694 2047 1751 agen-

403 1771 542 1827 dum
568 1787 583 1838 ;
616 1785 722 1843 ego
753 1769 909 1840 quod
940 1768 1127 1824 sentio
1153 1765 1406 1822 breviter
1426 1783 1734 1839 exponam.
1762 1767 2044 1839 Expeten-

403 1860 490 1916 dm
520 1863 662 1915 sunt
689 1856 860 1914 nobis
887 1855 1042 1913 vires
1073 1856 1486 1912 transmarinae
1518 1856 1596 1926 [at
1623 1855 2042 1927 transalpinis],

405 1947 724 2004 Galliarum
756 1944 956 2019 populi
989 1944 1341 2010 concitandi,
1375 1944 1616 2000 audacia
1647 1943 1751 2001 illa
1779 1949 1882 2000 aut
1940 1961 2047 2001 nos

404 2035 697 2101 liberabit,
729 2039 834 2091 aut
861 2033 1044 2090 nulla.
1077 2031 1320 2090 Utimini
1353 2048 1469 2100 me,
1498 2049 1611 2100 me,
1645 2031 1910 2104 inquam,
1940 2033 2050 2088 hoc

407 2125 466 2180 i-n
500 2124 734 2198 negotio
765 2122 1069 2190 ministro;
1102 2137 1207 2194 ego
1241 2138 1343 2193 pro
1374 2120 1564 2177 salute
1592 2126 1784 2177 vestra
1814 2138 1927 2177 non
1961 2137 2048 2177 re-

407 2230 549 2269 cuso
571 2210 1234 2284 laborem,gratissimus
1254 2215 1344 2265 est
1371 2209 1516 2265 mihi
1547 2226 1714 2266 meus
1744 2209 1839 2266 ille
1861 2209 2046 2274 labor,

410 2319 512 2375 per
535 2317 710 2375 quem
737 2301 900 2356 vobis
933 2303 1172 2372 paretur
1199 2299 1386 2371 quies.
1422 2309 1468 2348 ››’

483 2391 547 2448 In
579 2390 672 2446 his
702 2388 920 2446 desiuit
947 2393 1006 2444 et
1034 2387 1234 2456 sedet;
1263 2387 1454 2460 surgit
1485 2389 1843 2458 Tancredus,
1877 2393 1936 2444 et
1981 2389 2052 2444 ab

413 2479 506 2537 his
537 2478 761 2553 incipit.

436 2614 439 2617 .
491 2591 522 2620 ι(
554 2568 878 2624 Prudenter
905 2571 1082 2640 atque
1111 2565 1421 2622 manifeste
1451 2565 1794 2638 expositam,
1814 2583 1846 2621 ο
1864 2582 2059 2638 procc-

418 2674 512 2715 ωε
526 2656 540 2712 l
555 2656 938 2714 audististam
951 2656 1131 2712 robur
1140 2655 1424 2723 hostium,
1445 2671 1622 2728 quam
1641 2655 2058 2711 inﬁrmatatem

418 2750 704 2812 nostram,
734 2745 1020 2818 originem
1051 2760 1284 2816 quoque
1313 2761 1380 2800 ac
1411 2745 1612 2810 finem,
1643 2760 1852 2800 causas
1881 2749 1940 2800 et
1969 2761 2062 2801 re-

419 2835 700 2892 medium.
733 2833 1001 2901 Pulchre,
1029 2833 1197 2899 bene,
1229 2836 1383 2888 recte
1415 2847 1592 2905 super
1639 2831 1734 2888 his
1783 2833 2062 2890 disseruit

313 2947 328 2965 ι
419 2924 693 2981 dominus
705 2923 976 2996 princeps
989 2925 1184 2978 noster
1196 2921 1838 2988 Boamundus,necdedi
1846 2927 2062 2994 gnatus

417 3016 509 3070 est
537 3013 740 3070 morbo
769 3010 1121 3067 medicinam
1134 3026 1394 3082 quaerere
1405 3027 1468 3065 se
1479 3010 1683 3066 offerre
1696 3010 2056 3068 ministrum.

416 3101 654 3169 Verum,
686 3117 720 3158 o
750 3115 1018 3173 proceres
1035 3097 1048 3154 l
1067 3115 1492 3172 quorsumnam
1509 3097 1707 3154 istud?
1723 3116 1797 3154 an
1815 3100 1874 3155 in
1894 3100 2063 3157 nobis

2137 520 2238 593 qui
2269 521 2342 576 ad
2372 521 2557 577 exsilii
2589 520 2848 578 laborem
2877 521 3146 590 vocandi,
3179 537 3336 576 nunc
3365 519 3595 593 placida
3623 535 3786 575 com-

2137 611 2291 682 posti
2317 627 2459 683 pace
2489 609 2916 682 principantur.
2939 613 3305 683 Quapropter
3323 609 3394 665 de
3415 613 3620 664 caetero
3632 608 3786 680 jam,

2139 716 2212 755 ne
2242 699 2574 771 cujuspiam
2605 699 2906 755 temeritas
2937 697 3308 771 dispositioni
3344 714 3484 754 mea;
3498 701 3788 764 occurrat,

2139 786 2222 844 ire
2252 787 2560 860 proposui:
2593 804 2710 843 non
2744 793 2835 843 est
2865 786 3166 854 mutabile,
3196 791 3315 842 stat
3337 786 3538 853 fixum,
3563 785 3793 842 solven-

2142 876 2283 931 dum
2313 880 2403 931 est
2432 880 2656 942 votum,
2689 876 2844 948 quod
2868 892 2999 931 mea
3019 873 3156 931 fecit
3178 875 3328 930 ferro
3349 874 3681 946 compedita
3699 874 3799 930 de-

2141 964 2315 1020 votio.
2348 963 2737 1020 Absolverunt
2759 981 2852 1019 me
2875 964 3029 1020 beati
3053 963 3338 1020 Leonardi
3359 963 3659 1036 suffragia,
3685 979 3796 1035 ego

2141 1058 2345 1110 votum
2390 1052 2666 1110 visitandi
2718 1069 2876 1125 eum,
2930 1056 3032 1109 aut
3079 1051 3435 1126 praemoriar,
3469 1056 3571 1108 aut
3599 1050 3796 1108 absol-

2142 1159 2298 1200 vam.
2334 1165 2360 1191 ))

2146 1247 2338 1305 CLIII.
2371 1280 2439 1289 —
2470 1247 2819 1304 Boamundus
2849 1248 3045 1304 relicta
3075 1246 3342 1303 Tancredo
3375 1246 3666 1304 Antiochia
3682 1263 3796 1303 om-

2554 1321 2719 1375 nibus
2750 1319 3015 1375 destituta
3045 1324 3381 1392 transfretat.

2219 1407 2570 1464 Conticitum
2602 1413 2693 1464 est
2722 1409 2793 1463 de
2823 1413 3050 1475 caetero,
3084 1406 3800 1480 nequeultraaquoquam

2147 1496 2436 1552 voluntati
2469 1496 2752 1568 principis
2783 1496 3103 1563 obviatum,
3137 1497 3415 1568 quoniam
3438 1497 3676 1569 quidem
3702 1512 3801 1552 no-

2149 1590 2278 1641 tum
2311 1589 2400 1642 est
2420 1585 2480 1641 in
2504 1585 2738 1659 populis
2761 1585 3154 1658 proverbium,
3180 1585 3272 1641 lex
3292 1585 3560 1658 sequitur
3579 1601 3802 1658 regem,

2153 1691 2266 1747 quo
2297 1674 2420 1729 vult
2450 1690 2549 1730 rex
2579 1675 2793 1729 ducere
2823 1673 3032 1746 legem.
3058 1675 3303 1730 Paratur
3321 1687 3458 1746 ergo
3478 1674 3806 1747 navigium,

2153 1763 2372 1818 habent
2403 1763 2658 1834 remiges
2683 1766 2916 1834 paratos
2933 1763 3096 1818 denas
3113 1761 3385 1829 biremes,
3404 1763 3622 1834 quibus
3637 1762 3808 1817 trina

2155 1850 2443 1923 simplicis
2473 1849 2700 1922 remigii
2731 1849 3046 1906 sociantur.
3082 1867 3231 1922 quas
3286 1849 3460 1923 vulgo
3509 1850 3810 1908 sandalias

2155 1945 2383 1996 vocant.
2420 1941 2532 1994 Hoc
2565 1940 2942 1994 Boamundus
2962 1943 3272 1995 contentus
3296 1955 3563 2006 numero,
3583 1939 3643 1994 in
3665 1956 3812 1995 con-

2157 2032 2361 2100 spectu
2393 2027 2602 2084 classis
2629 2027 2881 2100 Pelasga:
2912 2028 3274 2099 transfretat,
3291 2027 3494 2084 relicta
3507 2027 3813 2084 Marchisi-

2159 2119 2244 2173 die
2275 2117 2601 2173 Antiochia.
2636 2119 3020 2189 Asportantur
3040 2134 3274 2184 aurum,
3298 2121 3628 2189 argentum,
3651 2133 3816 2190 gem-

2161 2223 2291 2277 mae,
2325 2205 2537 2278 pallia;
2571 2205 2714 2262 urbs
2745 2207 2967 2276 absque
2997 2205 3196 2273 tutela,
3233 2207 3454 2279 absque
3477 2205 3810 2278 stipendiis,

2162 2297 2384 2367 absque
2403 2293 2800 2366 stipendiariis
2813 2295 3112 2351 Tancredo
3130 2294 3502 2367 relinquitur.
3525 2294 3814 2352 Habuisse

2164 2401 2257 2440 me
2303 2383 2589 2439 veridicos
2637 2382 2880 2438 memini
2929 2382 3228 2452 relatores,
3279 2382 3380 2455 qui
3431 2399 3501 2438 ea
3563 2383 3815 2454 penuria

2163 2472 2331 2528 illum
2361 2471 2482 2527 vini
2512 2471 2872 2528 abstinuisse
2903 2471 3305 2543 praedicarent,
3335 2488 3499 2544 aquis
3525 2470 3818 2544 simplicis

2165 2561 2384 2617 haustu
2417 2564 2779 2616 contentum.
2814 2561 3084 2633 Dumque
3112 2559 3201 2616 vel
3232 2560 3463 2616 modico
3509 2560 3594 2616 uti
3647 2561 3816 2634 Lyaeo

2167 2653 2403 2723 propter
2431 2649 2803 2705 stomachum
2833 2649 3048 2705 blande
3078 2653 3451 2705 moneretur:
3487 2649 3676 2705 Sinite
3697 2664 3817 2717 me,

2169 2739 2380 2807 aiebat,
2411 2753 2546 2793 cum
2579 2736 3012 2793 abstinentibus
3043 2737 3349 2806 absinere;
3383 2738 3560 2792 fixum
3592 2737 3691 2793 ﬁxi
3735 2738 3822 2795 .de

2169 2827 2464 2902 genimine
2491 2827 2627 2882 vitis
2659 2825 2810 2882 nolle
2840 2827 3118 2898 accipere,
3143 2827 3324 2882 donec
3347 2827 3625 2883 omnibus
3647 2827 3818 2882 sufﬁ-

2171 2917 2321 2972 ciam
2350 2916 2522 2971 dare:
2558 2915 2712 2971 absit
2741 2931 2846 2987 ego
2878 2914 3120 2987 crapula
3149 2914 3471 2984 distendar,
3521 2915 3817 2972 commili-

2170 3011 2338 3062 tones
2367 3005 2482 3061 mei
2513 3003 2709 3060 inedia
2737 3001 3130 3060 marcescant!

2897 3092 3083 3149 CLIV.

417 3208 534 3248 non
567 3195 658 3247 est
673 3169 773 3262 qui
792 3189 948 3246 mitti
967 3169 1191 3262 possit?
1207 3187 1320 3243 nisi
1339 3187 1391 3243 is
1407 3185 1729 3260 clongetur,
1747 3188 1846 3260 qui
1865 3190 2062 3261 potius
2091 3169 2134 3237 C
2241 3184 2490 3256 Jamque
2504 3181 2656 3239 soles
2671 3183 2786 3238 fere
2799 3181 3190 3255 quadraginta
3209 3181 3406 3254 inopia
3427 3181 3822 3255 pertingebat,

417 3277 590 3351 longe
607 3277 836 3351 positus
855 3276 1044 3332 fuerat
1055 3273 1491 3331 acclamandus.
1506 3276 1920 3334 Circumdante
1931 3295 2065 3334 cau-

417 3365 506 3424 las
529 3367 804 3440 luporum
830 3363 1086 3438 agmine,
1100 3364 1410 3436 praesentia
1421 3363 1674 3435 pastoris
1685 3381 1832 3437 opus
1845 3371 1934 3422 est
1946 3383 2061 3423 non

419 3454 688 3513 absentia
709 3472 724 3523 ;
738 3453 838 3510 ille
849 3469 1102 3526 praesens
1117 3451 1372 3524 periculo
1386 3468 1448 3508 se
1460 3451 1722 3524 opponit,
1739 3469 1912 3511 canes
1925 3455 2065 3510 inci-

418 3547 524 3610 tat,
556 3543 856 3616 predones
884 3545 1060 3609 arcet,
1093 3556 1328 3614 gregem
1360 3539 1570 3595 liberat
1597 3541 2060 3612 ;idem,siabsit,

419 3635 609 3689 cessat
637 3630 906 3700 latratus,
939 3628 1230 3684 crudescit
1252 3627 1628 3702 rapina:ipse
1641 3629 2064 3704 quiescit,grex

418 3719 758 3791 dissipatur.
789 3717 968 3774 Valde
997 3721 1055 3772 et
1083 3717 1289 3772 merito
1322 3717 1646 3772 secordiam
1671 3734 1862 3774 meam
1883 3719 2064 3776 incre-

416 3809 582 3883 pabit
623 3807 877 3876 auditor,
927 3806 1027 3862 ubi
1068 3804 1336 3862 senuerit
1365 3805 1792 3862 Boamumdum
1823 3808 2059 3876 abiisse,

417 3897 708 3954 mansisse
739 3896 894 3952 domi
925 3895 1308 3950 Tancredum.
1340 3895 1414 3950 At
1431 3894 1676 3952 fortasse
1693 3896 1748 3951 in
1769 3897 2060 3954 verboillo

415 3989 677 4044 tentatus
723 4001 896 4042 sum:
949 3988 1016 4039 ut
1043 3983 1184 4056 quid
1218 3983 1400 4039 animi
1433 3983 1704 4054 habeam,
1739 3985 1939 4042 audito
1969 4003 2057 4055 eo,

416 4075 804 4133 manifestem.
839 4072 1038 4129 Palam
1067 4076 1157 4129 est
1183 4071 1455 4129 voluntas
1489 4089 1636 4140 mea,
1669 4091 1784 4130 non
1808 4074 2060 4146 reprimo

415 4168 782 4223 aestuantem.
836 4163 951 4217 Hoc
999 4176 1103 4233 pro
1150 4159 1339 4215 salute
1390 4161 1690 4215 communi
1735 4161 2061 4233 periculum

418 4253 565 4311 mihi
591 4250 914 4325 expostulo,
946 4254 1111 4305 tutus
1143 4248 1470 4321 aggredior,
1503 4265 1606 4321 pro
1639 4265 1881 4306 munere
1934 4268 2062 4307 am-

419 4342 676 4417 plector:
709 4343 892 4412 utque
919 4335 1124 4412 petitio
1165 4353 1476 4393 assensum
1523 4337 1812 4410 impetret,
1866 4356 2060 4396 coram

419 4433 536 4491 Deo
566 4429 840 4504 polliceor
867 4426 1240 4484 sedulitatem
1271 4426 1330 4481 in
1363 4426 1665 4498 obsequio,
1707 4426 2060 4484 celeritatem

2172 3290 2307 3328 cum
2333 3272 2504 3346 pleno
2536 3289 2718 3328 cornu
2749 3271 2917 3344 copia
2935 3271 3122 3337 adest,
3145 3288 3474 3343 aurumque
3495 3289 3612 3327 non
3637 3273 3826 3328 modi-

2173 3378 2307 3417 cum
2339 3361 2467 3417 coeli
2499 3360 2732 3433 pluunt.
2764 3360 3010 3426 Quidam
3035 3360 3106 3415 de
3127 3359 3353 3416 civibus
3374 3359 3620 3432 penuria
3641 3362 3823 3417 curia:

2172 3449 2393 3516 audita,
2426 3449 2829 3505 misericordia
2849 3453 3044 3504 motus
3064 3449 3429 3504 Tancredum
3451 3449 3592 3515 adit,
3617 3454 3826 3521 postu-

2169 3538 2416 3611 lansque
2447 3539 2780 3594 mercedem
2811 3537 3012 3593 statim
3045 3537 3340 3609 impetrat,
3392 3542 3458 3593 ut
3505 3538 3821 3610 penuriam

2171 3626 2338 3695 levet,
2372 3643 2540 3699 opem
2573 3627 2737 3682 ferat.
2773 3649 2802 3678 «
2833 3627 3036 3693 Habet,
3069 3625 3280 3698 inquit,
3313 3627 3457 3683 urbs
3488 3627 3600 3682 ista
3628 3632 3826 3684 cente-

2173 3733 2278 3772 nos
2309 3715 2481 3784 cives,
2516 3715 2769 3788 singulis
2797 3732 3048 3788 quorum
3075 3715 3394 3788 marsupiis
3419 3715 3583 3772 facile
3604 3721 3696 3772 est
3717 3734 3826 3773 au-

2171 3821 2302 3860 reos
2330 3805 2625 3860 effundere
2655 3803 2946 3860 millenos.
2982 3803 3186 3876 Rogati
3218 3821 3333 3859 non
3366 3805 3652 3860 tenebunt
3683 3823 3698 3874 ;
3733 3809 3824 3874 tu,

2170 3894 2427 3960 domine,
2462 3909 2621 3966 roga,
2657 3909 2762 3966 ego
2791 3893 3033 3948 nomina
3062 3892 3406 3965 patefaciam
3439 3911 3566 3965 quae
3583 3910 3773 3967 roges.
3794 3917 3826 3945 υ

2172 3983 2622 4055 Obtemperatur
2647 3982 2908 4051 consilio,
2933 3981 3314 4038 nominantur
3333 3982 3647 4052 scribendi,
3672 3982 3830 4040 scri-

2171 4072 2392 4127 buntur
2419 4069 2684 4138 vocandi,
2719 4074 3004 4126 vocantur
3033 4071 3299 4143 rogandi,
3331 4076 3614 4144 rogantur
3645 4071 3826 4130 intus

2170 4160 2360 4216 missi.
2393 4164 2704 4216 Incusatur
2732 4177 2947 4232 urgens
2976 4159 3318 4226 necessitas,
3349 4159 3409 4214 in
3440 4177 3556 4232 quo
3615 4160 3824 4233 petitio

2169 4265 2426 4321 praesens
2446 4253 2776 4316 excusatur,
2805 4246 2971 4304 fulcit
2991 4253 3329 4304 excusatam
3353 4249 3656 4306 retributio
3677 4266 3785 4322 pro
3809 4282 3825 4294 ο

2170 4338 2374 4406 missa,
2407 4344 2473 4392 ut
2501 4353 2618 4392 non
2649 4341 2771 4392 tam
2805 4337 2915 4392 sub
2947 4336 3182 4393 nomine
3212 4337 3350 4392 doni
3392 4353 3570 4409 quam
3620 4338 3823 4395 mutui

2171 4427 2288 4499 peti
2317 4427 2622 4482 videatur:
2658 4442 2763 4481 nec
2792 4425 3066 4481 reticetur
3094 4425 3289 4481 vicina
3317 4425 3632 4494 hostilitas,
3693 4443 3819 4484 non

420 4523 480 4579 in
510 4519 699 4578 reditu
725 4537 738 4588 ;
772 4535 839 4574 ac
870 4534 942 4574 ne
971 4533 1090 4588 qua
1112 4515 1256 4571 forte
1277 4514 1580 4587 ingenium
1603 4531 1797 4570 meum
1821 4517 2063 4590 crapula
2094 4533 2138 4597 ι)
2169 4515 2504 4587 repellenda
2549 4513 2663 4570 nisi
2718 4514 2927 4570 armati
2959 4515 3343 4581 occurrerint,
3376 4532 3483 4571 nec
3511 4516 3818 4572 occursuri

416 4611 632 4678 turbet,
663 4607 834 4664 latice
863 4609 1193 4670 contentus,
1223 4603 1427 4659 vinum
1458 4603 1737 4672 nesciam,
1770 4605 1952 4661 donec
1974 4622 2061 4662 re-

418 4701 628 4756 ducem
679 4713 772 4754 me
818 4693 1127 4751 Antiochia
1172 4691 1441 4765 excipiat.
1473 4692 1734 4748 Subinde
1764 4693 1941 4749 etiam
1973 4695 2062 4750 fas

418 4789 563 4846 mihi
592 4790 716 4844 esto
745 4785 856 4841 sub
885 4783 1094 4838 iisdem
1126 4780 1339 4853 tegulis
1361 4779 1679 4836 biduanam
1702 4797 1871 4854 agere
1894 4781 2059 4854 quie-

417 4883 566 4946 tem;
601 4880 733 4931 ante
760 4889 893 4928 vero
925 4871 1106 4926 nefas.
1142 4869 1271 4924 Haec
1303 4869 1450 4925 meis
1481 4868 1530 4925 si
1551 4869 1855 4941 jusseritis
1883 4887 2062 4927 onera

418 4966 608 5022 libens
630 4961 892 5018 humeris
915 4961 1245 5031 imponam:
1266 4957 1628 5031 gravioribus
1644 4957 1796 5013 ultro
1815 4975 2060 5014 oneran-

420 5048 552 5124 dus,
587 5053 634 5108 si
665 5048 929 5123 graviora
959 5047 1375 5119 imposueritis.
1409 5047 1622 5118 Objicit
1654 5048 2056 5104 Boamundus

420 5143 633 5214 Magna
663 5155 754 5194 res
785 5142 872 5193 est
901 5137 972 5192 de
1003 5151 1120 5206 qua
1152 5136 1362 5207 agitur,
1393 5152 1606 5208 magno
1627 5135 1922 5192 volumine
1943 5141 2060 5192 tra-

419 5229 650 5296 ctanda,
669 5243 878 5283 severas
895 5224 989 5279 vix
1004 5225 1278 5294 cuiquam
1300 5241 1557 5296 personae
1575 5224 2057 5295 impenetrabilis.

419 5316 708 5390 Propositi
757 5320 846 5371 est
893 5312 1076 5369 nostri
1125 5329 1330 5385 graves
1358 5313 1544 5368 excire
1577 5316 1916 5385 potestates:
1949 5313 2059 5370 hoc

419 5423 538 5464 non
569 5405 757 5462 cuivis
785 5403 1095 5460 hominum
1127 5401 1432 5474 contingit,
1465 5418 1581 5456 non
1615 5405 1806 5473 potest
1861 5403 2060 5474 gravia

415 5509 648 5552 movere
677 5491 789 5549 nisi
819 5491 1035 5565 gravis,
1069 5506 1280 5564 magno
1311 5506 1460 5560 opus
1489 5494 1579 5544 est
1601 5489 1764 5557 flatu,
1791 5493 1854 5544 ut
1873 5489 2060 5560 possit

413 5596 663 5665 quercus
692 5581 810 5641 alta
838 5577 1140 5644 radicibus
1169 5577 1356 5641 evelli.
1388 5576 1512 5638 Non
1542 5578 1782 5636 audient
1809 5577 2059 5636 Tancre-

2168 4603 2282 4659 nisi
2315 4620 2456 4658 auro
2488 4603 2881 4658 intercedente
2910 4602 3224 4675 provocati.
3257 4603 3365 4658 Tot
3384 4603 3819 4662 confluentibus

2167 4691 2230 4747 in
2258 4708 2442 4748 unum
2473 4692 2688 4760 causis,
2722 4693 2962 4747 demum
3010 4691 3284 4759 efficitur,
3335 4696 3399 4747 ut
3441 4693 3821 4765 praescriptas

2169 4797 2485 4838 aureorum
2503 4797 2786 4836 numerus
2798 4780 3106 4852 impetretu
3115 4797 3160 4849 r;
3176 4779 3396 4852 quibus
3409 4781 3654 4854 receptis
3665 4781 3818 4838 Mar»

2169 4869 2430 4926 chisides
2461 4869 2843 4938 confortatus,
2877 4867 3150 4924 militiam
3181 4870 3489 4937 confortat,
3515 4871 3820 4942 jacentem

2168 4957 2432 5026 suscitat,
2457 4957 2744 5013 inermem
2766 4961 2975 5036 armat,
3000 4956 3234 5030 supplet
3254 4974 3566 5014 numerum
3589 4958 3687 5030 qui
3711 4975 3822 5014 ex-

2167 5047 2410 5112 ciderat,
2443 5063 2634 5118 neque
2665 5046 2848 5102 donec
2879 5045 3111 5102 deﬁciat
3131 5062 3368 5114 aureus,
3391 5050 3582 5103 cessat
3601 5063 3822 5119 augere

2169 5135 2503 5190 militarem.
2537 5134 2755 5190 Exinde
2785 5138 3075 5207 prostrata
3097 5151 3400 5208 resurgere
3421 5135 3592 5208 coepit
3610 5135 3821 5192 Antio-

2168 5223 2319 5292 chia,
2353 5228 2411 5278 et
2440 5224 2512 5279 de
2542 5223 2744 5279 territa
2773 5224 2894 5279 fore
2926 5222 3224 5280 terribilis.
3249 5224 3587 5280 Arthasium
3610 5225 3819 5282 statim

2168 5312 2525 5385 aggreditur,
2559 5329 2688 5384 qua:
2719 5328 2852 5367 cum
2884 5311 3016 5368 aliis
3047 5316 3294 5368 matrem
3321 5312 3654 5380 infestabat,
3683 5329 3820 5370 om-

2170 5401 2334 5456 nium
2382 5405 2502 5456 tam
2549 5401 2932 5457 acerbissima
2976 5418 3158 5474 quam
3208 5402 3476 5473 proxima
3504 5401 3814 5474 Syrorum.

2167 5489 2326 5544 Ilanc
2357 5489 2538 5561 igitur
2566 5489 2816 5561 primam
2837 5491 3173 5546 Tancredus
3194 5490 3518 5547 circumdat
3539 5491 3612 5548 ad
3641 5491 3820 5564 cujus

2165 5577 2316 5638 ictus
2348 5579 2440 5635 vix
2462 5583 2622 5637 stant
2644 5583 2835 5638 turres
2855 5578 3147 5639 sillicibus
3168 5596 3467 5640 concussa:
3489 5599 3503 5652 ;
3529 5581 3685 5659 quod
3711 5598 3824 5646 au-
