3996 6096
124 304 247 365 589

1474 305 1723 368 GESTA
1766 303 2183 369 TANCREDI.

3410 313 3528 376 590

122 435 294 491 diens
328 435 647 491 Raduanus
669 437 747 505 (8)
778 434 1001 509 Kalepti
1034 454 1130 492 rex
1161 453 1295 492 cum
1326 437 1570 509 triginta
1599 434 1775 492 milli-
1803 437 1859 504 Α
1888 444 2216 511 opportune
2247 440 2578 512 importune
2610 458 2786 514 super
2831 440 3098 499 volitans.
3150 443 3367 500 Ardore
3400 444 3524 516 pari

121 525 237 581 bus
250 524 508 580 accurrit
525 525 803 580 adversus
817 525 1166 597 paucitatem
1186 526 1243 581 in
1258 525 1635 581 multitudine
1646 542 1778 580 con-

122 611 355 670 fidens!
388 612 796 670 Arthasienses
826 630 1057 686 quoque
1088 613 1173 669 illi
1206 614 1774 689 sejungunt,omnes

121 702 408 758 adversus
433 701 820 759 Antiochiam.

377 817 537 874 CLV.
568 850 636 859 —
653 819 909 875 Arthasio
938 819 1264 875 Raduanum
1283 820 1521 891 expetiit.

192 933 335 987 Erat
347 932 542 988 media
569 932 833 990 intereos
855 933 1127 1006 planities
1144 933 1582 1007 scopulosa,per
1592 949 1770 1004 quam

118 1026 429 1094 utcunque
460 1021 702 1078 caballis
732 1022 835 1090 ire,
864 1039 1095 1078 currere
1124 1040 1257 1078 vero
1304 1022 1541 1079 omnino
1563 1039 1678 1078 non
1702 1020 1769 1077 li-

117 1110 292 1166 cebat
319 1126 332 1166 :
367 1109 454 1167 vel
476 1110 527 1165 si
554 1111 789 1183 quando
820 1111 892 1167 ad
924 1128 1163 1166 cursum
1212 1110 1504 1183 quispiam
1535 1127 1770 1184 cogere-

116 1204 238 1265 tur,
273 1215 381 1254 nec
414 1199 620 1270 pedem
654 1199 893 1271 ungula,
927 1216 1033 1255 nec
1066 1198 1347 1272 ungulam
1379 1200 1597 1255 ferrum
1618 1199 1769 1254 tueri

116 1293 373 1362 poterat.
407 1287 548 1360 quin
570 1292 773 1345 cautes
789 1306 995 1362 aspera
1015 1288 1230 1345 calcem
1249 1288 1595 1361 permoleret
1613 1287 1772 1360 equi-

115 1394 283 1448 nam,
316 1393 508 1449 equus
537 1380 714 1448 atque
745 1393 923 1449 eques
946 1381 1178 1433 ruerent
1198 1378 1491 1450 prostrati.
1524 1378 1771 1433 Tancre-

115 1467 251 1531 dus,
286 1482 356 1521 ea
388 1482 448 1521 re
478 1465 731 1538 cognita,
754 1465 1056 1538 paululum
1081 1465 1317 1537 secedit,
1339 1465 1480 1522 illuc
1501 1466 1769 1523 hostibus

116 1553 411 1626 permittit
440 1554 729 1622 accedere,
754 1570 871 1625 qua
892 1553 1000 1608 loci
1025 1554 1342 1610 difficultas
1358 1555 1555 1628 fugam
1581 1571 1767 1611 remo-

116 1648 305 1708 retur,
339 1643 495 1715 quod
527 1642 847 1698 Raduanus
877 1646 978 1697 aut
998 1642 1321 1715 negligens,
1352 1642 1767 1715 autignorans,

112 1732 224 1787 hac
258 1730 539 1787 militiam
589 1730 824 1803 impetit
874 1730 1304 1800 Christianam;
1337 1730 1439 1787 illa
1483 1735 1767 1803 tanquam

110 1819 351 1891 torpida
380 1817 507 1875 loco
557 1797 777 1886 manet,
827 1817 1079 1874 sustinet
1117 1797 1300 1874 donec
1346 1818 1548 1875 lancea
1591 1797 1766 1875 suum
1798 1797 1845 1862 Β

111 1908 334 1964 habeat
360 1912 617 1980 tempus.
650 1907 902 1979 Jamque
930 1906 1355 1980 praitergressis
1401 1906 1529 1963 loca
1557 1924 1767 1980 aspera

110 1998 347 2065 Turcis,
380 1996 722 2053 Tancredus
744 1996 915 2069 quasi
946 2012 980 2052 a
1008 2011 1215 2052 somno
1245 1996 1531 2052 excitatus
1552 1996 1611 2052 in
1643 2012 1763 2051 me-

110 2087 227 2142 diis
261 2083 541 2141 fulminat
565 2101 577 2141 :
609 2083 696 2139 illi
726 2083 893 2140 facile
922 2088 1086 2157 terga
1112 2087 1346 2139 vertunt
1373 2087 1766 2157 sperantes,ut

110 2180 199 2230 est
228 2173 439 2242 moris,
472 2173 747 2247 fugiendo
779 2189 1001 2246 gyrare,
1034 2174 1295 2246 gyrando
1326 2173 1621 2246 sagittare.
1654 2172 1761 2229 De-

108 2264 256 2320 lusa
286 2266 434 2319 sunt
462 2268 565 2318 aut
593 2278 796 2318 eorum
829 2278 962 2334 spes
989 2266 1045 2317 et
1074 2266 1250 2328 artes,
1293 2261 1636 2319 deluserunt
1663 2280 1762 2319 eas

110 2352 319 2407 lancea
354 2355 416 2407 et
444 2350 570 2406 via:
604 2347 787 2406 altera
831 2366 1069 2423 urgens,
1111 2350 1293 2406 altera
1334 2366 1543 2405 cursus
1569 2349 1761 2421 impa-

108 2443 303 2496 tiens:
339 2440 464 2495 hsic
492 2444 722 2512 tergum
745 2438 907 2507 fodit,
933 2437 1036 2494 illa
1064 2439 1311 2511 gradum
1335 2437 1761 2495 sistit.lnutiles

109 2531 294 2605 igitur
322 2522 482 2602 equi,
516 2529 800 2602 pharetra
822 2534 880 2584 et
907 2546 1079 2585 arcus
1109 2528 1484 2601 abjiciuntur,
1517 2528 1759 2586 conﬁdi-

107 2626 206 2675 tur
224 2619 481 2692 pedibus
498 2617 877 2691 propriis,ubi
899 2618 1191 2675 difﬂditur
1206 2616 1564 2687 alienis,suis
1580 2634 1761 2689 quan-

106 2714 235 2764 tum
269 2708 409 2763 licet
438 2710 723 2763 utuntur:
758 2706 1003 2763 humani
1035 2711 1193 2772 sunt,
1225 2705 1446 2762 malent
1475 2722 1602 2762 esse
1632 2723 1760 2762 cer-

105 2797 316 2852 vinos:
350 2812 426 2851 ne
472 2799 671 2850 tamen
719 2794 866 2851 nihil
921 2794 1103 2867 egerit
1151 2795 1490 2863 Raduanus,
1541 2811 1759 2868 paucos

107 2883 433 2940 Christiani
465 2882 720 2939 nominis
749 2882 1063 2955 sagittavit,
1086 2882 1373 2955 reliquam
1405 2900 1643 2955 operam
1667 2884 1761 2938 de-

106 2973 193 3029 dit
223 2974 380 3045 fuga
410 2990 425 3039 ;
458 2971 741 3045 sagittarii
774 2973 923 3043 ejus,
956 2988 1092 3045 pars
1135 2972 1328 3029 evadit
1357 2972 1576 3038 saucia,
1609 2988 1758 3028 non-

106 3062 255 3119 nulli
279 3061 418 3118 casi
449 3065 920 3135 prosternuntur.

1886 528 2221 584 Tancredus
2253 528 2670 598 inflammatur,
2707 531 2804 586 ubi
2836 536 3043 587 nactus
3072 532 3528 605 viotoriam,spo-

1881 614 1976 670 liis
2008 616 2225 690 Calepti
2258 616 2505 673 ditescit.
2538 619 2787 692 Jamque
2818 620 3148 676 Laodiciam
3186 638 3393 677 novam
3425 638 3524 695 ag-

1880 720 2213 777 gressurus,
2243 710 2515 763 monetur
2540 712 2790 764 veterem
2815 709 3216 782 multiplicatis
3238 709 3528 767 bellatori-

1881 792 1993 849 bus
2024 794 2227 851 fulcire
2252 812 2265 851 :
2288 795 2413 868 ipse
2433 797 2737 869 Apamiam
2761 797 2981 870 reliquo
3004 799 3253 855 exercitu
3272 799 3525 855 circum-

1880 882 2067 956 sepiat
2088 885 2444 958 ;factumque
2474 890 2562 941 est
2592 887 2985 959 ita.Rependit
3018 889 3353 944 Tancredus
3377 889 3525 944 Grai-

1879 969 1963 1027 cis
1984 972 2192 1041 vicem,
2226 973 2325 1045 qui
2366 980 2624 1031 castrum
2681 979 2871 1031 castro
2920 979 3332 1048 opposuerant,
3366 994 3523 1034 nunc

1879 1064 2080 1118 contra
2110 1061 2234 1135 ipse
2265 1062 2675 1119 Castrensihus
2705 1064 3042 1121 Castrenses
3064 1065 3522 1137 obﬁrmat:Apa-

1877 1147 2056 1205 iniam
2085 1167 2220 1207 vero
2251 1168 2364 1207 non
2392 1151 2778 1224 plurimo,sed
2803 1157 3042 1210 strenuo
3065 1152 3250 1209 milite
3270 1153 3521 1209 circum-

1879 1237 1998 1309 dat,
2033 1238 2201 1311 quasi
2234 1240 2404 1295 morti
2440 1241 2669 1297 addicto
2700 1248 2757 1297 et
2784 1242 2907 1314 ipse
2930 1242 3213 1298 addictus.
3227 1242 3407 1315 Prope
3425 1243 3523 1315 Sy-

1878 1341 2031 1397 sara,
2066 1344 2244 1400 prope
2293 1333 2539 1396 Haman,
2590 1347 2768 1402 prope
2815 1329 3139 1402 Rapbania,
3193 1346 3370 1403 prope
3406 1330 3525 1388 alia

1877 1415 2182 1487 complura
2210 1421 2330 1472 tam
2362 1417 2576 1490 oppida
2592 1435 2767 1491 quam
2791 1419 3192 1487 urbes,omnia
3205 1417 3382 1476 minis
3398 1420 3519 1491 ple-

1877 1520 1953 1559 na
1981 1508 2037 1560 et
2066 1504 2234 1561 hoste
2266 1506 2629 1563 fremiscunt.
2682 1507 2964 1564 Obsident
3020 1524 3159 1581 ergo
3207 1507 3519 1565 Christiani

1876 1593 2081 1649 urbem
2115 1612 2314 1661 unam,
2346 1596 2709 1652 Cfiristianos
2739 1613 2871 1652 vero
2894 1597 3070 1653 urbes
3101 1596 3299 1653 multa:
3324 1614 3520 1665 ;anno—

1877 1698 2012 1736 nam
2045 1682 2144 1755 qui
2164 1699 2417 1755 quaerere
2431 1688 2601 1758 egent
2618 1684 3058 1757 nequeunt,nisi
3074 1685 3348 1757 bipertito
3365 1702 3519 1741 exer-

1875 1768 2021 1839 citu;
2057 1787 2192 1843 pars
2223 1771 2405 1828 altera
2462 1774 2713 1842 ma‘neat,
2760 1772 2946 1831 altera
3001 1777 3199 1830 exeat:
3234 1774 3317 1830 sic
3348 1773 3518 1831 divisi

1873 1858 2203 1931 periculum
2222 1860 2535 1941 declinant,
2558 1863 2714 1934 quod
2735 1861 2829 1918 vix
2844 1862 3143 1919 sufficiant
3156 1863 3514 1937 congregati.

1875 1951 1984 2003 Deo
2014 1953 2153 2004 sunt
2181 1948 2303 2006 haec
2334 1950 2823 2018 ascribenda,non
2854 1951 3078 2008 viribus
3107 1951 3516 2026 humanis,pa-

1870 2033 1989 2092 lam
2019 2053 2124 2109 pro
2156 2037 2501 2096 Christianis
2532 2038 2798 2096 Christus
2820 2039 3081 2097 dimicat.

2023 2179 2233 2237 CLVII.
2263 2214 2332 2223 —-
2361 2183 2587 2238 Summa
2619 2182 3034 2240 Laodicensium
3067 2185 3371 2240 necessitas.

1941 2304 2405 2378 Nuntiatumque
2434 2305 2484 2362 ei
2517 2308 2587 2364 de
2605 2306 3055 2364 Laodicensium
3076 2325 3317 2365 suorum
3340 2325 3519 2382 penu-

1870 2392 1974 2461 ria,
2008 2395 2161 2465 quod
2196 2394 2330 2450 data
2356 2396 2664 2467 pascendis
2715 2394 2861 2468 ipsis
2909 2396 3189 2453 alimenta
3217 2397 3514 2456 defectum

1869 2480 2267 2537 minarentur:
2300 2483 2358 2538 in
2392 2483 2654 2555 proximo
2685 2489 2789 2540 aut
2831 2484 3230 2558 ingressuram
3272 2486 3394 2543 fore
3420 2503 3513 2543 ce-

1868 2585 2075 2637 rerem,
2112 2575 2213 2626 aut
2240 2586 2609 2644 egressursm
2631 2589 2872 2629 manum
2894 2571 3511 2647 bellatricemJngres-

1868 2673 2001 2713 sum
2033 2662 2224 2714 autem
2259 2659 2605 2731 prohibebat
2634 2677 2883 2734 magnus
2913 2659 3171 2717 hostium
3207 2678 3509 2731 numerus,

1867 2745 1969 2817 qui
2003 2764 2103 2819 per
2131 2748 2388 2821 compita
2434 2748 2732 2805 insomnes
2778 2749 3165 2805 excubabant.
3216 2750 3513 2807 Turbatus

1867 2835 2073 2890 nuntio
2102 2836 2373 2909 princeps
2401 2840 2662 2907 (noverat
2690 2837 2847 2893 enim
2879 2836 3016 2910 quia
3044 2837 3171 2894 sola
3197 2838 3383 2894 fames
3413 2855 3514 2894 ur-

1868 2921 1970 2979 bes
2002 2924 2230 2993 asserit,
2265 2925 2451 2981 nescit
2480 2925 2678 2998 plebes
2712 2924 2919 2996 jeluna
2964 2925 3193 2999 timere)
3224 2925 3284 2981 in
3315 2929 3511 2998 partes

1865 3010 2056 3067 varias
2088 3012 2351 3068 animum
2385 3013 2612 3069 fundit:
2641 3031 2792 3070 anne
2830 3013 3168 3070 habendum
3201 3017 3514 3086 postponat

1867 3099 2089 3170 habito,
2124 3119 2196 3157 an
2228 3101 2495 3157 habitum
2528 3102 2815 3158 habendo.
2866 3102 3091 3158 Durum
3138 3106 3230 3158 est
3259 3101 3511 3159 multum

103 3177 293 3236 CLVI.
327 3208 399 3221 -
426 3178 767 3233 Antiochiam
794 3177 1295 3264 victorfevertitur.
1330 3177 1614 3251 Apamiam
1642 3179 1754 3234 cir-
1786 3164 1829 3231 C
1869 3164 2323 3263 labore'partam
2357 3191 2689 3247 Laodiciam
2707 3190 2994 3260 abdicem,
3013 3207 3185 3264 grave
3204 3190 3511 3264 Apamiam

816 3248 1055 3306 eumdat.

178 3366 387 3423 Victor
417 3364 613 3437 itaque
657 3364 994 3421 Tancredus
1038 3363 1377 3420 Arthasium
1423 3363 1658 3437 recipit:
1692 3380 1760 3419 ea

109 3455 365 3521 munita,
397 3453 767 3510 Antiochiam
805 3453 1150 3510 revertitur:
1204 3453 1527 3510 confortata
1556 3452 1760 3525 spoliis

110 3542 447 3601 infidelium
480 3544 644 3611 fides,
705 3542 823 3599 imo
871 3541 1041 3616 quasi
1092 3560 1127 3598 a
1168 3542 1415 3598 mortuis
1448 3558 1760 3616 resurgens

109 3632 558 3707 expergiscitur,
591 3637 863 3689 renovato
893 3630 1154 3705 principe
1198 3632 1415 3704 gaudet
1464 3631 1757 3687 fortunam

108 3722 421 3780 renovari:
452 3721 577 3794 ipse
624 3720 801 3777 etiam
849 3720 1108 3793 accipitri
1156 3720 1634 3786 conformandus,
1665 3721 1787 3776 cui,

110 3817 325 3886 negata
351 3810 457 3866 diu
487 3810 719 3867 volandi
760 3809 1014 3877 licentia,
1050 3808 1259 3883 longus
1308 3826 1505 3865 carcer
1533 3809 1761 3866 animos

106 3900 430 3969 tabefecit;
463 3916 532 3957 ea
560 3900 799 3955 demum
830 3898 1075 3966 reddita,
1111 3897 1159 3955 si
1192 3896 1352 3954 missi
1389 3899 1460 3953 ad
1494 3897 1757 3970 rapinam

108 3991 336 4064 primos
370 3990 627 4062 impetus
657 3988 888 4044 fortuna
910 3987 1149 4060 juverit,
1198 3987 1259 4043 in
1304 3986 1591 4043 desiderio
1623 3991 1762 4044 sunt

106 4079 382 4149 secundi,
413 4078 652 4152 visaque
692 4094 904 4152 gruum
954 4080 1201 4149 caterva,
1247 4080 1541 4133 tenentem
1569 4080 1758 4144 vexat,

758 4245 883 4303 ensi
912 4246 1126 4302 dicitur
1156 4246 1495 4303 Roduanus.

298 4322 385 4377 Ita
417 4318 630 4376 desinit

180 4250 262 4391 ἱὲζ
290 4247 610 4377 ἳέἓὲὲξῗιὲ

182 4325 262 4406 (9)
298 4325 385 4404 Ita
417 4325 630 4403 desinit
658 4325 909 4374 Historia
936 4325 948 4373 l

109 4399 263 4449 tanti
298 4395 661 4449 discriminis
690 4395 948 4455 eventus,

981 4390 1184 4463 paucis

112 4464 461 4521 Fulcberius
492 4460 865 4535 Carnotensis
891 4460 1000 4535 lib:
1026 4478 1067 4517 ii
1098 4460 1360 4535 Historiae
1389 4462 1761 4535 Jerosolymi-

1865 3294 1933 3335 ex
1963 3278 2116 3334 facili
2150 3280 2476 3351 parandam
2507 3279 2841 3335 dimittere:
2877 3296 3013 3335 nam
3045 3279 3212 3352 quasi
3246 3278 3514 3353 impossi-

1866 3365 1980 3423 bile
2010 3372 2238 3423 constat
2278 3385 2425 3436 esse,
2480 3372 2544 3423 ut
2589 3373 2646 3424 et
2693 3368 2801 3424 hoc
2849 3367 3044 3439 faciat,
3093 3372 3151 3424 et
3196 3368 3341 3423 illud
3391 3385 3509 3425 non

1866 3455 2117 3512 omittat.
2147 3457 2214 3512 At
2240 3457 2425 3514 virtus
2454 3474 2581 3529 quas
2603 3456 2730 3512 sola
2759 3473 2852 3513 res
2870 3455 3267 3529 impossibiles
3289 3457 3361 3512 ad
3382 3473 3513 3530 pos-

1868 3545 2208 3601 sibilitatem
2232 3545 2655 3619 redigit,virum
2680 3546 2967 3602 confortat
2994 3562 3007 3599 ε
3043 3549 3242 3602 monet
3266 3544 3513 3618 petenti-

1866 3633 1979 3689 bus
2009 3650 2176 3706 opem
2201 3634 2420 3690 cursim
2452 3651 2812 3701 succurrere,
2842 3650 3154 3690 mansuros
3186 3634 3259 3689 ad
3290 3637 3511 3690 castro-

1869 3739 1998 3777 rum
2034 3722 2289 3795 regimen
2335 3722 2552 3780 milites
2609 3723 2691 3779 sic
2750 3722 3010 3778 hortari:
3049 3745 3077 3774 «
3115 3722 3238 3791 Eia,
3298 3721 3513 3779 Christi

1868 3815 2156 3885 martyres
2183 3810 2196 3866 !
2229 3818 2427 3885 parate
2460 3812 2623 3868 fundi
2673 3815 2847 3885 atque
2880 3812 3121 3868 fundere
3151 3828 3255 3883 pro
3288 3828 3353 3867 eo
3374 3828 3515 3867 san-

1867 3899 2039 3972 guis;
2074 3904 2411 3956 constantes
2442 3905 2657 3957 estote:
2690 3902 2838 3957 bene
2886 3899 3164 3973 cmpistis,
3200 3900 3346 3957 bene
3377 3916 3513 3955 con-

1867 3993 2197 4045 summate:
2233 4006 2347 4045 non
2380 4006 2480 4046 vos
2511 3993 2722 4045 terreat
2751 3989 3014 4063 paucitas
3044 3992 3238 4045 vestra
3261 4005 3396 4059 ;non
3428 3991 3518 4045 est

1867 4077 2105 4135 victoria
2136 4078 2195 4134 in
2226 4095 2491 4147 numero,
2525 4079 2627 4135 sed
2654 4079 2713 4134 in
2744 4079 2844 4135 Dei
2866 4078 3081 4135 virtute
3110 4081 3210 4150 (2).
3244 4100 3274 4130 η

1870 4248 1996 4303 illos
2050 4247 2431 4303 incunctanter
2486 4248 2771 4319 equitavit.
2832 4246 2973 4315 Quid
3021 4246 3235 4318 longius
3284 4250 3513 4319 morer?

707 4316 909 4374 istoria
935 4316 1163 4374 Radulfi
1190 4317 1345 4389 ;quis
1370 4323 1564 4373 autem
1588 4318 1763 4375 fuerit
1869 4318 2134 4375 Audacter
2162 4326 2287 4374 ante
2316 4316 2593 4374 Artasiam
2619 4320 2677 4373 in
2708 4335 2800 4374 eos
2829 4320 3015 4385 irruit,
3065 4316 3127 4389 et
3168 4323 3280 4374 Deo
3305 4318 3509 4389 suﬂ'ra-

1268 4390 1320 4445 is
1370 4390 1563 4446 verbis
1589 4393 1764 4447 refert
1868 4398 2032 4460 gante
2061 4391 2152 4445 illi
2176 4392 2425 4461 protinus
2452 4405 2650 4461 pavore
2676 4390 3019 4460 circumfusi,
3052 4388 3213 4445 dorsa
3240 4388 3509 4461 fugaue-

1868 4462 2084 4518 derunt.
2122 4462 2676 4543 Fugeruntetfugati
2691 4462 2957 4543 sunt,_qui
2972 4461 3296 4543 fugerenon
3308 4462 3505 4531 potuit,

108 4542 285 4604 tanae,
320 4536 396 4590 ad
428 4550 648 4589 annum
683 4533 822 4604 1105
848 4549 862 4588 :
919 4532 1219 4589 Tancredus
1257 4541 1461 4599 autem,
1504 4529 1762 4599 aitfnon
1792 4529 1838 4593 D
1868 4550 1967 4589 nec
1993 4529 2221 4593 mortem
2244 4534 2433 4587 evasit.
2462 4529 2538 4588 De
2565 4529 2900 4604 interemptis
2918 4529 3034 4604 pan
3082 4532 3196 4604 fuit
3224 4529 3507 4604 nujnerus.

108 4610 171 4663 in
200 4603 381 4662 multa
413 4613 588 4675 gente,
617 4603 710 4661 sed
758 4605 819 4659 in
866 4604 1094 4660 Doniino
1140 4605 1257 4675 spei
1296 4619 1418 4661 sua:
1462 4605 1629 4675 ﬁgens
1658 4622 1761 4659 an-

1871 4606 1945 4659 De
1998 4605 2151 4677 equis
2206 4601 2869 4687 eorpmhptureahaiiuit‘
2913 4601 3234 4658 Tancredus.
3278 4601 3512 4672 Signum

104 4681 354 4747 chorum,
389 4678 611 4733 aciebus
656 4676 776 4732 suis
819 4675 949 4731 bene
1002 4676 1332 4748 compositis,
1364 4683 1550 4731 contra
1587 4677 1761 4733 hostes
1873 4675 2080 4750 quoque
2107 4676 2253 4745 regis
2282 4675 2512 4747 fugitivi
2539 4675 2788 4743 retinuit,
2821 4677 2931 4730 etc.
