  <div class='ocr_page' id='page_1' title='image "/cluster/home/n/w/nwhite01/storage/ocr_20150623/155/hvd.32044054760137/301.png"; bbox 0 0 3996 6096; ppageno 0'>
   <div class='ocr_carea' id='block_1_1' title="bbox 450 232 571 296">
    <p class='ocr_par' dir='ltr' id='par_1_1' title="bbox 450 232 571 296">
     <span class='ocr_line' id='line_1_1' title="bbox 450 232 571 296; baseline 0 -1"><span class='ocrx_word' id='word_1_1' title='bbox 450 232 571 296; x_wconf 79' lang='lat'><strong>595</strong></span> 
     </span>
    </p>
   </div>
   <div class='ocr_carea' id='block_1_2' title="bbox 521 457 2092 534">
    <p class='ocr_par' dir='ltr' id='par_1_2' title="bbox 521 457 2092 534">
     <span class='ocr_line' id='line_1_2' title="bbox 521 457 2092 534; baseline -0.001 -20"><span class='ocrx_word' id='word_1_2' title='bbox 521 457 1119 516; x_wconf 79' lang='lat' dir='ltr'><strong>Honorificentissime</strong></span> <span class='ocrx_word' id='word_1_3' title='bbox 1148 460 1345 532; x_wconf 77' lang='lat' dir='ltr'><strong>itaque</strong></span> <span class='ocrx_word' id='word_1_4' title='bbox 1369 461 1440 516; x_wconf 88' lang='lat' dir='ltr'><strong>ab</strong></span> <span class='ocrx_word' id='word_1_5' title='bbox 1472 461 1822 534; x_wconf 80' lang='lat' dir='ltr'><strong>imperatore</strong></span> <span class='ocrx_word' id='word_1_6' title='bbox 1848 462 1904 515; x_wconf 89' lang='lat' dir='ltr'><strong>et</strong></span> <span class='ocrx_word' id='word_1_7' title='bbox 1932 457 2092 532; x_wconf 89' lang='lat' dir='ltr'><strong>prin-</strong></span> 
     </span>
    </p>
   </div>
   <div class='ocr_carea' id='block_1_3' title="bbox 449 545 2094 621">
    <p class='ocr_par' dir='ltr' id='par_1_3' title="bbox 449 545 2094 621">
     <span class='ocr_line' id='line_1_3' title="bbox 449 545 2094 621; baseline -0.001 -18"><span class='ocrx_word' id='word_1_8' title='bbox 449 545 677 619; x_wconf 90' lang='lat' dir='ltr'><strong>cipibus</strong></span> <span class='ocrx_word' id='word_1_9' title='bbox 710 546 835 603; x_wconf 90' lang='lat' dir='ltr'><strong>suis</strong></span> <span class='ocrx_word' id='word_1_10' title='bbox 867 554 1140 621; x_wconf 90' lang='lat' dir='ltr'><strong>suscepto</strong></span> <span class='ocrx_word' id='word_1_11' title='bbox 1172 549 1403 617; x_wconf 80' lang='lat' dir='ltr'><strong>comite,</strong></span> <span class='ocrx_word' id='word_1_12' title='bbox 1429 547 1688 621; x_wconf 82' lang='lat' dir='ltr'><strong>postulat</strong></span> <span class='ocrx_word' id='word_1_13' title='bbox 1712 547 2031 620; x_wconf 84' lang='lat' dir='ltr'><strong>imperator</strong></span> <span class='ocrx_word' id='word_1_14' title='bbox 2061 565 2094 602; x_wconf 92' lang='lat' dir='ltr'><strong>a</strong></span> 
     </span>
    </p>
   </div>
   <div class='ocr_carea' id='block_1_4' title="bbox 447 635 2093 710">
    <p class='ocr_par' dir='ltr' id='par_1_4' title="bbox 447 635 2093 710">
     <span class='ocr_line' id='line_1_4' title="bbox 447 635 2093 710; baseline 0 -18"><span class='ocrx_word' id='word_1_15' title='bbox 447 635 658 692; x_wconf 84' lang='lat' dir='ltr'><strong>comite</strong></span> <span class='ocrx_word' id='word_1_16' title='bbox 678 635 1006 692; x_wconf 89' lang='lat' dir='ltr'><strong>hominium</strong></span> <span class='ocrx_word' id='word_1_17' title='bbox 1025 643 1083 692; x_wconf 91' lang='lat' dir='ltr'><strong>et</strong></span> <span class='ocrx_word' id='word_1_18' title='bbox 1090 637 1114 709; x_wconf 86' lang='lat' dir='ltr'><strong>j</strong></span> <span class='ocrx_word' id='word_1_19' title='bbox 1124 643 1429 692; x_wconf 88' lang='lat' dir='ltr'><strong>uramenta</strong></span> <span class='ocrx_word' id='word_1_20' title='bbox 1446 655 1571 710; x_wconf 72' lang='lat' dir='ltr'><strong>quis</strong></span> <span class='ocrx_word' id='word_1_21' title='bbox 1593 637 1782 693; x_wconf 73' lang='lat' dir='ltr'><strong>caeteri</strong></span> <span class='ocrx_word' id='word_1_22' title='bbox 1801 637 2093 710; x_wconf 86' lang='lat' dir='ltr'><strong>principes</strong></span> 
     </span>
    </p>
   </div>
   <div class='ocr_carea' id='block_1_5' title="bbox 447 723 2094 799">
    <p class='ocr_par' dir='ltr' id='par_1_5' title="bbox 447 723 2094 799">
     <span class='ocr_line' id='line_1_5' title="bbox 447 723 2094 799; baseline 0.001 -19"><span class='ocrx_word' id='word_1_23' title='bbox 447 723 500 780; x_wconf 90' lang='lat' dir='ltr'><strong>ei</strong></span> <span class='ocrx_word' id='word_1_24' title='bbox 532 725 807 780; x_wconf 80' lang='lat' dir='ltr'><strong>fecerant.</strong></span> <span class='ocrx_word' id='word_1_25' title='bbox 841 726 1164 799; x_wconf 79' lang='lat' dir='ltr'><strong>Respondit</strong></span> <span class='ocrx_word' id='word_1_26' title='bbox 1191 743 1388 782; x_wconf 89' lang='lat' dir='ltr'><strong>comes</strong></span> <span class='ocrx_word' id='word_1_27' title='bbox 1414 744 1469 782; x_wconf 91' lang='lat' dir='ltr'><strong>se</strong></span> <span class='ocrx_word' id='word_1_28' title='bbox 1497 726 1616 782; x_wconf 87' lang='lat' dir='ltr'><strong>ideo</strong></span> <span class='ocrx_word' id='word_1_29' title='bbox 1657 743 1768 782; x_wconf 86' lang='lat' dir='ltr'><strong>non</strong></span> <span class='ocrx_word' id='word_1_30' title='bbox 1797 729 2005 783; x_wconf 79' lang='lat' dir='ltr'><strong>venisse</strong></span> <span class='ocrx_word' id='word_1_31' title='bbox 2032 735 2094 782; x_wconf 91' lang='lat' dir='ltr'><strong>ut</strong></span> 
     </span>
    </p>
   </div>
   <div class='ocr_carea' id='block_1_6' title="bbox 446 813 2095 886">
    <p class='ocr_par' dir='ltr' id='par_1_6' title="bbox 446 813 2095 886">
     <span class='ocr_line' id='line_1_6' title="bbox 446 813 2095 886; baseline 0 -16"><span class='ocrx_word' id='word_1_32' title='bbox 446 813 732 870; x_wconf 87' lang='lat' dir='ltr'><strong>dominum</strong></span> <span class='ocrx_word' id='word_1_33' title='bbox 777 815 956 870; x_wconf 87' lang='lat' dir='ltr'><strong>alium</strong></span> <span class='ocrx_word' id='word_1_34' title='bbox 995 817 1216 886; x_wconf 85' lang='lat' dir='ltr'><strong>faceret,</strong></span> <span class='ocrx_word' id='word_1_35' title='bbox 1243 825 1340 872; x_wconf 88' lang='lat' dir='ltr'><strong>aut</strong></span> <span class='ocrx_word' id='word_1_36' title='bbox 1386 817 1494 872; x_wconf 90' lang='lat' dir='ltr'><strong>alii</strong></span> <span class='ocrx_word' id='word_1_37' title='bbox 1536 817 1820 882; x_wconf 78' lang='lat' dir='ltr'><strong>militaret,</strong></span> <span class='ocrx_word' id='word_1_38' title='bbox 1852 817 1968 872; x_wconf 88' lang='lat' dir='ltr'><strong>nisi</strong></span> <span class='ocrx_word' id='word_1_39' title='bbox 2005 816 2095 872; x_wconf 90' lang='lat' dir='ltr'><strong>illi</strong></span> 
     </span>
    </p>
   </div>
   <div class='ocr_carea' id='block_1_7' title="bbox 443 905 2088 976">
    <p class='ocr_par' dir='ltr' id='par_1_7' title="bbox 443 905 2088 976">
     <span class='ocr_line' id='line_1_7' title="bbox 443 905 2088 976; baseline 0.001 -18"><span class='ocrx_word' id='word_1_40' title='bbox 443 912 666 974; x_wconf 82' lang='lat' dir='ltr'><strong>prapter</strong></span> <span class='ocrx_word' id='word_1_41' title='bbox 689 920 846 976; x_wconf 89' lang='lat' dir='ltr'><strong>quem</strong></span> <span class='ocrx_word' id='word_1_42' title='bbox 869 907 1116 976; x_wconf 88' lang='lat' dir='ltr'><strong>patriam</strong></span> <span class='ocrx_word' id='word_1_43' title='bbox 1144 913 1194 960; x_wconf 88' lang='lat' dir='ltr'><strong>et</strong></span> <span class='ocrx_word' id='word_1_44' title='bbox 1226 906 1363 961; x_wconf 87' lang='lat' dir='ltr'><strong>bona</strong></span> <span class='ocrx_word' id='word_1_45' title='bbox 1403 913 1610 976; x_wconf 64' lang='lat' dir='ltr'><strong>patrue</strong></span> <span class='ocrx_word' id='word_1_46' title='bbox 1636 920 1758 962; x_wconf 72' lang='lat' dir='ltr'><strong>suae</strong></span> <span class='ocrx_word' id='word_1_47' title='bbox 1785 905 2088 960; x_wconf 73' lang='lat' dir='ltr'><strong>dimiserat.</strong></span> 
     </span>
    </p>
   </div>
   <div class='ocr_carea' id='block_1_8' title="bbox 448 989 2092 1065">
    <p class='ocr_par' dir='ltr' id='par_1_8' title="bbox 448 989 2092 1065">
     <span class='ocr_line' id='line_1_8' title="bbox 448 989 2092 1065; baseline 0.002 -19"><span class='ocrx_word' id='word_1_48' title='bbox 448 989 514 1047; x_wconf 86' lang='lat' dir='ltr'><strong>Et</strong></span> <span class='ocrx_word' id='word_1_49' title='bbox 545 999 722 1047; x_wconf 88' lang='lat' dir='ltr'><strong>tamen</strong></span> <span class='ocrx_word' id='word_1_50' title='bbox 753 991 894 1065; x_wconf 85' lang='lat' dir='ltr'><strong>fore,</strong></span> <span class='ocrx_word' id='word_1_51' title='bbox 925 994 976 1048; x_wconf 89' lang='lat' dir='ltr'><strong>si</strong></span> <span class='ocrx_word' id='word_1_52' title='bbox 1007 994 1302 1064; x_wconf 83' lang='lat' dir='ltr'><strong>imperator</strong></span> <span class='ocrx_word' id='word_1_53' title='bbox 1326 1009 1448 1048; x_wconf 90' lang='lat' dir='ltr'><strong>cum</strong></span> <span class='ocrx_word' id='word_1_54' title='bbox 1497 995 1740 1049; x_wconf 75' lang='lat' dir='ltr'><strong>exercitu</strong></span> <span class='ocrx_word' id='word_1_55' title='bbox 1789 996 1895 1050; x_wconf 89' lang='lat' dir='ltr'><strong>iret</strong></span> <span class='ocrx_word' id='word_1_56' title='bbox 1936 996 2092 1051; x_wconf 83' lang='lat' dir='ltr'><strong>Jeru-</strong></span> 
     </span>
    </p>
   </div>
   <div class='ocr_carea' id='block_1_9' title="bbox 447 1079 2090 1152">
    <p class='ocr_par' dir='ltr' id='par_1_9' title="bbox 447 1079 2090 1152">
     <span class='ocr_line' id='line_1_9' title="bbox 447 1079 2090 1152; baseline 0.001 -16"><span class='ocrx_word' id='word_1_57' title='bbox 447 1081 639 1146; x_wconf 80' lang='lat' dir='ltr'><strong>salem,</strong></span> <span class='ocrx_word' id='word_1_58' title='bbox 667 1079 808 1152; x_wconf 87' lang='lat' dir='ltr'><strong>quod</strong></span> <span class='ocrx_word' id='word_1_59' title='bbox 835 1096 893 1136; x_wconf 82' lang='lat' dir='ltr'><strong>se</strong></span> <span class='ocrx_word' id='word_1_60' title='bbox 919 1097 1148 1152; x_wconf 78' lang='lat' dir='ltr'><strong>suosque</strong></span> <span class='ocrx_word' id='word_1_61' title='bbox 1176 1088 1229 1136; x_wconf 90' lang='lat' dir='ltr'><strong>et</strong></span> <span class='ocrx_word' id='word_1_62' title='bbox 1253 1098 1349 1136; x_wconf 89' lang='lat' dir='ltr'><strong>sua</strong></span> <span class='ocrx_word' id='word_1_63' title='bbox 1379 1082 1567 1136; x_wconf 87' lang='lat' dir='ltr'><strong>omnia</strong></span> <span class='ocrx_word' id='word_1_64' title='bbox 1597 1082 1687 1137; x_wconf 90' lang='lat' dir='ltr'><strong>illi</strong></span> <span class='ocrx_word' id='word_1_65' title='bbox 1721 1085 2090 1140; x_wconf 81' lang='lat' dir='ltr'><strong>committeret.</strong></span> 
     </span>
    </p>
   </div>
   <div class='ocr_carea' id='block_1_10' title="bbox 451 1168 2096 1242">
    <p class='ocr_par' dir='ltr' id='par_1_10' title="bbox 451 1168 2096 1242">
     <span class='ocr_line' id='line_1_10' title="bbox 451 1168 2096 1242; baseline 0.001 -16"><span class='ocrx_word' id='word_1_66' title='bbox 451 1169 560 1226; x_wconf 90' lang='lat' dir='ltr'><strong>Sed</strong></span> <span class='ocrx_word' id='word_1_67' title='bbox 614 1168 932 1242; x_wconf 82' lang='lat' dir='ltr'><strong>imperator</strong></span> <span class='ocrx_word' id='word_1_68' title='bbox 978 1173 1217 1225; x_wconf 81' lang='lat' dir='ltr'><strong>excusat</strong></span> <span class='ocrx_word' id='word_1_69' title='bbox 1265 1169 1376 1226; x_wconf 90' lang='lat' dir='ltr'><strong>iter</strong></span> <span class='ocrx_word' id='word_1_70' title='bbox 1431 1171 1630 1226; x_wconf 88' lang='lat' dir='ltr'><strong>dicens</strong></span> <span class='ocrx_word' id='word_1_71' title='bbox 1657 1187 1716 1226; x_wconf 89' lang='lat' dir='ltr'><strong>se</strong></span> <span class='ocrx_word' id='word_1_72' title='bbox 1737 1180 2096 1242; x_wconf 68' lang='lat' dir='ltr'><strong>praemetuere</strong></span> 
     </span>
    </p>
   </div>
   <div class='ocr_carea' id='block_1_11' title="bbox 447 1257 2094 1332">
    <p class='ocr_par' dir='ltr' id='par_1_11' title="bbox 447 1257 2094 1332">
     <span class='ocr_line' id='line_1_11' title="bbox 447 1257 2094 1332; baseline 0.002 -19"><span class='ocrx_word' id='word_1_73' title='bbox 447 1257 793 1322; x_wconf 81' lang='lat' dir='ltr'><strong>Alemannos,</strong></span> <span class='ocrx_word' id='word_1_74' title='bbox 825 1265 878 1313; x_wconf 88' lang='lat' dir='ltr'><strong>et</strong></span> <span class='ocrx_word' id='word_1_75' title='bbox 924 1260 1226 1329; x_wconf 82' lang='lat' dir='ltr'><strong>Hungaros,</strong></span> <span class='ocrx_word' id='word_1_76' title='bbox 1279 1267 1332 1314; x_wconf 88' lang='lat' dir='ltr'><strong>et</strong></span> <span class='ocrx_word' id='word_1_77' title='bbox 1363 1259 1645 1324; x_wconf 87' lang='lat' dir='ltr'><strong>Comanos,</strong></span> <span class='ocrx_word' id='word_1_78' title='bbox 1677 1261 1922 1331; x_wconf 87' lang='lat' dir='ltr'><strong>aliasque</strong></span> <span class='ocrx_word' id='word_1_79' title='bbox 1946 1263 2094 1332; x_wconf 84' lang='lat' dir='ltr'><strong>feras</strong></span> 
     </span>
    </p>
   </div>
   <div class='ocr_carea' id='block_1_12' title="bbox 445 1346 2095 1422">
    <p class='ocr_par' dir='ltr' id='par_1_12' title="bbox 445 1346 2095 1422">
     <span class='ocr_line' id='line_1_12' title="bbox 445 1346 2095 1422; baseline 0.002 -20"><span class='ocrx_word' id='word_1_80' title='bbox 445 1354 648 1417; x_wconf 79' lang='lat' dir='ltr'><strong>gentes,</strong></span> <span class='ocrx_word' id='word_1_81' title='bbox 682 1361 808 1418; x_wconf 71' lang='lat' dir='ltr'><strong>quae</strong></span> <span class='ocrx_word' id='word_1_82' title='bbox 845 1347 1139 1418; x_wconf 87' lang='lat' dir='ltr'><strong>imperium</strong></span> <span class='ocrx_word' id='word_1_83' title='bbox 1182 1363 1344 1402; x_wconf 87' lang='lat' dir='ltr'><strong>suum</strong></span> <span class='ocrx_word' id='word_1_84' title='bbox 1392 1346 1869 1420; x_wconf 80' lang='lat' dir='ltr'><strong>depopularentur,</strong></span> <span class='ocrx_word' id='word_1_85' title='bbox 1901 1351 1953 1404; x_wconf 82' lang='lat' dir='ltr'><strong>si</strong></span> <span class='ocrx_word' id='word_1_86' title='bbox 1981 1352 2095 1422; x_wconf 87' lang='lat' dir='ltr'><strong>ipse</strong></span> 
     </span>
    </p>
   </div>
   <div class='ocr_carea' id='block_1_13' title="bbox 447 1436 2095 1508">
    <p class='ocr_par' dir='ltr' id='par_1_13' title="bbox 447 1436 2095 1508">
     <span class='ocr_line' id='line_1_13' title="bbox 447 1436 2095 1508; baseline 0.002 -18"><span class='ocrx_word' id='word_1_87' title='bbox 447 1437 742 1492; x_wconf 81' lang='lat' dir='ltr'><strong>transitum</strong></span> <span class='ocrx_word' id='word_1_88' title='bbox 773 1452 896 1492; x_wconf 88' lang='lat' dir='ltr'><strong>cum</strong></span> <span class='ocrx_word' id='word_1_89' title='bbox 922 1437 1230 1507; x_wconf 83' lang='lat' dir='ltr'><strong>peregrinis</strong></span> <span class='ocrx_word' id='word_1_90' title='bbox 1253 1438 1473 1508; x_wconf 87' lang='lat' dir='ltr'><strong>faceret.</strong></span> <span class='ocrx_word' id='word_1_91' title='bbox 1500 1436 1726 1492; x_wconf 90' lang='lat' dir='ltr'><strong>Interea</strong></span> <span class='ocrx_word' id='word_1_92' title='bbox 1754 1453 1972 1504; x_wconf 90' lang='lat' dir='ltr'><strong>comes,</strong></span> <span class='ocrx_word' id='word_1_93' title='bbox 1995 1455 2095 1493; x_wconf 85' lang='lat' dir='ltr'><strong>au-</strong></span> 
     </span>
    </p>
   </div>
   <div class='ocr_carea' id='block_1_14' title="bbox 445 1523 2095 1598">
    <p class='ocr_par' dir='ltr' id='par_1_14' title="bbox 445 1523 2095 1598">
     <span class='ocr_line' id='line_1_14' title="bbox 445 1523 2095 1598; baseline 0.002 -20"><span class='ocrx_word' id='word_1_94' title='bbox 445 1523 567 1579; x_wconf 90' lang='lat' dir='ltr'><strong>dita</strong></span> <span class='ocrx_word' id='word_1_95' title='bbox 595 1529 784 1580; x_wconf 90' lang='lat' dir='ltr'><strong>morte</strong></span> <span class='ocrx_word' id='word_1_96' title='bbox 813 1541 1056 1580; x_wconf 90' lang='lat' dir='ltr'><strong>suorum</strong></span> <span class='ocrx_word' id='word_1_97' title='bbox 1089 1527 1146 1581; x_wconf 91' lang='lat' dir='ltr'><strong>et</strong></span> <span class='ocrx_word' id='word_1_98' title='bbox 1176 1525 1335 1596; x_wconf 88' lang='lat' dir='ltr'><strong>fuga,</strong></span> <span class='ocrx_word' id='word_1_99' title='bbox 1362 1542 1425 1581; x_wconf 92' lang='lat' dir='ltr'><strong>se</strong></span> <span class='ocrx_word' id='word_1_100' title='bbox 1446 1525 1744 1598; x_wconf 89' lang='lat' dir='ltr'><strong>proditum</strong></span> <span class='ocrx_word' id='word_1_101' title='bbox 1765 1543 1892 1582; x_wconf 91' lang='lat' dir='ltr'><strong>esse</strong></span> <span class='ocrx_word' id='word_1_102' title='bbox 1914 1526 2095 1582; x_wconf 88' lang='lat' dir='ltr'><strong>credi-</strong></span> 
     </span>
    </p>
   </div>
   <div class='ocr_carea' id='block_1_15' title="bbox 445 1612 2092 1688">
    <p class='ocr_par' dir='ltr' id='par_1_15' title="bbox 445 1612 2092 1688">
     <span class='ocr_line' id='line_1_15' title="bbox 445 1612 2092 1688; baseline 0.002 -20"><span class='ocrx_word' id='word_1_103' title='bbox 445 1613 555 1684; x_wconf 88' lang='lat' dir='ltr'><strong>dit,</strong></span> <span class='ocrx_word' id='word_1_104' title='bbox 581 1617 638 1668; x_wconf 91' lang='lat' dir='ltr'><strong>et</strong></span> <span class='ocrx_word' id='word_1_105' title='bbox 668 1613 1080 1685; x_wconf 80' lang='lat' dir='ltr'><strong>imperatorem</strong></span> <span class='ocrx_word' id='word_1_106' title='bbox 1109 1612 1398 1682; x_wconf 82' lang='lat' dir='ltr'><strong>Alexium,</strong></span> <span class='ocrx_word' id='word_1_107' title='bbox 1431 1630 1536 1686; x_wconf 91' lang='lat' dir='ltr'><strong>per</strong></span> <span class='ocrx_word' id='word_1_108' title='bbox 1565 1615 1851 1686; x_wconf 90' lang='lat' dir='ltr'><strong>quosdam</strong></span> <span class='ocrx_word' id='word_1_109' title='bbox 1875 1617 2092 1688; x_wconf 84' lang='lat' dir='ltr'><strong>princi-</strong></span> 
     </span>
    </p>
   </div>
   <div class='ocr_carea' id='block_1_16' title="bbox 969 229 3340 301">
    <p class='ocr_par' dir='ltr' id='par_1_16' title="bbox 969 229 3340 301">
     <span class='ocr_line' id='line_1_16' title="bbox 969 229 3340 301; baseline 0.002 -5"><span class='ocrx_word' id='word_1_110' title='bbox 969 229 1072 298; x_wconf 83' lang='grc' dir='ltr'><strong>ΑΙ)</strong></span> <span class='ocrx_word' id='word_1_111' title='bbox 1118 236 1631 301; x_wconf 80' lang='lat' dir='ltr'><strong>GODEFRIDUM</strong></span> <span class='ocrx_word' id='word_1_112' title='bbox 1673 236 2006 298; x_wconf 84' lang='lat' dir='ltr'><strong>APPEND.</strong></span> <span class='ocrx_word' id='word_1_113' title='bbox 2051 235 2130 297; x_wconf 91' lang='lat' dir='ltr'><strong>ll.</strong></span> <span class='ocrx_word' id='word_1_114' title='bbox 2163 268 2242 280; x_wconf 89' lang='lat'><strong>—</strong></span> <span class='ocrx_word' id='word_1_115' title='bbox 2271 233 2579 299; x_wconf 79' lang='lat' dir='ltr'><strong>MONUM.</strong></span> <span class='ocrx_word' id='word_1_116' title='bbox 2625 235 2726 298; x_wconf 89' lang='lat' dir='ltr'><strong>DE</strong></span> <span class='ocrx_word' id='word_1_117' title='bbox 2769 234 3020 298; x_wconf 86' lang='lat' dir='ltr'><strong>BELLO</strong></span> <span class='ocrx_word' id='word_1_118' title='bbox 3062 235 3340 300; x_wconf 83' lang='lat' dir='ltr'><strong>SACBO.</strong></span> 
     </span>
    </p>
   </div>
   <div class='ocr_carea' id='block_1_17' title="bbox 3729 235 3853 300">
    <p class='ocr_par' dir='ltr' id='par_1_17' title="bbox 3729 235 3853 300">
     <span class='ocr_line' id='line_1_17' title="bbox 3729 235 3853 300; baseline 0 0"><span class='ocrx_word' id='word_1_119' title='bbox 3729 235 3853 300; x_wconf 77' lang='lat'><strong>596</strong></span> 
     </span>
    </p>
   </div>
   <div class='ocr_carea' id='block_1_18' title="bbox 2121 367 3854 444">
    <p class='ocr_par' dir='ltr' id='par_1_18' title="bbox 2121 367 3854 444">
     <span class='ocr_line' id='line_1_18' title="bbox 2121 367 3854 444; baseline 0.003 -21"><span class='ocrx_word' id='word_1_120' title='bbox 2121 370 2175 438; x_wconf 78' lang='grc' dir='ltr'><strong>Α</strong></span> <span class='ocrx_word' id='word_1_121' title='bbox 2203 367 2392 424; x_wconf 90' lang='lat' dir='ltr'><strong>trione</strong></span> <span class='ocrx_word' id='word_1_122' title='bbox 2408 387 2421 438; x_wconf 95' lang='lat'><strong>;</strong></span> <span class='ocrx_word' id='word_1_123' title='bbox 2437 369 2556 424; x_wconf 86' lang='lat' dir='ltr'><strong>dux</strong></span> <span class='ocrx_word' id='word_1_124' title='bbox 2575 371 2632 425; x_wconf 92' lang='lat' dir='ltr'><strong>et</strong></span> <span class='ocrx_word' id='word_1_125' title='bbox 2651 367 2958 424; x_wconf 80' lang='lat' dir='ltr'><strong>Alemanni</strong></span> <span class='ocrx_word' id='word_1_126' title='bbox 2985 368 3057 424; x_wconf 90' lang='lat' dir='ltr'><strong>ab</strong></span> <span class='ocrx_word' id='word_1_127' title='bbox 3079 368 3329 438; x_wconf 88' lang='lat' dir='ltr'><strong>oriente;</strong></span> <span class='ocrx_word' id='word_1_128' title='bbox 3348 373 3613 427; x_wconf 87' lang='lat' dir='ltr'><strong>comeset</strong></span> <span class='ocrx_word' id='word_1_129' title='bbox 3630 371 3854 444; x_wconf 89' lang='lat' dir='ltr'><strong>episco-</strong></span> 
     </span>
    </p>
   </div>
   <div class='ocr_carea' id='block_1_19' title="bbox 2202 456 3854 530">
    <p class='ocr_par' dir='ltr' id='par_1_19' title="bbox 2202 456 3854 530">
     <span class='ocr_line' id='line_1_19' title="bbox 2202 456 3854 530; baseline 0.004 -18"><span class='ocrx_word' id='word_1_130' title='bbox 2202 473 2316 530; x_wconf 85' lang='lat' dir='ltr'><strong>pus</strong></span> <span class='ocrx_word' id='word_1_131' title='bbox 2344 456 2646 514; x_wconf 89' lang='lat' dir='ltr'><strong>Podiensis</strong></span> <span class='ocrx_word' id='word_1_132' title='bbox 2667 474 2700 512; x_wconf 91' lang='lat' dir='ltr'><strong>a</strong></span> <span class='ocrx_word' id='word_1_133' title='bbox 2720 457 2983 526; x_wconf 87' lang='lat' dir='ltr'><strong>meridie,</strong></span> <span class='ocrx_word' id='word_1_134' title='bbox 3018 475 3154 514; x_wconf 90' lang='lat' dir='ltr'><strong>nam</strong></span> <span class='ocrx_word' id='word_1_135' title='bbox 3183 457 3621 516; x_wconf 68' lang='lat' dir='ltr'><strong>Northmanniie</strong></span> <span class='ocrx_word' id='word_1_136' title='bbox 3652 477 3854 518; x_wconf 89' lang='lat' dir='ltr'><strong>comes</strong></span> 
     </span>
    </p>
   </div>
   <div class='ocr_carea' id='block_1_20' title="bbox 2202 545 3852 606">
    <p class='ocr_par' dir='ltr' id='par_1_20' title="bbox 2202 545 3852 606">
     <span class='ocr_line' id='line_1_20' title="bbox 2202 545 3852 606; baseline 0.004 -6"><span class='ocrx_word' id='word_1_137' title='bbox 2202 546 2465 602; x_wconf 90' lang='lat' dir='ltr'><strong>nondum</strong></span> <span class='ocrx_word' id='word_1_138' title='bbox 2496 550 2619 602; x_wconf 90' lang='lat' dir='ltr'><strong>erat</strong></span> <span class='ocrx_word' id='word_1_139' title='bbox 2650 545 3107 602; x_wconf 91' lang='lat' dir='ltr'><strong>nobiscum.Sed</strong></span> <span class='ocrx_word' id='word_1_140' title='bbox 3128 546 3238 603; x_wconf 89' lang='lat' dir='ltr'><strong>hoc</strong></span> <span class='ocrx_word' id='word_1_141' title='bbox 3268 563 3454 604; x_wconf 89' lang='lat' dir='ltr'><strong>unum</strong></span> <span class='ocrx_word' id='word_1_142' title='bbox 3484 548 3852 606; x_wconf 86' lang='lat' dir='ltr'><strong>reticendum</strong></span> 
     </span>
    </p>
   </div>
   <div class='ocr_carea' id='block_1_21' title="bbox 2203 633 3858 706">
    <p class='ocr_par' dir='ltr' id='par_1_21' title="bbox 2203 633 3858 706">
     <span class='ocr_line' id='line_1_21' title="bbox 2203 633 3858 706; baseline 0.003 -16"><span class='ocrx_word' id='word_1_143' title='bbox 2203 651 2319 690; x_wconf 90' lang='lat' dir='ltr'><strong>non</strong></span> <span class='ocrx_word' id='word_1_144' title='bbox 2351 635 2667 700; x_wconf 87' lang='lat' dir='ltr'><strong>credimus,</strong></span> <span class='ocrx_word' id='word_1_145' title='bbox 2693 633 2854 706; x_wconf 85' lang='lat' dir='ltr'><strong>quia,</strong></span> <span class='ocrx_word' id='word_1_146' title='bbox 2879 651 3013 690; x_wconf 91' lang='lat' dir='ltr'><strong>cum</strong></span> <span class='ocrx_word' id='word_1_147' title='bbox 3035 651 3231 691; x_wconf 91' lang='lat' dir='ltr'><strong>comes</strong></span> <span class='ocrx_word' id='word_1_148' title='bbox 3253 635 3399 691; x_wconf 90' lang='lat' dir='ltr'><strong>inibi</strong></span> <span class='ocrx_word' id='word_1_149' title='bbox 3432 653 3567 692; x_wconf 90' lang='lat' dir='ltr'><strong>cum</strong></span> <span class='ocrx_word' id='word_1_150' title='bbox 3599 638 3723 694; x_wconf 88' lang='lat' dir='ltr'><strong>suis</strong></span> <span class='ocrx_word' id='word_1_151' title='bbox 3755 638 3858 696; x_wconf 84' lang='lat' dir='ltr'><strong>ho-</strong></span> 
     </span>
    </p>
   </div>
   <div class='ocr_carea' id='block_1_22' title="bbox 2202 723 3854 796">
    <p class='ocr_par' dir='ltr' id='par_1_22' title="bbox 2202 723 3854 796">
     <span class='ocr_line' id='line_1_22' title="bbox 2202 723 3854 796; baseline 0.002 -16"><span class='ocrx_word' id='word_1_152' title='bbox 2202 723 2407 796; x_wconf 88' lang='lat' dir='ltr'><strong>spitari</strong></span> <span class='ocrx_word' id='word_1_153' title='bbox 2435 723 2629 789; x_wconf 86' lang='lat' dir='ltr'><strong>vellet,</strong></span> <span class='ocrx_word' id='word_1_154' title='bbox 2657 723 2832 779; x_wconf 88' lang='lat' dir='ltr'><strong>Turci</strong></span> <span class='ocrx_word' id='word_1_155' title='bbox 2875 723 2946 779; x_wconf 91' lang='lat' dir='ltr'><strong>de</strong></span> <span class='ocrx_word' id='word_1_156' title='bbox 2995 723 3292 780; x_wconf 90' lang='lat' dir='ltr'><strong>montanis</strong></span> <span class='ocrx_word' id='word_1_157' title='bbox 3339 726 3760 784; x_wconf 90' lang='lat' dir='ltr'><strong>descendentes</strong></span> <span class='ocrx_word' id='word_1_158' title='bbox 3792 745 3854 784; x_wconf 77' lang='lat' dir='ltr'><strong>in</strong></span> 
     </span>
    </p>
   </div>
   <div class='ocr_carea' id='block_1_23' title="bbox 2201 811 3854 888">
    <p class='ocr_par' dir='ltr' id='par_1_23' title="bbox 2201 811 3854 888">
     <span class='ocr_line' id='line_1_23' title="bbox 2201 811 3854 888; baseline 0.002 -20"><span class='ocrx_word' id='word_1_159' title='bbox 2201 813 2432 868; x_wconf 89' lang='lat' dir='ltr'><strong>duabus</strong></span> <span class='ocrx_word' id='word_1_160' title='bbox 2452 812 2688 882; x_wconf 88' lang='lat' dir='ltr'><strong>turmis,</strong></span> <span class='ocrx_word' id='word_1_161' title='bbox 2713 811 3026 868; x_wconf 81' lang='lat' dir='ltr'><strong>exercitum</strong></span> <span class='ocrx_word' id='word_1_162' title='bbox 3048 817 3315 868; x_wconf 87' lang='lat' dir='ltr'><strong>nostrum</strong></span> <span class='ocrx_word' id='word_1_163' title='bbox 3335 815 3854 888; x_wconf 86' lang='lat' dir='ltr'><strong>aggrediebantur,</strong></span> 
     </span>
    </p>
   </div>
   <div class='ocr_carea' id='block_1_24' title="bbox 2201 900 3855 976">
    <p class='ocr_par' dir='ltr' id='par_1_24' title="bbox 2201 900 3855 976">
     <span class='ocr_line' id='line_1_24' title="bbox 2201 900 3855 976; baseline 0.003 -19"><span class='ocrx_word' id='word_1_164' title='bbox 2201 917 2268 957; x_wconf 89' lang='lat' dir='ltr'><strong>eo</strong></span> <span class='ocrx_word' id='word_1_165' title='bbox 2301 901 2580 956; x_wconf 69' lang='lat' dir='ltr'><strong>nImirum</strong></span> <span class='ocrx_word' id='word_1_166' title='bbox 2613 900 2878 968; x_wconf 83' lang='lat' dir='ltr'><strong>consilio,</strong></span> <span class='ocrx_word' id='word_1_167' title='bbox 2905 905 2990 970; x_wconf 91' lang='lat' dir='ltr'><strong>ut,</strong></span> <span class='ocrx_word' id='word_1_168' title='bbox 3019 902 3160 957; x_wconf 89' lang='lat' dir='ltr'><strong>dum</strong></span> <span class='ocrx_word' id='word_1_169' title='bbox 3192 902 3374 958; x_wconf 89' lang='lat' dir='ltr'><strong>altera</strong></span> <span class='ocrx_word' id='word_1_170' title='bbox 3403 921 3539 976; x_wconf 86' lang='lat' dir='ltr'><strong>pars</strong></span> <span class='ocrx_word' id='word_1_171' title='bbox 3563 904 3773 961; x_wconf 90' lang='lat' dir='ltr'><strong>ducem</strong></span> <span class='ocrx_word' id='word_1_172' title='bbox 3794 910 3855 963; x_wconf 91' lang='lat' dir='ltr'><strong>et</strong></span> 
     </span>
    </p>
   </div>
   <div class='ocr_carea' id='block_1_25' title="bbox 2199 989 3854 1067">
    <p class='ocr_par' dir='ltr' id='par_1_25' title="bbox 2199 989 3854 1067">
     <span class='ocr_line' id='line_1_25' title="bbox 2199 989 3854 1067; baseline 0.004 -23"><span class='ocrx_word' id='word_1_173' title='bbox 2199 989 2554 1045; x_wconf 84' lang='lat' dir='ltr'><strong>Alemannos</strong></span> <span class='ocrx_word' id='word_1_174' title='bbox 2586 989 2976 1063; x_wconf 82' lang='lat' dir='ltr'><strong>impugnaret,</strong></span> <span class='ocrx_word' id='word_1_175' title='bbox 3010 990 3110 1062; x_wconf 88' lang='lat' dir='ltr'><strong>qui</strong></span> <span class='ocrx_word' id='word_1_176' title='bbox 3141 991 3213 1046; x_wconf 88' lang='lat' dir='ltr'><strong>ab</strong></span> <span class='ocrx_word' id='word_1_177' title='bbox 3245 990 3465 1048; x_wconf 86' lang='lat' dir='ltr'><strong>oriente</strong></span> <span class='ocrx_word' id='word_1_178' title='bbox 3494 999 3681 1060; x_wconf 89' lang='lat' dir='ltr'><strong>erant,</strong></span> <span class='ocrx_word' id='word_1_179' title='bbox 3712 1011 3854 1067; x_wconf 87' lang='lat' dir='ltr'><strong>pars</strong></span> 
     </span>
    </p>
   </div>
   <div class='ocr_carea' id='block_1_26' title="bbox 2203 1077 3850 1156">
    <p class='ocr_par' dir='ltr' id='par_1_26' title="bbox 2203 1077 3850 1156">
     <span class='ocr_line' id='line_1_26' title="bbox 2203 1077 3850 1156; baseline 0.004 -22"><span class='ocrx_word' id='word_1_180' title='bbox 2203 1077 2385 1134; x_wconf 88' lang='lat' dir='ltr'><strong>altera</strong></span> <span class='ocrx_word' id='word_1_181' title='bbox 2405 1079 2862 1151; x_wconf 88' lang='lat' dir='ltr'><strong>Turcarum,per</strong></span> <span class='ocrx_word' id='word_1_182' title='bbox 2883 1077 3322 1134; x_wconf 85' lang='lat' dir='ltr'><strong>meridionalem</strong></span> <span class='ocrx_word' id='word_1_183' title='bbox 3345 1079 3592 1137; x_wconf 80' lang='lat' dir='ltr'><strong>civitatis</strong></span> <span class='ocrx_word' id='word_1_184' title='bbox 3615 1082 3850 1156; x_wconf 82' lang='lat' dir='ltr'><strong>plagam</strong></span> 
     </span>
    </p>
   </div>
   <div class='ocr_carea' id='block_1_27' title="bbox 2202 1165 3852 1240">
    <p class='ocr_par' dir='ltr' id='par_1_27' title="bbox 2202 1165 3852 1240">
     <span class='ocr_line' id='line_1_27' title="bbox 2202 1165 3852 1240; baseline 0.004 -18"><span class='ocrx_word' id='word_1_185' title='bbox 2202 1165 2557 1239; x_wconf 85' lang='lat' dir='ltr'><strong>ingrediens,</strong></span> <span class='ocrx_word' id='word_1_186' title='bbox 2587 1184 2652 1223; x_wconf 89' lang='lat' dir='ltr'><strong>ac</strong></span> <span class='ocrx_word' id='word_1_187' title='bbox 2684 1184 2788 1240; x_wconf 89' lang='lat' dir='ltr'><strong>per</strong></span> <span class='ocrx_word' id='word_1_188' title='bbox 2817 1166 3058 1222; x_wconf 89' lang='lat' dir='ltr'><strong>alteram</strong></span> <span class='ocrx_word' id='word_1_189' title='bbox 3100 1172 3332 1240; x_wconf 89' lang='lat' dir='ltr'><strong>portam</strong></span> <span class='ocrx_word' id='word_1_190' title='bbox 3364 1169 3586 1240; x_wconf 85' lang='lat' dir='ltr'><strong>exiens,</strong></span> <span class='ocrx_word' id='word_1_191' title='bbox 3617 1176 3852 1228; x_wconf 86' lang='lat' dir='ltr'><strong>nostros</strong></span> 
     </span>
    </p>
   </div>
   <div class='ocr_carea' id='block_1_28' title="bbox 2203 1254 3848 1331">
    <p class='ocr_par' dir='ltr' id='par_1_28' title="bbox 2203 1254 3848 1331">
     <span class='ocr_line' id='line_1_28' title="bbox 2203 1254 3848 1331; baseline 0.004 -21"><span class='ocrx_word' id='word_1_192' title='bbox 2203 1254 2370 1310; x_wconf 82' lang='lat' dir='ltr'><strong>facile</strong></span> <span class='ocrx_word' id='word_1_193' title='bbox 2392 1271 2426 1310; x_wconf 89' lang='lat' dir='ltr'><strong>a</strong></span> <span class='ocrx_word' id='word_1_194' title='bbox 2444 1254 2654 1311; x_wconf 89' lang='lat' dir='ltr'><strong>castris</strong></span> <span class='ocrx_word' id='word_1_195' title='bbox 2677 1255 3132 1328; x_wconf 89' lang='lat' dir='ltr'><strong>propelleret,nil</strong></span> <span class='ocrx_word' id='word_1_196' title='bbox 3152 1257 3345 1314; x_wconf 88' lang='lat' dir='ltr'><strong>simile</strong></span> <span class='ocrx_word' id='word_1_197' title='bbox 3367 1258 3709 1331; x_wconf 83' lang='lat' dir='ltr'><strong>cogitantes.</strong></span> <span class='ocrx_word' id='word_1_198' title='bbox 3735 1261 3848 1317; x_wconf 84' lang='lat' dir='ltr'><strong>Sed</strong></span> 
     </span>
    </p>
   </div>
   <div class='ocr_carea' id='block_1_29' title="bbox 2203 1343 3853 1417">
    <p class='ocr_par' dir='ltr' id='par_1_29' title="bbox 2203 1343 3853 1417">
     <span class='ocr_line' id='line_1_29' title="bbox 2203 1343 3853 1417; baseline 0.005 -19"><span class='ocrx_word' id='word_1_199' title='bbox 2203 1344 2302 1416; x_wconf 91' lang='lat' dir='ltr'><strong>qui</strong></span> <span class='ocrx_word' id='word_1_200' title='bbox 2334 1343 2645 1401; x_wconf 89' lang='lat' dir='ltr'><strong>consilium</strong></span> <span class='ocrx_word' id='word_1_201' title='bbox 2676 1343 2992 1417; x_wconf 89' lang='lat' dir='ltr'><strong>impiorum</strong></span> <span class='ocrx_word' id='word_1_202' title='bbox 3025 1345 3358 1402; x_wconf 88' lang='lat' dir='ltr'><strong>subvertere</strong></span> <span class='ocrx_word' id='word_1_203' title='bbox 3388 1345 3536 1402; x_wconf 88' lang='lat' dir='ltr'><strong>solet</strong></span> <span class='ocrx_word' id='word_1_204' title='bbox 3566 1347 3741 1416; x_wconf 90' lang='lat' dir='ltr'><strong>Deus,</strong></span> <span class='ocrx_word' id='word_1_205' title='bbox 3767 1348 3853 1406; x_wconf 91' lang='lat' dir='ltr'><strong>sic</strong></span> 
     </span>
    </p>
   </div>
   <div class='ocr_carea' id='block_1_30' title="bbox 2202 1432 3854 1510">
    <p class='ocr_par' dir='ltr' id='par_1_30' title="bbox 2202 1432 3854 1510">
     <span class='ocr_line' id='line_1_30' title="bbox 2202 1432 3854 1510; baseline 0.003 -21"><span class='ocrx_word' id='word_1_206' title='bbox 2202 1437 2520 1505; x_wconf 83' lang='lat' dir='ltr'><strong>apparatus</strong></span> <span class='ocrx_word' id='word_1_207' title='bbox 2571 1432 2806 1488; x_wconf 91' lang='lat' dir='ltr'><strong>illorum</strong></span> <span class='ocrx_word' id='word_1_208' title='bbox 2857 1432 3176 1489; x_wconf 84' lang='lat' dir='ltr'><strong>exinanivit</strong></span> <span class='ocrx_word' id='word_1_209' title='bbox 3207 1438 3272 1490; x_wconf 92' lang='lat' dir='ltr'><strong>ut</strong></span> <span class='ocrx_word' id='word_1_210' title='bbox 3310 1433 3489 1491; x_wconf 90' lang='lat' dir='ltr'><strong>veluti</strong></span> <span class='ocrx_word' id='word_1_211' title='bbox 3538 1436 3854 1510; x_wconf 89' lang='lat' dir='ltr'><strong>disposito,</strong></span> 
     </span>
    </p>
   </div>
   <div class='ocr_carea' id='block_1_31' title="bbox 2203 1521 3850 1596">
    <p class='ocr_par' dir='ltr' id='par_1_31' title="bbox 2203 1521 3850 1596">
     <span class='ocr_line' id='line_1_31' title="bbox 2203 1521 3850 1596; baseline 0.005 -20"><span class='ocrx_word' id='word_1_212' title='bbox 2203 1521 2550 1594; x_wconf 88' lang='lat' dir='ltr'><strong>ingredienti</strong></span> <span class='ocrx_word' id='word_1_213' title='bbox 2574 1522 2699 1592; x_wconf 88' lang='lat' dir='ltr'><strong>jam</strong></span> <span class='ocrx_word' id='word_1_214' title='bbox 2732 1522 2850 1577; x_wconf 87' lang='lat' dir='ltr'><strong>fere</strong></span> <span class='ocrx_word' id='word_1_215' title='bbox 2894 1521 3185 1578; x_wconf 88' lang='lat' dir='ltr'><strong>civitatem</strong></span> <span class='ocrx_word' id='word_1_216' title='bbox 3238 1524 3562 1580; x_wconf 88' lang='lat' dir='ltr'><strong>Turcarum</strong></span> <span class='ocrx_word' id='word_1_217' title='bbox 3616 1529 3850 1596; x_wconf 71' lang='lat' dir='ltr'><strong>turmae,</strong></span> 
     </span>
    </p>
   </div>
   <div class='ocr_carea' id='block_1_32' title="bbox 2203 1609 3853 1689">
    <p class='ocr_par' dir='ltr' id='par_1_32' title="bbox 2203 1609 3853 1689">
     <span class='ocr_line' id='line_1_32' title="bbox 2203 1609 3853 1689; baseline 0.004 -24"><span class='ocrx_word' id='word_1_218' title='bbox 2203 1609 2485 1682; x_wconf 86' lang='lat' dir='ltr'><strong>hospitari</strong></span> <span class='ocrx_word' id='word_1_219' title='bbox 2513 1609 2801 1666; x_wconf 89' lang='lat' dir='ltr'><strong>volentem</strong></span> <span class='ocrx_word' id='word_1_220' title='bbox 2829 1611 3101 1667; x_wconf 89' lang='lat' dir='ltr'><strong>comitem</strong></span> <span class='ocrx_word' id='word_1_221' title='bbox 3131 1628 3265 1668; x_wconf 90' lang='lat' dir='ltr'><strong>cum</strong></span> <span class='ocrx_word' id='word_1_222' title='bbox 3299 1612 3425 1669; x_wconf 89' lang='lat' dir='ltr'><strong>suis</strong></span> <span class='ocrx_word' id='word_1_223' title='bbox 3456 1613 3722 1684; x_wconf 88' lang='lat' dir='ltr'><strong>immisit,</strong></span> <span class='ocrx_word' id='word_1_224' title='bbox 3746 1617 3853 1689; x_wconf 88' lang='lat' dir='ltr'><strong>qui</strong></span> 
     </span>
    </p>
   </div>
   <div class='ocr_carea' id='block_1_33' title="bbox 445 1697 3856 1802">
    <p class='ocr_par' dir='ltr' id='par_1_33' title="bbox 445 1697 3856 1802">
     <span class='ocr_line' id='line_1_33' title="bbox 445 1697 3856 1802; baseline 0.001 -44"><span class='ocrx_word' id='word_1_225' title='bbox 445 1718 549 1775; x_wconf 89' lang='lat' dir='ltr'><strong>pes</strong></span> <span class='ocrx_word' id='word_1_226' title='bbox 569 1703 640 1759; x_wconf 93' lang='lat' dir='ltr'><strong>de</strong></span> <span class='ocrx_word' id='word_1_227' title='bbox 669 1707 868 1759; x_wconf 88' lang='lat' dir='ltr'><strong>nostro</strong></span> <span class='ocrx_word' id='word_1_228' title='bbox 899 1701 1178 1769; x_wconf 85' lang='lat' dir='ltr'><strong>exercitu,</strong></span> <span class='ocrx_word' id='word_1_229' title='bbox 1199 1703 1360 1758; x_wconf 69' lang='lat' dir='ltr'><strong>factae</strong></span> <span class='ocrx_word' id='word_1_230' title='bbox 1392 1703 1737 1774; x_wconf 85' lang='lat' dir='ltr'><strong>proditionis</strong></span> <span class='ocrx_word' id='word_1_231' title='bbox 1766 1721 2096 1763; x_wconf 79' lang='lat' dir='ltr'><strong>commone-</strong></span> <span class='ocrx_word' id='word_1_232' title='bbox 2126 1735 2175 1802; x_wconf 78' lang='grc' dir='ltr'><strong>Β</strong></span> <span class='ocrx_word' id='word_1_233' title='bbox 2204 1697 2634 1802; x_wconf 57' lang='grc' dir='ltr'><strong>ρτίξηοξωρεξξυ</strong></span> <span class='ocrx_word' id='word_1_234' title='bbox 2657 1714 2757 1754; x_wconf 79' lang='lat'><strong>808</strong></span> <span class='ocrx_word' id='word_1_235' title='bbox 2779 1697 2839 1798; x_wconf 52' lang='lat' dir='ltr'><strong>in</strong></span> <span class='ocrx_word' id='word_1_236' title='bbox 2862 1699 3060 1772; x_wconf 72' lang='lat' dir='ltr'><strong>fugam</strong></span> <span class='ocrx_word' id='word_1_237' title='bbox 3085 1699 3456 1773; x_wconf 81' lang='lat' dir='ltr'><strong>vertit,atque</strong></span> <span class='ocrx_word' id='word_1_238' title='bbox 3477 1701 3748 1802; x_wconf 71' lang='lat' dir='ltr'><strong>pluribus</strong></span> <span class='ocrx_word' id='word_1_239' title='bbox 3768 1703 3856 1760; x_wconf 88' lang='lat' dir='ltr'><strong>in-</strong></span> 
     </span>
    </p>
   </div>
   <div class='ocr_carea' id='block_1_34' title="bbox 447 1789 2092 1867">
    <p class='ocr_par' dir='ltr' id='par_1_34' title="bbox 447 1789 2092 1867">
     <span class='ocr_line' id='line_1_34' title="bbox 447 1789 2092 1867; baseline 0.002 -20"><span class='ocrx_word' id='word_1_240' title='bbox 447 1789 601 1847; x_wconf 84' lang='lat' dir='ltr'><strong>fecit.</strong></span> <span class='ocrx_word' id='word_1_241' title='bbox 631 1792 704 1846; x_wconf 85' lang='lat' dir='ltr'><strong>At</strong></span> <span class='ocrx_word' id='word_1_242' title='bbox 730 1789 964 1847; x_wconf 89' lang='lat' dir='ltr'><strong>Alexius</strong></span> <span class='ocrx_word' id='word_1_243' title='bbox 995 1790 1137 1847; x_wconf 91' lang='lat' dir='ltr'><strong>dicit</strong></span> <span class='ocrx_word' id='word_1_244' title='bbox 1165 1807 1221 1848; x_wconf 86' lang='lat' dir='ltr'><strong>se</strong></span> <span class='ocrx_word' id='word_1_245' title='bbox 1248 1799 1460 1848; x_wconf 86' lang='lat' dir='ltr'><strong>nostros</strong></span> <span class='ocrx_word' id='word_1_246' title='bbox 1513 1795 1745 1849; x_wconf 82' lang='lat' dir='ltr'><strong>nescisse</strong></span> <span class='ocrx_word' id='word_1_247' title='bbox 1799 1793 2092 1867; x_wconf 85' lang='lat' dir='ltr'><strong>depopula-</strong></span> 
     </span>
    </p>
   </div>
   <div class='ocr_carea' id='block_1_35' title="bbox 446 1883 2093 1954">
    <p class='ocr_par' dir='ltr' id='par_1_35' title="bbox 446 1883 2093 1954">
     <span class='ocr_line' id='line_1_35' title="bbox 446 1883 2093 1954; baseline 0.002 -18"><span class='ocrx_word' id='word_1_248' title='bbox 446 1887 524 1936; x_wconf 88' lang='lat' dir='ltr'><strong>tos</strong></span> <span class='ocrx_word' id='word_1_249' title='bbox 550 1896 665 1936; x_wconf 84' lang='lat' dir='ltr'><strong>esse</strong></span> <span class='ocrx_word' id='word_1_250' title='bbox 690 1897 923 1950; x_wconf 83' lang='lat' dir='ltr'><strong>regnum</strong></span> <span class='ocrx_word' id='word_1_251' title='bbox 951 1897 1134 1949; x_wconf 83' lang='lat' dir='ltr'><strong>suum,</strong></span> <span class='ocrx_word' id='word_1_252' title='bbox 1165 1888 1216 1936; x_wconf 91' lang='lat' dir='ltr'><strong>et</strong></span> <span class='ocrx_word' id='word_1_253' title='bbox 1242 1897 1367 1936; x_wconf 85' lang='lat' dir='ltr'><strong>suos</strong></span> <span class='ocrx_word' id='word_1_254' title='bbox 1393 1883 1599 1937; x_wconf 88' lang='lat' dir='ltr'><strong>multas</strong></span> <span class='ocrx_word' id='word_1_255' title='bbox 1649 1899 1835 1954; x_wconf 85' lang='lat' dir='ltr'><strong>passos</strong></span> <span class='ocrx_word' id='word_1_256' title='bbox 1861 1899 1974 1939; x_wconf 90' lang='lat' dir='ltr'><strong>esse</strong></span> <span class='ocrx_word' id='word_1_257' title='bbox 2004 1885 2093 1939; x_wconf 91' lang='lat' dir='ltr'><strong>in-</strong></span> 
     </span>
    </p>
   </div>
   <div class='ocr_carea' id='block_1_36' title="bbox 437 1969 2088 2044">
    <p class='ocr_par' dir='ltr' id='par_1_36' title="bbox 437 1969 2088 2044">
     <span class='ocr_line' id='line_1_36' title="bbox 437 1969 2088 2044; baseline 0.002 -20"><span class='ocrx_word' id='word_1_258' title='bbox 437 1969 624 2042; x_wconf 85' lang='lat' dir='ltr'><strong>jurias</strong></span> <span class='ocrx_word' id='word_1_259' title='bbox 646 1990 666 2036; x_wconf 82' lang='lat'><strong>,-</strong></span> <span class='ocrx_word' id='word_1_260' title='bbox 689 1970 837 2025; x_wconf 80' lang='lat' dir='ltr'><strong>nihil</strong></span> <span class='ocrx_word' id='word_1_261' title='bbox 864 1985 979 2026; x_wconf 85' lang='lat' dir='ltr'><strong>esse</strong></span> <span class='ocrx_word' id='word_1_262' title='bbox 1024 1969 1165 2041; x_wconf 85' lang='lat' dir='ltr'><strong>quod</strong></span> <span class='ocrx_word' id='word_1_263' title='bbox 1210 1985 1384 2026; x_wconf 88' lang='lat' dir='ltr'><strong>comes</strong></span> <span class='ocrx_word' id='word_1_264' title='bbox 1410 1970 1756 2042; x_wconf 83' lang='lat' dir='ltr'><strong>querebatur,</strong></span> <span class='ocrx_word' id='word_1_265' title='bbox 1787 1973 1902 2027; x_wconf 89' lang='lat' dir='ltr'><strong>nisi</strong></span> <span class='ocrx_word' id='word_1_266' title='bbox 1929 1973 2088 2044; x_wconf 86' lang='lat' dir='ltr'><strong>quod,</strong></span> 
     </span>
    </p>
   </div>
   <div class='ocr_carea' id='block_1_37' title="bbox 443 2057 2092 2116">
    <p class='ocr_par' dir='ltr' id='par_1_37' title="bbox 443 2057 2092 2116">
     <span class='ocr_line' id='line_1_37' title="bbox 443 2057 2092 2116; baseline 0.002 -3"><span class='ocrx_word' id='word_1_267' title='bbox 443 2057 577 2113; x_wconf 81' lang='lat' dir='ltr'><strong>dum</strong></span> <span class='ocrx_word' id='word_1_268' title='bbox 603 2060 873 2114; x_wconf 75' lang='lat' dir='ltr'><strong>exercitus</strong></span> <span class='ocrx_word' id='word_1_269' title='bbox 915 2059 1129 2114; x_wconf 89' lang='lat' dir='ltr'><strong>comitis</strong></span> <span class='ocrx_word' id='word_1_270' title='bbox 1157 2059 1316 2114; x_wconf 90' lang='lat' dir='ltr'><strong>solito</strong></span> <span class='ocrx_word' id='word_1_271' title='bbox 1345 2075 1494 2114; x_wconf 88' lang='lat' dir='ltr'><strong>more</strong></span> <span class='ocrx_word' id='word_1_272' title='bbox 1522 2059 1683 2114; x_wconf 86' lang='lat' dir='ltr'><strong>villas</strong></span> <span class='ocrx_word' id='word_1_273' title='bbox 1709 2068 1760 2115; x_wconf 86' lang='lat' dir='ltr'><strong>et</strong></span> <span class='ocrx_word' id='word_1_274' title='bbox 1787 2068 1968 2116; x_wconf 85' lang='lat' dir='ltr'><strong>castra</strong></span> <span class='ocrx_word' id='word_1_275' title='bbox 1995 2077 2092 2116; x_wconf 82' lang='lat' dir='ltr'><strong>va-</strong></span> 
     </span>
    </p>
   </div>
   <div class='ocr_carea' id='block_1_38' title="bbox 442 2149 2090 2220">
    <p class='ocr_par' dir='ltr' id='par_1_38' title="bbox 442 2149 2090 2220">
     <span class='ocr_line' id='line_1_38' title="bbox 442 2149 2090 2220; baseline 0.002 -19"><span class='ocrx_word' id='word_1_276' title='bbox 442 2153 629 2214; x_wconf 86' lang='lat' dir='ltr'><strong>staret,</strong></span> <span class='ocrx_word' id='word_1_277' title='bbox 660 2149 904 2203; x_wconf 66' lang='lat' dir='ltr'><strong>exercitu</strong></span> <span class='ocrx_word' id='word_1_278' title='bbox 931 2163 1029 2201; x_wconf 88' lang='lat' dir='ltr'><strong>suo</strong></span> <span class='ocrx_word' id='word_1_279' title='bbox 1072 2155 1370 2218; x_wconf 82' lang='lat' dir='ltr'><strong>conspecto,</strong></span> <span class='ocrx_word' id='word_1_280' title='bbox 1401 2149 1596 2219; x_wconf 82' lang='lat' dir='ltr'><strong>fugam</strong></span> <span class='ocrx_word' id='word_1_281' title='bbox 1638 2149 1978 2220; x_wconf 86' lang='lat' dir='ltr'><strong>arripuerit;</strong></span> <span class='ocrx_word' id='word_1_282' title='bbox 2006 2157 2090 2205; x_wconf 90' lang='lat' dir='ltr'><strong>ta-</strong></span> 
     </span>
    </p>
   </div>
   <div class='ocr_carea' id='block_1_39' title="bbox 441 2235 2090 2308">
    <p class='ocr_par' dir='ltr' id='par_1_39' title="bbox 441 2235 2090 2308">
     <span class='ocr_line' id='line_1_39' title="bbox 441 2235 2090 2308; baseline 0.002 -18"><span class='ocrx_word' id='word_1_283' title='bbox 441 2251 570 2290; x_wconf 87' lang='lat' dir='ltr'><strong>men</strong></span> <span class='ocrx_word' id='word_1_284' title='bbox 594 2251 653 2292; x_wconf 86' lang='lat' dir='ltr'><strong>se</strong></span> <span class='ocrx_word' id='word_1_285' title='bbox 679 2237 1094 2308; x_wconf 80' lang='lat' dir='ltr'><strong>satisfacturum</strong></span> <span class='ocrx_word' id='word_1_286' title='bbox 1120 2237 1327 2303; x_wconf 88' lang='lat' dir='ltr'><strong>comiti,</strong></span> <span class='ocrx_word' id='word_1_287' title='bbox 1361 2240 1538 2308; x_wconf 86' lang='lat' dir='ltr'><strong>atque</strong></span> <span class='ocrx_word' id='word_1_288' title='bbox 1566 2235 1962 2293; x_wconf 90' lang='lat' dir='ltr'><strong>Boimundum</strong></span> <span class='ocrx_word' id='word_1_289' title='bbox 1982 2238 2090 2294; x_wconf 92' lang='lat' dir='ltr'><strong>ob-</strong></span> 
     </span>
    </p>
   </div>
   <div class='ocr_carea' id='block_1_40' title="bbox 442 2322 2086 2396">
    <p class='ocr_par' dir='ltr' id='par_1_40' title="bbox 442 2322 2086 2396">
     <span class='ocr_line' id='line_1_40' title="bbox 442 2322 2086 2396; baseline 0.001 -15"><span class='ocrx_word' id='word_1_290' title='bbox 442 2323 631 2381; x_wconf 82' lang='lat' dir='ltr'><strong>sidem</strong></span> <span class='ocrx_word' id='word_1_291' title='bbox 681 2322 1099 2380; x_wconf 85' lang='lat' dir='ltr'><strong>satisfactionis</strong></span> <span class='ocrx_word' id='word_1_292' title='bbox 1148 2323 1328 2379; x_wconf 87' lang='lat' dir='ltr'><strong>dedit.</strong></span> <span class='ocrx_word' id='word_1_293' title='bbox 1360 2325 1442 2379; x_wconf 88' lang='lat' dir='ltr'><strong>Ad</strong></span> <span class='ocrx_word' id='word_1_294' title='bbox 1469 2324 1764 2396; x_wconf 88' lang='lat' dir='ltr'><strong>judicium</strong></span> <span class='ocrx_word' id='word_1_295' title='bbox 1808 2327 2086 2396; x_wconf 91' lang='lat' dir='ltr'><strong>veniunt;</strong></span> 
     </span>
    </p>
   </div>
   <div class='ocr_carea' id='block_1_41' title="bbox 441 2411 2089 2487">
    <p class='ocr_par' dir='ltr' id='par_1_41' title="bbox 441 2411 2089 2487">
     <span class='ocr_line' id='line_1_41' title="bbox 441 2411 2089 2487; baseline 0.002 -18"><span class='ocrx_word' id='word_1_296' title='bbox 441 2411 671 2487; x_wconf 86' lang='lat' dir='ltr'><strong>cogitur</strong></span> <span class='ocrx_word' id='word_1_297' title='bbox 699 2427 918 2482; x_wconf 89' lang='lat' dir='ltr'><strong>comes,</strong></span> <span class='ocrx_word' id='word_1_298' title='bbox 951 2415 1159 2484; x_wconf 67' lang='lat' dir='ltr'><strong>praeter</strong></span> <span class='ocrx_word' id='word_1_299' title='bbox 1178 2427 1302 2484; x_wconf 73' lang='lat' dir='ltr'><strong>Jus,</strong></span> <span class='ocrx_word' id='word_1_300' title='bbox 1338 2411 1636 2469; x_wconf 88' lang='lat' dir='ltr'><strong>absolvere</strong></span> <span class='ocrx_word' id='word_1_301' title='bbox 1675 2413 1959 2475; x_wconf 89' lang='lat' dir='ltr'><strong>obsidem.</strong></span> <span class='ocrx_word' id='word_1_302' title='bbox 1994 2417 2089 2472; x_wconf 91' lang='lat' dir='ltr'><strong>In-</strong></span> 
     </span>
    </p>
   </div>
   <div class='ocr_carea' id='block_1_42' title="bbox 441 2500 2090 2574">
    <p class='ocr_par' dir='ltr' id='par_1_42' title="bbox 441 2500 2090 2574">
     <span class='ocr_line' id='line_1_42' title="bbox 441 2500 2090 2574; baseline 0.002 -16"><span class='ocrx_word' id='word_1_303' title='bbox 441 2505 599 2559; x_wconf 88' lang='lat' dir='ltr'><strong>terea</strong></span> <span class='ocrx_word' id='word_1_304' title='bbox 629 2501 914 2558; x_wconf 89' lang='lat' dir='ltr'><strong>exercitus</strong></span> <span class='ocrx_word' id='word_1_305' title='bbox 957 2504 1157 2558; x_wconf 89' lang='lat' dir='ltr'><strong>noster</strong></span> <span class='ocrx_word' id='word_1_306' title='bbox 1203 2500 1766 2574; x_wconf 86' lang='lat' dir='ltr'><strong>Constantinopolim</strong></span> <span class='ocrx_word' id='word_1_307' title='bbox 1807 2504 1998 2574; x_wconf 90' lang='lat' dir='ltr'><strong>venit;</strong></span> <span class='ocrx_word' id='word_1_308' title='bbox 2031 2510 2090 2562; x_wconf 91' lang='lat' dir='ltr'><strong>et</strong></span> 
     </span>
    </p>
   </div>
   <div class='ocr_carea' id='block_1_43' title="bbox 441 2589 2088 2665">
    <p class='ocr_par' dir='ltr' id='par_1_43' title="bbox 441 2589 2088 2665">
     <span class='ocr_line' id='line_1_43' title="bbox 441 2589 2088 2665; baseline 0.001 -18"><span class='ocrx_word' id='word_1_309' title='bbox 441 2599 578 2665; x_wconf 85' lang='lat' dir='ltr'><strong>post</strong></span> <span class='ocrx_word' id='word_1_310' title='bbox 604 2589 726 2647; x_wconf 62' lang='lat' dir='ltr'><strong>haec</strong></span> <span class='ocrx_word' id='word_1_311' title='bbox 757 2593 1108 2647; x_wconf 88' lang='lat' dir='ltr'><strong>consecutus</strong></span> <span class='ocrx_word' id='word_1_312' title='bbox 1137 2593 1226 2645; x_wconf 90' lang='lat' dir='ltr'><strong>est</strong></span> <span class='ocrx_word' id='word_1_313' title='bbox 1257 2606 1364 2646; x_wconf 90' lang='lat' dir='ltr'><strong>nos</strong></span> <span class='ocrx_word' id='word_1_314' title='bbox 1393 2589 1708 2663; x_wconf 89' lang='lat' dir='ltr'><strong>episcopus</strong></span> <span class='ocrx_word' id='word_1_315' title='bbox 1745 2607 1880 2648; x_wconf 91' lang='lat' dir='ltr'><strong>cum</strong></span> <span class='ocrx_word' id='word_1_316' title='bbox 1911 2594 2088 2650; x_wconf 78' lang='lat' dir='ltr'><strong>fratre</strong></span> 
     </span>
    </p>
   </div>
   <div class='ocr_carea' id='block_1_44' title="bbox 441 2677 2090 2752">
    <p class='ocr_par' dir='ltr' id='par_1_44' title="bbox 441 2677 2090 2752">
     <span class='ocr_line' id='line_1_44' title="bbox 441 2677 2090 2752; baseline 0.002 -16"><span class='ocrx_word' id='word_1_317' title='bbox 441 2696 572 2749; x_wconf 87' lang='lat' dir='ltr'><strong>suo,</strong></span> <span class='ocrx_word' id='word_1_318' title='bbox 594 2694 770 2752; x_wconf 87' lang='lat' dir='ltr'><strong>quem</strong></span> <span class='ocrx_word' id='word_1_319' title='bbox 799 2677 1100 2733; x_wconf 85' lang='lat' dir='ltr'><strong>inﬁrmum</strong></span> <span class='ocrx_word' id='word_1_320' title='bbox 1129 2677 1432 2733; x_wconf 86' lang='lat' dir='ltr'><strong>dimiserat</strong></span> <span class='ocrx_word' id='word_1_321' title='bbox 1458 2677 1734 2735; x_wconf 89' lang='lat' dir='ltr'><strong>Dirachii.</strong></span> <span class='ocrx_word' id='word_1_322' title='bbox 1767 2679 2007 2738; x_wconf 89' lang='lat' dir='ltr'><strong>Mandat</strong></span> <span class='ocrx_word' id='word_1_323' title='bbox 2031 2685 2090 2738; x_wconf 91' lang='lat' dir='ltr'><strong>et</strong></span> 
     </span>
    </p>
   </div>
   <div class='ocr_carea' id='block_1_45' title="bbox 443 2765 2088 2838">
    <p class='ocr_par' dir='ltr' id='par_1_45' title="bbox 443 2765 2088 2838">
     <span class='ocr_line' id='line_1_45' title="bbox 443 2765 2088 2838; baseline 0.001 -14"><span class='ocrx_word' id='word_1_324' title='bbox 443 2769 752 2824; x_wconf 88' lang='lat' dir='ltr'><strong>remandat</strong></span> <span class='ocrx_word' id='word_1_325' title='bbox 777 2766 1037 2833; x_wconf 86' lang='lat' dir='ltr'><strong>Alexius,</strong></span> <span class='ocrx_word' id='word_1_326' title='bbox 1055 2765 1367 2838; x_wconf 67' lang='lat' dir='ltr'><strong>pollicetur</strong></span> <span class='ocrx_word' id='word_1_327' title='bbox 1396 2765 1584 2823; x_wconf 91' lang='lat' dir='ltr'><strong>multa</strong></span> <span class='ocrx_word' id='word_1_328' title='bbox 1613 2784 1676 2824; x_wconf 89' lang='lat' dir='ltr'><strong>se</strong></span> <span class='ocrx_word' id='word_1_329' title='bbox 1706 2768 1979 2824; x_wconf 87' lang='lat' dir='ltr'><strong>daturum</strong></span> <span class='ocrx_word' id='word_1_330' title='bbox 1999 2787 2088 2826; x_wconf 92' lang='lat' dir='ltr'><strong>co-</strong></span> 
     </span>
    </p>
   </div>
   <div class='ocr_carea' id='block_1_46' title="bbox 445 2853 2088 2930">
    <p class='ocr_par' dir='ltr' id='par_1_46' title="bbox 445 2853 2088 2930">
     <span class='ocr_line' id='line_1_46' title="bbox 445 2853 2088 2930; baseline 0.003 -19"><span class='ocrx_word' id='word_1_331' title='bbox 445 2855 598 2924; x_wconf 90' lang='lat' dir='ltr'><strong>miti,</strong></span> <span class='ocrx_word' id='word_1_332' title='bbox 632 2855 680 2911; x_wconf 89' lang='lat' dir='ltr'><strong>si</strong></span> <span class='ocrx_word' id='word_1_333' title='bbox 715 2855 1026 2928; x_wconf 65' lang='lat' dir='ltr'><strong>quesitum</strong></span> <span class='ocrx_word' id='word_1_334' title='bbox 1069 2853 1399 2910; x_wconf 80' lang='lat' dir='ltr'><strong>hominium</strong></span> <span class='ocrx_word' id='word_1_335' title='bbox 1431 2855 1543 2911; x_wconf 90' lang='lat' dir='ltr'><strong>sibi</strong></span> <span class='ocrx_word' id='word_1_336' title='bbox 1575 2857 1807 2925; x_wconf 88' lang='lat' dir='ltr'><strong>faceret,</strong></span> <span class='ocrx_word' id='word_1_337' title='bbox 1842 2859 1996 2930; x_wconf 93' lang='lat' dir='ltr'><strong>quod</strong></span> <span class='ocrx_word' id='word_1_338' title='bbox 2029 2863 2088 2916; x_wconf 89' lang='lat' dir='ltr'><strong>et</strong></span> 
     </span>
    </p>
   </div>
   <div class='ocr_carea' id='block_1_47' title="bbox 445 2941 2084 3016">
    <p class='ocr_par' dir='ltr' id='par_1_47' title="bbox 445 2941 2084 3016">
     <span class='ocr_line' id='line_1_47' title="bbox 445 2941 2084 3016; baseline 0 -15"><span class='ocrx_word' id='word_1_339' title='bbox 445 2943 544 3001; x_wconf 89' lang='lat' dir='ltr'><strong>alii</strong></span> <span class='ocrx_word' id='word_1_340' title='bbox 571 2943 866 3016; x_wconf 87' lang='lat' dir='ltr'><strong>principes</strong></span> <span class='ocrx_word' id='word_1_341' title='bbox 895 2941 1008 2999; x_wconf 82' lang='lat' dir='ltr'><strong>sibi</strong></span> <span class='ocrx_word' id='word_1_342' title='bbox 1040 2943 1315 2998; x_wconf 80' lang='lat' dir='ltr'><strong>fecerant.</strong></span> <span class='ocrx_word' id='word_1_343' title='bbox 1347 2941 1739 2998; x_wconf 87' lang='lat' dir='ltr'><strong>Meditabatur</strong></span> <span class='ocrx_word' id='word_1_344' title='bbox 1767 2948 1962 3000; x_wconf 88' lang='lat' dir='ltr'><strong>autem</strong></span> <span class='ocrx_word' id='word_1_345' title='bbox 1989 2961 2084 3001; x_wconf 92' lang='lat' dir='ltr'><strong>co-</strong></span> 
     </span>
    </p>
   </div>
   <div class='ocr_carea' id='block_1_48' title="bbox 445 3029 2081 3104">
    <p class='ocr_par' dir='ltr' id='par_1_48' title="bbox 445 3029 2081 3104">
     <span class='ocr_line' id='line_1_48' title="bbox 445 3029 2081 3104; baseline 0.001 -15"><span class='ocrx_word' id='word_1_346' title='bbox 445 3049 569 3089; x_wconf 87' lang='lat' dir='ltr'><strong>mes</strong></span> <span class='ocrx_word' id='word_1_347' title='bbox 601 3029 1124 3104; x_wconf 70' lang='lat' dir='ltr'><strong>assidue,qualitcr</strong></span> <span class='ocrx_word' id='word_1_348' title='bbox 1151 3047 1397 3086; x_wconf 90' lang='lat' dir='ltr'><strong>suorum</strong></span> <span class='ocrx_word' id='word_1_349' title='bbox 1429 3031 1710 3102; x_wconf 86' lang='lat' dir='ltr'><strong>injuriam</strong></span> <span class='ocrx_word' id='word_1_350' title='bbox 1741 3032 2081 3101; x_wconf 89' lang='lat' dir='ltr'><strong>vindicaret,</strong></span> 
     </span>
    </p>
   </div>
   <div class='ocr_carea' id='block_1_49' title="bbox 2203 1782 3854 1862">
    <p class='ocr_par' dir='ltr' id='par_1_49' title="bbox 2203 1782 3854 1862">
     <span class='ocr_line' id='line_1_49' title="bbox 2203 1782 3854 1862; baseline 0.005 -20"><span class='ocrx_word' id='word_1_351' title='bbox 2203 1782 2456 1843; x_wconf 87' lang='lat' dir='ltr'><strong>terfectis</strong></span> <span class='ocrx_word' id='word_1_352' title='bbox 2487 1785 2746 1859; x_wconf 89' lang='lat' dir='ltr'><strong>reliquos</strong></span> <span class='ocrx_word' id='word_1_353' title='bbox 2775 1787 3078 1843; x_wconf 89' lang='lat' dir='ltr'><strong>insecutus</strong></span> <span class='ocrx_word' id='word_1_354' title='bbox 3107 1793 3198 1844; x_wconf 90' lang='lat' dir='ltr'><strong>est</strong></span> <span class='ocrx_word' id='word_1_355' title='bbox 3218 1805 3407 1862; x_wconf 88' lang='lat' dir='ltr'><strong>usque</strong></span> <span class='ocrx_word' id='word_1_356' title='bbox 3428 1791 3499 1846; x_wconf 92' lang='lat' dir='ltr'><strong>ad</strong></span> <span class='ocrx_word' id='word_1_357' title='bbox 3521 1791 3740 1849; x_wconf 89' lang='lat' dir='ltr'><strong>montis</strong></span> <span class='ocrx_word' id='word_1_358' title='bbox 3771 1793 3854 1850; x_wconf 91' lang='lat' dir='ltr'><strong>al-</strong></span> 
     </span>
    </p>
   </div>
   <div class='ocr_carea' id='block_1_50' title="bbox 2201 1875 3851 1952">
    <p class='ocr_par' dir='ltr' id='par_1_50' title="bbox 2201 1875 3851 1952">
     <span class='ocr_line' id='line_1_50' title="bbox 2201 1875 3851 1952; baseline 0.005 -21"><span class='ocrx_word' id='word_1_359' title='bbox 2201 1876 2536 1932; x_wconf 91' lang='lat' dir='ltr'><strong>titudinem.</strong></span> <span class='ocrx_word' id='word_1_360' title='bbox 2569 1875 2709 1932; x_wconf 89' lang='lat' dir='ltr'><strong>Pars</strong></span> <span class='ocrx_word' id='word_1_361' title='bbox 2737 1875 2921 1932; x_wconf 88' lang='lat' dir='ltr'><strong>altera</strong></span> <span class='ocrx_word' id='word_1_362' title='bbox 2961 1877 3308 1947; x_wconf 85' lang='lat' dir='ltr'><strong>Turcorum,</strong></span> <span class='ocrx_word' id='word_1_363' title='bbox 3337 1895 3464 1952; x_wconf 66' lang='lat' dir='ltr'><strong>quae</strong></span> <span class='ocrx_word' id='word_1_364' title='bbox 3495 1879 3851 1940; x_wconf 77' lang='lat' dir='ltr'><strong>Alamannos</strong></span> 
     </span>
    </p>
   </div>
   <div class='ocr_carea' id='block_1_51' title="bbox 2201 1963 3851 2044">
    <p class='ocr_par' dir='ltr' id='par_1_51' title="bbox 2201 1963 3851 2044">
     <span class='ocr_line' id='line_1_51' title="bbox 2201 1963 3851 2044; baseline 0.003 -24"><span class='ocrx_word' id='word_1_365' title='bbox 2201 1981 2538 2038; x_wconf 85' lang='lat' dir='ltr'><strong>Oppugnare</strong></span> <span class='ocrx_word' id='word_1_366' title='bbox 2558 1963 3039 2038; x_wconf 84' lang='lat' dir='ltr'><strong>voluit,exemplo</strong></span> <span class='ocrx_word' id='word_1_367' title='bbox 3060 1965 3241 2022; x_wconf 89' lang='lat' dir='ltr'><strong>simili</strong></span> <span class='ocrx_word' id='word_1_368' title='bbox 3262 1967 3500 2040; x_wconf 82' lang='lat' dir='ltr'><strong>fugatur</strong></span> <span class='ocrx_word' id='word_1_369' title='bbox 3519 1972 3693 2042; x_wconf 91' lang='lat' dir='ltr'><strong>atque</strong></span> <span class='ocrx_word' id='word_1_370' title='bbox 3713 1989 3851 2044; x_wconf 84' lang='lat' dir='ltr'><strong>pro-</strong></span> 
     </span>
    </p>
   </div>
   <div class='ocr_carea' id='block_1_52' title="bbox 2201 2053 3851 2131">
    <p class='ocr_par' dir='ltr' id='par_1_52' title="bbox 2201 2053 3851 2131">
     <span class='ocr_line' id='line_1_52' title="bbox 2201 2053 3851 2131; baseline 0.005 -23"><span class='ocrx_word' id='word_1_371' title='bbox 2201 2053 2499 2110; x_wconf 88' lang='lat' dir='ltr'><strong>sternitur.</strong></span> <span class='ocrx_word' id='word_1_372' title='bbox 2518 2054 2653 2110; x_wconf 87' lang='lat' dir='ltr'><strong>Post</strong></span> <span class='ocrx_word' id='word_1_373' title='bbox 2673 2054 2783 2110; x_wconf 89' lang='lat' dir='ltr'><strong>hoc</strong></span> <span class='ocrx_word' id='word_1_374' title='bbox 2806 2054 3090 2109; x_wconf 68' lang='lat' dir='ltr'><strong>machinae</strong></span> <span class='ocrx_word' id='word_1_375' title='bbox 3109 2060 3694 2131; x_wconf 85' lang='lat' dir='ltr'><strong>exstruuntur,atque</strong></span> <span class='ocrx_word' id='word_1_376' title='bbox 3717 2076 3851 2116; x_wconf 90' lang='lat' dir='ltr'><strong>mu-</strong></span> 
     </span>
    </p>
   </div>
   <div class='ocr_carea' id='block_1_53' title="bbox 2200 2142 3848 2214">
    <p class='ocr_par' dir='ltr' id='par_1_53' title="bbox 2200 2142 3848 2214">
     <span class='ocr_line' id='line_1_53' title="bbox 2200 2142 3848 2214; baseline 0.005 -16"><span class='ocrx_word' id='word_1_377' title='bbox 2200 2159 2301 2199; x_wconf 93' lang='lat' dir='ltr'><strong>rus</strong></span> <span class='ocrx_word' id='word_1_378' title='bbox 2333 2142 2652 2214; x_wconf 89' lang='lat' dir='ltr'><strong>impetitur,</strong></span> <span class='ocrx_word' id='word_1_379' title='bbox 2686 2143 2789 2198; x_wconf 89' lang='lat' dir='ltr'><strong>sed</strong></span> <span class='ocrx_word' id='word_1_380' title='bbox 2847 2143 2957 2198; x_wconf 93' lang='lat' dir='ltr'><strong>hoc</strong></span> <span class='ocrx_word' id='word_1_381' title='bbox 3011 2147 3135 2199; x_wconf 85' lang='lat' dir='ltr'><strong>erat</strong></span> <span class='ocrx_word' id='word_1_382' title='bbox 3187 2143 3424 2201; x_wconf 84' lang='lat' dir='ltr'><strong>frustra.</strong></span> <span class='ocrx_word' id='word_1_383' title='bbox 3457 2147 3603 2202; x_wconf 87' lang='lat' dir='ltr'><strong>Nam</strong></span> <span class='ocrx_word' id='word_1_384' title='bbox 3635 2165 3848 2206; x_wconf 91' lang='lat' dir='ltr'><strong>murus</strong></span> 
     </span>
    </p>
   </div>
   <div class='ocr_carea' id='block_1_54' title="bbox 2198 2230 3850 2309">
    <p class='ocr_par' dir='ltr' id='par_1_54' title="bbox 2198 2230 3850 2309">
     <span class='ocr_line' id='line_1_54' title="bbox 2198 2230 3850 2309; baseline 0.004 -22"><span class='ocrx_word' id='word_1_385' title='bbox 2198 2236 2433 2287; x_wconf 89' lang='lat' dir='ltr'><strong>econtra</strong></span> <span class='ocrx_word' id='word_1_386' title='bbox 2454 2230 2835 2288; x_wconf 83' lang='lat' dir='ltr'><strong>firmissimus</strong></span> <span class='ocrx_word' id='word_1_387' title='bbox 2855 2236 3000 2299; x_wconf 90' lang='lat' dir='ltr'><strong>erat,</strong></span> <span class='ocrx_word' id='word_1_388' title='bbox 3025 2236 3080 2288; x_wconf 90' lang='lat' dir='ltr'><strong>et</strong></span> <span class='ocrx_word' id='word_1_389' title='bbox 3100 2231 3345 2289; x_wconf 85' lang='lat' dir='ltr'><strong>viriliter</strong></span> <span class='ocrx_word' id='word_1_390' title='bbox 3369 2235 3600 2309; x_wconf 87' lang='lat' dir='ltr'><strong>sagittis</strong></span> <span class='ocrx_word' id='word_1_391' title='bbox 3631 2241 3690 2292; x_wconf 87' lang='lat' dir='ltr'><strong>et</strong></span> <span class='ocrx_word' id='word_1_392' title='bbox 3717 2254 3850 2294; x_wconf 88' lang='lat' dir='ltr'><strong>ma-</strong></span> 
     </span>
    </p>
   </div>
   <div class='ocr_carea' id='block_1_55' title="bbox 2199 2319 3853 2392">
    <p class='ocr_par' dir='ltr' id='par_1_55' title="bbox 2199 2319 3853 2392">
     <span class='ocr_line' id='line_1_55' title="bbox 2199 2319 3853 2392; baseline 0.005 -17"><span class='ocrx_word' id='word_1_393' title='bbox 2199 2319 2389 2376; x_wconf 90' lang='lat' dir='ltr'><strong>chinis</strong></span> <span class='ocrx_word' id='word_1_394' title='bbox 2419 2319 2856 2376; x_wconf 89' lang='lat' dir='ltr'><strong>defendebatur.</strong></span> <span class='ocrx_word' id='word_1_395' title='bbox 2889 2319 2984 2376; x_wconf 89' lang='lat' dir='ltr'><strong>Sic</strong></span> <span class='ocrx_word' id='word_1_396' title='bbox 3013 2337 3116 2392; x_wconf 91' lang='lat' dir='ltr'><strong>pro</strong></span> <span class='ocrx_word' id='word_1_397' title='bbox 3147 2319 3330 2378; x_wconf 89' lang='lat' dir='ltr'><strong>nihilo</strong></span> <span class='ocrx_word' id='word_1_398' title='bbox 3380 2322 3853 2383; x_wconf 87' lang='lat' dir='ltr'><strong>hebdomadibus</strong></span> 
     </span>
    </p>
   </div>
   <div class='ocr_carea' id='block_1_56' title="bbox 2197 2407 3849 2483">
    <p class='ocr_par' dir='ltr' id='par_1_56' title="bbox 2197 2407 3849 2483">
     <span class='ocr_line' id='line_1_56' title="bbox 2197 2407 3849 2483; baseline 0.005 -20"><span class='ocrx_word' id='word_1_399' title='bbox 2197 2407 2456 2482; x_wconf 90' lang='lat' dir='ltr'><strong>quinque</strong></span> <span class='ocrx_word' id='word_1_400' title='bbox 2477 2413 2804 2482; x_wconf 88' lang='lat' dir='ltr'><strong>pugnatum</strong></span> <span class='ocrx_word' id='word_1_401' title='bbox 2827 2414 2933 2465; x_wconf 90' lang='lat' dir='ltr'><strong>cst.</strong></span> <span class='ocrx_word' id='word_1_402' title='bbox 2955 2410 3216 2466; x_wconf 88' lang='lat' dir='ltr'><strong>Tandem</strong></span> <span class='ocrx_word' id='word_1_403' title='bbox 3235 2428 3339 2483; x_wconf 89' lang='lat' dir='ltr'><strong>per</strong></span> <span class='ocrx_word' id='word_1_404' title='bbox 3362 2411 3463 2468; x_wconf 90' lang='lat' dir='ltr'><strong>Dei</strong></span> <span class='ocrx_word' id='word_1_405' title='bbox 3483 2412 3849 2472; x_wconf 87' lang='lat' dir='ltr'><strong>voluntatem</strong></span> 
     </span>
    </p>
   </div>
   <div class='ocr_carea' id='block_1_57' title="bbox 2198 2497 3855 2575">
    <p class='ocr_par' dir='ltr' id='par_1_57' title="bbox 2198 2497 3855 2575">
     <span class='ocr_line' id='line_1_57' title="bbox 2198 2497 3855 2575; baseline 0.005 -23"><span class='ocrx_word' id='word_1_406' title='bbox 2198 2497 2435 2570; x_wconf 89' lang='lat' dir='ltr'><strong>quidam</strong></span> <span class='ocrx_word' id='word_1_407' title='bbox 2467 2497 2538 2553; x_wconf 91' lang='lat' dir='ltr'><strong>de</strong></span> <span class='ocrx_word' id='word_1_408' title='bbox 2572 2497 2796 2553; x_wconf 85' lang='lat' dir='ltr'><strong>familia</strong></span> <span class='ocrx_word' id='word_1_409' title='bbox 2825 2497 3057 2554; x_wconf 88' lang='lat' dir='ltr'><strong>comitis</strong></span> <span class='ocrx_word' id='word_1_410' title='bbox 3083 2503 3138 2554; x_wconf 92' lang='lat' dir='ltr'><strong>et</strong></span> <span class='ocrx_word' id='word_1_411' title='bbox 3157 2497 3437 2571; x_wconf 84' lang='lat' dir='ltr'><strong>episcOpi,</strong></span> <span class='ocrx_word' id='word_1_412' title='bbox 3457 2501 3602 2556; x_wconf 85' lang='lat' dir='ltr'><strong>satis</strong></span> <span class='ocrx_word' id='word_1_413' title='bbox 3624 2502 3855 2575; x_wconf 87' lang='lat' dir='ltr'><strong>pericu-</strong></span> 
     </span>
    </p>
   </div>
   <div class='ocr_carea' id='block_1_58' title="bbox 2194 2586 3848 2661">
    <p class='ocr_par' dir='ltr' id='par_1_58' title="bbox 2194 2586 3848 2661">
     <span class='ocr_line' id='line_1_58' title="bbox 2194 2586 3848 2661; baseline 0.003 -16"><span class='ocrx_word' id='word_1_414' title='bbox 2194 2587 2317 2645; x_wconf 87' lang='lat' dir='ltr'><strong>lose</strong></span> <span class='ocrx_word' id='word_1_415' title='bbox 2333 2587 2405 2642; x_wconf 91' lang='lat' dir='ltr'><strong>ad</strong></span> <span class='ocrx_word' id='word_1_416' title='bbox 2427 2586 2767 2660; x_wconf 89' lang='lat' dir='ltr'><strong>angularem</strong></span> <span class='ocrx_word' id='word_1_417' title='bbox 2789 2587 3020 2657; x_wconf 91' lang='lat' dir='ltr'><strong>turrim,</strong></span> <span class='ocrx_word' id='word_1_418' title='bbox 3045 2605 3172 2661; x_wconf 63' lang='lat' dir='ltr'><strong>que</strong></span> <span class='ocrx_word' id='word_1_419' title='bbox 3203 2588 3442 2661; x_wconf 87' lang='lat' dir='ltr'><strong>respicit</strong></span> <span class='ocrx_word' id='word_1_420' title='bbox 3471 2591 3542 2647; x_wconf 89' lang='lat' dir='ltr'><strong>ad</strong></span> <span class='ocrx_word' id='word_1_421' title='bbox 3574 2596 3848 2651; x_wconf 87' lang='lat' dir='ltr'><strong>austrum</strong></span> 
     </span>
    </p>
   </div>
   <div class='ocr_carea' id='block_1_59' title="bbox 2197 2677 3848 2749">
    <p class='ocr_par' dir='ltr' id='par_1_59' title="bbox 2197 2677 3848 2749">
     <span class='ocr_line' id='line_1_59' title="bbox 2197 2677 3848 2749; baseline 0.002 -16"><span class='ocrx_word' id='word_1_422' title='bbox 2197 2677 2556 2744; x_wconf 87' lang='lat' dir='ltr'><strong>accedentes,</strong></span> <span class='ocrx_word' id='word_1_423' title='bbox 2591 2681 2724 2749; x_wconf 91' lang='lat' dir='ltr'><strong>post</strong></span> <span class='ocrx_word' id='word_1_424' title='bbox 2750 2677 2868 2732; x_wconf 90' lang='lat' dir='ltr'><strong>vim</strong></span> <span class='ocrx_word' id='word_1_425' title='bbox 2901 2677 3056 2733; x_wconf 86' lang='lat' dir='ltr'><strong>facta</strong></span> <span class='ocrx_word' id='word_1_426' title='bbox 3084 2678 3401 2748; x_wconf 79' lang='lat' dir='ltr'><strong>testudine,</strong></span> <span class='ocrx_word' id='word_1_427' title='bbox 3429 2695 3609 2736; x_wconf 89' lang='lat' dir='ltr'><strong>unam</strong></span> <span class='ocrx_word' id='word_1_428' title='bbox 3629 2681 3703 2737; x_wconf 90' lang='lat' dir='ltr'><strong>de</strong></span> <span class='ocrx_word' id='word_1_429' title='bbox 3725 2685 3848 2738; x_wconf 90' lang='lat' dir='ltr'><strong>tur-</strong></span> 
     </span>
    </p>
   </div>
   <div class='ocr_carea' id='block_1_60' title="bbox 2195 2766 3843 2842">
    <p class='ocr_par' dir='ltr' id='par_1_60' title="bbox 2195 2766 3843 2842">
     <span class='ocr_line' id='line_1_60' title="bbox 2195 2766 3843 2842; baseline 0.003 -21"><span class='ocrx_word' id='word_1_430' title='bbox 2195 2766 2360 2822; x_wconf 92' lang='lat' dir='ltr'><strong>ribus</strong></span> <span class='ocrx_word' id='word_1_431' title='bbox 2390 2781 2592 2820; x_wconf 86' lang='lat' dir='ltr'><strong>cavarc</strong></span> <span class='ocrx_word' id='word_1_432' title='bbox 2623 2769 2943 2838; x_wconf 73' lang='lat' dir='ltr'><strong>coeperunt,</strong></span> <span class='ocrx_word' id='word_1_433' title='bbox 2976 2770 3034 2821; x_wconf 91' lang='lat' dir='ltr'><strong>et</strong></span> <span class='ocrx_word' id='word_1_434' title='bbox 3061 2766 3320 2822; x_wconf 89' lang='lat' dir='ltr'><strong>cavando</strong></span> <span class='ocrx_word' id='word_1_435' title='bbox 3350 2767 3422 2822; x_wconf 87' lang='lat' dir='ltr'><strong>ad</strong></span> <span class='ocrx_word' id='word_1_436' title='bbox 3453 2771 3669 2824; x_wconf 89' lang='lat' dir='ltr'><strong>terram</strong></span> <span class='ocrx_word' id='word_1_437' title='bbox 3707 2787 3843 2842; x_wconf 84' lang='lat' dir='ltr'><strong>pro-</strong></span> 
     </span>
    </p>
   </div>
   <div class='ocr_carea' id='block_1_61' title="bbox 2195 2853 3840 2926">
    <p class='ocr_par' dir='ltr' id='par_1_61' title="bbox 2195 2853 3840 2926">
     <span class='ocr_line' id='line_1_61' title="bbox 2195 2853 3840 2926; baseline 0.003 -16"><span class='ocrx_word' id='word_1_438' title='bbox 2195 2857 2546 2910; x_wconf 87' lang='lat' dir='ltr'><strong>straverunt.</strong></span> <span class='ocrx_word' id='word_1_439' title='bbox 2571 2857 2772 2926; x_wconf 84' lang='lat' dir='ltr'><strong>Itaque</strong></span> <span class='ocrx_word' id='word_1_440' title='bbox 2793 2858 2964 2926; x_wconf 89' lang='lat' dir='ltr'><strong>capta</strong></span> <span class='ocrx_word' id='word_1_441' title='bbox 2985 2859 3141 2910; x_wconf 90' lang='lat' dir='ltr'><strong>esset</strong></span> <span class='ocrx_word' id='word_1_442' title='bbox 3157 2853 3379 2922; x_wconf 84' lang='lat' dir='ltr'><strong>civitas,</strong></span> <span class='ocrx_word' id='word_1_443' title='bbox 3397 2854 3512 2911; x_wconf 90' lang='lat' dir='ltr'><strong>nisi</strong></span> <span class='ocrx_word' id='word_1_444' title='bbox 3533 2857 3724 2915; x_wconf 90' lang='lat' dir='ltr'><strong>noctis</strong></span> <span class='ocrx_word' id='word_1_445' title='bbox 3749 2862 3840 2915; x_wconf 88' lang='lat' dir='ltr'><strong>te-</strong></span> 
     </span>
    </p>
   </div>
   <div class='ocr_carea' id='block_1_62' title="bbox 2193 2941 3838 3004">
    <p class='ocr_par' dir='ltr' id='par_1_62' title="bbox 2193 2941 3838 3004">
     <span class='ocr_line' id='line_1_62' title="bbox 2193 2941 3838 3004; baseline 0.003 -5"><span class='ocrx_word' id='word_1_446' title='bbox 2193 2943 2384 3000; x_wconf 64' lang='lat' dir='ltr'><strong>nebre</strong></span> <span class='ocrx_word' id='word_1_447' title='bbox 2405 2941 2789 2999; x_wconf 88' lang='lat' dir='ltr'><strong>obstitissent.</strong></span> <span class='ocrx_word' id='word_1_448' title='bbox 2816 2942 3178 2998; x_wconf 88' lang='lat' dir='ltr'><strong>lnstauratus</strong></span> <span class='ocrx_word' id='word_1_449' title='bbox 3200 2946 3288 2999; x_wconf 90' lang='lat' dir='ltr'><strong>est</strong></span> <span class='ocrx_word' id='word_1_450' title='bbox 3309 2947 3502 3000; x_wconf 86' lang='lat' dir='ltr'><strong>autem</strong></span> <span class='ocrx_word' id='word_1_451' title='bbox 3527 2962 3734 3002; x_wconf 91' lang='lat' dir='ltr'><strong>murus</strong></span> <span class='ocrx_word' id='word_1_452' title='bbox 3766 2945 3838 3004; x_wconf 79' lang='lat' dir='ltr'><strong>ab</strong></span> 
     </span>
    </p>
   </div>
   <div class='ocr_carea' id='block_1_63' title="bbox 2195 3030 3841 3104">
    <p class='ocr_par' dir='ltr' id='par_1_63' title="bbox 2195 3030 3841 3104">
     <span class='ocr_line' id='line_1_63' title="bbox 2195 3030 3841 3104; baseline 0.003 -17"><span class='ocrx_word' id='word_1_453' title='bbox 2195 3031 2280 3087; x_wconf 91' lang='lat' dir='ltr'><strong>eis</strong></span> <span class='ocrx_word' id='word_1_454' title='bbox 2312 3049 2416 3104; x_wconf 92' lang='lat' dir='ltr'><strong>per</strong></span> <span class='ocrx_word' id='word_1_455' title='bbox 2447 3035 2696 3102; x_wconf 91' lang='lat' dir='ltr'><strong>noctem,</strong></span> <span class='ocrx_word' id='word_1_456' title='bbox 2724 3035 2781 3086; x_wconf 92' lang='lat' dir='ltr'><strong>et</strong></span> <span class='ocrx_word' id='word_1_457' title='bbox 2812 3030 3070 3086; x_wconf 89' lang='lat' dir='ltr'><strong>laborem</strong></span> <span class='ocrx_word' id='word_1_458' title='bbox 3118 3030 3432 3103; x_wconf 86' lang='lat' dir='ltr'><strong>pristinum</strong></span> <span class='ocrx_word' id='word_1_459' title='bbox 3465 3033 3634 3090; x_wconf 91' lang='lat' dir='ltr'><strong>nobis</strong></span> <span class='ocrx_word' id='word_1_460' title='bbox 3665 3033 3841 3092; x_wconf 90' lang='lat' dir='ltr'><strong>inane</strong></span> 
     </span>
    </p>
   </div>
   <div class='ocr_carea' id='block_1_64' title="bbox 441 3102 3840 3194">
    <p class='ocr_par' dir='ltr' id='par_1_64' title="bbox 441 3102 3840 3194">
     <span class='ocr_line' id='line_1_64' title="bbox 441 3102 3840 3194; baseline 0.002 -18"><span class='ocrx_word' id='word_1_461' title='bbox 441 3125 500 3177; x_wconf 90' lang='lat' dir='ltr'><strong>et</strong></span> <span class='ocrx_word' id='word_1_462' title='bbox 530 3125 705 3176; x_wconf 60' lang='lat' dir='ltr'><strong>tantis</strong></span> <span class='ocrx_word' id='word_1_463' title='bbox 737 3102 992 3176; x_wconf 66' lang='lat' dir='ltr'><strong>infamiae</strong></span> <span class='ocrx_word' id='word_1_464' title='bbox 1041 3119 1294 3175; x_wconf 90' lang='lat' dir='ltr'><strong>dedecus</strong></span> <span class='ocrx_word' id='word_1_465' title='bbox 1325 3136 1360 3174; x_wconf 88' lang='lat' dir='ltr'><strong>a</strong></span> <span class='ocrx_word' id='word_1_466' title='bbox 1387 3136 1449 3176; x_wconf 92' lang='lat' dir='ltr'><strong>se</strong></span> <span class='ocrx_word' id='word_1_467' title='bbox 1477 3119 1719 3192; x_wconf 84' lang='lat' dir='ltr'><strong>suisque</strong></span> <span class='ocrx_word' id='word_1_468' title='bbox 1749 3121 2080 3194; x_wconf 87' lang='lat' dir='ltr'><strong>depelleret.</strong></span> <span class='ocrx_word' id='word_1_469' title='bbox 2113 3102 2156 3169; x_wconf 78' lang='lat' dir='ltr'>C</span> <span class='ocrx_word' id='word_1_470' title='bbox 2197 3102 2472 3176; x_wconf 83' lang='lat' dir='ltr'><strong>reddidit.</strong></span> <span class='ocrx_word' id='word_1_471' title='bbox 2496 3124 2763 3174; x_wconf 84' lang='lat' dir='ltr'><strong>Attamen</strong></span> <span class='ocrx_word' id='word_1_472' title='bbox 2785 3137 2851 3175; x_wconf 92' lang='lat' dir='ltr'><strong>eo</strong></span> <span class='ocrx_word' id='word_1_473' title='bbox 2870 3123 3029 3175; x_wconf 90' lang='lat' dir='ltr'><strong>metu</strong></span> <span class='ocrx_word' id='word_1_474' title='bbox 3053 3102 3358 3192; x_wconf 85' lang='lat' dir='ltr'><strong>perterrita</strong></span> <span class='ocrx_word' id='word_1_475' title='bbox 3382 3120 3608 3190; x_wconf 90' lang='lat' dir='ltr'><strong>civitas,</strong></span> <span class='ocrx_word' id='word_1_476' title='bbox 3633 3125 3706 3179; x_wconf 88' lang='lat' dir='ltr'><strong>ad</strong></span> <span class='ocrx_word' id='word_1_477' title='bbox 3739 3125 3840 3182; x_wconf 86' lang='lat' dir='ltr'><strong>de-</strong></span> 
     </span>
    </p>
   </div>
   <div class='ocr_carea' id='block_1_65' title="bbox 439 3207 2085 3284">
    <p class='ocr_par' dir='ltr' id='par_1_65' title="bbox 439 3207 2085 3284">
     <span class='ocr_line' id='line_1_65' title="bbox 439 3207 2085 3284; baseline 0.002 -20"><span class='ocrx_word' id='word_1_478' title='bbox 439 3209 550 3265; x_wconf 92' lang='lat' dir='ltr'><strong>Sed</strong></span> <span class='ocrx_word' id='word_1_479' title='bbox 583 3209 702 3264; x_wconf 88' lang='lat' dir='ltr'><strong>dux</strong></span> <span class='ocrx_word' id='word_1_480' title='bbox 734 3207 1140 3281; x_wconf 66' lang='lat' dir='ltr'><strong>Lotharingiai,</strong></span> <span class='ocrx_word' id='word_1_481' title='bbox 1171 3212 1229 3263; x_wconf 91' lang='lat' dir='ltr'><strong>et</strong></span> <span class='ocrx_word' id='word_1_482' title='bbox 1259 3207 1633 3264; x_wconf 84' lang='lat' dir='ltr'><strong>Flandrensis</strong></span> <span class='ocrx_word' id='word_1_483' title='bbox 1663 3226 1880 3277; x_wconf 82' lang='lat' dir='ltr'><strong>comes,</strong></span> <span class='ocrx_word' id='word_1_484' title='bbox 1911 3215 2085 3284; x_wconf 90' lang='lat' dir='ltr'><strong>atque</strong></span> 
     </span>
    </p>
   </div>
   <div class='ocr_carea' id='block_1_66' title="bbox 437 3297 2084 3371">
    <p class='ocr_par' dir='ltr' id='par_1_66' title="bbox 437 3297 2084 3371">
     <span class='ocr_line' id='line_1_66' title="bbox 437 3297 2084 3371; baseline 0.001 -16"><span class='ocrx_word' id='word_1_485' title='bbox 437 3297 536 3355; x_wconf 87' lang='lat' dir='ltr'><strong>alii</strong></span> <span class='ocrx_word' id='word_1_486' title='bbox 566 3297 880 3371; x_wconf 90' lang='lat' dir='ltr'><strong>principes,</strong></span> <span class='ocrx_word' id='word_1_487' title='bbox 913 3297 1254 3370; x_wconf 85' lang='lat' dir='ltr'><strong>hujusmodi</strong></span> <span class='ocrx_word' id='word_1_488' title='bbox 1308 3297 1774 3370; x_wconf 87' lang='lat' dir='ltr'><strong>detestabantur,</strong></span> <span class='ocrx_word' id='word_1_489' title='bbox 1824 3299 2084 3358; x_wconf 90' lang='lat' dir='ltr'><strong>dicentes</strong></span> 
     </span>
    </p>
   </div>
   <div class='ocr_carea' id='block_1_67' title="bbox 433 3387 2085 3458">
    <p class='ocr_par' dir='ltr' id='par_1_67' title="bbox 433 3387 2085 3458">
     <span class='ocr_line' id='line_1_67' title="bbox 433 3387 2085 3458; baseline 0.002 -16"><span class='ocrx_word' id='word_1_490' title='bbox 433 3388 825 3443; x_wconf 87' lang='lat' dir='ltr'><strong>stultissimum</strong></span> <span class='ocrx_word' id='word_1_491' title='bbox 871 3402 982 3442; x_wconf 86' lang='lat' dir='ltr'><strong>esse</strong></span> <span class='ocrx_word' id='word_1_492' title='bbox 1035 3394 1224 3441; x_wconf 86' lang='lat' dir='ltr'><strong>contra</strong></span> <span class='ocrx_word' id='word_1_493' title='bbox 1270 3387 1609 3442; x_wconf 84' lang='lat' dir='ltr'><strong>Christianos</strong></span> <span class='ocrx_word' id='word_1_494' title='bbox 1656 3404 1926 3458; x_wconf 86' lang='lat' dir='ltr'><strong>pugnare,</strong></span> <span class='ocrx_word' id='word_1_495' title='bbox 1959 3407 2085 3446; x_wconf 87' lang='lat' dir='ltr'><strong>cum</strong></span> 
     </span>
    </p>
   </div>
   <div class='ocr_carea' id='block_1_68' title="bbox 440 3473 2082 3548">
    <p class='ocr_par' dir='ltr' id='par_1_68' title="bbox 440 3473 2082 3548">
     <span class='ocr_line' id='line_1_68' title="bbox 440 3473 2082 3548; baseline 0.002 -17"><span class='ocrx_word' id='word_1_496' title='bbox 440 3476 602 3531; x_wconf 76' lang='grc' dir='ltr'><strong>Τυνεί</strong></span> <span class='ocrx_word' id='word_1_497' title='bbox 636 3475 1005 3530; x_wconf 83' lang='lat' dir='ltr'><strong>imminerent.</strong></span> <span class='ocrx_word' id='word_1_498' title='bbox 1039 3473 1400 3530; x_wconf 87' lang='lat' dir='ltr'><strong>Boimundus</strong></span> <span class='ocrx_word' id='word_1_499' title='bbox 1451 3491 1583 3529; x_wconf 92' lang='lat' dir='ltr'><strong>vero</strong></span> <span class='ocrx_word' id='word_1_500' title='bbox 1633 3491 1696 3530; x_wconf 90' lang='lat' dir='ltr'><strong>se</strong></span> <span class='ocrx_word' id='word_1_501' title='bbox 1751 3476 2082 3548; x_wconf 87' lang='lat' dir='ltr'><strong>adjutorem</strong></span> 
     </span>
    </p>
   </div>
   <div class='ocr_carea' id='block_1_69' title="bbox 434 3561 2084 3634">
    <p class='ocr_par' dir='ltr' id='par_1_69' title="bbox 434 3561 2084 3634">
     <span class='ocr_line' id='line_1_69' title="bbox 434 3561 2084 3634; baseline 0.003 -17"><span class='ocrx_word' id='word_1_502' title='bbox 434 3561 808 3634; x_wconf 90' lang='lat' dir='ltr'><strong>imperatoris</strong></span> <span class='ocrx_word' id='word_1_503' title='bbox 838 3561 1166 3633; x_wconf 90' lang='lat' dir='ltr'><strong>pollicetur,</strong></span> <span class='ocrx_word' id='word_1_504' title='bbox 1200 3561 1248 3617; x_wconf 90' lang='lat' dir='ltr'><strong>si</strong></span> <span class='ocrx_word' id='word_1_505' title='bbox 1281 3561 1603 3634; x_wconf 90' lang='lat' dir='ltr'><strong>quidquam</strong></span> <span class='ocrx_word' id='word_1_506' title='bbox 1655 3579 1852 3620; x_wconf 87' lang='lat' dir='ltr'><strong>comes</strong></span> <span class='ocrx_word' id='word_1_507' title='bbox 1881 3572 2084 3622; x_wconf 90' lang='lat' dir='ltr'><strong>contra</strong></span> 
     </span>
    </p>
   </div>
   <div class='ocr_carea' id='block_1_70' title="bbox 435 3647 2084 3722">
    <p class='ocr_par' dir='ltr' id='par_1_70' title="bbox 435 3647 2084 3722">
     <span class='ocr_line' id='line_1_70' title="bbox 435 3647 2084 3722; baseline 0.002 -17"><span class='ocrx_word' id='word_1_508' title='bbox 435 3650 632 3722; x_wconf 89' lang='lat' dir='ltr'><strong>ipsum</strong></span> <span class='ocrx_word' id='word_1_509' title='bbox 665 3647 987 3717; x_wconf 87' lang='lat' dir='ltr'><strong>moliretur,</strong></span> <span class='ocrx_word' id='word_1_510' title='bbox 1010 3648 1096 3705; x_wconf 92' lang='lat' dir='ltr'><strong>vel</strong></span> <span class='ocrx_word' id='word_1_511' title='bbox 1120 3649 1167 3705; x_wconf 87' lang='lat' dir='ltr'><strong>si</strong></span> <span class='ocrx_word' id='word_1_512' title='bbox 1192 3649 1523 3705; x_wconf 90' lang='lat' dir='ltr'><strong>hominium</strong></span> <span class='ocrx_word' id='word_1_513' title='bbox 1541 3651 1945 3722; x_wconf 88' lang='lat' dir='ltr'><strong>etjuramenta</strong></span> <span class='ocrx_word' id='word_1_514' title='bbox 1961 3653 2084 3710; x_wconf 91' lang='lat' dir='ltr'><strong>diu-</strong></span> 
     </span>
    </p>
   </div>
   <div class='ocr_carea' id='block_1_71' title="bbox 437 3737 2079 3812">
    <p class='ocr_par' dir='ltr' id='par_1_71' title="bbox 437 3737 2079 3812">
     <span class='ocr_line' id='line_1_71' title="bbox 437 3737 2079 3812; baseline 0.002 -18"><span class='ocrx_word' id='word_1_515' title='bbox 437 3737 558 3795; x_wconf 86' lang='lat' dir='ltr'><strong>tius</strong></span> <span class='ocrx_word' id='word_1_516' title='bbox 586 3741 908 3793; x_wconf 82' lang='lat' dir='ltr'><strong>excusaret.</strong></span> <span class='ocrx_word' id='word_1_517' title='bbox 928 3737 1182 3794; x_wconf 89' lang='lat' dir='ltr'><strong>Consilio</strong></span> <span class='ocrx_word' id='word_1_518' title='bbox 1201 3737 1397 3810; x_wconf 90' lang='lat' dir='ltr'><strong>itaque</strong></span> <span class='ocrx_word' id='word_1_519' title='bbox 1413 3744 1652 3811; x_wconf 92' lang='lat' dir='ltr'><strong>accepto</strong></span> <span class='ocrx_word' id='word_1_520' title='bbox 1667 3757 1701 3794; x_wconf 91' lang='lat' dir='ltr'><strong>a</strong></span> <span class='ocrx_word' id='word_1_521' title='bbox 1716 3740 1840 3796; x_wconf 88' lang='lat' dir='ltr'><strong>suis</strong></span> <span class='ocrx_word' id='word_1_522' title='bbox 1863 3757 2079 3812; x_wconf 91' lang='lat' dir='ltr'><strong>comes,</strong></span> 
     </span>
    </p>
   </div>
   <div class='ocr_carea' id='block_1_72' title="bbox 437 3825 2084 3902">
    <p class='ocr_par' dir='ltr' id='par_1_72' title="bbox 437 3825 2084 3902">
     <span class='ocr_line' id='line_1_72' title="bbox 437 3825 2084 3902; baseline 0.003 -19"><span class='ocrx_word' id='word_1_523' title='bbox 437 3825 632 3884; x_wconf 81' lang='lat' dir='ltr'><strong>Alexio</strong></span> <span class='ocrx_word' id='word_1_524' title='bbox 663 3828 835 3883; x_wconf 86' lang='lat' dir='ltr'><strong>vitam</strong></span> <span class='ocrx_word' id='word_1_525' title='bbox 861 3836 911 3884; x_wconf 88' lang='lat' dir='ltr'><strong>et</strong></span> <span class='ocrx_word' id='word_1_526' title='bbox 958 3827 1218 3883; x_wconf 82' lang='lat' dir='ltr'><strong>honorem</strong></span> <span class='ocrx_word' id='word_1_527' title='bbox 1260 3829 1495 3899; x_wconf 84' lang='lat' dir='ltr'><strong>juravit,</strong></span> <span class='ocrx_word' id='word_1_528' title='bbox 1528 3827 1669 3900; x_wconf 88' lang='lat' dir='ltr'><strong>quod</strong></span> <span class='ocrx_word' id='word_1_529' title='bbox 1696 3845 1794 3884; x_wconf 89' lang='lat' dir='ltr'><strong>nec</strong></span> <span class='ocrx_word' id='word_1_530' title='bbox 1823 3831 1950 3902; x_wconf 87' lang='lat' dir='ltr'><strong>ipse.</strong></span> <span class='ocrx_word' id='word_1_531' title='bbox 1986 3849 2084 3888; x_wconf 90' lang='lat' dir='ltr'><strong>nec</strong></span> 
     </span>
    </p>
   </div>
   <div class='ocr_carea' id='block_1_73' title="bbox 432 3915 2083 3992">
    <p class='ocr_par' dir='ltr' id='par_1_73' title="bbox 432 3915 2083 3992">
     <span class='ocr_line' id='line_1_73' title="bbox 432 3915 2083 3992; baseline 0.002 -20"><span class='ocrx_word' id='word_1_532' title='bbox 432 3932 535 3990; x_wconf 86' lang='lat' dir='ltr'><strong>per</strong></span> <span class='ocrx_word' id='word_1_533' title='bbox 561 3915 740 3972; x_wconf 87' lang='lat' dir='ltr'><strong>alium</strong></span> <span class='ocrx_word' id='word_1_534' title='bbox 765 3917 821 3972; x_wconf 89' lang='lat' dir='ltr'><strong>ei</strong></span> <span class='ocrx_word' id='word_1_535' title='bbox 847 3919 1106 3988; x_wconf 86' lang='lat' dir='ltr'><strong>auferret.</strong></span> <span class='ocrx_word' id='word_1_536' title='bbox 1139 3915 1402 3989; x_wconf 89' lang='lat' dir='ltr'><strong>Cumque</strong></span> <span class='ocrx_word' id='word_1_537' title='bbox 1431 3917 1503 3972; x_wconf 93' lang='lat' dir='ltr'><strong>de</strong></span> <span class='ocrx_word' id='word_1_538' title='bbox 1535 3916 1796 3974; x_wconf 91' lang='lat' dir='ltr'><strong>hominio</strong></span> <span class='ocrx_word' id='word_1_539' title='bbox 1826 3919 2083 3992; x_wconf 57' lang='lat' dir='ltr'><strong>appellau-</strong></span> 
     </span>
    </p>
   </div>
   <div class='ocr_carea' id='block_1_74' title="bbox 433 4003 2079 4078">
    <p class='ocr_par' dir='ltr' id='par_1_74' title="bbox 433 4003 2079 4078">
     <span class='ocr_line' id='line_1_74' title="bbox 433 4003 2079 4078; baseline 0.003 -18"><span class='ocrx_word' id='word_1_540' title='bbox 433 4007 620 4070; x_wconf 85' lang='lat' dir='ltr'><strong>retur,</strong></span> <span class='ocrx_word' id='word_1_541' title='bbox 655 4003 971 4076; x_wconf 88' lang='lat' dir='ltr'><strong>respondit,</strong></span> <span class='ocrx_word' id='word_1_542' title='bbox 1004 4021 1118 4060; x_wconf 90' lang='lat' dir='ltr'><strong>non</strong></span> <span class='ocrx_word' id='word_1_543' title='bbox 1149 4021 1211 4060; x_wconf 92' lang='lat' dir='ltr'><strong>se</strong></span> <span class='ocrx_word' id='word_1_544' title='bbox 1241 4021 1344 4077; x_wconf 90' lang='lat' dir='ltr'><strong>pro</strong></span> <span class='ocrx_word' id='word_1_545' title='bbox 1375 4003 1584 4077; x_wconf 89' lang='lat' dir='ltr'><strong>capitis</strong></span> <span class='ocrx_word' id='word_1_546' title='bbox 1613 4005 1703 4061; x_wconf 90' lang='lat' dir='ltr'><strong>sui</strong></span> <span class='ocrx_word' id='word_1_547' title='bbox 1734 4006 1991 4078; x_wconf 82' lang='lat' dir='ltr'><strong>periculo</strong></span> <span class='ocrx_word' id='word_1_548' title='bbox 2021 4009 2079 4066; x_wconf 90' lang='lat' dir='ltr'><strong>id</strong></span> 
     </span>
    </p>
   </div>
   <div class='ocr_carea' id='block_1_75' title="bbox 435 4091 2076 4167">
    <p class='ocr_par' dir='ltr' id='par_1_75' title="bbox 435 4091 2076 4167">
     <span class='ocr_line' id='line_1_75' title="bbox 435 4091 2076 4167; baseline 0.005 -19"><span class='ocrx_word' id='word_1_549' title='bbox 435 4093 750 4149; x_wconf 90' lang='lat' dir='ltr'><strong>facturum.</strong></span> <span class='ocrx_word' id='word_1_550' title='bbox 779 4094 1142 4166; x_wconf 89' lang='lat' dir='ltr'><strong>Quapropter</strong></span> <span class='ocrx_word' id='word_1_551' title='bbox 1161 4109 1348 4167; x_wconf 89' lang='lat' dir='ltr'><strong>pauca</strong></span> <span class='ocrx_word' id='word_1_552' title='bbox 1368 4091 1616 4167; x_wconf 89' lang='lat' dir='ltr'><strong>largitus</strong></span> <span class='ocrx_word' id='word_1_553' title='bbox 1637 4098 1727 4151; x_wconf 91' lang='lat' dir='ltr'><strong>est</strong></span> <span class='ocrx_word' id='word_1_554' title='bbox 1746 4094 1799 4150; x_wconf 91' lang='lat' dir='ltr'><strong>ei</strong></span> <span class='ocrx_word' id='word_1_555' title='bbox 1817 4095 2076 4156; x_wconf 82' lang='lat' dir='ltr'><strong>Alexius.</strong></span> 
     </span>
    </p>
   </div>
   <div class='ocr_carea' id='block_1_76' title="bbox 1071 4181 1440 4240">
    <p class='ocr_par' dir='ltr' id='par_1_76' title="bbox 1071 4181 1440 4240">
     <span class='ocr_line' id='line_1_76' title="bbox 1071 4181 1440 4240; baseline 0.008 -3"><span class='ocrx_word' id='word_1_556' title='bbox 1071 4181 1300 4240; x_wconf 82' lang='lat' dir='ltr'><strong>CAPUT</strong></span> <span class='ocrx_word' id='word_1_557' title='bbox 1347 4181 1440 4240; x_wconf 80' lang='grc' dir='ltr'><strong>ιν.</strong></span> 
     </span>
    </p>
   </div>
   <div class='ocr_carea' id='block_1_77' title="bbox 507 4270 2078 4348">
    <p class='ocr_par' dir='ltr' id='par_1_77' title="bbox 507 4270 2078 4348">
     <span class='ocr_line' id='line_1_77' title="bbox 507 4270 2078 4348; baseline 0.004 -21"><span class='ocrx_word' id='word_1_558' title='bbox 507 4270 706 4344; x_wconf 88' lang='lat' dir='ltr'><strong>Itaque</strong></span> <span class='ocrx_word' id='word_1_559' title='bbox 759 4287 921 4328; x_wconf 89' lang='lat' dir='ltr'><strong>mare</strong></span> <span class='ocrx_word' id='word_1_560' title='bbox 969 4270 1366 4341; x_wconf 87' lang='lat' dir='ltr'><strong>transivimus,</strong></span> <span class='ocrx_word' id='word_1_561' title='bbox 1400 4275 1457 4328; x_wconf 90' lang='lat' dir='ltr'><strong>et</strong></span> <span class='ocrx_word' id='word_1_562' title='bbox 1486 4271 1557 4328; x_wconf 88' lang='lat' dir='ltr'><strong>ad</strong></span> <span class='ocrx_word' id='word_1_563' title='bbox 1596 4273 1843 4331; x_wconf 62' lang='lat' dir='ltr'><strong>Nicwam</strong></span> <span class='ocrx_word' id='word_1_564' title='bbox 1891 4291 2078 4348; x_wconf 88' lang='lat' dir='ltr'><strong>usque</strong></span> 
     </span>
    </p>
   </div>
   <div class='ocr_carea' id='block_1_78' title="bbox 429 4359 2076 4432">
    <p class='ocr_par' dir='ltr' id='par_1_78' title="bbox 429 4359 2076 4432">
     <span class='ocr_line' id='line_1_78' title="bbox 429 4359 2076 4432; baseline 0.004 -17"><span class='ocrx_word' id='word_1_565' title='bbox 429 4360 824 4432; x_wconf 88' lang='lat' dir='ltr'><strong>pervenimus.</strong></span> <span class='ocrx_word' id='word_1_566' title='bbox 858 4361 1280 4417; x_wconf 70' lang='lat' dir='ltr'><strong>Praecesserant</strong></span> <span class='ocrx_word' id='word_1_567' title='bbox 1334 4359 1492 4417; x_wconf 90' lang='lat' dir='ltr'><strong>enim</strong></span> <span class='ocrx_word' id='word_1_568' title='bbox 1540 4360 1814 4417; x_wconf 90' lang='lat' dir='ltr'><strong>comitem</strong></span> <span class='ocrx_word' id='word_1_569' title='bbox 1871 4364 1990 4419; x_wconf 82' lang='lat' dir='ltr'><strong>dux</strong></span> <span class='ocrx_word' id='word_1_570' title='bbox 2018 4370 2076 4421; x_wconf 92' lang='lat' dir='ltr'><strong>et</strong></span> 
     </span>
    </p>
   </div>
   <div class='ocr_carea' id='block_1_79' title="bbox 2193 3207 3842 3286">
    <p class='ocr_par' dir='ltr' id='par_1_79' title="bbox 2193 3207 3842 3286">
     <span class='ocr_line' id='line_1_79' title="bbox 2193 3207 3842 3286; baseline 0.004 -22"><span class='ocrx_word' id='word_1_571' title='bbox 2193 3209 2474 3265; x_wconf 90' lang='lat' dir='ltr'><strong>ditionem</strong></span> <span class='ocrx_word' id='word_1_572' title='bbox 2507 3207 2599 3264; x_wconf 90' lang='lat' dir='ltr'><strong>sui</strong></span> <span class='ocrx_word' id='word_1_573' title='bbox 2630 3212 2829 3264; x_wconf 89' lang='lat' dir='ltr'><strong>coacta</strong></span> <span class='ocrx_word' id='word_1_574' title='bbox 2858 3209 3309 3265; x_wconf 80' lang='lat' dir='ltr'><strong>est.Accedebat</strong></span> <span class='ocrx_word' id='word_1_575' title='bbox 3323 3226 3390 3266; x_wconf 95' lang='lat' dir='ltr'><strong>eo</strong></span> <span class='ocrx_word' id='word_1_576' title='bbox 3408 3213 3562 3284; x_wconf 90' lang='lat' dir='ltr'><strong>quod</strong></span> <span class='ocrx_word' id='word_1_577' title='bbox 3591 3211 3842 3286; x_wconf 83' lang='lat' dir='ltr'><strong>impera-</strong></span> 
     </span>
    </p>
   </div>
   <div class='ocr_carea' id='block_1_80' title="bbox 2192 3296 3838 3370">
    <p class='ocr_par' dir='ltr' id='par_1_80' title="bbox 2192 3296 3838 3370">
     <span class='ocr_line' id='line_1_80' title="bbox 2192 3296 3838 3370; baseline 0.002 -16"><span class='ocrx_word' id='word_1_578' title='bbox 2192 3297 2352 3354; x_wconf 69' lang='lat' dir='ltr'><strong>toris:</strong></span> <span class='ocrx_word' id='word_1_579' title='bbox 2383 3314 2578 3364; x_wconf 87' lang='lat' dir='ltr'><strong>navos,</strong></span> <span class='ocrx_word' id='word_1_580' title='bbox 2613 3313 2716 3370; x_wconf 90' lang='lat' dir='ltr'><strong>per</strong></span> <span class='ocrx_word' id='word_1_581' title='bbox 2743 3301 2954 3353; x_wconf 88' lang='lat' dir='ltr'><strong>terram</strong></span> <span class='ocrx_word' id='word_1_582' title='bbox 2991 3299 3186 3366; x_wconf 69' lang='lat' dir='ltr'><strong>tracta:</strong></span> <span class='ocrx_word' id='word_1_583' title='bbox 3207 3296 3267 3352; x_wconf 94' lang='lat' dir='ltr'><strong>ln</strong></span> <span class='ocrx_word' id='word_1_584' title='bbox 3296 3296 3487 3354; x_wconf 86' lang='lat' dir='ltr'><strong>lacum</strong></span> <span class='ocrx_word' id='word_1_585' title='bbox 3524 3300 3838 3358; x_wconf 82' lang='lat' dir='ltr'><strong>dcscende-</strong></span> 
     </span>
    </p>
   </div>
   <div class='ocr_carea' id='block_1_81' title="bbox 2195 3384 3844 3459">
    <p class='ocr_par' dir='ltr' id='par_1_81' title="bbox 2195 3384 3844 3459">
     <span class='ocr_line' id='line_1_81' title="bbox 2195 3384 3844 3459; baseline 0.004 -18"><span class='ocrx_word' id='word_1_586' title='bbox 2195 3389 2344 3441; x_wconf 89' lang='lat' dir='ltr'><strong>rant.</strong></span> <span class='ocrx_word' id='word_1_587' title='bbox 2369 3385 2469 3441; x_wconf 85' lang='lat' dir='ltr'><strong>His</strong></span> <span class='ocrx_word' id='word_1_588' title='bbox 2499 3384 2674 3459; x_wconf 86' lang='lat' dir='ltr'><strong>igitur</strong></span> <span class='ocrx_word' id='word_1_589' title='bbox 2697 3386 2767 3442; x_wconf 89' lang='lat' dir='ltr'><strong>de</strong></span> <span class='ocrx_word' id='word_1_590' title='bbox 2788 3384 3004 3454; x_wconf 89' lang='lat' dir='ltr'><strong>causis,</strong></span> <span class='ocrx_word' id='word_1_591' title='bbox 3029 3401 3164 3440; x_wconf 89' lang='lat' dir='ltr'><strong>cum</strong></span> <span class='ocrx_word' id='word_1_592' title='bbox 3178 3385 3306 3457; x_wconf 88' lang='lat' dir='ltr'><strong>jam</strong></span> <span class='ocrx_word' id='word_1_593' title='bbox 3329 3385 3575 3444; x_wconf 89' lang='lat' dir='ltr'><strong>ulterius</strong></span> <span class='ocrx_word' id='word_1_594' title='bbox 3605 3407 3844 3447; x_wconf 84' lang='lat' dir='ltr'><strong>succur-</strong></span> 
     </span>
    </p>
   </div>
   <div class='ocr_carea' id='block_1_82' title="bbox 2192 3474 3840 3548">
    <p class='ocr_par' dir='ltr' id='par_1_82' title="bbox 2192 3474 3840 3548">
     <span class='ocr_line' id='line_1_82' title="bbox 2192 3474 3840 3548; baseline 0.004 -17"><span class='ocrx_word' id='word_1_595' title='bbox 2192 3492 2326 3532; x_wconf 89' lang='lat' dir='ltr'><strong>sum</strong></span> <span class='ocrx_word' id='word_1_596' title='bbox 2357 3474 2586 3530; x_wconf 89' lang='lat' dir='ltr'><strong>nullum</strong></span> <span class='ocrx_word' id='word_1_597' title='bbox 2640 3478 2964 3548; x_wconf 85' lang='lat' dir='ltr'><strong>sperarent,</strong></span> <span class='ocrx_word' id='word_1_598' title='bbox 2991 3478 3049 3530; x_wconf 91' lang='lat' dir='ltr'><strong>et</strong></span> <span class='ocrx_word' id='word_1_599' title='bbox 3076 3475 3276 3547; x_wconf 89' lang='lat' dir='ltr'><strong>augeri</strong></span> <span class='ocrx_word' id='word_1_600' title='bbox 3307 3476 3624 3533; x_wconf 84' lang='lat' dir='ltr'><strong>exercitum</strong></span> <span class='ocrx_word' id='word_1_601' title='bbox 3653 3478 3840 3536; x_wconf 76' lang='lat' dir='ltr'><strong>Fran-</strong></span> 
     </span>
    </p>
   </div>
   <div class='ocr_carea' id='block_1_83' title="bbox 2192 3563 3840 3636">
    <p class='ocr_par' dir='ltr' id='par_1_83' title="bbox 2192 3563 3840 3636">
     <span class='ocr_line' id='line_1_83' title="bbox 2192 3563 3840 3636; baseline 0.004 -16"><span class='ocrx_word' id='word_1_602' title='bbox 2192 3581 2394 3620; x_wconf 87' lang='lat' dir='ltr'><strong>corum</strong></span> <span class='ocrx_word' id='word_1_603' title='bbox 2427 3563 2686 3636; x_wconf 86' lang='lat' dir='ltr'><strong>quotidie</strong></span> <span class='ocrx_word' id='word_1_604' title='bbox 2717 3567 3043 3634; x_wconf 88' lang='lat' dir='ltr'><strong>cernerent,</strong></span> <span class='ocrx_word' id='word_1_605' title='bbox 3075 3564 3255 3619; x_wconf 80' lang='lat' dir='ltr'><strong>diffisi</strong></span> <span class='ocrx_word' id='word_1_606' title='bbox 3282 3564 3527 3633; x_wconf 90' lang='lat' dir='ltr'><strong>viribus,</strong></span> <span class='ocrx_word' id='word_1_607' title='bbox 3547 3565 3745 3624; x_wconf 83' lang='lat' dir='ltr'><strong>Alexio</strong></span> <span class='ocrx_word' id='word_1_608' title='bbox 3777 3586 3840 3626; x_wconf 85' lang='lat' dir='ltr'><strong>se</strong></span> 
     </span>
    </p>
   </div>
   <div class='ocr_carea' id='block_1_84' title="bbox 2192 3652 3842 3715">
    <p class='ocr_par' dir='ltr' id='par_1_84' title="bbox 2192 3652 3842 3715">
     <span class='ocr_line' id='line_1_84' title="bbox 2192 3652 3842 3715; baseline 0.004 -6"><span class='ocrx_word' id='word_1_609' title='bbox 2192 3652 2855 3710; x_wconf 88' lang='lat' dir='ltr'><strong>reddiderunt.Venerat</strong></span> <span class='ocrx_word' id='word_1_610' title='bbox 2868 3669 3064 3710; x_wconf 89' lang='lat' dir='ltr'><strong>comes</strong></span> <span class='ocrx_word' id='word_1_611' title='bbox 3083 3653 3539 3711; x_wconf 68' lang='lat' dir='ltr'><strong>Northmanniaa.</strong></span> <span class='ocrx_word' id='word_1_612' title='bbox 3557 3655 3842 3715; x_wconf 85' lang='lat' dir='ltr'><strong>Promise-</strong></span> 
     </span>
    </p>
   </div>
   <div class='ocr_carea' id='block_1_85' title="bbox 2193 3741 3835 3819">
    <p class='ocr_par' dir='ltr' id='par_1_85' title="bbox 2193 3741 3835 3819">
     <span class='ocr_line' id='line_1_85' title="bbox 2193 3741 3835 3819; baseline 0.003 -20"><span class='ocrx_word' id='word_1_613' title='bbox 2193 3748 2284 3799; x_wconf 89' lang='lat' dir='ltr'><strong>rat</strong></span> <span class='ocrx_word' id='word_1_614' title='bbox 2312 3742 2544 3798; x_wconf 79' lang='lat' dir='ltr'><strong>Alexius</strong></span> <span class='ocrx_word' id='word_1_615' title='bbox 2587 3741 2952 3815; x_wconf 89' lang='lat' dir='ltr'><strong>principibus</strong></span> <span class='ocrx_word' id='word_1_616' title='bbox 2983 3747 3039 3798; x_wconf 91' lang='lat' dir='ltr'><strong>et</strong></span> <span class='ocrx_word' id='word_1_617' title='bbox 3065 3742 3223 3815; x_wconf 89' lang='lat' dir='ltr'><strong>genti</strong></span> <span class='ocrx_word' id='word_1_618' title='bbox 3273 3743 3628 3800; x_wconf 88' lang='lat' dir='ltr'><strong>Francorum</strong></span> <span class='ocrx_word' id='word_1_619' title='bbox 3678 3748 3835 3819; x_wconf 89' lang='lat' dir='ltr'><strong>quod</strong></span> 
     </span>
    </p>
   </div>
   <div class='ocr_carea' id='block_1_86' title="bbox 2189 3834 3840 3904">
    <p class='ocr_par' dir='ltr' id='par_1_86' title="bbox 2189 3834 3840 3904">
     <span class='ocr_line' id='line_1_86' title="bbox 2189 3834 3840 3904; baseline 0.003 -16"><span class='ocrx_word' id='word_1_620' title='bbox 2189 3837 2376 3888; x_wconf 88' lang='lat' dir='ltr'><strong>totum</strong></span> <span class='ocrx_word' id='word_1_621' title='bbox 2408 3847 2618 3888; x_wconf 89' lang='lat' dir='ltr'><strong>aurum</strong></span> <span class='ocrx_word' id='word_1_622' title='bbox 2649 3835 2708 3886; x_wconf 92' lang='lat' dir='ltr'><strong>et</strong></span> <span class='ocrx_word' id='word_1_623' title='bbox 2737 3834 3065 3902; x_wconf 86' lang='lat' dir='ltr'><strong>argentum,</strong></span> <span class='ocrx_word' id='word_1_624' title='bbox 3087 3835 3145 3887; x_wconf 87' lang='lat' dir='ltr'><strong>et</strong></span> <span class='ocrx_word' id='word_1_625' title='bbox 3173 3847 3374 3904; x_wconf 89' lang='lat' dir='ltr'><strong>equos,</strong></span> <span class='ocrx_word' id='word_1_626' title='bbox 3399 3836 3455 3888; x_wconf 92' lang='lat' dir='ltr'><strong>et</strong></span> <span class='ocrx_word' id='word_1_627' title='bbox 3473 3849 3709 3891; x_wconf 89' lang='lat' dir='ltr'><strong>omnem</strong></span> <span class='ocrx_word' id='word_1_628' title='bbox 3740 3853 3840 3892; x_wconf 87' lang='lat' dir='ltr'><strong>su-</strong></span> 
     </span>
    </p>
   </div>
   <div class='ocr_carea' id='block_1_87' title="bbox 2191 3918 3838 3992">
    <p class='ocr_par' dir='ltr' id='par_1_87' title="bbox 2191 3918 3838 3992">
     <span class='ocr_line' id='line_1_87' title="bbox 2191 3918 3838 3992; baseline 0.002 -16"><span class='ocrx_word' id='word_1_629' title='bbox 2191 3919 2558 3992; x_wconf 86' lang='lat' dir='ltr'><strong>pellectilem,</strong></span> <span class='ocrx_word' id='word_1_630' title='bbox 2592 3935 2720 3992; x_wconf 65' lang='lat' dir='ltr'><strong>qua:</strong></span> <span class='ocrx_word' id='word_1_631' title='bbox 2751 3919 2911 3974; x_wconf 90' lang='lat' dir='ltr'><strong>intus</strong></span> <span class='ocrx_word' id='word_1_632' title='bbox 2940 3923 3084 3990; x_wconf 88' lang='lat' dir='ltr'><strong>erat,</strong></span> <span class='ocrx_word' id='word_1_633' title='bbox 3117 3918 3201 3974; x_wconf 91' lang='lat' dir='ltr'><strong>eis</strong></span> <span class='ocrx_word' id='word_1_634' title='bbox 3232 3919 3516 3988; x_wconf 89' lang='lat' dir='ltr'><strong>redderet,</strong></span> <span class='ocrx_word' id='word_1_635' title='bbox 3543 3927 3600 3977; x_wconf 91' lang='lat' dir='ltr'><strong>et</strong></span> <span class='ocrx_word' id='word_1_636' title='bbox 3628 3939 3838 3980; x_wconf 86' lang='lat' dir='ltr'><strong>mona-</strong></span> 
     </span>
    </p>
   </div>
   <div class='ocr_carea' id='block_1_88' title="bbox 2191 4006 3836 4080">
    <p class='ocr_par' dir='ltr' id='par_1_88' title="bbox 2191 4006 3836 4080">
     <span class='ocr_line' id='line_1_88' title="bbox 2191 4006 3836 4080; baseline 0.001 -14"><span class='ocrx_word' id='word_1_637' title='bbox 2191 4007 2436 4066; x_wconf 88' lang='lat' dir='ltr'><strong>sterium</strong></span> <span class='ocrx_word' id='word_1_638' title='bbox 2471 4006 2732 4063; x_wconf 88' lang='lat' dir='ltr'><strong>Latinum</strong></span> <span class='ocrx_word' id='word_1_639' title='bbox 2765 4012 2822 4063; x_wconf 90' lang='lat' dir='ltr'><strong>et</strong></span> <span class='ocrx_word' id='word_1_640' title='bbox 2851 4006 3172 4080; x_wconf 88' lang='lat' dir='ltr'><strong>hospitium</strong></span> <span class='ocrx_word' id='word_1_641' title='bbox 3195 4008 3552 4080; x_wconf 88' lang='lat' dir='ltr'><strong>pauperibus</strong></span> <span class='ocrx_word' id='word_1_642' title='bbox 3583 4011 3836 4069; x_wconf 83' lang='lat' dir='ltr'><strong>Franco-</strong></span> 
     </span>
    </p>
   </div>
   <div class='ocr_carea' id='block_1_89' title="bbox 2190 4096 3836 4171">
    <p class='ocr_par' dir='ltr' id='par_1_89' title="bbox 2190 4096 3836 4171">
     <span class='ocr_line' id='line_1_89' title="bbox 2190 4096 3836 4171; baseline 0.002 -17"><span class='ocrx_word' id='word_1_643' title='bbox 2190 4115 2322 4154; x_wconf 91' lang='lat' dir='ltr'><strong>rum</strong></span> <span class='ocrx_word' id='word_1_644' title='bbox 2352 4096 2433 4152; x_wconf 91' lang='lat' dir='ltr'><strong>ibi</strong></span> <span class='ocrx_word' id='word_1_645' title='bbox 2463 4097 2714 4164; x_wconf 84' lang='lat' dir='ltr'><strong>faceret;</strong></span> <span class='ocrx_word' id='word_1_646' title='bbox 2751 4101 3028 4168; x_wconf 64' lang='lat' dir='ltr'><strong>praeterea</strong></span> <span class='ocrx_word' id='word_1_647' title='bbox 3057 4100 3285 4152; x_wconf 88' lang='lat' dir='ltr'><strong>tantum</strong></span> <span class='ocrx_word' id='word_1_648' title='bbox 3315 4097 3387 4153; x_wconf 91' lang='lat' dir='ltr'><strong>de</strong></span> <span class='ocrx_word' id='word_1_649' title='bbox 3415 4098 3667 4171; x_wconf 90' lang='lat' dir='ltr'><strong>propriis</strong></span> <span class='ocrx_word' id='word_1_650' title='bbox 3701 4101 3836 4157; x_wconf 87' lang='lat' dir='ltr'><strong>uni-</strong></span> 
     </span>
    </p>
   </div>
   <div class='ocr_carea' id='block_1_90' title="bbox 2188 4185 3839 4260">
    <p class='ocr_par' dir='ltr' id='par_1_90' title="bbox 2188 4185 3839 4260">
     <span class='ocr_line' id='line_1_90' title="bbox 2188 4185 3839 4260; baseline 0.002 -17"><span class='ocrx_word' id='word_1_651' title='bbox 2188 4186 2399 4260; x_wconf 91' lang='lat' dir='ltr'><strong>cuique</strong></span> <span class='ocrx_word' id='word_1_652' title='bbox 2429 4186 2500 4242; x_wconf 91' lang='lat' dir='ltr'><strong>de</strong></span> <span class='ocrx_word' id='word_1_653' title='bbox 2530 4185 2779 4241; x_wconf 84' lang='lat' dir='ltr'><strong>exercitu</strong></span> <span class='ocrx_word' id='word_1_654' title='bbox 2812 4185 2978 4241; x_wconf 90' lang='lat' dir='ltr'><strong>daret</strong></span> <span class='ocrx_word' id='word_1_655' title='bbox 3007 4190 3072 4240; x_wconf 92' lang='lat' dir='ltr'><strong>ut</strong></span> <span class='ocrx_word' id='word_1_656' title='bbox 3096 4185 3180 4241; x_wconf 90' lang='lat' dir='ltr'><strong>illi</strong></span> <span class='ocrx_word' id='word_1_657' title='bbox 3207 4201 3439 4259; x_wconf 81' lang='lat' dir='ltr'><strong>semper</strong></span> <span class='ocrx_word' id='word_1_658' title='bbox 3467 4185 3718 4246; x_wconf 87' lang='lat' dir='ltr'><strong>militare</strong></span> <span class='ocrx_word' id='word_1_659' title='bbox 3745 4207 3839 4248; x_wconf 89' lang='lat' dir='ltr'><strong>ve-</strong></span> 
     </span>
    </p>
   </div>
   <div class='ocr_carea' id='block_1_91' title="bbox 2185 4271 3839 4346">
    <p class='ocr_par' dir='ltr' id='par_1_91' title="bbox 2185 4271 3839 4346">
     <span class='ocr_line' id='line_1_91' title="bbox 2185 4271 3839 4346; baseline 0.002 -15"><span class='ocrx_word' id='word_1_660' title='bbox 2185 4275 2314 4331; x_wconf 92' lang='lat' dir='ltr'><strong>lint.</strong></span> <span class='ocrx_word' id='word_1_661' title='bbox 2349 4274 2477 4330; x_wconf 73' lang='lat' dir='ltr'><strong>Haec</strong></span> <span class='ocrx_word' id='word_1_662' title='bbox 2507 4273 2689 4346; x_wconf 87' lang='lat' dir='ltr'><strong>igitur</strong></span> <span class='ocrx_word' id='word_1_663' title='bbox 2720 4271 2926 4330; x_wconf 90' lang='lat' dir='ltr'><strong>Franci</strong></span> <span class='ocrx_word' id='word_1_664' title='bbox 2955 4277 3257 4346; x_wconf 87' lang='lat' dir='ltr'><strong>sperantes</strong></span> <span class='ocrx_word' id='word_1_665' title='bbox 3286 4273 3460 4330; x_wconf 92' lang='lat' dir='ltr'><strong>verba</strong></span> <span class='ocrx_word' id='word_1_666' title='bbox 3488 4275 3839 4334; x_wconf 81' lang='lat' dir='ltr'><strong>ﬁdelissima</strong></span> 
     </span>
    </p>
   </div>
   <div class='ocr_carea' id='block_1_92' title="bbox 2185 4360 3834 4437">
    <p class='ocr_par' dir='ltr' id='par_1_92' title="bbox 2185 4360 3834 4437">
     <span class='ocr_line' id='line_1_92' title="bbox 2185 4360 3834 4437; baseline 0.002 -17"><span class='ocrx_word' id='word_1_667' title='bbox 2185 4363 2541 4420; x_wconf 90' lang='lat' dir='ltr'><strong>deditionem</strong></span> <span class='ocrx_word' id='word_1_668' title='bbox 2574 4361 2977 4418; x_wconf 89' lang='lat' dir='ltr'><strong>laudaverunt.</strong></span> <span class='ocrx_word' id='word_1_669' title='bbox 2995 4360 3231 4418; x_wconf 84' lang='lat' dir='ltr'><strong>Alexius</strong></span> <span class='ocrx_word' id='word_1_670' title='bbox 3250 4362 3468 4435; x_wconf 90' lang='lat' dir='ltr'><strong>itaque,</strong></span> <span class='ocrx_word' id='word_1_671' title='bbox 3492 4369 3730 4437; x_wconf 88' lang='lat' dir='ltr'><strong>accepta</strong></span> <span class='ocrx_word' id='word_1_672' title='bbox 3752 4365 3834 4423; x_wconf 87' lang='lat' dir='ltr'><strong>ci-</strong></span> 
     </span>
    </p>
   </div>
   <div class='ocr_carea' id='block_1_93' title="bbox 431 4446 3830 4534">
    <p class='ocr_par' dir='ltr' id='par_1_93' title="bbox 431 4446 3830 4534">
     <span class='ocr_line' id='line_1_93' title="bbox 431 4446 3830 4534; baseline 0.002 -30"><span class='ocrx_word' id='word_1_673' title='bbox 431 4446 812 4516; x_wconf 87' lang='lat' dir='ltr'><strong>Boimundus,</strong></span> <span class='ocrx_word' id='word_1_674' title='bbox 842 4453 1018 4521; x_wconf 87' lang='lat' dir='ltr'><strong>atque</strong></span> <span class='ocrx_word' id='word_1_675' title='bbox 1048 4447 1145 4504; x_wconf 91' lang='lat' dir='ltr'><strong>alii</strong></span> <span class='ocrx_word' id='word_1_676' title='bbox 1177 4449 1493 4522; x_wconf 89' lang='lat' dir='ltr'><strong>principes,</strong></span> <span class='ocrx_word' id='word_1_677' title='bbox 1525 4454 1583 4505; x_wconf 91' lang='lat' dir='ltr'><strong>et</strong></span> <span class='ocrx_word' id='word_1_678' title='bbox 1610 4449 1900 4506; x_wconf 88' lang='lat' dir='ltr'><strong>obsidioni</strong></span> <span class='ocrx_word' id='word_1_679' title='bbox 1934 4469 2068 4525; x_wconf 88' lang='lat' dir='ltr'><strong>ope-</strong></span> <span class='ocrx_word' id='word_1_680' title='bbox 2098 4469 2144 4534; x_wconf 77' lang='grc' dir='ltr'>ο</span> <span class='ocrx_word' id='word_1_681' title='bbox 2177 4453 2604 4520; x_wconf 85' lang='lat' dir='ltr'><strong>vitate,tantam</strong></span> <span class='ocrx_word' id='word_1_682' title='bbox 2629 4449 2953 4524; x_wconf 89' lang='lat' dir='ltr'><strong>gratiarum</strong></span> <span class='ocrx_word' id='word_1_683' title='bbox 2971 4449 3257 4506; x_wconf 90' lang='lat' dir='ltr'><strong>actionem</strong></span> <span class='ocrx_word' id='word_1_684' title='bbox 3276 4449 3830 4522; x_wconf 86' lang='lat' dir='ltr'><strong>exercituideditut,</strong></span> 
     </span>
    </p>
   </div>
   <div class='ocr_carea' id='block_1_94' title="bbox 427 4537 2067 4610">
    <p class='ocr_par' dir='ltr' id='par_1_94' title="bbox 427 4537 2067 4610">
     <span class='ocr_line' id='line_1_94' title="bbox 427 4537 2067 4610; baseline 0.004 -18"><span class='ocrx_word' id='word_1_685' title='bbox 427 4553 554 4593; x_wconf 88' lang='lat' dir='ltr'><strong>ram</strong></span> <span class='ocrx_word' id='word_1_686' title='bbox 585 4537 822 4593; x_wconf 91' lang='lat' dir='ltr'><strong>dabant.</strong></span> <span class='ocrx_word' id='word_1_687' title='bbox 854 4539 955 4594; x_wconf 88' lang='lat' dir='ltr'><strong>Est</strong></span> <span class='ocrx_word' id='word_1_688' title='bbox 999 4538 1198 4610; x_wconf 91' lang='lat' dir='ltr'><strong>itaque</strong></span> <span class='ocrx_word' id='word_1_689' title='bbox 1243 4540 1437 4595; x_wconf 72' lang='lat' dir='ltr'><strong>Nicaea</strong></span> <span class='ocrx_word' id='word_1_690' title='bbox 1474 4539 1617 4594; x_wconf 91' lang='lat' dir='ltr'><strong>urbs</strong></span> <span class='ocrx_word' id='word_1_691' title='bbox 1646 4537 2067 4610; x_wconf 87' lang='lat' dir='ltr'><strong>munitissima,</strong></span> 
     </span>
    </p>
   </div>
   <div class='ocr_carea' id='block_1_95' title="bbox 426 4625 2074 4700">
    <p class='ocr_par' dir='ltr' id='par_1_95' title="bbox 426 4625 2074 4700">
     <span class='ocr_line' id='line_1_95' title="bbox 426 4625 2074 4700; baseline 0.004 -20"><span class='ocrx_word' id='word_1_692' title='bbox 426 4630 548 4681; x_wconf 88' lang='lat' dir='ltr'><strong>tam</strong></span> <span class='ocrx_word' id='word_1_693' title='bbox 580 4630 790 4682; x_wconf 89' lang='lat' dir='ltr'><strong>natura</strong></span> <span class='ocrx_word' id='word_1_694' title='bbox 820 4643 998 4700; x_wconf 88' lang='lat' dir='ltr'><strong>quam</strong></span> <span class='ocrx_word' id='word_1_695' title='bbox 1020 4625 1474 4700; x_wconf 86' lang='lat' dir='ltr'><strong>ingenio.Hahet</strong></span> <span class='ocrx_word' id='word_1_696' title='bbox 1494 4626 1650 4683; x_wconf 88' lang='lat' dir='ltr'><strong>enim</strong></span> <span class='ocrx_word' id='word_1_697' title='bbox 1682 4626 1753 4683; x_wconf 89' lang='lat' dir='ltr'><strong>ab</strong></span> <span class='ocrx_word' id='word_1_698' title='bbox 1776 4627 2074 4686; x_wconf 90' lang='lat' dir='ltr'><strong>occidente</strong></span> 
     </span>
    </p>
   </div>
   <div class='ocr_carea' id='block_1_96' title="bbox 421 4713 2071 4790">
    <p class='ocr_par' dir='ltr' id='par_1_96' title="bbox 421 4713 2071 4790">
     <span class='ocr_line' id='line_1_96' title="bbox 421 4713 2071 4790; baseline 0.004 -20"><span class='ocrx_word' id='word_1_699' title='bbox 421 4713 619 4771; x_wconf 87' lang='lat' dir='ltr'><strong>lacum</strong></span> <span class='ocrx_word' id='word_1_700' title='bbox 649 4715 992 4784; x_wconf 87' lang='lat' dir='ltr'><strong>maximum,</strong></span> <span class='ocrx_word' id='word_1_701' title='bbox 1018 4715 1204 4772; x_wconf 88' lang='lat' dir='ltr'><strong>muris</strong></span> <span class='ocrx_word' id='word_1_702' title='bbox 1232 4715 1574 4772; x_wconf 86' lang='lat' dir='ltr'><strong>inﬂuentem</strong></span> <span class='ocrx_word' id='word_1_703' title='bbox 1599 4734 1613 4784; x_wconf 87' lang='lat'><strong>;</strong></span> <span class='ocrx_word' id='word_1_704' title='bbox 1647 4734 1682 4772; x_wconf 93' lang='lat' dir='ltr'><strong>a</strong></span> <span class='ocrx_word' id='word_1_705' title='bbox 1702 4715 1941 4790; x_wconf 87' lang='lat' dir='ltr'><strong>reliquis</strong></span> <span class='ocrx_word' id='word_1_706' title='bbox 1961 4719 2071 4776; x_wconf 90' lang='lat' dir='ltr'><strong>tri-</strong></span> 
     </span>
    </p>
   </div>
   <div class='ocr_carea' id='block_1_97' title="bbox 422 4801 2066 4878">
    <p class='ocr_par' dir='ltr' id='par_1_97' title="bbox 422 4801 2066 4878">
     <span class='ocr_line' id='line_1_97' title="bbox 422 4801 2066 4878; baseline 0.003 -19"><span class='ocrx_word' id='word_1_707' title='bbox 422 4801 536 4859; x_wconf 85' lang='lat' dir='ltr'><strong>bus</strong></span> <span class='ocrx_word' id='word_1_708' title='bbox 564 4804 831 4876; x_wconf 87' lang='lat' dir='ltr'><strong>partibus</strong></span> <span class='ocrx_word' id='word_1_709' title='bbox 858 4803 1078 4860; x_wconf 89' lang='lat' dir='ltr'><strong>vallum</strong></span> <span class='ocrx_word' id='word_1_710' title='bbox 1109 4805 1181 4860; x_wconf 92' lang='lat' dir='ltr'><strong>de</strong></span> <span class='ocrx_word' id='word_1_711' title='bbox 1219 4803 1648 4878; x_wconf 85' lang='lat' dir='ltr'><strong>restagnatione</strong></span> <span class='ocrx_word' id='word_1_712' title='bbox 1673 4807 2066 4876; x_wconf 89' lang='lat' dir='ltr'><strong>quorumdam</strong></span> 
     </span>
    </p>
   </div>
   <div class='ocr_carea' id='block_1_98' title="bbox 421 4888 2067 4965">
    <p class='ocr_par' dir='ltr' id='par_1_98' title="bbox 421 4888 2067 4965">
     <span class='ocr_line' id='line_1_98' title="bbox 421 4888 2067 4965; baseline 0.005 -19"><span class='ocrx_word' id='word_1_713' title='bbox 421 4888 744 4949; x_wconf 79' lang='lat' dir='ltr'><strong>rivulorum</strong></span> <span class='ocrx_word' id='word_1_714' title='bbox 775 4891 1037 4965; x_wconf 88' lang='lat' dir='ltr'><strong>plenum.</strong></span> <span class='ocrx_word' id='word_1_715' title='bbox 1065 4893 1342 4949; x_wconf 68' lang='lat' dir='ltr'><strong>Preterea</strong></span> <span class='ocrx_word' id='word_1_716' title='bbox 1370 4893 1657 4950; x_wconf 88' lang='lat' dir='ltr'><strong>murisita</strong></span> <span class='ocrx_word' id='word_1_717' title='bbox 1670 4893 2067 4955; x_wconf 86' lang='lat' dir='ltr'><strong>eminentibus</strong></span> 
     </span>
    </p>
   </div>
   <div class='ocr_carea' id='block_1_99' title="bbox 419 4979 2064 5054">
    <p class='ocr_par' dir='ltr' id='par_1_99' title="bbox 419 4979 2064 5054">
     <span class='ocr_line' id='line_1_99' title="bbox 419 4979 2064 5054; baseline 0.005 -20"><span class='ocrx_word' id='word_1_718' title='bbox 419 4979 678 5054; x_wconf 89' lang='lat' dir='ltr'><strong>cingitur</strong></span> <span class='ocrx_word' id='word_1_719' title='bbox 704 4985 770 5036; x_wconf 84' lang='lat' dir='ltr'><strong>ut</strong></span> <span class='ocrx_word' id='word_1_720' title='bbox 807 4979 1102 5038; x_wconf 88' lang='lat' dir='ltr'><strong>nullorum</strong></span> <span class='ocrx_word' id='word_1_721' title='bbox 1161 4980 1467 5037; x_wconf 90' lang='lat' dir='ltr'><strong>hominum</strong></span> <span class='ocrx_word' id='word_1_722' title='bbox 1523 4980 1804 5048; x_wconf 89' lang='lat' dir='ltr'><strong>assultus,</strong></span> <span class='ocrx_word' id='word_1_723' title='bbox 1840 4981 2064 5043; x_wconf 89' lang='lat' dir='ltr'><strong>nullius</strong></span> 
     </span>
    </p>
   </div>
   <div class='ocr_carea' id='block_1_100' title="bbox 419 5067 2062 5143">
    <p class='ocr_par' dir='ltr' id='par_1_100' title="bbox 419 5067 2062 5143">
     <span class='ocr_line' id='line_1_100' title="bbox 419 5067 2062 5143; baseline 0.004 -20"><span class='ocrx_word' id='word_1_724' title='bbox 419 5067 704 5124; x_wconf 75' lang='lat' dir='ltr'><strong>machinis</strong></span> <span class='ocrx_word' id='word_1_725' title='bbox 744 5068 998 5143; x_wconf 89' lang='lat' dir='ltr'><strong>impetus</strong></span> <span class='ocrx_word' id='word_1_726' title='bbox 1028 5074 1320 5138; x_wconf 86' lang='lat' dir='ltr'><strong>vereatur;</strong></span> <span class='ocrx_word' id='word_1_727' title='bbox 1355 5069 1658 5127; x_wconf 83' lang='lat' dir='ltr'><strong>halistaria</strong></span> <span class='ocrx_word' id='word_1_728' title='bbox 1685 5087 1816 5128; x_wconf 88' lang='lat' dir='ltr'><strong>vero</strong></span> <span class='ocrx_word' id='word_1_729' title='bbox 1844 5071 2062 5130; x_wconf 84' lang='lat' dir='ltr'><strong>vicina-</strong></span> 
     </span>
    </p>
   </div>
   <div class='ocr_carea' id='block_1_101' title="bbox 416 5157 2063 5230">
    <p class='ocr_par' dir='ltr' id='par_1_101' title="bbox 416 5157 2063 5230">
     <span class='ocr_line' id='line_1_101' title="bbox 416 5157 2063 5230; baseline 0.005 -20"><span class='ocrx_word' id='word_1_730' title='bbox 416 5173 549 5211; x_wconf 89' lang='lat' dir='ltr'><strong>rum</strong></span> <span class='ocrx_word' id='word_1_731' title='bbox 581 5157 832 5214; x_wconf 88' lang='lat' dir='ltr'><strong>turrium</strong></span> <span class='ocrx_word' id='word_1_732' title='bbox 863 5157 946 5213; x_wconf 91' lang='lat' dir='ltr'><strong>sic</strong></span> <span class='ocrx_word' id='word_1_733' title='bbox 978 5157 1350 5230; x_wconf 81' lang='lat' dir='ltr'><strong>respicientis</strong></span> <span class='ocrx_word' id='word_1_734' title='bbox 1400 5163 1540 5215; x_wconf 88' lang='lat' dir='ltr'><strong>sunt</strong></span> <span class='ocrx_word' id='word_1_735' title='bbox 1598 5159 1671 5215; x_wconf 91' lang='lat' dir='ltr'><strong>ad</strong></span> <span class='ocrx_word' id='word_1_736' title='bbox 1721 5159 1966 5217; x_wconf 90' lang='lat' dir='ltr'><strong>invicem</strong></span> <span class='ocrx_word' id='word_1_737' title='bbox 1998 5167 2063 5218; x_wconf 90' lang='lat' dir='ltr'><strong>ut</strong></span> 
     </span>
    </p>
   </div>
   <div class='ocr_carea' id='block_1_102' title="bbox 415 5243 2059 5321">
    <p class='ocr_par' dir='ltr' id='par_1_102' title="bbox 415 5243 2059 5321">
     <span class='ocr_line' id='line_1_102' title="bbox 415 5243 2059 5321; baseline 0.003 -19"><span class='ocrx_word' id='word_1_738' title='bbox 415 5243 542 5302; x_wconf 88' lang='lat' dir='ltr'><strong>sine</strong></span> <span class='ocrx_word' id='word_1_739' title='bbox 573 5245 828 5318; x_wconf 92' lang='lat' dir='ltr'><strong>periculo</strong></span> <span class='ocrx_word' id='word_1_740' title='bbox 860 5243 1061 5302; x_wconf 91' lang='lat' dir='ltr'><strong>nullus</strong></span> <span class='ocrx_word' id='word_1_741' title='bbox 1092 5247 1365 5304; x_wconf 88' lang='lat' dir='ltr'><strong>accedere</strong></span> <span class='ocrx_word' id='word_1_742' title='bbox 1394 5248 1597 5320; x_wconf 88' lang='lat' dir='ltr'><strong>possit.</strong></span> <span class='ocrx_word' id='word_1_743' title='bbox 1619 5247 1679 5304; x_wconf 91' lang='lat' dir='ltr'><strong>Si</strong></span> <span class='ocrx_word' id='word_1_744' title='bbox 1701 5247 1834 5321; x_wconf 90' lang='lat' dir='ltr'><strong>quis</strong></span> <span class='ocrx_word' id='word_1_745' title='bbox 1861 5255 2059 5307; x_wconf 87' lang='lat' dir='ltr'><strong>autem</strong></span> 
     </span>
    </p>
   </div>
   <div class='ocr_carea' id='block_1_103' title="bbox 414 5332 2058 5410">
    <p class='ocr_par' dir='ltr' id='par_1_103' title="bbox 414 5332 2058 5410">
     <span class='ocr_line' id='line_1_103' title="bbox 414 5332 2058 5410; baseline 0.004 -22"><span class='ocrx_word' id='word_1_746' title='bbox 414 5332 655 5406; x_wconf 87' lang='lat' dir='ltr'><strong>propius</strong></span> <span class='ocrx_word' id='word_1_747' title='bbox 676 5334 949 5390; x_wconf 89' lang='lat' dir='ltr'><strong>accedere</strong></span> <span class='ocrx_word' id='word_1_748' title='bbox 973 5333 1597 5404; x_wconf 86' lang='lat' dir='ltr'><strong>voluerit,obessecum</strong></span> <span class='ocrx_word' id='word_1_749' title='bbox 1612 5339 2058 5410; x_wconf 89' lang='lat' dir='ltr'><strong>nequeat,facile</strong></span> 
     </span>
    </p>
   </div>
   <div class='ocr_carea' id='block_1_104' title="bbox 411 5419 2054 5499">
    <p class='ocr_par' dir='ltr' id='par_1_104' title="bbox 411 5419 2054 5499">
     <span class='ocr_line' id='line_1_104' title="bbox 411 5419 2054 5499; baseline 0.004 -21"><span class='ocrx_word' id='word_1_750' title='bbox 411 5421 482 5478; x_wconf 86' lang='lat' dir='ltr'><strong>de</strong></span> <span class='ocrx_word' id='word_1_751' title='bbox 513 5419 819 5478; x_wconf 90' lang='lat' dir='ltr'><strong>aititudine</strong></span> <span class='ocrx_word' id='word_1_752' title='bbox 849 5422 1103 5478; x_wconf 85' lang='lat' dir='ltr'><strong>turrium</strong></span> <span class='ocrx_word' id='word_1_753' title='bbox 1135 5423 1422 5479; x_wconf 87' lang='lat' dir='ltr'><strong>obruitur.</strong></span> <span class='ocrx_word' id='word_1_754' title='bbox 1456 5423 1618 5481; x_wconf 84' lang='lat' dir='ltr'><strong>Hanc</strong></span> <span class='ocrx_word' id='word_1_755' title='bbox 1647 5424 1829 5499; x_wconf 87' lang='lat' dir='ltr'><strong>igitur</strong></span> <span class='ocrx_word' id='word_1_756' title='bbox 1857 5426 2054 5498; x_wconf 88' lang='lat' dir='ltr'><strong>talem,</strong></span> 
     </span>
    </p>
   </div>
   <div class='ocr_carea' id='block_1_105' title="bbox 413 5507 2058 5591">
    <p class='ocr_par' dir='ltr' id='par_1_105' title="bbox 413 5507 2058 5591">
     <span class='ocr_line' id='line_1_105' title="bbox 413 5507 2058 5591; baseline 0.005 -26"><span class='ocrx_word' id='word_1_757' title='bbox 413 5511 478 5565; x_wconf 92' lang='lat' dir='ltr'><strong>ut</strong></span> <span class='ocrx_word' id='word_1_758' title='bbox 499 5507 776 5581; x_wconf 82' lang='lat' dir='ltr'><strong>diximus,</strong></span> <span class='ocrx_word' id='word_1_759' title='bbox 798 5509 1118 5580; x_wconf 84' lang='lat' dir='ltr'><strong>civitatem,</strong></span> <span class='ocrx_word' id='word_1_760' title='bbox 1130 5509 1496 5570; x_wconf 90' lang='lat' dir='ltr'><strong>Boimundus</strong></span> <span class='ocrx_word' id='word_1_761' title='bbox 1525 5513 1754 5571; x_wconf 88' lang='lat' dir='ltr'><strong>obsedit</strong></span> <span class='ocrx_word' id='word_1_762' title='bbox 1776 5531 1810 5570; x_wconf 92' lang='lat' dir='ltr'><strong>a</strong></span> <span class='ocrx_word' id='word_1_763' title='bbox 1829 5520 2058 5591; x_wconf 86' lang='lat' dir='ltr'><strong>septen-</strong></span> 
     </span>
    </p>
   </div>
   <div class='ocr_carea' id='block_1_106' title="bbox 2181 4537 3835 4616">
    <p class='ocr_par' dir='ltr' id='par_1_106' title="bbox 2181 4537 3835 4616">
     <span class='ocr_line' id='line_1_106' title="bbox 2181 4537 3835 4616; baseline 0.001 -18"><span class='ocrx_word' id='word_1_764' title='bbox 2181 4541 2444 4616; x_wconf 89' lang='lat' dir='ltr'><strong>quandiu</strong></span> <span class='ocrx_word' id='word_1_765' title='bbox 2476 4538 2704 4606; x_wconf 87' lang='lat' dir='ltr'><strong>vixerit,</strong></span> <span class='ocrx_word' id='word_1_766' title='bbox 2735 4539 2990 4612; x_wconf 86' lang='lat' dir='ltr'><strong>pOpulus</strong></span> <span class='ocrx_word' id='word_1_767' title='bbox 3047 4555 3280 4612; x_wconf 91' lang='lat' dir='ltr'><strong>semper</strong></span> <span class='ocrx_word' id='word_1_768' title='bbox 3321 4538 3372 4596; x_wconf 90' lang='lat' dir='ltr'><strong>ei</strong></span> <span class='ocrx_word' id='word_1_769' title='bbox 3413 4537 3744 4611; x_wconf 84' lang='lat' dir='ltr'><strong>maledicat,</strong></span> <span class='ocrx_word' id='word_1_770' title='bbox 3777 4547 3835 4599; x_wconf 92' lang='lat' dir='ltr'><strong>et</strong></span> 
     </span>
    </p>
   </div>
   <div class='ocr_carea' id='block_1_107' title="bbox 2182 4627 3076 4704">
    <p class='ocr_par' dir='ltr' id='par_1_107' title="bbox 2182 4627 3076 4704">
     <span class='ocr_line' id='line_1_107' title="bbox 2182 4627 3076 4704; baseline -0.006 -17"><span class='ocrx_word' id='word_1_771' title='bbox 2182 4630 2504 4704; x_wconf 88' lang='lat' dir='ltr'><strong>proclamet</strong></span> <span class='ocrx_word' id='word_1_772' title='bbox 2533 4627 2888 4702; x_wconf 88' lang='lat' dir='ltr'><strong>proditorem</strong></span> <span class='ocrx_word' id='word_1_773' title='bbox 2920 4645 3076 4684; x_wconf 90' lang='lat' dir='ltr'><strong>eum.</strong></span> 
     </span>
    </p>
   </div>
   <div class='ocr_carea' id='block_1_108' title="bbox 2832 4715 3168 4774">
    <p class='ocr_par' dir='ltr' id='par_1_108' title="bbox 2832 4715 3168 4774">
     <span class='ocr_line' id='line_1_108' title="bbox 2832 4715 3168 4774; baseline 0 -1"><span class='ocrx_word' id='word_1_774' title='bbox 2832 4717 3061 4774; x_wconf 86' lang='lat' dir='ltr'><strong>CAPUT</strong></span> <span class='ocrx_word' id='word_1_775' title='bbox 3100 4715 3168 4773; x_wconf 92' lang='lat' dir='ltr'><strong>V.</strong></span> 
     </span>
    </p>
   </div>
   <div class='ocr_carea' id='block_1_109' title="bbox 2248 4805 3828 4882">
    <p class='ocr_par' dir='ltr' id='par_1_109' title="bbox 2248 4805 3828 4882">
     <span class='ocr_line' id='line_1_109' title="bbox 2248 4805 3828 4882; baseline 0 -18"><span class='ocrx_word' id='word_1_776' title='bbox 2248 4807 2642 4882; x_wconf 88' lang='lat' dir='ltr'><strong>Cognovimus</strong></span> <span class='ocrx_word' id='word_1_777' title='bbox 2671 4809 2813 4862; x_wconf 91' lang='lat' dir='ltr'><strong>tunc</strong></span> <span class='ocrx_word' id='word_1_778' title='bbox 2863 4806 3019 4878; x_wconf 92' lang='lat' dir='ltr'><strong>quod</strong></span> <span class='ocrx_word' id='word_1_779' title='bbox 3068 4805 3303 4862; x_wconf 86' lang='lat' dir='ltr'><strong>Petrum</strong></span> <span class='ocrx_word' id='word_1_780' title='bbox 3351 4805 3689 4876; x_wconf 82' lang='lat' dir='ltr'><strong>Eremitatn,</strong></span> <span class='ocrx_word' id='word_1_781' title='bbox 3724 4807 3828 4880; x_wconf 89' lang='lat' dir='ltr'><strong>qui</strong></span> 
     </span>
    </p>
   </div>
   <div class='ocr_carea' id='block_1_110' title="bbox 2174 4893 3830 4974">
    <p class='ocr_par' dir='ltr' id='par_1_110' title="bbox 2174 4893 3830 4974">
     <span class='ocr_line' id='line_1_110' title="bbox 2174 4893 3830 4974; baseline -0.001 -22"><span class='ocrx_word' id='word_1_782' title='bbox 2174 4895 2345 4970; x_wconf 90' lang='lat' dir='ltr'><strong>longe</strong></span> <span class='ocrx_word' id='word_1_783' title='bbox 2367 4899 2500 4951; x_wconf 87' lang='lat' dir='ltr'><strong>ante</strong></span> <span class='ocrx_word' id='word_1_784' title='bbox 2519 4893 2809 4951; x_wconf 88' lang='lat' dir='ltr'><strong>exercitus</strong></span> <span class='ocrx_word' id='word_1_785' title='bbox 2822 4898 3052 4950; x_wconf 87' lang='lat' dir='ltr'><strong>nostros</strong></span> <span class='ocrx_word' id='word_1_786' title='bbox 3063 4910 3197 4950; x_wconf 89' lang='lat' dir='ltr'><strong>cum</strong></span> <span class='ocrx_word' id='word_1_787' title='bbox 3212 4910 3426 4967; x_wconf 86' lang='lat' dir='ltr'><strong>magna</strong></span> <span class='ocrx_word' id='word_1_788' title='bbox 3447 4894 3830 4974; x_wconf 72' lang='lat' dir='ltr'><strong>multitudine</strong></span> 
     </span>
    </p>
   </div>
   <div class='ocr_carea' id='block_1_111' title="bbox 2171 4981 3830 5056">
    <p class='ocr_par' dir='ltr' id='par_1_111' title="bbox 2171 4981 3830 5056">
     <span class='ocr_line' id='line_1_111' title="bbox 2171 4981 3830 5056; baseline 0.001 -16"><span class='ocrx_word' id='word_1_789' title='bbox 2171 4981 2732 5056; x_wconf 88' lang='lat' dir='ltr'><strong>Constantinopolim</strong></span> <span class='ocrx_word' id='word_1_790' title='bbox 2765 4986 3018 5050; x_wconf 90' lang='lat' dir='ltr'><strong>venerat,</strong></span> <span class='ocrx_word' id='word_1_791' title='bbox 3038 4981 3355 5056; x_wconf 83' lang='lat' dir='ltr'><strong>imperator</strong></span> <span class='ocrx_word' id='word_1_792' title='bbox 3381 4999 3515 5039; x_wconf 89' lang='lat' dir='ltr'><strong>eum</strong></span> <span class='ocrx_word' id='word_1_793' title='bbox 3538 4983 3830 5056; x_wconf 86' lang='lat' dir='ltr'><strong>prodidis-</strong></span> 
     </span>
    </p>
   </div>
   <div class='ocr_carea' id='block_1_112' title="bbox 2171 5070 3826 5145">
    <p class='ocr_par' dir='ltr' id='par_1_112' title="bbox 2171 5070 3826 5145">
     <span class='ocr_line' id='line_1_112' title="bbox 2171 5070 3826 5145; baseline 0.001 -16"><span class='ocrx_word' id='word_1_794' title='bbox 2171 5078 2287 5142; x_wconf 88' lang='lat' dir='ltr'><strong>set;</strong></span> <span class='ocrx_word' id='word_1_795' title='bbox 2309 5073 2524 5129; x_wconf 88' lang='lat' dir='ltr'><strong>etenim</strong></span> <span class='ocrx_word' id='word_1_796' title='bbox 2547 5072 2766 5145; x_wconf 91' lang='lat' dir='ltr'><strong>ipsum,</strong></span> <span class='ocrx_word' id='word_1_797' title='bbox 2791 5071 2891 5144; x_wconf 89' lang='lat' dir='ltr'><strong>qui</strong></span> <span class='ocrx_word' id='word_1_798' title='bbox 2923 5070 3166 5145; x_wconf 86' lang='lat' dir='ltr'><strong>ignarus</strong></span> <span class='ocrx_word' id='word_1_799' title='bbox 3195 5070 3454 5128; x_wconf 86' lang='lat' dir='ltr'><strong>locorum</strong></span> <span class='ocrx_word' id='word_1_800' title='bbox 3481 5075 3626 5139; x_wconf 87' lang='lat' dir='ltr'><strong>erat,</strong></span> <span class='ocrx_word' id='word_1_801' title='bbox 3650 5076 3711 5128; x_wconf 87' lang='lat' dir='ltr'><strong>et</strong></span> <span class='ocrx_word' id='word_1_802' title='bbox 3734 5077 3826 5130; x_wconf 77' lang='lat' dir='ltr'><strong>to-</strong></span> 
     </span>
    </p>
   </div>
   <div class='ocr_carea' id='block_1_113' title="bbox 2169 5159 3829 5234">
    <p class='ocr_par' dir='ltr' id='par_1_113' title="bbox 2169 5159 3829 5234">
     <span class='ocr_line' id='line_1_113' title="bbox 2169 5159 3829 5234; baseline 0 -17"><span class='ocrx_word' id='word_1_803' title='bbox 2169 5162 2292 5218; x_wconf 90' lang='lat' dir='ltr'><strong>tius</strong></span> <span class='ocrx_word' id='word_1_804' title='bbox 2321 5160 2564 5229; x_wconf 63' lang='lat' dir='ltr'><strong>militiae,</strong></span> <span class='ocrx_word' id='word_1_805' title='bbox 2586 5165 2643 5217; x_wconf 92' lang='lat' dir='ltr'><strong>et</strong></span> <span class='ocrx_word' id='word_1_806' title='bbox 2672 5177 2812 5217; x_wconf 89' lang='lat' dir='ltr'><strong>suos</strong></span> <span class='ocrx_word' id='word_1_807' title='bbox 2841 5161 3216 5216; x_wconf 87' lang='lat' dir='ltr'><strong>transfretare</strong></span> <span class='ocrx_word' id='word_1_808' title='bbox 3248 5159 3456 5234; x_wconf 87' lang='lat' dir='ltr'><strong>coegit,</strong></span> <span class='ocrx_word' id='word_1_809' title='bbox 3469 5164 3646 5232; x_wconf 85' lang='lat' dir='ltr'><strong>atque</strong></span> <span class='ocrx_word' id='word_1_810' title='bbox 3678 5161 3829 5218; x_wconf 86' lang='lat' dir='ltr'><strong>Tur-</strong></span> 
     </span>
    </p>
   </div>
   <div class='ocr_carea' id='block_1_114' title="bbox 2169 5247 3823 5322">
    <p class='ocr_par' dir='ltr' id='par_1_114' title="bbox 2169 5247 3823 5322">
     <span class='ocr_line' id='line_1_114' title="bbox 2169 5247 3823 5322; baseline 0.001 -16"><span class='ocrx_word' id='word_1_811' title='bbox 2169 5249 2254 5307; x_wconf 91' lang='lat' dir='ltr'><strong>cis</strong></span> <span class='ocrx_word' id='word_1_812' title='bbox 2279 5249 2778 5322; x_wconf 75' lang='lat' dir='ltr'><strong>exposuit.Turczs</strong></span> <span class='ocrx_word' id='word_1_813' title='bbox 2802 5254 2995 5304; x_wconf 90' lang='lat' dir='ltr'><strong>autem</strong></span> <span class='ocrx_word' id='word_1_814' title='bbox 3019 5248 3091 5304; x_wconf 92' lang='lat' dir='ltr'><strong>de</strong></span> <span class='ocrx_word' id='word_1_815' title='bbox 3112 5248 3322 5317; x_wconf 57' lang='lat' dir='ltr'><strong>Nicaea,</strong></span> <span class='ocrx_word' id='word_1_816' title='bbox 3345 5247 3823 5307; x_wconf 88' lang='lat' dir='ltr'><strong>illamimbellem</strong></span> 
     </span>
    </p>
   </div>
   <div class='ocr_carea' id='block_1_115' title="bbox 2169 5335 3824 5404">
    <p class='ocr_par' dir='ltr' id='par_1_115' title="bbox 2169 5335 3824 5404">
     <span class='ocr_line' id='line_1_115' title="bbox 2169 5335 3824 5404; baseline 0.001 -11"><span class='ocrx_word' id='word_1_817' title='bbox 2169 5338 2605 5394; x_wconf 90' lang='lat' dir='ltr'><strong>multitudinem</strong></span> <span class='ocrx_word' id='word_1_818' title='bbox 2637 5337 2918 5402; x_wconf 88' lang='lat' dir='ltr'><strong>videntes,</strong></span> <span class='ocrx_word' id='word_1_819' title='bbox 2952 5337 3078 5393; x_wconf 89' lang='lat' dir='ltr'><strong>sine</strong></span> <span class='ocrx_word' id='word_1_820' title='bbox 3107 5335 3304 5393; x_wconf 89' lang='lat' dir='ltr'><strong>labore</strong></span> <span class='ocrx_word' id='word_1_821' title='bbox 3335 5341 3395 5394; x_wconf 92' lang='lat' dir='ltr'><strong>et</strong></span> <span class='ocrx_word' id='word_1_822' title='bbox 3425 5353 3608 5404; x_wconf 88' lang='lat' dir='ltr'><strong>mora,</strong></span> <span class='ocrx_word' id='word_1_823' title='bbox 3633 5353 3706 5392; x_wconf 82' lang='lat' dir='ltr'><strong>ex</strong></span> <span class='ocrx_word' id='word_1_824' title='bbox 3735 5338 3824 5395; x_wconf 90' lang='lat' dir='ltr'><strong>eis</strong></span> 
     </span>
    </p>
   </div>
   <div class='ocr_carea' id='block_1_116' title="bbox 2168 5423 3822 5500">
    <p class='ocr_par' dir='ltr' id='par_1_116' title="bbox 2168 5423 3822 5500">
     <span class='ocr_line' id='line_1_116' title="bbox 2168 5423 3822 5500; baseline -0.001 -15"><span class='ocrx_word' id='word_1_825' title='bbox 2168 5426 2604 5484; x_wconf 89' lang='lat' dir='ltr'><strong>decollaverunt</strong></span> <span class='ocrx_word' id='word_1_826' title='bbox 2635 5443 2819 5499; x_wconf 90' lang='lat' dir='ltr'><strong>usque</strong></span> <span class='ocrx_word' id='word_1_827' title='bbox 2867 5427 2939 5482; x_wconf 90' lang='lat' dir='ltr'><strong>ad</strong></span> <span class='ocrx_word' id='word_1_828' title='bbox 2988 5425 3289 5498; x_wconf 82' lang='lat' dir='ltr'><strong>sexaginta</strong></span> <span class='ocrx_word' id='word_1_829' title='bbox 3345 5424 3550 5482; x_wconf 89' lang='lat' dir='ltr'><strong>millia.</strong></span> <span class='ocrx_word' id='word_1_830' title='bbox 3585 5423 3822 5500; x_wconf 84' lang='lat' dir='ltr'><strong>Reliqui</strong></span> 
     </span>
    </p>
   </div>
   <div class='ocr_carea' id='block_1_117' title="bbox 2164 5513 3821 5589">
    <p class='ocr_par' dir='ltr' id='par_1_117' title="bbox 2164 5513 3821 5589">
     <span class='ocr_line' id='line_1_117' title="bbox 2164 5513 3821 5589; baseline 0.001 -17"><span class='ocrx_word' id='word_1_831' title='bbox 2164 5533 2297 5574; x_wconf 93' lang='lat' dir='ltr'><strong>vero</strong></span> <span class='ocrx_word' id='word_1_832' title='bbox 2319 5517 2390 5572; x_wconf 89' lang='lat' dir='ltr'><strong>ad</strong></span> <span class='ocrx_word' id='word_1_833' title='bbox 2419 5515 2803 5573; x_wconf 89' lang='lat' dir='ltr'><strong>munitionem</strong></span> <span class='ocrx_word' id='word_1_834' title='bbox 2823 5515 3141 5588; x_wconf 88' lang='lat' dir='ltr'><strong>quamdam</strong></span> <span class='ocrx_word' id='word_1_835' title='bbox 3154 5513 3821 5589; x_wconf 88' lang='lat' dir='ltr'><strong>confugientes,gladios</strong></span> 
     </span>
    </p>
   </div>
  </div>
