  <div class='ocr_page' id='page_1' title='image "/cluster/home/n/w/nwhite01/storage/ocr_20150623/155/hvd.32044054760137/306.png"; bbox 0 0 3994 6082; ppageno 0'>
   <div class='ocr_carea' id='block_1_1' title="bbox 1110 148 1140 182">
    <p class='ocr_par' dir='ltr' id='par_1_1' title="bbox 1110 148 1140 182">
     <span class='ocr_line' id='line_1_1' title="bbox 1110 148 1140 182; baseline 0 0"><span class='ocrx_word' id='word_1_1' title='bbox 1110 148 1140 182; x_wconf 69' lang='grc' dir='ltr'><strong><em>ο</em></strong></span> 
     </span>
    </p>
   </div>
   <div class='ocr_carea' id='block_1_2' title="bbox 264 224 372 292">
    <p class='ocr_par' dir='ltr' id='par_1_2' title="bbox 264 224 372 292">
     <span class='ocr_line' id='line_1_2' title="bbox 264 224 372 292; baseline -0.028 0"><span class='ocrx_word' id='word_1_2' title='bbox 264 224 372 292; x_wconf 81' lang='lat'><strong>605</strong></span> 
     </span>
    </p>
   </div>
   <div class='ocr_carea' id='block_1_3' title="bbox 1242 239 2639 310">
    <p class='ocr_par' dir='ltr' id='par_1_3' title="bbox 1242 239 2639 310">
     <span class='ocr_line' id='line_1_3' title="bbox 1242 239 2639 310; baseline 0.004 -7"><span class='ocrx_word' id='word_1_3' title='bbox 1242 239 1459 304; x_wconf 84' lang='lat' dir='ltr'><strong>RAIM.</strong></span> <span class='ocrx_word' id='word_1_4' title='bbox 1505 241 1607 304; x_wconf 89' lang='lat' dir='ltr'><strong>DE</strong></span> <span class='ocrx_word' id='word_1_5' title='bbox 1650 241 1930 306; x_wconf 78' lang='lat' dir='ltr'><strong>AGILES</strong></span> <span class='ocrx_word' id='word_1_6' title='bbox 1980 241 2180 305; x_wconf 85' lang='lat' dir='ltr'><strong>HIST.</strong></span> <span class='ocrx_word' id='word_1_7' title='bbox 2227 243 2639 310; x_wconf 83' lang='lat' dir='ltr'><strong>HIEROSOL.</strong></span> 
     </span>
    </p>
   </div>
   <div class='ocr_carea' id='block_1_4' title="bbox 3524 250 3643 317">
    <p class='ocr_par' dir='ltr' id='par_1_4' title="bbox 3524 250 3643 317">
     <span class='ocr_line' id='line_1_4' title="bbox 3524 250 3643 317; baseline 0.017 -1"><span class='ocrx_word' id='word_1_8' title='bbox 3524 250 3643 317; x_wconf 78' lang='lat'><strong>606</strong></span> 
     </span>
    </p>
   </div>
   <div class='ocr_carea' id='block_1_5' title="bbox 266 358 3642 461">
    <p class='ocr_par' dir='ltr' id='par_1_5' title="bbox 266 358 3642 461">
     <span class='ocr_line' id='line_1_5' title="bbox 266 358 3642 461; baseline 0.009 -47"><span class='ocrx_word' id='word_1_9' title='bbox 266 358 377 415; x_wconf 88' lang='lat' dir='ltr'><strong>lum</strong></span> <span class='ocrx_word' id='word_1_10' title='bbox 405 358 535 418; x_wconf 92' lang='lat' dir='ltr'><strong>novi</strong></span> <span class='ocrx_word' id='word_1_11' title='bbox 551 362 774 423; x_wconf 87' lang='lat' dir='ltr'><strong>castelli</strong></span> <span class='ocrx_word' id='word_1_12' title='bbox 790 365 972 425; x_wconf 81' lang='lat' dir='ltr'><strong>ﬂeret.</strong></span> <span class='ocrx_word' id='word_1_13' title='bbox 987 367 1248 444; x_wconf 89' lang='lat' dir='ltr'><strong>Cumque</strong></span> <span class='ocrx_word' id='word_1_14' title='bbox 1270 378 1635 446; x_wconf 86' lang='lat' dir='ltr'><strong>compertum</strong></span> <span class='ocrx_word' id='word_1_15' title='bbox 1657 380 1810 432; x_wconf 85' lang='lat' dir='ltr'><strong>esset</strong></span> <span class='ocrx_word' id='word_1_16' title='bbox 1830 375 1889 430; x_wconf 91' lang='lat' dir='ltr'><strong>in</strong></span> <span class='ocrx_word' id='word_1_17' title='bbox 1919 377 1973 444; x_wconf 78' lang='grc' dir='ltr'><strong>Α</strong></span> <span class='ocrx_word' id='word_1_18' title='bbox 2003 392 2037 431; x_wconf 89' lang='lat' dir='ltr'><strong>a</strong></span> <span class='ocrx_word' id='word_1_19' title='bbox 2066 377 2270 433; x_wconf 89' lang='lat' dir='ltr'><strong>multis</strong></span> <span class='ocrx_word' id='word_1_20' title='bbox 2300 377 2370 432; x_wconf 89' lang='lat' dir='ltr'><strong>de</strong></span> <span class='ocrx_word' id='word_1_21' title='bbox 2401 395 2507 433; x_wconf 88' lang='lat' dir='ltr'><strong>sua</strong></span> <span class='ocrx_word' id='word_1_22' title='bbox 2527 384 2696 451; x_wconf 87' lang='lat' dir='ltr'><strong>gente</strong></span> <span class='ocrx_word' id='word_1_23' title='bbox 2713 380 3253 453; x_wconf 86' lang='lat' dir='ltr'><strong>comprehensue,et</strong></span> <span class='ocrx_word' id='word_1_24' title='bbox 3267 384 3339 442; x_wconf 90' lang='lat' dir='ltr'><strong>ab</strong></span> <span class='ocrx_word' id='word_1_25' title='bbox 3355 401 3504 461; x_wconf 89' lang='lat' dir='ltr'><strong>equo</strong></span> <span class='ocrx_word' id='word_1_26' title='bbox 3535 403 3642 446; x_wconf 92' lang='lat' dir='ltr'><strong>suo</strong></span> 
     </span>
    </p>
   </div>
   <div class='ocr_carea' id='block_1_6' title="bbox 267 448 3645 537">
    <p class='ocr_par' dir='ltr' id='par_1_6' title="bbox 267 448 3645 537">
     <span class='ocr_line' id='line_1_6' title="bbox 267 448 3645 537; baseline 0.009 -32"><span class='ocrx_word' id='word_1_27' title='bbox 267 448 478 507; x_wconf 81' lang='lat' dir='ltr'><strong>civitate</strong></span> <span class='ocrx_word' id='word_1_28' title='bbox 508 453 782 512; x_wconf 90' lang='lat' dir='ltr'><strong>comitem</strong></span> <span class='ocrx_word' id='word_1_29' title='bbox 821 462 879 513; x_wconf 90' lang='lat' dir='ltr'><strong>et</strong></span> <span class='ocrx_word' id='word_1_30' title='bbox 927 458 1322 517; x_wconf 90' lang='lat' dir='ltr'><strong>Boimundum</strong></span> <span class='ocrx_word' id='word_1_31' title='bbox 1370 463 1596 533; x_wconf 90' lang='lat' dir='ltr'><strong>abesse,</strong></span> <span class='ocrx_word' id='word_1_32' title='bbox 1631 464 1892 521; x_wconf 84' lang='lat' dir='ltr'><strong>assultus</strong></span> <span class='ocrx_word' id='word_1_33' title='bbox 2000 464 2283 534; x_wconf 88' lang='lat' dir='ltr'><strong>dejectus,</strong></span> <span class='ocrx_word' id='word_1_34' title='bbox 2319 466 2378 520; x_wconf 92' lang='lat' dir='ltr'><strong>in</strong></span> <span class='ocrx_word' id='word_1_35' title='bbox 2409 468 2601 522; x_wconf 90' lang='lat' dir='ltr'><strong>medio</strong></span> <span class='ocrx_word' id='word_1_36' title='bbox 2634 468 2894 526; x_wconf 91' lang='lat' dir='ltr'><strong>ﬂuminis</strong></span> <span class='ocrx_word' id='word_1_37' title='bbox 2942 471 3188 530; x_wconf 90' lang='lat' dir='ltr'><strong>obrutus</strong></span> <span class='ocrx_word' id='word_1_38' title='bbox 3235 480 3327 531; x_wconf 90' lang='lat' dir='ltr'><strong>est</strong></span> <span class='ocrx_word' id='word_1_39' title='bbox 3379 493 3512 534; x_wconf 88' lang='lat' dir='ltr'><strong>cum</strong></span> <span class='ocrx_word' id='word_1_40' title='bbox 3543 479 3645 537; x_wconf 75' lang='lat' dir='ltr'><strong>illa</strong></span> 
     </span>
    </p>
   </div>
   <div class='ocr_carea' id='block_1_7' title="bbox 269 536 1893 618">
    <p class='ocr_par' dir='ltr' id='par_1_7' title="bbox 269 536 1893 618">
     <span class='ocr_line' id='line_1_7' title="bbox 269 536 1893 618; baseline 0.011 -26"><span class='ocrx_word' id='word_1_41' title='bbox 269 536 453 595; x_wconf 89' lang='lat' dir='ltr'><strong>solitos</strong></span> <span class='ocrx_word' id='word_1_42' title='bbox 474 539 856 615; x_wconf 76' lang='lat' dir='ltr'><strong>incmperunt.</strong></span> <span class='ocrx_word' id='word_1_43' title='bbox 889 547 1082 603; x_wconf 84' lang='lat' dir='ltr'><strong>Nostri</strong></span> <span class='ocrx_word' id='word_1_44' title='bbox 1114 554 1330 618; x_wconf 85' lang='lat' dir='ltr'><strong>autem,</strong></span> <span class='ocrx_word' id='word_1_45' title='bbox 1356 551 1534 607; x_wconf 88' lang='lat' dir='ltr'><strong>nimis</strong></span> <span class='ocrx_word' id='word_1_46' title='bbox 1564 557 1782 610; x_wconf 86' lang='lat' dir='ltr'><strong>temere</strong></span> <span class='ocrx_word' id='word_1_47' title='bbox 1813 558 1893 611; x_wconf 87' lang='lat' dir='ltr'><strong>at-</strong></span> 
     </span>
    </p>
   </div>
   <div class='ocr_carea' id='block_1_8' title="bbox 268 629 1892 715">
    <p class='ocr_par' dir='ltr' id='par_1_8' title="bbox 268 629 1892 715">
     <span class='ocr_line' id='line_1_8' title="bbox 268 629 1892 715; baseline 0.009 -32"><span class='ocrx_word' id='word_1_48' title='bbox 268 642 368 700; x_wconf 89' lang='lat' dir='ltr'><strong>que</strong></span> <span class='ocrx_word' id='word_1_49' title='bbox 396 629 722 688; x_wconf 83' lang='lat' dir='ltr'><strong>inordinate</strong></span> <span class='ocrx_word' id='word_1_50' title='bbox 752 637 1330 712; x_wconf 89' lang='lat' dir='ltr'><strong>progressi,turpiter</strong></span> <span class='ocrx_word' id='word_1_51' title='bbox 1357 640 1471 696; x_wconf 88' lang='lat' dir='ltr'>fusi</span> <span class='ocrx_word' id='word_1_52' title='bbox 1504 645 1678 714; x_wconf 90' lang='lat' dir='ltr'><strong>atque</strong></span> <span class='ocrx_word' id='word_1_53' title='bbox 1708 642 1892 715; x_wconf 81' lang='lat' dir='ltr'>fugati</span> 
     </span>
    </p>
   </div>
   <div class='ocr_carea' id='block_1_9' title="bbox 267 721 1890 801">
    <p class='ocr_par' dir='ltr' id='par_1_9' title="bbox 267 721 1890 801">
     <span class='ocr_line' id='line_1_9' title="bbox 267 721 1890 801; baseline 0.01 -30"><span class='ocrx_word' id='word_1_54' title='bbox 267 721 408 772; x_wconf 86' lang='lat' dir='ltr'><strong>sunt.</strong></span> <span class='ocrx_word' id='word_1_55' title='bbox 432 721 691 793; x_wconf 87' lang='lat' dir='ltr'>Cumque</span> <span class='ocrx_word' id='word_1_56' title='bbox 721 722 812 777; x_wconf 90' lang='lat' dir='ltr'><strong>die</strong></span> <span class='ocrx_word' id='word_1_57' title='bbox 842 729 1049 795; x_wconf 91' lang='lat' dir='ltr'><strong>quarto</strong></span> <span class='ocrx_word' id='word_1_58' title='bbox 1071 742 1268 783; x_wconf 90' lang='lat' dir='ltr'><strong>comes</strong></span> <span class='ocrx_word' id='word_1_59' title='bbox 1289 732 1346 784; x_wconf 92' lang='lat' dir='ltr'><strong>et</strong></span> <span class='ocrx_word' id='word_1_60' title='bbox 1367 730 1890 801; x_wconf 90' lang='lat' dir='ltr'><strong>Boimundus,cum</strong></span> 
     </span>
    </p>
   </div>
   <div class='ocr_carea' id='block_1_10' title="bbox 267 805 1891 887">
    <p class='ocr_par' dir='ltr' id='par_1_10' title="bbox 267 805 1891 887">
     <span class='ocr_line' id='line_1_10' title="bbox 267 805 1891 887; baseline 0.01 -29"><span class='ocrx_word' id='word_1_61' title='bbox 267 805 627 863; x_wconf 79' lang='lat' dir='ltr'><strong>multitudine</strong></span> <span class='ocrx_word' id='word_1_62' title='bbox 657 811 933 879; x_wconf 82' lang='lat' dir='ltr'><strong>maxima,</strong></span> <span class='ocrx_word' id='word_1_63' title='bbox 967 830 1001 869; x_wconf 94' lang='lat' dir='ltr'><strong>a</strong></span> <span class='ocrx_word' id='word_1_64' title='bbox 1029 818 1198 885; x_wconf 88' lang='lat' dir='ltr'><strong>portu</strong></span> <span class='ocrx_word' id='word_1_65' title='bbox 1228 821 1715 887; x_wconf 89' lang='lat' dir='ltr'><strong>reverterentur,a</strong></span> <span class='ocrx_word' id='word_1_66' title='bbox 1745 821 1891 875; x_wconf 91' lang='lat' dir='ltr'><strong>Tur-</strong></span> 
     </span>
    </p>
   </div>
   <div class='ocr_carea' id='block_1_11' title="bbox 266 893 1891 968">
    <p class='ocr_par' dir='ltr' id='par_1_11' title="bbox 266 893 1891 968">
     <span class='ocr_line' id='line_1_11' title="bbox 266 893 1891 968; baseline 0.01 -20"><span class='ocrx_word' id='word_1_67' title='bbox 266 893 341 949; x_wconf 93' lang='lat' dir='ltr'>cis</span> <span class='ocrx_word' id='word_1_68' title='bbox 367 894 642 966; x_wconf 80' lang='lat' dir='ltr'><strong>explorati</strong></span> <span class='ocrx_word' id='word_1_69' title='bbox 674 904 842 968; x_wconf 88' lang='lat' dir='ltr'><strong>sunt;</strong></span> <span class='ocrx_word' id='word_1_70' title='bbox 877 902 1060 957; x_wconf 80' lang='lat' dir='ltr'><strong>nostri</strong></span> <span class='ocrx_word' id='word_1_71' title='bbox 1095 909 1292 960; x_wconf 90' lang='lat' dir='ltr'><strong>autem</strong></span> <span class='ocrx_word' id='word_1_72' title='bbox 1324 904 1446 961; x_wconf 92' lang='lat' dir='ltr'><strong>solo</strong></span> <span class='ocrx_word' id='word_1_73' title='bbox 1477 906 1739 963; x_wconf 88' lang='lat' dir='ltr'>tumultu</span> <span class='ocrx_word' id='word_1_74' title='bbox 1786 926 1891 964; x_wconf 92' lang='lat' dir='ltr'><strong>suo</strong></span> 
     </span>
    </p>
   </div>
   <div class='ocr_carea' id='block_1_12' title="bbox 266 982 1892 1069">
    <p class='ocr_par' dir='ltr' id='par_1_12' title="bbox 266 982 1892 1069">
     <span class='ocr_line' id='line_1_12' title="bbox 266 982 1892 1069; baseline 0.009 -30"><span class='ocrx_word' id='word_1_75' title='bbox 266 982 437 1039; x_wconf 79' lang='lat' dir='ltr'><strong>securi</strong></span> <span class='ocrx_word' id='word_1_76' title='bbox 468 1001 595 1042; x_wconf 89' lang='lat' dir='ltr'><strong>esse</strong></span> <span class='ocrx_word' id='word_1_77' title='bbox 624 986 1075 1047; x_wconf 74' lang='lat' dir='ltr'><strong>arbitrabantur.</strong></span> <span class='ocrx_word' id='word_1_78' title='bbox 1094 992 1205 1048; x_wconf 91' lang='lat' dir='ltr'><strong>Sed</strong></span> <span class='ocrx_word' id='word_1_79' title='bbox 1232 1011 1337 1049; x_wconf 93' lang='lat' dir='ltr'><strong>cur</strong></span> <span class='ocrx_word' id='word_1_80' title='bbox 1368 995 1636 1069; x_wconf 87' lang='lat' dir='ltr'><strong>pluribus</strong></span> <span class='ocrx_word' id='word_1_81' title='bbox 1668 997 1892 1053; x_wconf 86' lang='lat' dir='ltr'><strong>moror?</strong></span> 
     </span>
    </p>
   </div>
   <div class='ocr_carea' id='block_1_13' title="bbox 262 1069 1893 1159">
    <p class='ocr_par' dir='ltr' id='par_1_13' title="bbox 262 1069 1893 1159">
     <span class='ocr_line' id='line_1_13' title="bbox 262 1069 1893 1159; baseline 0.01 -33"><span class='ocrx_word' id='word_1_82' title='bbox 262 1069 502 1128; x_wconf 81' lang='lat' dir='ltr'><strong>Ventum</strong></span> <span class='ocrx_word' id='word_1_83' title='bbox 534 1078 623 1131; x_wconf 90' lang='lat' dir='ltr'><strong>est</strong></span> <span class='ocrx_word' id='word_1_84' title='bbox 651 1076 721 1131; x_wconf 88' lang='lat' dir='ltr'><strong>ad</strong></span> <span class='ocrx_word' id='word_1_85' title='bbox 754 1094 1013 1152; x_wconf 84' lang='lat' dir='ltr'><strong>pugnam</strong></span> <span class='ocrx_word' id='word_1_86' title='bbox 1048 1097 1060 1135; x_wconf 93' lang='lat'>:</span> <span class='ocrx_word' id='word_1_87' title='bbox 1094 1082 1288 1139; x_wconf 88' lang='lat' dir='ltr'><strong>Nostri</strong></span> <span class='ocrx_word' id='word_1_88' title='bbox 1320 1088 1515 1141; x_wconf 91' lang='lat' dir='ltr'><strong>autem</strong></span> <span class='ocrx_word' id='word_1_89' title='bbox 1542 1089 1707 1159; x_wconf 91' lang='lat' dir='ltr'><strong>terga</strong></span> <span class='ocrx_word' id='word_1_90' title='bbox 1727 1087 1893 1142; x_wconf 89' lang='lat' dir='ltr'><strong>dede-</strong></span> 
     </span>
    </p>
   </div>
   <div class='ocr_carea' id='block_1_14' title="bbox 263 1162 1892 1245">
    <p class='ocr_par' dir='ltr' id='par_1_14' title="bbox 263 1162 1892 1245">
     <span class='ocr_line' id='line_1_14' title="bbox 263 1162 1892 1245; baseline 0.01 -29"><span class='ocrx_word' id='word_1_91' title='bbox 263 1165 405 1216; x_wconf 90' lang='lat' dir='ltr'><strong>runt.</strong></span> <span class='ocrx_word' id='word_1_92' title='bbox 437 1162 807 1223; x_wconf 79' lang='lat' dir='ltr'>Perdidimus</span> <span class='ocrx_word' id='word_1_93' title='bbox 826 1168 926 1223; x_wconf 93' lang='lat' dir='ltr'><strong>ubi</strong></span> <span class='ocrx_word' id='word_1_94' title='bbox 957 1186 1143 1242; x_wconf 89' lang='lat' dir='ltr'><strong>usque</strong></span> <span class='ocrx_word' id='word_1_95' title='bbox 1172 1172 1244 1227; x_wconf 91' lang='lat' dir='ltr'><strong>ad</strong></span> <span class='ocrx_word' id='word_1_96' title='bbox 1274 1177 1563 1231; x_wconf 89' lang='lat' dir='ltr'><strong>trecentos</strong></span> <span class='ocrx_word' id='word_1_97' title='bbox 1593 1175 1892 1245; x_wconf 83' lang='lat' dir='ltr'><strong>homines;</strong></span> 
     </span>
    </p>
   </div>
   <div class='ocr_carea' id='block_1_15' title="bbox 263 1254 1894 1331">
    <p class='ocr_par' dir='ltr' id='par_1_15' title="bbox 263 1254 1894 1331">
     <span class='ocr_line' id='line_1_15' title="bbox 263 1254 1894 1331; baseline 0.011 -27"><span class='ocrx_word' id='word_1_98' title='bbox 263 1254 535 1322; x_wconf 84' lang='lat' dir='ltr'><strong>quantum</strong></span> <span class='ocrx_word' id='word_1_99' title='bbox 592 1270 726 1311; x_wconf 89' lang='lat' dir='ltr'><strong>vero</strong></span> <span class='ocrx_word' id='word_1_100' title='bbox 782 1256 1105 1329; x_wconf 90' lang='lat' dir='ltr'><strong>spoliorum</strong></span> <span class='ocrx_word' id='word_1_101' title='bbox 1161 1265 1219 1317; x_wconf 89' lang='lat' dir='ltr'><strong>et</strong></span> <span class='ocrx_word' id='word_1_102' title='bbox 1270 1279 1590 1331; x_wconf 90' lang='lat' dir='ltr'><strong>armorum,</strong></span> <span class='ocrx_word' id='word_1_103' title='bbox 1638 1282 1754 1321; x_wconf 89' lang='lat' dir='ltr'><strong>non</strong></span> <span class='ocrx_word' id='word_1_104' title='bbox 1804 1270 1894 1322; x_wconf 88' lang='lat' dir='ltr'><strong>est</strong></span> 
     </span>
    </p>
   </div>
   <div class='ocr_carea' id='block_1_16' title="bbox 262 1342 1895 1426">
    <p class='ocr_par' dir='ltr' id='par_1_16' title="bbox 262 1342 1895 1426">
     <span class='ocr_line' id='line_1_16' title="bbox 262 1342 1895 1426; baseline 0.01 -31"><span class='ocrx_word' id='word_1_105' title='bbox 262 1344 518 1398; x_wconf 88' lang='lat' dir='ltr'><strong>nostrum</strong></span> <span class='ocrx_word' id='word_1_106' title='bbox 539 1342 1024 1420; x_wconf 90' lang='lat' dir='ltr'><strong>dicere,dumque</strong></span> <span class='ocrx_word' id='word_1_107' title='bbox 1056 1366 1216 1406; x_wconf 92' lang='lat' dir='ltr'><strong>more</strong></span> <span class='ocrx_word' id='word_1_108' title='bbox 1244 1354 1577 1422; x_wconf 91' lang='lat' dir='ltr'><strong>pecundum</strong></span> <span class='ocrx_word' id='word_1_109' title='bbox 1611 1356 1895 1426; x_wconf 62' lang='lat' dir='ltr'><strong>perfmon-</strong></span> 
     </span>
    </p>
   </div>
   <div class='ocr_carea' id='block_1_17' title="bbox 258 1431 1891 1508">
    <p class='ocr_par' dir='ltr' id='par_1_17' title="bbox 258 1431 1891 1508">
     <span class='ocr_line' id='line_1_17' title="bbox 258 1431 1891 1508; baseline 0.011 -25"><span class='ocrx_word' id='word_1_110' title='bbox 258 1432 337 1484; x_wconf 85' lang='lat' dir='ltr'><strong>tes</strong></span> <span class='ocrx_word' id='word_1_111' title='bbox 387 1433 445 1485; x_wconf 84' lang='lat' dir='ltr'><strong>et</strong></span> <span class='ocrx_word' id='word_1_112' title='bbox 500 1431 753 1505; x_wconf 87' lang='lat' dir='ltr'><strong>abrupta</strong></span> <span class='ocrx_word' id='word_1_113' title='bbox 800 1451 1045 1508; x_wconf 74' lang='lat' dir='ltr'><strong>quaeque</strong></span> <span class='ocrx_word' id='word_1_114' title='bbox 1092 1438 1526 1497; x_wconf 89' lang='lat' dir='ltr'><strong>trucidaremur</strong></span> <span class='ocrx_word' id='word_1_115' title='bbox 1554 1447 1611 1497; x_wconf 91' lang='lat' dir='ltr'><strong>et</strong></span> <span class='ocrx_word' id='word_1_116' title='bbox 1655 1442 1891 1500; x_wconf 89' lang='lat' dir='ltr'><strong>collide-</strong></span> 
     </span>
    </p>
   </div>
   <div class='ocr_carea' id='block_1_18' title="bbox 258 1519 1893 1603">
    <p class='ocr_par' dir='ltr' id='par_1_18' title="bbox 258 1519 1893 1603">
     <span class='ocr_line' id='line_1_18' title="bbox 258 1519 1893 1603; baseline 0.009 -30"><span class='ocrx_word' id='word_1_117' title='bbox 258 1534 463 1585; x_wconf 89' lang='lat' dir='ltr'><strong>remur,</strong></span> <span class='ocrx_word' id='word_1_118' title='bbox 497 1519 557 1575; x_wconf 93' lang='lat' dir='ltr'><strong>hi</strong></span> <span class='ocrx_word' id='word_1_119' title='bbox 588 1520 661 1576; x_wconf 89' lang='lat' dir='ltr'><strong>de</strong></span> <span class='ocrx_word' id='word_1_120' title='bbox 716 1523 924 1580; x_wconf 85' lang='lat' dir='ltr'>castris</span> <span class='ocrx_word' id='word_1_121' title='bbox 982 1525 1252 1584; x_wconf 84' lang='lat' dir='ltr'>hostibus</span> <span class='ocrx_word' id='word_1_122' title='bbox 1302 1528 1530 1584; x_wconf 87' lang='lat' dir='ltr'><strong>obviam</strong></span> <span class='ocrx_word' id='word_1_123' title='bbox 1584 1532 1893 1603; x_wconf 90' lang='lat' dir='ltr'><strong>procedere</strong></span> 
     </span>
    </p>
   </div>
   <div class='ocr_carea' id='block_1_19' title="bbox 257 1609 1891 1693">
    <p class='ocr_par' dir='ltr' id='par_1_19' title="bbox 257 1609 1891 1693">
     <span class='ocr_line' id='line_1_19' title="bbox 257 1609 1891 1693; baseline 0.009 -32"><span class='ocrx_word' id='word_1_124' title='bbox 257 1613 547 1679; x_wconf 73' lang='lat' dir='ltr'><strong>coeperunt</strong></span> <span class='ocrx_word' id='word_1_125' title='bbox 580 1626 593 1664; x_wconf 90' lang='lat'>:</span> <span class='ocrx_word' id='word_1_126' title='bbox 626 1609 828 1682; x_wconf 88' lang='lat' dir='ltr'>sicque</span> <span class='ocrx_word' id='word_1_127' title='bbox 858 1614 1077 1669; x_wconf 70' lang='lat' dir='ltr'><strong>factum</strong></span> <span class='ocrx_word' id='word_1_128' title='bbox 1110 1620 1200 1671; x_wconf 88' lang='lat' dir='ltr'><strong>est</strong></span> <span class='ocrx_word' id='word_1_129' title='bbox 1230 1620 1294 1671; x_wconf 88' lang='lat' dir='ltr'><strong>ut</strong></span> <span class='ocrx_word' id='word_1_130' title='bbox 1325 1635 1359 1672; x_wconf 87' lang='lat' dir='ltr'><strong>a</strong></span> <span class='ocrx_word' id='word_1_131' title='bbox 1389 1619 1543 1674; x_wconf 72' lang='lat' dir='ltr'><strong>caede</strong></span> <span class='ocrx_word' id='word_1_132' title='bbox 1563 1619 1891 1693; x_wconf 83' lang='lat' dir='ltr'><strong>fugentium</strong></span> 
     </span>
    </p>
   </div>
   <div class='ocr_carea' id='block_1_20' title="bbox 260 1701 1894 1775">
    <p class='ocr_par' dir='ltr' id='par_1_20' title="bbox 260 1701 1894 1775">
     <span class='ocr_line' id='line_1_20' title="bbox 260 1701 1894 1775; baseline 0.009 -24"><span class='ocrx_word' id='word_1_133' title='bbox 260 1701 676 1755; x_wconf 84' lang='lat' dir='ltr'><strong>revocarentur.</strong></span> <span class='ocrx_word' id='word_1_134' title='bbox 710 1702 863 1772; x_wconf 80' lang='lat' dir='ltr'><strong>Quid</strong></span> <span class='ocrx_word' id='word_1_135' title='bbox 891 1704 1087 1771; x_wconf 82' lang='lat' dir='ltr'><strong>igitur,</strong></span> <span class='ocrx_word' id='word_1_136' title='bbox 1120 1707 1351 1762; x_wconf 79' lang='lat' dir='ltr'><strong>Domine</strong></span> <span class='ocrx_word' id='word_1_137' title='bbox 1380 1706 1562 1775; x_wconf 89' lang='lat' dir='ltr'><strong>Deus;</strong></span> <span class='ocrx_word' id='word_1_138' title='bbox 1587 1710 1651 1763; x_wconf 86' lang='lat' dir='ltr'><strong>in</strong></span> <span class='ocrx_word' id='word_1_139' title='bbox 1700 1712 1894 1766; x_wconf 79' lang='lat' dir='ltr'><strong>castris</strong></span> 
     </span>
    </p>
   </div>
   <div class='ocr_carea' id='block_1_21' title="bbox 253 1786 1890 1867">
    <p class='ocr_par' dir='ltr' id='par_1_21' title="bbox 253 1786 1890 1867">
     <span class='ocr_line' id='line_1_21' title="bbox 253 1786 1890 1867; baseline 0.009 -27"><span class='ocrx_word' id='word_1_140' title='bbox 253 1786 377 1840; x_wconf 87' lang='lat' dir='ltr'><strong>victi</strong></span> <span class='ocrx_word' id='word_1_141' title='bbox 400 1795 564 1855; x_wconf 81' lang='lat' dir='ltr'><strong>sunt;</strong></span> <span class='ocrx_word' id='word_1_142' title='bbox 594 1796 644 1844; x_wconf 89' lang='lat' dir='ltr'><strong>et</strong></span> <span class='ocrx_word' id='word_1_143' title='bbox 673 1790 733 1845; x_wconf 83' lang='lat' dir='ltr'><strong>hi</strong></span> <span class='ocrx_word' id='word_1_144' title='bbox 751 1789 858 1846; x_wconf 87' lang='lat' dir='ltr'><strong>duo</strong></span> <span class='ocrx_word' id='word_1_145' title='bbox 875 1794 1114 1849; x_wconf 73' lang='lat' dir='ltr'><strong>maximi</strong></span> <span class='ocrx_word' id='word_1_146' title='bbox 1128 1796 1408 1867; x_wconf 75' lang='lat' dir='ltr'><strong>principes</strong></span> <span class='ocrx_word' id='word_1_147' title='bbox 1432 1799 1491 1853; x_wconf 85' lang='lat' dir='ltr'><strong>in</strong></span> <span class='ocrx_word' id='word_1_148' title='bbox 1513 1801 1890 1866; x_wconf 72' lang='lat' dir='ltr'><strong>exercitatae,</strong></span> 
     </span>
    </p>
   </div>
   <div class='ocr_carea' id='block_1_22' title="bbox 254 1878 1897 1957">
    <p class='ocr_par' dir='ltr' id='par_1_22' title="bbox 254 1878 1897 1957">
     <span class='ocr_line' id='line_1_22' title="bbox 254 1878 1897 1957; baseline 0.01 -29"><span class='ocrx_word' id='word_1_149' title='bbox 254 1880 396 1930; x_wconf 63' lang='lat' dir='ltr'><strong>atra</strong></span> <span class='ocrx_word' id='word_1_150' title='bbox 422 1884 609 1932; x_wconf 86' lang='lat' dir='ltr'><strong>castra</strong></span> <span class='ocrx_word' id='word_1_151' title='bbox 635 1878 770 1933; x_wconf 82' lang='lat' dir='ltr'><strong>victi</strong></span> <span class='ocrx_word' id='word_1_152' title='bbox 793 1879 957 1935; x_wconf 85' lang='lat' dir='ltr'><strong>sunt!</strong></span> <span class='ocrx_word' id='word_1_153' title='bbox 982 1885 1066 1938; x_wconf 79' lang='lat' dir='ltr'><strong>An</strong></span> <span class='ocrx_word' id='word_1_154' title='bbox 1091 1881 1164 1937; x_wconf 83' lang='lat' dir='ltr'><strong>ad</strong></span> <span class='ocrx_word' id='word_1_155' title='bbox 1190 1892 1371 1939; x_wconf 84' lang='lat' dir='ltr'><strong>castra</strong></span> <span class='ocrx_word' id='word_1_156' title='bbox 1398 1887 1711 1957; x_wconf 75' lang='lat' dir='ltr'><strong>fugimus?</strong></span> <span class='ocrx_word' id='word_1_157' title='bbox 1741 1906 1813 1943; x_wconf 86' lang='lat' dir='ltr'><strong>an</strong></span> <span class='ocrx_word' id='word_1_158' title='bbox 1835 1889 1897 1944; x_wconf 88' lang='lat' dir='ltr'><strong>hi</strong></span> 
     </span>
    </p>
   </div>
   <div class='ocr_carea' id='block_1_23' title="bbox 255 1960 1895 2048">
    <p class='ocr_par' dir='ltr' id='par_1_23' title="bbox 255 1960 1895 2048">
     <span class='ocr_line' id='line_1_23' title="bbox 255 1960 1895 2048; baseline 0.01 -31"><span class='ocrx_word' id='word_1_159' title='bbox 255 1960 313 2018; x_wconf 77' lang='lat' dir='ltr'><strong>de</strong></span> <span class='ocrx_word' id='word_1_160' title='bbox 336 1964 532 2020; x_wconf 79' lang='lat' dir='ltr'><strong>castris</strong></span> <span class='ocrx_word' id='word_1_161' title='bbox 560 1964 632 2020; x_wconf 88' lang='lat' dir='ltr'><strong>ad</strong></span> <span class='ocrx_word' id='word_1_162' title='bbox 657 1971 798 2022; x_wconf 83' lang='lat' dir='ltr'><strong>nos?</strong></span> <span class='ocrx_word' id='word_1_163' title='bbox 816 1968 1060 2039; x_wconf 76' lang='lat' dir='ltr'><strong>Exsurge</strong></span> <span class='ocrx_word' id='word_1_164' title='bbox 1078 1979 1129 2026; x_wconf 90' lang='lat' dir='ltr'><strong>et</strong></span> <span class='ocrx_word' id='word_1_165' title='bbox 1157 1971 1360 2043; x_wconf 86' lang='lat' dir='ltr'><strong>adjuva</strong></span> <span class='ocrx_word' id='word_1_166' title='bbox 1388 1977 1895 2048; x_wconf 84' lang='lat' dir='ltr'><strong>nos,Domine,pro-</strong></span> 
     </span>
    </p>
   </div>
   <div class='ocr_carea' id='block_1_24' title="bbox 251 2057 1896 2133">
    <p class='ocr_par' dir='ltr' id='par_1_24' title="bbox 251 2057 1896 2133">
     <span class='ocr_line' id='line_1_24' title="bbox 251 2057 1896 2133; baseline 0.01 -27"><span class='ocrx_word' id='word_1_167' title='bbox 251 2059 362 2123; x_wconf 83' lang='lat' dir='ltr'><strong>pter</strong></span> <span class='ocrx_word' id='word_1_168' title='bbox 378 2069 579 2109; x_wconf 83' lang='lat' dir='ltr'><strong>nomen</strong></span> <span class='ocrx_word' id='word_1_169' title='bbox 606 2062 765 2111; x_wconf 86' lang='lat' dir='ltr'><strong>tuum</strong></span> <span class='ocrx_word' id='word_1_170' title='bbox 794 2057 967 2129; x_wconf 86' lang='lat' dir='ltr'><strong>(Psal.</strong></span> <span class='ocrx_word' id='word_1_171' title='bbox 988 2060 1167 2131; x_wconf 79' lang='lat' dir='ltr'><strong>xuii).</strong></span> <span class='ocrx_word' id='word_1_172' title='bbox 1192 2062 1351 2133; x_wconf 82' lang='lat' dir='ltr'><strong>Quod</strong></span> <span class='ocrx_word' id='word_1_173' title='bbox 1369 2065 1420 2118; x_wconf 83' lang='lat' dir='ltr'><strong>si</strong></span> <span class='ocrx_word' id='word_1_174' title='bbox 1440 2064 1499 2119; x_wconf 87' lang='lat' dir='ltr'><strong>in</strong></span> <span class='ocrx_word' id='word_1_175' title='bbox 1524 2067 1715 2121; x_wconf 81' lang='lat' dir='ltr'><strong>castris</strong></span> <span class='ocrx_word' id='word_1_176' title='bbox 1738 2068 1896 2122; x_wconf 86' lang='lat' dir='ltr'><strong>resci-</strong></span> 
     </span>
    </p>
   </div>
   <div class='ocr_carea' id='block_1_25' title="bbox 256 2143 1895 2217">
    <p class='ocr_par' dir='ltr' id='par_1_25' title="bbox 256 2143 1895 2217">
     <span class='ocr_line' id='line_1_25' title="bbox 256 2143 1895 2217; baseline 0.009 -21"><span class='ocrx_word' id='word_1_177' title='bbox 256 2148 362 2196; x_wconf 87' lang='lat' dir='ltr'><strong>tum</strong></span> <span class='ocrx_word' id='word_1_178' title='bbox 387 2149 461 2197; x_wconf 85' lang='lat' dir='ltr'><strong>est</strong></span> <span class='ocrx_word' id='word_1_179' title='bbox 497 2143 636 2215; x_wconf 84' lang='lat' dir='ltr'><strong>quod</strong></span> <span class='ocrx_word' id='word_1_180' title='bbox 657 2146 935 2217; x_wconf 79' lang='lat' dir='ltr'><strong>principes</strong></span> <span class='ocrx_word' id='word_1_181' title='bbox 965 2148 1093 2203; x_wconf 89' lang='lat' dir='ltr'><strong>victi</strong></span> <span class='ocrx_word' id='word_1_182' title='bbox 1118 2150 1340 2214; x_wconf 83' lang='lat' dir='ltr'><strong>sint,ch</strong></span> <span class='ocrx_word' id='word_1_183' title='bbox 1357 2153 1408 2206; x_wconf 89' lang='lat' dir='ltr'><strong>si</strong></span> <span class='ocrx_word' id='word_1_184' title='bbox 1422 2169 1517 2207; x_wconf 85' lang='lat' dir='ltr'><strong>nos</strong></span> <span class='ocrx_word' id='word_1_185' title='bbox 1537 2158 1895 2210; x_wconf 83' lang='lat' dir='ltr'><strong>castrensium</strong></span> 
     </span>
    </p>
   </div>
   <div class='ocr_carea' id='block_1_26' title="bbox 254 2230 1889 2314">
    <p class='ocr_par' dir='ltr' id='par_1_26' title="bbox 254 2230 1889 2314">
     <span class='ocr_line' id='line_1_26' title="bbox 254 2230 1889 2314; baseline 0.008 -29"><span class='ocrx_word' id='word_1_186' title='bbox 254 2230 430 2314; x_wconf 73' lang='lat' dir='ltr'><strong>fugam</strong></span> <span class='ocrx_word' id='word_1_187' title='bbox 458 2248 620 2288; x_wconf 82' lang='lat' dir='ltr'><strong>nosse</strong></span> <span class='ocrx_word' id='word_1_188' title='bbox 646 2236 955 2306; x_wconf 83' lang='lat' dir='ltr'><strong>contigerit,</strong></span> <span class='ocrx_word' id='word_1_189' title='bbox 988 2240 1292 2293; x_wconf 85' lang='lat' dir='ltr'><strong>communis</strong></span> <span class='ocrx_word' id='word_1_190' title='bbox 1320 2242 1567 2295; x_wconf 87' lang='lat' dir='ltr'><strong>omnium</strong></span> <span class='ocrx_word' id='word_1_191' title='bbox 1614 2245 1754 2314; x_wconf 81' lang='lat' dir='ltr'><strong>fuga</strong></span> <span class='ocrx_word' id='word_1_192' title='bbox 1779 2245 1889 2314; x_wconf 83' lang='lat' dir='ltr'><strong>ﬁet.</strong></span> 
     </span>
    </p>
   </div>
   <div class='ocr_carea' id='block_1_27' title="bbox 256 2304 1894 2398">
    <p class='ocr_par' dir='ltr' id='par_1_27' title="bbox 256 2304 1894 2398">
     <span class='ocr_line' id='line_1_27' title="bbox 256 2304 1894 2398; baseline 0.009 -25"><span class='ocrx_word' id='word_1_193' title='bbox 256 2304 512 2376; x_wconf 64' lang='lat' dir='ltr'><strong>Surréxit</strong></span> <span class='ocrx_word' id='word_1_194' title='bbox 541 2320 737 2393; x_wconf 86' lang='lat' dir='ltr'><strong>itaque</strong></span> <span class='ocrx_word' id='word_1_195' title='bbox 767 2304 987 2395; x_wconf 68' lang='lat' dir='ltr'><strong>adjutor</strong></span> <span class='ocrx_word' id='word_1_196' title='bbox 1013 2327 1071 2380; x_wconf 89' lang='lat' dir='ltr'><strong>in</strong></span> <span class='ocrx_word' id='word_1_197' title='bbox 1112 2304 1894 2398; x_wconf 41' lang='lat' dir='ltr'><strong>opportunitatibus&#39;Dominus</strong></span> 
     </span>
    </p>
   </div>
   <div class='ocr_carea' id='block_1_28' title="bbox 255 2409 1895 2492">
    <p class='ocr_par' dir='ltr' id='par_1_28' title="bbox 255 2409 1895 2492">
     <span class='ocr_line' id='line_1_28' title="bbox 255 2409 1895 2492; baseline 0.01 -31"><span class='ocrx_word' id='word_1_198' title='bbox 255 2409 413 2473; x_wconf 81' lang='lat' dir='ltr'><strong>(Psal.</strong></span> <span class='ocrx_word' id='word_1_199' title='bbox 447 2412 554 2478; x_wconf 83' lang='lat' dir='ltr'><strong>ix),</strong></span> <span class='ocrx_word' id='word_1_200' title='bbox 582 2414 757 2482; x_wconf 88' lang='lat' dir='ltr'><strong>atque</strong></span> <span class='ocrx_word' id='word_1_201' title='bbox 788 2410 921 2467; x_wconf 92' lang='lat' dir='ltr'><strong>illos</strong></span> <span class='ocrx_word' id='word_1_202' title='bbox 951 2430 1098 2484; x_wconf 93' lang='lat' dir='ltr'><strong>quos</strong></span> <span class='ocrx_word' id='word_1_203' title='bbox 1145 2415 1309 2486; x_wconf 91' lang='lat' dir='ltr'><strong>prius</strong></span> <span class='ocrx_word' id='word_1_204' title='bbox 1358 2419 1637 2486; x_wconf 89' lang='lat' dir='ltr'><strong>truderat,</strong></span> <span class='ocrx_word' id='word_1_205' title='bbox 1672 2420 1895 2492; x_wconf 89' lang='lat' dir='ltr'><strong>priores</strong></span> 
     </span>
    </p>
   </div>
   <div class='ocr_carea' id='block_1_29' title="bbox 256 2495 1893 2581">
    <p class='ocr_par' dir='ltr' id='par_1_29' title="bbox 256 2495 1893 2581">
     <span class='ocr_line' id='line_1_29' title="bbox 256 2495 1893 2581; baseline 0.01 -32"><span class='ocrx_word' id='word_1_206' title='bbox 256 2495 308 2551; x_wconf 92' lang='lat' dir='ltr'><strong>in</strong></span> <span class='ocrx_word' id='word_1_207' title='bbox 335 2514 599 2571; x_wconf 84' lang='lat' dir='ltr'><strong>pugnam</strong></span> <span class='ocrx_word' id='word_1_208' title='bbox 631 2499 930 2556; x_wconf 88' lang='lat' dir='ltr'><strong>animavit.</strong></span> <span class='ocrx_word' id='word_1_209' title='bbox 959 2500 1177 2559; x_wconf 81' lang='lat' dir='ltr'><strong>Videris</strong></span> <span class='ocrx_word' id='word_1_210' title='bbox 1208 2503 1387 2576; x_wconf 87' lang='lat' dir='ltr'><strong>igitur</strong></span> <span class='ocrx_word' id='word_1_211' title='bbox 1423 2506 1758 2576; x_wconf 87' lang='lat' dir='ltr'><strong>Cassianus,</strong></span> <span class='ocrx_word' id='word_1_212' title='bbox 1795 2510 1893 2581; x_wconf 89' lang='lat' dir='ltr'><strong>qui</strong></span> 
     </span>
    </p>
   </div>
   <div class='ocr_carea' id='block_1_30' title="bbox 255 2586 1894 2667">
    <p class='ocr_par' dir='ltr' id='par_1_30' title="bbox 255 2586 1894 2667">
     <span class='ocr_line' id='line_1_30' title="bbox 255 2586 1894 2667; baseline 0.008 -27"><span class='ocrx_word' id='word_1_213' title='bbox 255 2586 493 2644; x_wconf 87' lang='lat' dir='ltr'><strong>civitatis</strong></span> <span class='ocrx_word' id='word_1_214' title='bbox 526 2593 715 2644; x_wconf 90' lang='lat' dir='ltr'><strong>rector</strong></span> <span class='ocrx_word' id='word_1_215' title='bbox 742 2595 884 2657; x_wconf 91' lang='lat' dir='ltr'><strong>erat,</strong></span> <span class='ocrx_word' id='word_1_216' title='bbox 905 2592 962 2667; x_wconf 79' lang='lat' dir='ltr'><strong>et</strong></span> <span class='ocrx_word' id='word_1_217' title='bbox 992 2597 1327 2648; x_wconf 91' lang='lat' dir='ltr'><strong>nostrorum</strong></span> <span class='ocrx_word' id='word_1_218' title='bbox 1361 2595 1632 2667; x_wconf 90' lang='lat' dir='ltr'><strong>spolia,et</strong></span> <span class='ocrx_word' id='word_1_219' title='bbox 1651 2614 1894 2653; x_wconf 81' lang='lat' dir='ltr'><strong>suorum</strong></span> 
     </span>
    </p>
   </div>
   <div class='ocr_carea' id='block_1_31' title="bbox 251 2664 1891 2751">
    <p class='ocr_par' dir='ltr' id='par_1_31' title="bbox 251 2664 1891 2751">
     <span class='ocr_line' id='line_1_31' title="bbox 251 2664 1891 2751; baseline 0.008 -21"><span class='ocrx_word' id='word_1_220' title='bbox 251 2673 570 2744; x_wconf 76' lang='lat' dir='ltr'><strong>victoriam,</strong></span> <span class='ocrx_word' id='word_1_221' title='bbox 601 2680 660 2733; x_wconf 90' lang='lat' dir='ltr'><strong>et</strong></span> <span class='ocrx_word' id='word_1_222' title='bbox 688 2677 880 2733; x_wconf 91' lang='lat' dir='ltr'><strong>adhuc</strong></span> <span class='ocrx_word' id='word_1_223' title='bbox 911 2664 1301 2751; x_wconf 77' lang='lat' dir='ltr'><strong>quorumdam</strong></span> <span class='ocrx_word' id='word_1_224' title='bbox 1334 2688 1666 2740; x_wconf 88' lang='lat' dir='ltr'><strong>nostrorum</strong></span> <span class='ocrx_word' id='word_1_225' title='bbox 1706 2687 1891 2742; x_wconf 89' lang='lat' dir='ltr'><strong>auda-</strong></span> 
     </span>
    </p>
   </div>
   <div class='ocr_carea' id='block_1_32' title="bbox 251 2764 1895 2847">
    <p class='ocr_par' dir='ltr' id='par_1_32' title="bbox 251 2764 1895 2847">
     <span class='ocr_line' id='line_1_32' title="bbox 251 2764 1895 2847; baseline 0.007 -27"><span class='ocrx_word' id='word_1_226' title='bbox 251 2764 411 2831; x_wconf 80' lang='lat' dir='ltr'><strong>ciam,</strong></span> <span class='ocrx_word' id='word_1_227' title='bbox 442 2764 671 2821; x_wconf 86' lang='lat' dir='ltr'>milites</span> <span class='ocrx_word' id='word_1_228' title='bbox 702 2769 759 2821; x_wconf 91' lang='lat' dir='ltr'><strong>et</strong></span> <span class='ocrx_word' id='word_1_229' title='bbox 785 2766 1013 2839; x_wconf 86' lang='lat' dir='ltr'><strong>pedites</strong></span> <span class='ocrx_word' id='word_1_230' title='bbox 1043 2785 1181 2825; x_wconf 90' lang='lat' dir='ltr'><strong>suos</strong></span> <span class='ocrx_word' id='word_1_231' title='bbox 1212 2787 1416 2827; x_wconf 92' lang='lat' dir='ltr'>omnes</span> <span class='ocrx_word' id='word_1_232' title='bbox 1459 2773 1686 2839; x_wconf 89' lang='lat' dir='ltr'>emisit;</span> <span class='ocrx_word' id='word_1_233' title='bbox 1719 2779 1895 2847; x_wconf 87' lang='lat' dir='ltr'><strong>atque</strong></span> 
     </span>
    </p>
   </div>
   <div class='ocr_carea' id='block_1_33' title="bbox 250 2849 1894 2935">
    <p class='ocr_par' dir='ltr' id='par_1_33' title="bbox 250 2849 1894 2935">
     <span class='ocr_line' id='line_1_33' title="bbox 250 2849 1894 2935; baseline 0.008 -29"><span class='ocrx_word' id='word_1_234' title='bbox 250 2849 303 2907; x_wconf 86' lang='lat' dir='ltr'><strong>in</strong></span> <span class='ocrx_word' id='word_1_235' title='bbox 332 2870 494 2926; x_wconf 88' lang='lat' dir='ltr'><strong>spem</strong></span> <span class='ocrx_word' id='word_1_236' title='bbox 520 2852 771 2910; x_wconf 67' lang='lat' dir='ltr'><strong>victoriae</strong></span> <span class='ocrx_word' id='word_1_237' title='bbox 795 2855 1311 2930; x_wconf 89' lang='lat' dir='ltr'><strong>adductus,portas</strong></span> <span class='ocrx_word' id='word_1_238' title='bbox 1333 2859 1735 2935; x_wconf 50' lang='lat' dir='ltr'><strong>civitatisﬁ&#39;post</strong></span> <span class='ocrx_word' id='word_1_239' title='bbox 1755 2880 1894 2919; x_wconf 91' lang='lat' dir='ltr'><strong>suos</strong></span> 
     </span>
    </p>
   </div>
   <div class='ocr_carea' id='block_1_34' title="bbox 249 2941 1895 3015">
    <p class='ocr_par' dir='ltr' id='par_1_34' title="bbox 249 2941 1895 3015">
     <span class='ocr_line' id='line_1_34' title="bbox 249 2941 1895 3015; baseline 0.005 -18"><span class='ocrx_word' id='word_1_240' title='bbox 249 2941 452 2998; x_wconf 86' lang='lat' dir='ltr'>recludi</span> <span class='ocrx_word' id='word_1_241' title='bbox 471 2943 684 3015; x_wconf 86' lang='lat' dir='ltr'><strong>jussit,</strong></span> <span class='ocrx_word' id='word_1_242' title='bbox 707 2944 1063 3002; x_wconf 87' lang='lat' dir='ltr'><strong>denuntians</strong></span> <span class='ocrx_word' id='word_1_243' title='bbox 1098 2947 1384 3004; x_wconf 90' lang='lat' dir='ltr'>militibus</span> <span class='ocrx_word' id='word_1_244' title='bbox 1415 2950 1540 3006; x_wconf 91' lang='lat' dir='ltr'>suis</span> <span class='ocrx_word' id='word_1_245' title='bbox 1568 2952 1782 3008; x_wconf 80' lang='lat' dir='ltr'><strong>vincere</strong></span> <span class='ocrx_word' id='word_1_246' title='bbox 1812 2952 1895 3007; x_wconf 83' lang='lat' dir='ltr'><strong>vet</strong></span> 
     </span>
    </p>
   </div>
   <div class='ocr_carea' id='block_1_35' title="bbox 245 3032 1893 3113">
    <p class='ocr_par' dir='ltr' id='par_1_35' title="bbox 245 3032 1893 3113">
     <span class='ocr_line' id='line_1_35' title="bbox 245 3032 1893 3113; baseline 0.006 -27"><span class='ocrx_word' id='word_1_247' title='bbox 245 3033 394 3087; x_wconf 85' lang='lat' dir='ltr'><strong>mori.</strong></span> <span class='ocrx_word' id='word_1_248' title='bbox 428 3032 664 3088; x_wconf 77' lang='lat' dir='ltr'><strong>Interea</strong></span> <span class='ocrx_word' id='word_1_249' title='bbox 692 3033 877 3089; x_wconf 90' lang='lat' dir='ltr'><strong>nostri</strong></span> <span class='ocrx_word' id='word_1_250' title='bbox 911 3034 1215 3106; x_wconf 85' lang='lat' dir='ltr'><strong>paulatim,</strong></span> <span class='ocrx_word' id='word_1_251' title='bbox 1250 3043 1308 3093; x_wconf 92' lang='lat' dir='ltr'><strong>et</strong></span> <span class='ocrx_word' id='word_1_252' title='bbox 1336 3055 1440 3109; x_wconf 91' lang='lat' dir='ltr'><strong>pro</strong></span> <span class='ocrx_word' id='word_1_253' title='bbox 1469 3038 1715 3112; x_wconf 89' lang='lat' dir='ltr'><strong>imperio</strong></span> <span class='ocrx_word' id='word_1_254' title='bbox 1757 3058 1893 3113; x_wconf 91' lang='lat' dir='ltr'><strong>pro-</strong></span> 
     </span>
    </p>
   </div>
   <div class='ocr_carea' id='block_1_36' title="bbox 1926 1744 1972 1809">
    <p class='ocr_par' dir='ltr' id='par_1_36' title="bbox 1926 1744 1972 1809">
     <span class='ocr_line' id='line_1_36' title="bbox 1926 1744 1972 1809; baseline 0 0"><span class='ocrx_word' id='word_1_255' title='bbox 1926 1744 1972 1809; x_wconf 90' lang='lat' dir='ltr'><strong>B</strong></span> 
     </span>
    </p>
   </div>
   <div class='ocr_carea' id='block_1_37' title="bbox 2001 551 3644 638">
    <p class='ocr_par' dir='ltr' id='par_1_37' title="bbox 2001 551 3644 638">
     <span class='ocr_line' id='line_1_37' title="bbox 2001 551 3644 638; baseline 0.012 -33"><span class='ocrx_word' id='word_1_256' title='bbox 2001 551 2378 610; x_wconf 88' lang='lat' dir='ltr'>multitudine</span> <span class='ocrx_word' id='word_1_257' title='bbox 2409 572 2536 627; x_wconf 67' lang='lat' dir='ltr'><strong>quae</strong></span> <span class='ocrx_word' id='word_1_258' title='bbox 2568 572 2701 612; x_wconf 90' lang='lat' dir='ltr'>eum</span> <span class='ocrx_word' id='word_1_259' title='bbox 2754 562 3235 632; x_wconf 79' lang='lat' dir='ltr'><strong>apprehenderat.</strong></span> <span class='ocrx_word' id='word_1_260' title='bbox 3271 564 3467 637; x_wconf 63' lang='lat' dir='ltr'><strong>Operae</strong></span> <span class='ocrx_word' id='word_1_261' title='bbox 3516 585 3644 638; x_wconf 86' lang='lat' dir='ltr'><strong>pre-</strong></span> 
     </span>
    </p>
   </div>
   <div class='ocr_carea' id='block_1_38' title="bbox 2001 640 3643 721">
    <p class='ocr_par' dir='ltr' id='par_1_38' title="bbox 2001 640 3643 721">
     <span class='ocr_line' id='line_1_38' title="bbox 2001 640 3643 721; baseline 0.012 -27"><span class='ocrx_word' id='word_1_262' title='bbox 2001 640 2150 696; x_wconf 91' lang='lat' dir='ltr'>tium</span> <span class='ocrx_word' id='word_1_263' title='bbox 2172 647 2261 697; x_wconf 91' lang='lat' dir='ltr'><strong>est</strong></span> <span class='ocrx_word' id='word_1_264' title='bbox 2279 642 2495 700; x_wconf 88' lang='lat' dir='ltr'><strong>vidisse</strong></span> <span class='ocrx_word' id='word_1_265' title='bbox 2512 646 2797 717; x_wconf 89' lang='lat' dir='ltr'><strong>quosdam</strong></span> <span class='ocrx_word' id='word_1_266' title='bbox 2823 665 3108 721; x_wconf 90' lang='lat' dir='ltr'><strong>pauperes</strong></span> <span class='ocrx_word' id='word_1_267' title='bbox 3130 669 3164 707; x_wconf 89' lang='lat' dir='ltr'><strong>a</strong></span> <span class='ocrx_word' id='word_1_268' title='bbox 3186 651 3430 710; x_wconf 86' lang='lat' dir='ltr'><strong>victoria</strong></span> <span class='ocrx_word' id='word_1_269' title='bbox 3457 672 3643 713; x_wconf 88' lang='lat' dir='ltr'><strong>rever-</strong></span> 
     </span>
    </p>
   </div>
   <div class='ocr_carea' id='block_1_39' title="bbox 1998 731 3645 815">
    <p class='ocr_par' dir='ltr' id='par_1_39' title="bbox 1998 731 3645 815">
     <span class='ocr_line' id='line_1_39' title="bbox 1998 731 3645 815; baseline 0.011 -32"><span class='ocrx_word' id='word_1_270' title='bbox 1998 733 2216 797; x_wconf 88' lang='lat' dir='ltr'><strong>tentes;</strong></span> <span class='ocrx_word' id='word_1_271' title='bbox 2250 731 2345 787; x_wconf 89' lang='lat' dir='ltr'><strong>alii</strong></span> <span class='ocrx_word' id='word_1_272' title='bbox 2378 750 2632 805; x_wconf 89' lang='lat' dir='ltr'><strong>namque</strong></span> <span class='ocrx_word' id='word_1_273' title='bbox 2680 734 2835 791; x_wconf 90' lang='lat' dir='ltr'><strong>intra</strong></span> <span class='ocrx_word' id='word_1_274' title='bbox 2882 739 3133 796; x_wconf 89' lang='lat' dir='ltr'><strong>tentoria</strong></span> <span class='ocrx_word' id='word_1_275' title='bbox 3183 740 3241 795; x_wconf 90' lang='lat' dir='ltr'><strong>in</strong></span> <span class='ocrx_word' id='word_1_276' title='bbox 3273 742 3440 815; x_wconf 90' lang='lat' dir='ltr'><strong>equis</strong></span> <span class='ocrx_word' id='word_1_277' title='bbox 3469 744 3645 802; x_wconf 88' lang='lat' dir='ltr'><strong>variis</strong></span> 
     </span>
    </p>
   </div>
   <div class='ocr_carea' id='block_1_40' title="bbox 2001 818 3647 900">
    <p class='ocr_par' dir='ltr' id='par_1_40' title="bbox 2001 818 3647 900">
     <span class='ocr_line' id='line_1_40' title="bbox 2001 818 3647 900; baseline 0.012 -29"><span class='ocrx_word' id='word_1_278' title='bbox 2001 818 2415 888; x_wconf 89' lang='lat' dir='ltr'><strong>diseurrentes,</strong></span> <span class='ocrx_word' id='word_1_279' title='bbox 2449 821 2858 880; x_wconf 89' lang='lat' dir='ltr'><strong>revelationem</strong></span> <span class='ocrx_word' id='word_1_280' title='bbox 2907 842 3025 881; x_wconf 69' lang='lat' dir='ltr'><strong>sua:</strong></span> <span class='ocrx_word' id='word_1_281' title='bbox 3068 830 3428 900; x_wconf 86' lang='lat' dir='ltr'><strong>paupertatis</strong></span> <span class='ocrx_word' id='word_1_282' title='bbox 3470 834 3647 891; x_wconf 89' lang='lat' dir='ltr'><strong>sociis</strong></span> 
     </span>
    </p>
   </div>
   <div class='ocr_carea' id='block_1_41' title="bbox 2001 907 3647 980">
    <p class='ocr_par' dir='ltr' id='par_1_41' title="bbox 2001 907 3647 980">
     <span class='ocr_line' id='line_1_41' title="bbox 2001 907 3647 980; baseline 0.013 -22"><span class='ocrx_word' id='word_1_283' title='bbox 2001 907 2418 975; x_wconf 77' lang='lat' dir='ltr'><strong>ostendebant;</strong></span> <span class='ocrx_word' id='word_1_284' title='bbox 2454 908 2552 963; x_wconf 90' lang='lat' dir='ltr'><strong>alii</strong></span> <span class='ocrx_word' id='word_1_285' title='bbox 2606 914 2800 967; x_wconf 90' lang='lat' dir='ltr'><strong>autem</strong></span> <span class='ocrx_word' id='word_1_286' title='bbox 2844 914 3073 971; x_wconf 90' lang='lat' dir='ltr'><strong>duobus</strong></span> <span class='ocrx_word' id='word_1_287' title='bbox 3102 916 3191 972; x_wconf 92' lang='lat' dir='ltr'><strong>vel</strong></span> <span class='ocrx_word' id='word_1_288' title='bbox 3234 918 3426 977; x_wconf 90' lang='lat' dir='ltr'><strong>tribus</strong></span> <span class='ocrx_word' id='word_1_289' title='bbox 3455 920 3647 980; x_wconf 90' lang='lat' dir='ltr'><strong>induti</strong></span> 
     </span>
    </p>
   </div>
   <div class='ocr_carea' id='block_1_42' title="bbox 2001 994 3646 1073">
    <p class='ocr_par' dir='ltr' id='par_1_42' title="bbox 2001 994 3646 1073">
     <span class='ocr_line' id='line_1_42' title="bbox 2001 994 3646 1073; baseline 0.013 -25"><span class='ocrx_word' id='word_1_290' title='bbox 2001 994 2204 1073; x_wconf 85' lang='lat' dir='ltr'><strong>sericis</strong></span> <span class='ocrx_word' id='word_1_291' title='bbox 2235 995 2617 1065; x_wconf 89' lang='lat' dir='ltr'><strong>vestimentis,</strong></span> <span class='ocrx_word' id='word_1_292' title='bbox 2653 998 2987 1072; x_wconf 88' lang='lat' dir='ltr'><strong>largitorem</strong></span> <span class='ocrx_word' id='word_1_293' title='bbox 3019 1003 3271 1061; x_wconf 68' lang='lat' dir='ltr'><strong>victoriae</strong></span> <span class='ocrx_word' id='word_1_294' title='bbox 3300 1013 3357 1064; x_wconf 91' lang='lat' dir='ltr'><strong>et</strong></span> <span class='ocrx_word' id='word_1_295' title='bbox 3384 1012 3646 1070; x_wconf 90' lang='lat' dir='ltr'><strong>muneris</strong></span> 
     </span>
    </p>
   </div>
   <div class='ocr_carea' id='block_1_43' title="bbox 2001 1074 3649 1170">
    <p class='ocr_par' dir='ltr' id='par_1_43' title="bbox 2001 1074 3649 1170">
     <span class='ocr_line' id='line_1_43' title="bbox 2001 1074 3649 1170; baseline 0.014 -35"><span class='ocrx_word' id='word_1_296' title='bbox 2001 1074 2183 1137; x_wconf 82' lang='lat' dir='ltr'><strong>Deum</strong></span> <span class='ocrx_word' id='word_1_297' title='bbox 2222 1085 2706 1156; x_wconf 84' lang='lat' dir='ltr'><strong>magniﬁcabant;</strong></span> <span class='ocrx_word' id='word_1_298' title='bbox 2741 1088 2839 1144; x_wconf 89' lang='lat' dir='ltr'><strong>alii</strong></span> <span class='ocrx_word' id='word_1_299' title='bbox 2867 1108 3000 1147; x_wconf 91' lang='lat' dir='ltr'><strong>vero</strong></span> <span class='ocrx_word' id='word_1_300' title='bbox 3032 1092 3221 1151; x_wconf 92' lang='lat' dir='ltr'><strong>tribus</strong></span> <span class='ocrx_word' id='word_1_301' title='bbox 3258 1096 3346 1152; x_wconf 90' lang='lat' dir='ltr'><strong>vel</strong></span> <span class='ocrx_word' id='word_1_302' title='bbox 3395 1104 3649 1170; x_wconf 88' lang='lat' dir='ltr'><strong>quatuor</strong></span> 
     </span>
    </p>
   </div>
   <div class='ocr_carea' id='block_1_44' title="bbox 2002 1171 3650 1255">
    <p class='ocr_par' dir='ltr' id='par_1_44' title="bbox 2002 1171 3650 1255">
     <span class='ocr_line' id='line_1_44' title="bbox 2002 1171 3650 1255; baseline 0.015 -32"><span class='ocrx_word' id='word_1_303' title='bbox 2002 1171 2212 1226; x_wconf 89' lang='lat' dir='ltr'>muniti</span> <span class='ocrx_word' id='word_1_304' title='bbox 2253 1172 2489 1245; x_wconf 83' lang='lat' dir='ltr'><strong>clypeis,</strong></span> <span class='ocrx_word' id='word_1_305' title='bbox 2518 1175 2770 1232; x_wconf 71' lang='lat' dir='ltr'><strong>victoria:</strong></span> <span class='ocrx_word' id='word_1_306' title='bbox 2820 1197 2938 1234; x_wconf 83' lang='lat' dir='ltr'><strong>suas</strong></span> <span class='ocrx_word' id='word_1_307' title='bbox 2982 1182 3350 1255; x_wconf 87' lang='lat' dir='ltr'><strong>triumphum</strong></span> <span class='ocrx_word' id='word_1_308' title='bbox 3383 1186 3650 1247; x_wconf 78' lang='lat' dir='ltr'><strong>alacriter</strong></span> 
     </span>
    </p>
   </div>
   <div class='ocr_carea' id='block_1_45' title="bbox 2002 1261 3646 1339">
    <p class='ocr_par' dir='ltr' id='par_1_45' title="bbox 2002 1261 3646 1339">
     <span class='ocr_line' id='line_1_45' title="bbox 2002 1261 3646 1339; baseline 0.015 -26"><span class='ocrx_word' id='word_1_309' title='bbox 2002 1261 2460 1331; x_wconf 64' lang='lat' dir='ltr'><strong>prietendebant.</strong></span> <span class='ocrx_word' id='word_1_310' title='bbox 2496 1263 2763 1337; x_wconf 91' lang='lat' dir='ltr'><strong>Dumque</strong></span> <span class='ocrx_word' id='word_1_311' title='bbox 2794 1267 2889 1323; x_wconf 89' lang='lat' dir='ltr'><strong>his</strong></span> <span class='ocrx_word' id='word_1_312' title='bbox 2935 1273 2992 1324; x_wconf 78' lang='lat' dir='ltr'><strong>et</strong></span> <span class='ocrx_word' id='word_1_313' title='bbox 3038 1270 3170 1327; x_wconf 89' lang='lat' dir='ltr'><strong>aliis</strong></span> <span class='ocrx_word' id='word_1_314' title='bbox 3211 1278 3646 1339; x_wconf 85' lang='lat' dir='ltr'><strong>ostentamenti.</strong></span> 
     </span>
    </p>
   </div>
   <div class='ocr_carea' id='block_1_46' title="bbox 2003 1349 3648 1434">
    <p class='ocr_par' dir='ltr' id='par_1_46' title="bbox 2003 1349 3648 1434">
     <span class='ocr_line' id='line_1_46' title="bbox 2003 1349 3648 1434; baseline 0.014 -33"><span class='ocrx_word' id='word_1_315' title='bbox 2003 1349 2178 1403; x_wconf 83' lang='lat' dir='ltr'><strong>ﬁdem</strong></span> <span class='ocrx_word' id='word_1_316' title='bbox 2209 1350 2532 1422; x_wconf 77' lang='lat' dir='ltr'><strong>magnificae</strong></span> <span class='ocrx_word' id='word_1_317' title='bbox 2571 1353 2823 1410; x_wconf 82' lang='lat' dir='ltr'><strong>victoriae</strong></span> <span class='ocrx_word' id='word_1_318' title='bbox 2869 1358 3042 1415; x_wconf 90' lang='lat' dir='ltr'><strong>nobis</strong></span> <span class='ocrx_word' id='word_1_319' title='bbox 3090 1363 3541 1434; x_wconf 86' lang='lat' dir='ltr'><strong>persuasissent,</strong></span> <span class='ocrx_word' id='word_1_320' title='bbox 3577 1368 3648 1425; x_wconf 91' lang='lat' dir='ltr'><strong>de</strong></span> 
     </span>
    </p>
   </div>
   <div class='ocr_carea' id='block_1_47' title="bbox 2004 1437 3645 1524">
    <p class='ocr_par' dir='ltr' id='par_1_47' title="bbox 2004 1437 3645 1524">
     <span class='ocr_line' id='line_1_47' title="bbox 2004 1437 3645 1524; baseline 0.015 -35"><span class='ocrx_word' id='word_1_321' title='bbox 2004 1437 2385 1494; x_wconf 88' lang='lat' dir='ltr'><strong>multitudine</strong></span> <span class='ocrx_word' id='word_1_322' title='bbox 2414 1439 2849 1499; x_wconf 88' lang='lat' dir='ltr'><strong>interfectorum</strong></span> <span class='ocrx_word' id='word_1_323' title='bbox 2891 1448 3136 1504; x_wconf 87' lang='lat' dir='ltr'><strong>suadere</strong></span> <span class='ocrx_word' id='word_1_324' title='bbox 3162 1466 3278 1506; x_wconf 93' lang='lat' dir='ltr'><strong>non</strong></span> <span class='ocrx_word' id='word_1_325' title='bbox 3309 1457 3645 1524; x_wconf 88' lang='lat' dir='ltr'><strong>potuerunt.</strong></span> 
     </span>
    </p>
   </div>
   <div class='ocr_carea' id='block_1_48' title="bbox 2002 1527 3647 1608">
    <p class='ocr_par' dir='ltr' id='par_1_48' title="bbox 2002 1527 3647 1608">
     <span class='ocr_line' id='line_1_48' title="bbox 2002 1527 3647 1608; baseline 0.013 -28"><span class='ocrx_word' id='word_1_326' title='bbox 2002 1527 2287 1592; x_wconf 88' lang='lat' dir='ltr'><strong>Quoniam</strong></span> <span class='ocrx_word' id='word_1_327' title='bbox 2346 1529 2587 1586; x_wconf 86' lang='lat' dir='ltr'><strong>victoria</strong></span> <span class='ocrx_word' id='word_1_328' title='bbox 2644 1533 2752 1588; x_wconf 92' lang='lat' dir='ltr'>sub</span> <span class='ocrx_word' id='word_1_329' title='bbox 2803 1539 2968 1590; x_wconf 90' lang='lat' dir='ltr'><strong>nocte</strong></span> <span class='ocrx_word' id='word_1_330' title='bbox 3006 1536 3205 1594; x_wconf 89' lang='lat' dir='ltr'><strong>habita</strong></span> <span class='ocrx_word' id='word_1_331' title='bbox 3231 1544 3339 1608; x_wconf 89' lang='lat' dir='ltr'><strong>est,</strong></span> <span class='ocrx_word' id='word_1_332' title='bbox 3365 1558 3647 1602; x_wconf 80' lang='lat' dir='ltr'><strong>caesorum</strong></span> 
     </span>
    </p>
   </div>
   <div class='ocr_carea' id='block_1_49' title="bbox 2001 1616 3649 1703">
    <p class='ocr_par' dir='ltr' id='par_1_49' title="bbox 2001 1616 3649 1703">
     <span class='ocr_line' id='line_1_49' title="bbox 2001 1616 3649 1703; baseline 0.013 -34"><span class='ocrx_word' id='word_1_333' title='bbox 2001 1616 2195 1687; x_wconf 90' lang='lat' dir='ltr'><strong>capita</strong></span> <span class='ocrx_word' id='word_1_334' title='bbox 2217 1617 2288 1671; x_wconf 88' lang='lat' dir='ltr'><strong>ad</strong></span> <span class='ocrx_word' id='word_1_335' title='bbox 2320 1622 2511 1673; x_wconf 89' lang='lat' dir='ltr'><strong>castra</strong></span> <span class='ocrx_word' id='word_1_336' title='bbox 2543 1619 2734 1676; x_wconf 88' lang='lat' dir='ltr'><strong>delata</strong></span> <span class='ocrx_word' id='word_1_337' title='bbox 2764 1639 2880 1678; x_wconf 91' lang='lat' dir='ltr'><strong>non</strong></span> <span class='ocrx_word' id='word_1_338' title='bbox 2904 1629 3060 1680; x_wconf 92' lang='lat' dir='ltr'><strong>sunt.</strong></span> <span class='ocrx_word' id='word_1_339' title='bbox 3077 1626 3339 1701; x_wconf 90' lang='lat' dir='ltr'><strong>Cumque</strong></span> <span class='ocrx_word' id='word_1_340' title='bbox 3368 1634 3649 1703; x_wconf 89' lang='lat' dir='ltr'><strong>postridie</strong></span> 
     </span>
    </p>
   </div>
   <div class='ocr_carea' id='block_1_50' title="bbox 2003 1708 3761 1787">
    <p class='ocr_par' dir='ltr' id='par_1_50' title="bbox 2003 1708 3761 1787">
     <span class='ocr_line' id='line_1_50' title="bbox 2003 1708 3761 1787; baseline 0.014 -30"><span class='ocrx_word' id='word_1_341' title='bbox 2003 1708 2259 1759; x_wconf 91' lang='lat' dir='ltr'><strong>castrum</strong></span> <span class='ocrx_word' id='word_1_342' title='bbox 2284 1710 2416 1762; x_wconf 91' lang='lat' dir='ltr'><strong>ante</strong></span> <span class='ocrx_word' id='word_1_343' title='bbox 2446 1713 2680 1779; x_wconf 89' lang='lat' dir='ltr'><strong>pontem</strong></span> <span class='ocrx_word' id='word_1_344' title='bbox 2709 1710 2944 1767; x_wconf 90' lang='lat' dir='ltr'><strong>illorum</strong></span> <span class='ocrx_word' id='word_1_345' title='bbox 2985 1715 3469 1787; x_wconf 51' lang='lat' dir='ltr'><strong>mdiﬁcareturﬁn</strong></span> <span class='ocrx_word' id='word_1_346' title='bbox 3495 1722 3647 1781; x_wconf 91' lang='lat' dir='ltr'><strong>vallo</strong></span> <span class='ocrx_word' id='word_1_347' title='bbox 3758 1750 3761 1753; x_wconf 54' lang='grc' dir='ltr'>ν</span> 
     </span>
    </p>
   </div>
   <div class='ocr_carea' id='block_1_51' title="bbox 2005 1793 3649 1871">
    <p class='ocr_par' dir='ltr' id='par_1_51' title="bbox 2005 1793 3649 1871">
     <span class='ocr_line' id='line_1_51' title="bbox 2005 1793 3649 1871; baseline 0.015 -26"><span class='ocrx_word' id='word_1_348' title='bbox 2005 1793 2243 1864; x_wconf 91' lang='lat' dir='ltr'><strong>quidam</strong></span> <span class='ocrx_word' id='word_1_349' title='bbox 2276 1794 2346 1849; x_wconf 91' lang='lat' dir='ltr'><strong>de</strong></span> <span class='ocrx_word' id='word_1_350' title='bbox 2376 1796 2582 1853; x_wconf 89' lang='lat' dir='ltr'><strong>Turcis</strong></span> <span class='ocrx_word' id='word_1_351' title='bbox 2608 1800 2817 1871; x_wconf 89' lang='lat' dir='ltr'><strong>reperti</strong></span> <span class='ocrx_word' id='word_1_352' title='bbox 2841 1807 3008 1871; x_wconf 90' lang='lat' dir='ltr'><strong>sunt;</strong></span> <span class='ocrx_word' id='word_1_353' title='bbox 3033 1808 3157 1860; x_wconf 87' lang='lat' dir='ltr'><strong>erat</strong></span> <span class='ocrx_word' id='word_1_354' title='bbox 3179 1806 3335 1862; x_wconf 90' lang='lat' dir='ltr'><strong>enim</strong></span> <span class='ocrx_word' id='word_1_355' title='bbox 3363 1824 3533 1867; x_wconf 91' lang='lat' dir='ltr'><strong>mons</strong></span> <span class='ocrx_word' id='word_1_356' title='bbox 3552 1811 3649 1869; x_wconf 90' lang='lat' dir='ltr'><strong>ille</strong></span> 
     </span>
    </p>
   </div>
   <div class='ocr_carea' id='block_1_52' title="bbox 2003 1881 3647 1968">
    <p class='ocr_par' dir='ltr' id='par_1_52' title="bbox 2003 1881 3647 1968">
     <span class='ocr_line' id='line_1_52' title="bbox 2003 1881 3647 1968; baseline 0.014 -34"><span class='ocrx_word' id='word_1_357' title='bbox 2003 1881 2061 1935; x_wconf 90' lang='lat' dir='ltr'><strong>in</strong></span> <span class='ocrx_word' id='word_1_358' title='bbox 2086 1881 2447 1954; x_wconf 80' lang='lat' dir='ltr'><strong>sepulturam</strong></span> <span class='ocrx_word' id='word_1_359' title='bbox 2481 1885 2955 1945; x_wconf 86' lang='lat' dir='ltr'><strong>Sarracenorum.</strong></span> <span class='ocrx_word' id='word_1_360' title='bbox 2992 1892 3074 1947; x_wconf 80' lang='lat' dir='ltr'><strong>Ex</strong></span> <span class='ocrx_word' id='word_1_361' title='bbox 3101 1892 3193 1949; x_wconf 92' lang='lat' dir='ltr'><strong>his</strong></span> <span class='ocrx_word' id='word_1_362' title='bbox 3224 1894 3406 1968; x_wconf 88' lang='lat' dir='ltr'><strong>igitur</strong></span> <span class='ocrx_word' id='word_1_363' title='bbox 3445 1914 3647 1958; x_wconf 90' lang='lat' dir='ltr'><strong>eorum</strong></span> 
     </span>
    </p>
   </div>
   <div class='ocr_carea' id='block_1_53' title="bbox 2003 1971 3651 2046">
    <p class='ocr_par' dir='ltr' id='par_1_53' title="bbox 2003 1971 3651 2046">
     <span class='ocr_line' id='line_1_53' title="bbox 2003 1971 3651 2046; baseline 0.014 -23"><span class='ocrx_word' id='word_1_364' title='bbox 2003 1971 2293 2041; x_wconf 89' lang='lat' dir='ltr'><strong>provocati</strong></span> <span class='ocrx_word' id='word_1_365' title='bbox 2327 1990 2630 2044; x_wconf 87' lang='lat' dir='ltr'><strong>pauperes,</strong></span> <span class='ocrx_word' id='word_1_366' title='bbox 2666 1978 2867 2033; x_wconf 86' lang='lat' dir='ltr'><strong>omnia</strong></span> <span class='ocrx_word' id='word_1_367' title='bbox 2895 1996 3096 2037; x_wconf 89' lang='lat' dir='ltr'><strong>eorum</strong></span> <span class='ocrx_word' id='word_1_368' title='bbox 3128 1992 3509 2044; x_wconf 90' lang='lat' dir='ltr'><strong>monumenta</strong></span> <span class='ocrx_word' id='word_1_369' title='bbox 3535 1992 3651 2046; x_wconf 84' lang='lat' dir='ltr'><strong>tre—</strong></span> 
     </span>
    </p>
   </div>
   <div class='ocr_carea' id='block_1_54' title="bbox 2003 2060 3648 2145">
    <p class='ocr_par' dir='ltr' id='par_1_54' title="bbox 2003 2060 3648 2145">
     <span class='ocr_line' id='line_1_54' title="bbox 2003 2060 3648 2145; baseline 0.013 -33"><span class='ocrx_word' id='word_1_370' title='bbox 2003 2065 2232 2131; x_wconf 89' lang='lat' dir='ltr'><strong>gerunt.</strong></span> <span class='ocrx_word' id='word_1_371' title='bbox 2249 2060 2487 2116; x_wconf 82' lang='lat' dir='ltr'><strong>Eﬂ&#39;ossis</strong></span> <span class='ocrx_word' id='word_1_372' title='bbox 2510 2062 2708 2134; x_wconf 90' lang='lat' dir='ltr'><strong>itaque</strong></span> <span class='ocrx_word' id='word_1_373' title='bbox 2730 2066 2956 2133; x_wconf 87' lang='lat' dir='ltr'><strong>Turcis,</strong></span> <span class='ocrx_word' id='word_1_374' title='bbox 2973 2068 3163 2140; x_wconf 86' lang='lat' dir='ltr'><strong>qualis</strong></span> <span class='ocrx_word' id='word_1_375' title='bbox 3192 2071 3433 2130; x_wconf 90' lang='lat' dir='ltr'><strong>victoria</strong></span> <span class='ocrx_word' id='word_1_376' title='bbox 3451 2075 3648 2145; x_wconf 86' lang='lat' dir='ltr'><strong>fuerit,</strong></span> 
     </span>
    </p>
   </div>
   <div class='ocr_carea' id='block_1_55' title="bbox 2004 2146 3652 2226">
    <p class='ocr_par' dir='ltr' id='par_1_55' title="bbox 2004 2146 3652 2226">
     <span class='ocr_line' id='line_1_55' title="bbox 2004 2146 3652 2226; baseline 0.015 -27"><span class='ocrx_word' id='word_1_377' title='bbox 2004 2146 2149 2201; x_wconf 91' lang='lat' dir='ltr'><strong>nulli</strong></span> <span class='ocrx_word' id='word_1_378' title='bbox 2182 2148 2427 2203; x_wconf 91' lang='lat' dir='ltr'><strong>dubium</strong></span> <span class='ocrx_word' id='word_1_379' title='bbox 2460 2150 2590 2206; x_wconf 89' lang='lat' dir='ltr'><strong>fuit.</strong></span> <span class='ocrx_word' id='word_1_380' title='bbox 2624 2153 2890 2226; x_wconf 91' lang='lat' dir='ltr'><strong>Namque</strong></span> <span class='ocrx_word' id='word_1_381' title='bbox 2920 2160 3212 2215; x_wconf 87' lang='lat' dir='ltr'><strong>numerati</strong></span> <span class='ocrx_word' id='word_1_382' title='bbox 3245 2166 3385 2217; x_wconf 88' lang='lat' dir='ltr'><strong>sunt</strong></span> <span class='ocrx_word' id='word_1_383' title='bbox 3423 2163 3652 2223; x_wconf 87' lang='lat' dir='ltr'><strong>circiter</strong></span> 
     </span>
    </p>
   </div>
   <div class='ocr_carea' id='block_1_56' title="bbox 2004 2235 3648 2324">
    <p class='ocr_par' dir='ltr' id='par_1_56' title="bbox 2004 2235 3648 2324">
     <span class='ocr_line' id='line_1_56' title="bbox 2004 2235 3648 2324; baseline 0.013 -35"><span class='ocrx_word' id='word_1_384' title='bbox 2004 2235 2163 2291; x_wconf 90' lang='lat' dir='ltr'><strong>mille</strong></span> <span class='ocrx_word' id='word_1_385' title='bbox 2194 2236 2527 2309; x_wconf 86' lang='lat' dir='ltr'><strong>quingenti;</strong></span> <span class='ocrx_word' id='word_1_386' title='bbox 2562 2245 2722 2296; x_wconf 89' lang='lat' dir='ltr'><strong>taceo</strong></span> <span class='ocrx_word' id='word_1_387' title='bbox 2754 2244 2926 2299; x_wconf 90' lang='lat' dir='ltr'><strong>modo</strong></span> <span class='ocrx_word' id='word_1_388' title='bbox 2955 2250 3013 2301; x_wconf 90' lang='lat' dir='ltr'><strong>et</strong></span> <span class='ocrx_word' id='word_1_389' title='bbox 3044 2246 3102 2301; x_wconf 91' lang='lat' dir='ltr'><strong>in</strong></span> <span class='ocrx_word' id='word_1_390' title='bbox 3124 2247 3648 2324; x_wconf 87' lang='lat' dir='ltr'><strong>civitatesepultos,</strong></span> 
     </span>
    </p>
   </div>
   <div class='ocr_carea' id='block_1_57' title="bbox 2002 2324 3650 2400">
    <p class='ocr_par' dir='ltr' id='par_1_57' title="bbox 2002 2324 3650 2400">
     <span class='ocr_line' id='line_1_57' title="bbox 2002 2324 3650 2400; baseline 0.013 -22"><span class='ocrx_word' id='word_1_391' title='bbox 2002 2329 2058 2379; x_wconf 90' lang='lat' dir='ltr'><strong>et</strong></span> <span class='ocrx_word' id='word_1_392' title='bbox 2087 2324 2147 2378; x_wconf 93' lang='lat' dir='ltr'><strong>in</strong></span> <span class='ocrx_word' id='word_1_393' title='bbox 2177 2324 2418 2381; x_wconf 89' lang='lat' dir='ltr'><strong>ﬂumine</strong></span> <span class='ocrx_word' id='word_1_394' title='bbox 2448 2330 2843 2387; x_wconf 89' lang='lat' dir='ltr'><strong>tractos.Cum</strong></span> <span class='ocrx_word' id='word_1_395' title='bbox 2870 2338 3066 2390; x_wconf 91' lang='lat' dir='ltr'><strong>autem</strong></span> <span class='ocrx_word' id='word_1_396' title='bbox 3100 2335 3276 2394; x_wconf 88' lang='lat' dir='ltr'><strong>fetore</strong></span> <span class='ocrx_word' id='word_1_397' title='bbox 3299 2339 3650 2400; x_wconf 88' lang='lat' dir='ltr'><strong>intolerabili</strong></span> 
     </span>
    </p>
   </div>
   <div class='ocr_carea' id='block_1_58' title="bbox 2001 2412 3651 2500">
    <p class='ocr_par' dir='ltr' id='par_1_58' title="bbox 2001 2412 3651 2500">
     <span class='ocr_line' id='line_1_58' title="bbox 2001 2412 3651 2500; baseline 0.014 -34"><span class='ocrx_word' id='word_1_398' title='bbox 2001 2412 2406 2469; x_wconf 88' lang='lat' dir='ltr'><strong>laborantibus</strong></span> <span class='ocrx_word' id='word_1_399' title='bbox 2456 2416 2515 2470; x_wconf 92' lang='lat' dir='ltr'><strong>in</strong></span> <span class='ocrx_word' id='word_1_400' title='bbox 2565 2418 2804 2474; x_wconf 91' lang='lat' dir='ltr'><strong>castello</strong></span> <span class='ocrx_word' id='word_1_401' title='bbox 2850 2422 3219 2481; x_wconf 89' lang='lat' dir='ltr'><strong>obstitissent</strong></span> <span class='ocrx_word' id='word_1_402' title='bbox 3255 2429 3555 2500; x_wconf 88' lang='lat' dir='ltr'><strong>cadavera,</strong></span> <span class='ocrx_word' id='word_1_403' title='bbox 3589 2432 3651 2488; x_wconf 95' lang='lat' dir='ltr'><strong>in</strong></span> 
     </span>
    </p>
   </div>
   <div class='ocr_carea' id='block_1_59' title="bbox 2003 2502 3655 2591">
    <p class='ocr_par' dir='ltr' id='par_1_59' title="bbox 2003 2502 3655 2591">
     <span class='ocr_line' id='line_1_59' title="bbox 2003 2502 3655 2591; baseline 0.014 -36"><span class='ocrx_word' id='word_1_404' title='bbox 2003 2502 2244 2557; x_wconf 83' lang='lat' dir='ltr'><strong>ﬂumine</strong></span> <span class='ocrx_word' id='word_1_405' title='bbox 2278 2504 2535 2574; x_wconf 88' lang='lat' dir='ltr'><strong>projecta</strong></span> <span class='ocrx_word' id='word_1_406' title='bbox 2565 2511 2721 2562; x_wconf 92' lang='lat' dir='ltr'><strong>sunt.</strong></span> <span class='ocrx_word' id='word_1_407' title='bbox 2756 2508 2958 2565; x_wconf 72' lang='lat' dir='ltr'><strong>Nautze</strong></span> <span class='ocrx_word' id='word_1_408' title='bbox 2988 2528 3142 2580; x_wconf 89' lang='lat' dir='ltr'><strong>vero,</strong></span> <span class='ocrx_word' id='word_1_409' title='bbox 3176 2516 3276 2586; x_wconf 92' lang='lat' dir='ltr'><strong>qui</strong></span> <span class='ocrx_word' id='word_1_410' title='bbox 3307 2516 3367 2572; x_wconf 90' lang='lat' dir='ltr'><strong>in</strong></span> <span class='ocrx_word' id='word_1_411' title='bbox 3397 2519 3538 2591; x_wconf 85' lang='lat' dir='ltr'><strong>fuga</strong></span> <span class='ocrx_word' id='word_1_412' title='bbox 3563 2538 3655 2577; x_wconf 84' lang='lat' dir='ltr'><strong>co-</strong></span> 
     </span>
    </p>
   </div>
   <div class='ocr_carea' id='block_1_60' title="bbox 2004 2589 3654 2675">
    <p class='ocr_par' dir='ltr' id='par_1_60' title="bbox 2004 2589 3654 2675">
     <span class='ocr_line' id='line_1_60' title="bbox 2004 2589 3654 2675; baseline 0.013 -31"><span class='ocrx_word' id='word_1_413' title='bbox 2004 2589 2163 2646; x_wconf 88' lang='lat' dir='ltr'><strong>mitis</strong></span> <span class='ocrx_word' id='word_1_414' title='bbox 2194 2595 2250 2645; x_wconf 92' lang='lat' dir='ltr'><strong>et</strong></span> <span class='ocrx_word' id='word_1_415' title='bbox 2284 2592 2588 2648; x_wconf 87' lang='lat' dir='ltr'><strong>Boimundi</strong></span> <span class='ocrx_word' id='word_1_416' title='bbox 2621 2595 2869 2668; x_wconf 89' lang='lat' dir='ltr'><strong>dispersi</strong></span> <span class='ocrx_word' id='word_1_417' title='bbox 2910 2603 2967 2654; x_wconf 91' lang='lat' dir='ltr'><strong>et</strong></span> <span class='ocrx_word' id='word_1_418' title='bbox 2994 2600 3283 2659; x_wconf 80' lang='lat' dir='ltr'><strong>vulnerati</strong></span> <span class='ocrx_word' id='word_1_419' title='bbox 3312 2589 3562 2675; x_wconf 73' lang='lat' dir='ltr'><strong>fuerant,</strong></span> <span class='ocrx_word' id='word_1_420' title='bbox 3581 2611 3654 2667; x_wconf 92' lang='lat' dir='ltr'><strong>de</strong></span> 
     </span>
    </p>
   </div>
   <div class='ocr_carea' id='block_1_61' title="bbox 2000 2678 3651 2754">
    <p class='ocr_par' dir='ltr' id='par_1_61' title="bbox 2000 2678 3651 2754">
     <span class='ocr_line' id='line_1_61' title="bbox 2000 2678 3651 2754; baseline 0.014 -22"><span class='ocrx_word' id='word_1_421' title='bbox 2000 2678 2242 2734; x_wconf 88' lang='lat' dir='ltr'><strong>victoria</strong></span> <span class='ocrx_word' id='word_1_422' title='bbox 2291 2680 2483 2736; x_wconf 90' lang='lat' dir='ltr'><strong>adhuc</strong></span> <span class='ocrx_word' id='word_1_423' title='bbox 2534 2700 2648 2754; x_wconf 72' lang='lat' dir='ltr'><strong>prie</strong></span> <span class='ocrx_word' id='word_1_424' title='bbox 2695 2684 2904 2742; x_wconf 91' lang='lat' dir='ltr'><strong>timore</strong></span> <span class='ocrx_word' id='word_1_425' title='bbox 2950 2688 3320 2749; x_wconf 89' lang='lat' dir='ltr'><strong>dubitabant.</strong></span> <span class='ocrx_word' id='word_1_426' title='bbox 3354 2695 3424 2751; x_wconf 86' lang='lat' dir='ltr'><strong>Hi</strong></span> <span class='ocrx_word' id='word_1_427' title='bbox 3454 2701 3651 2754; x_wconf 88' lang='lat' dir='ltr'><strong>autem</strong></span> 
     </span>
    </p>
   </div>
   <div class='ocr_carea' id='block_1_62' title="bbox 2000 2767 3651 2856">
    <p class='ocr_par' dir='ltr' id='par_1_62' title="bbox 2000 2767 3651 2856">
     <span class='ocr_line' id='line_1_62' title="bbox 2000 2767 3651 2856; baseline 0.015 -36"><span class='ocrx_word' id='word_1_428' title='bbox 2000 2767 2264 2823; x_wconf 89' lang='lat' dir='ltr'><strong>videntes</strong></span> <span class='ocrx_word' id='word_1_429' title='bbox 2313 2773 2538 2825; x_wconf 89' lang='lat' dir='ltr'><strong>tantam</strong></span> <span class='ocrx_word' id='word_1_430' title='bbox 2590 2772 3050 2846; x_wconf 89' lang='lat' dir='ltr'><strong>multitudinem,</strong></span> <span class='ocrx_word' id='word_1_431' title='bbox 3085 2781 3254 2851; x_wconf 90' lang='lat' dir='ltr'><strong>quasi</strong></span> <span class='ocrx_word' id='word_1_432' title='bbox 3285 2783 3355 2839; x_wconf 91' lang='lat' dir='ltr'><strong>de</strong></span> <span class='ocrx_word' id='word_1_433' title='bbox 3394 2787 3651 2856; x_wconf 88' lang='lat' dir='ltr'><strong>quadam</strong></span> 
     </span>
    </p>
   </div>
   <div class='ocr_carea' id='block_1_63' title="bbox 2002 2855 3654 2942">
    <p class='ocr_par' dir='ltr' id='par_1_63' title="bbox 2002 2855 3654 2942">
     <span class='ocr_line' id='line_1_63' title="bbox 2002 2855 3654 2942; baseline 0.013 -31"><span class='ocrx_word' id='word_1_434' title='bbox 2002 2855 2377 2913; x_wconf 91' lang='lat' dir='ltr'><strong>multitudine</strong></span> <span class='ocrx_word' id='word_1_435' title='bbox 2408 2859 2895 2931; x_wconf 89' lang='lat' dir='ltr'><strong>convalescentes,</strong></span> <span class='ocrx_word' id='word_1_436' title='bbox 2928 2865 3113 2931; x_wconf 85' lang='lat' dir='ltr'><strong>Deum</strong></span> <span class='ocrx_word' id='word_1_437' title='bbox 3137 2855 3516 2942; x_wconf 76' lang='lat' dir='ltr'><strong>magniﬁcare</strong></span> <span class='ocrx_word' id='word_1_438' title='bbox 3545 2891 3654 2931; x_wconf 81' lang='lat' dir='ltr'><strong>cce-</strong></span> 
     </span>
    </p>
   </div>
   <div class='ocr_carea' id='block_1_64' title="bbox 2003 2946 3650 3025">
    <p class='ocr_par' dir='ltr' id='par_1_64' title="bbox 2003 2946 3650 3025">
     <span class='ocr_line' id='line_1_64' title="bbox 2003 2946 3650 3025; baseline 0.015 -28"><span class='ocrx_word' id='word_1_439' title='bbox 2003 2949 2235 3016; x_wconf 90' lang='lat' dir='ltr'><strong>perunt,</strong></span> <span class='ocrx_word' id='word_1_440' title='bbox 2268 2946 2368 3017; x_wconf 92' lang='lat' dir='ltr'><strong>qui</strong></span> <span class='ocrx_word' id='word_1_441' title='bbox 2402 2946 2552 3003; x_wconf 84' lang='lat' dir='ltr'><strong>ﬁlios</strong></span> <span class='ocrx_word' id='word_1_442' title='bbox 2583 2966 2723 3006; x_wconf 92' lang='lat' dir='ltr'><strong>suos</strong></span> <span class='ocrx_word' id='word_1_443' title='bbox 2752 2953 3040 3025; x_wconf 89' lang='lat' dir='ltr'><strong>corrigere</strong></span> <span class='ocrx_word' id='word_1_444' title='bbox 3070 2960 3127 3011; x_wconf 91' lang='lat' dir='ltr'><strong>et</strong></span> <span class='ocrx_word' id='word_1_445' title='bbox 3172 2956 3464 3017; x_wconf 66' lang='lat' dir='ltr'><strong>laetiﬁcare</strong></span> <span class='ocrx_word' id='word_1_446' title='bbox 3511 2979 3650 3020; x_wconf 89' lang='lat' dir='ltr'><strong>cou-</strong></span> 
     </span>
    </p>
   </div>
   <div class='ocr_carea' id='block_1_65' title="bbox 2002 3033 3648 3124">
    <p class='ocr_par' dir='ltr' id='par_1_65' title="bbox 2002 3033 3648 3124">
     <span class='ocr_line' id='line_1_65' title="bbox 2002 3033 3648 3124; baseline 0.012 -37"><span class='ocrx_word' id='word_1_447' title='bbox 2002 3033 2317 3089; x_wconf 87' lang='lat' dir='ltr'><strong>suevit.Sic</strong></span> <span class='ocrx_word' id='word_1_448' title='bbox 2348 3035 2545 3107; x_wconf 88' lang='lat' dir='ltr'><strong>itaque</strong></span> <span class='ocrx_word' id='word_1_449' title='bbox 2576 3038 2677 3093; x_wconf 92' lang='lat' dir='ltr'><strong>Dei</strong></span> <span class='ocrx_word' id='word_1_450' title='bbox 2710 3039 3091 3112; x_wconf 89' lang='lat' dir='ltr'><strong>dispositione</strong></span> <span class='ocrx_word' id='word_1_451' title='bbox 3122 3050 3316 3103; x_wconf 90' lang='lat' dir='ltr'><strong>actum</strong></span> <span class='ocrx_word' id='word_1_452' title='bbox 3343 3053 3433 3105; x_wconf 88' lang='lat' dir='ltr'><strong>est</strong></span> <span class='ocrx_word' id='word_1_453' title='bbox 3455 3055 3520 3105; x_wconf 87' lang='lat' dir='ltr'><strong>ut</strong></span> <span class='ocrx_word' id='word_1_454' title='bbox 3546 3052 3648 3124; x_wconf 91' lang='lat' dir='ltr'><strong>qui</strong></span> 
     </span>
    </p>
   </div>
   <div class='ocr_carea' id='block_1_66' title="bbox 242 3110 3649 3207">
    <p class='ocr_par' dir='ltr' id='par_1_66' title="bbox 242 3110 3649 3207">
     <span class='ocr_line' id='line_1_66' title="bbox 242 3110 3649 3207; baseline 0.012 -50"><span class='ocrx_word' id='word_1_455' title='bbox 242 3120 462 3178; x_wconf 55' lang='lat' dir='ltr'><strong>eadem;</strong></span> <span class='ocrx_word' id='word_1_456' title='bbox 495 3122 708 3177; x_wconf 62' lang='grc' dir='ltr'><strong>Τυτοω</strong></span> <span class='ocrx_word' id='word_1_457' title='bbox 756 3126 952 3178; x_wconf 65' lang='lat' dir='ltr'><strong>autem</strong></span> <span class='ocrx_word' id='word_1_458' title='bbox 998 3123 1347 3193; x_wconf 56' lang='lat' dir='ltr'><strong>discurrere,</strong></span> <span class='ocrx_word' id='word_1_459' title='bbox 1375 3110 1674 3201; x_wconf 40' lang='lat' dir='ltr'><strong>sagittam,</strong></span> <span class='ocrx_word' id='word_1_460' title='bbox 1710 3110 1889 3185; x_wconf 57' lang='lat' dir='ltr'><strong>nimis</strong></span> <span class='ocrx_word' id='word_1_461' title='bbox 1920 3110 1962 3176; x_wconf 89' lang='lat' dir='ltr'><strong>C</strong></span> <span class='ocrx_word' id='word_1_462' title='bbox 2000 3121 2338 3177; x_wconf 90' lang='lat' dir='ltr'><strong>victualium</strong></span> <span class='ocrx_word' id='word_1_463' title='bbox 2372 3125 2777 3193; x_wconf 89' lang='lat' dir='ltr'><strong>conductores,</strong></span> <span class='ocrx_word' id='word_1_464' title='bbox 2811 3128 2869 3184; x_wconf 89' lang='lat' dir='ltr'><strong>in</strong></span> <span class='ocrx_word' id='word_1_465' title='bbox 2901 3128 3095 3187; x_wconf 89' lang='lat' dir='ltr'><strong>littore</strong></span> <span class='ocrx_word' id='word_1_466' title='bbox 3125 3138 3184 3189; x_wconf 90' lang='lat' dir='ltr'><strong>et</strong></span> <span class='ocrx_word' id='word_1_467' title='bbox 3212 3134 3355 3207; x_wconf 90' lang='lat' dir='ltr'><strong>ripis</strong></span> <span class='ocrx_word' id='word_1_468' title='bbox 3387 3137 3649 3198; x_wconf 90' lang='lat' dir='ltr'><strong>ﬂuminis</strong></span> 
     </span>
    </p>
   </div>
   <div class='ocr_carea' id='block_1_67' title="bbox 245 3210 1885 3288">
    <p class='ocr_par' dir='ltr' id='par_1_67' title="bbox 245 3210 1885 3288">
     <span class='ocr_line' id='line_1_67' title="bbox 245 3210 1885 3288; baseline 0.007 -25"><span class='ocrx_word' id='word_1_469' title='bbox 245 3210 514 3267; x_wconf 86' lang='lat' dir='ltr'><strong>audacter</strong></span> <span class='ocrx_word' id='word_1_470' title='bbox 534 3210 867 3278; x_wconf 88' lang='lat' dir='ltr'><strong>incurrere;</strong></span> <span class='ocrx_word' id='word_1_471' title='bbox 889 3216 947 3267; x_wconf 89' lang='lat' dir='ltr'><strong>at</strong></span> <span class='ocrx_word' id='word_1_472' title='bbox 968 3214 1154 3268; x_wconf 90' lang='lat' dir='ltr'><strong>nostri</strong></span> <span class='ocrx_word' id='word_1_473' title='bbox 1173 3214 1469 3271; x_wconf 86' lang='lat' dir='ltr'><strong>interdum</strong></span> <span class='ocrx_word' id='word_1_474' title='bbox 1494 3218 1885 3288; x_wconf 89' lang='lat' dir='ltr'><strong>patiebantur,</strong></span> 
     </span>
    </p>
   </div>
   <div class='ocr_carea' id='block_1_68' title="bbox 248 3296 1888 3380">
    <p class='ocr_par' dir='ltr' id='par_1_68' title="bbox 248 3296 1888 3380">
     <span class='ocr_line' id='line_1_68' title="bbox 248 3296 1888 3380; baseline 0.006 -28"><span class='ocrx_word' id='word_1_475' title='bbox 248 3296 377 3353; x_wconf 88' lang='lat' dir='ltr'><strong>dum</strong></span> <span class='ocrx_word' id='word_1_476' title='bbox 407 3298 675 3355; x_wconf 87' lang='lat' dir='ltr'><strong>densatis</strong></span> <span class='ocrx_word' id='word_1_477' title='bbox 705 3297 1005 3355; x_wconf 89' lang='lat' dir='ltr'><strong>incurrere</strong></span> <span class='ocrx_word' id='word_1_478' title='bbox 1035 3306 1294 3373; x_wconf 87' lang='lat' dir='ltr'><strong>possent,</strong></span> <span class='ocrx_word' id='word_1_479' title='bbox 1319 3321 1424 3359; x_wconf 91' lang='lat' dir='ltr'><strong>nec</strong></span> <span class='ocrx_word' id='word_1_480' title='bbox 1478 3306 1551 3360; x_wconf 93' lang='lat' dir='ltr'><strong>ad</strong></span> <span class='ocrx_word' id='word_1_481' title='bbox 1601 3305 1888 3380; x_wconf 88' lang='lat' dir='ltr'><strong>impetum</strong></span> 
     </span>
    </p>
   </div>
   <div class='ocr_carea' id='block_1_69' title="bbox 250 3386 1892 3451">
    <p class='ocr_par' dir='ltr' id='par_1_69' title="bbox 250 3386 1892 3451">
     <span class='ocr_line' id='line_1_69' title="bbox 250 3386 1892 3451; baseline 0.007 -10"><span class='ocrx_word' id='word_1_482' title='bbox 250 3400 437 3443; x_wconf 85' lang='lat' dir='ltr'><strong>eorum</strong></span> <span class='ocrx_word' id='word_1_483' title='bbox 467 3386 940 3443; x_wconf 88' lang='lat' dir='ltr'><strong>retardabautur.</strong></span> <span class='ocrx_word' id='word_1_484' title='bbox 956 3389 1182 3445; x_wconf 91' lang='lat' dir='ltr'><strong>Tantus</strong></span> <span class='ocrx_word' id='word_1_485' title='bbox 1211 3408 1343 3447; x_wconf 92' lang='lat' dir='ltr'><strong>vero</strong></span> <span class='ocrx_word' id='word_1_486' title='bbox 1377 3392 1573 3450; x_wconf 89' lang='lat' dir='ltr'><strong>luctus</strong></span> <span class='ocrx_word' id='word_1_487' title='bbox 1592 3399 1649 3450; x_wconf 92' lang='lat' dir='ltr'><strong>et</strong></span> <span class='ocrx_word' id='word_1_488' title='bbox 1670 3395 1892 3451; x_wconf 89' lang='lat' dir='ltr'><strong>clamor</strong></span> 
     </span>
    </p>
   </div>
   <div class='ocr_carea' id='block_1_70' title="bbox 250 3470 1889 3557">
    <p class='ocr_par' dir='ltr' id='par_1_70' title="bbox 250 3470 1889 3557">
     <span class='ocr_line' id='line_1_70' title="bbox 250 3470 1889 3557; baseline 0.008 -30"><span class='ocrx_word' id='word_1_489' title='bbox 250 3470 303 3529; x_wconf 92' lang='lat' dir='ltr'><strong>in</strong></span> <span class='ocrx_word' id='word_1_490' title='bbox 331 3473 540 3531; x_wconf 87' lang='lat' dir='ltr'><strong>castris</strong></span> <span class='ocrx_word' id='word_1_491' title='bbox 574 3474 650 3530; x_wconf 87' lang='lat' dir='ltr'><strong>ad</strong></span> <span class='ocrx_word' id='word_1_492' title='bbox 683 3474 868 3532; x_wconf 91' lang='lat' dir='ltr'><strong>Deum</strong></span> <span class='ocrx_word' id='word_1_493' title='bbox 900 3482 1023 3533; x_wconf 90' lang='lat' dir='ltr'><strong>erat</strong></span> <span class='ocrx_word' id='word_1_494' title='bbox 1053 3482 1118 3534; x_wconf 89' lang='lat' dir='ltr'><strong>ut</strong></span> <span class='ocrx_word' id='word_1_495' title='bbox 1146 3479 1449 3536; x_wconf 77' lang='lat' dir='ltr'><strong>afﬂuentia</strong></span> <span class='ocrx_word' id='word_1_496' title='bbox 1496 3481 1889 3557; x_wconf 83' lang='lat' dir='ltr'><strong>lacrymarum</strong></span> 
     </span>
    </p>
   </div>
   <div class='ocr_carea' id='block_1_71' title="bbox 248 3560 1888 3644">
    <p class='ocr_par' dir='ltr' id='par_1_71' title="bbox 248 3560 1888 3644">
     <span class='ocr_line' id='line_1_71' title="bbox 248 3560 1888 3644; baseline 0.008 -28"><span class='ocrx_word' id='word_1_497' title='bbox 248 3560 341 3617; x_wconf 91' lang='lat' dir='ltr'><strong>Dei</strong></span> <span class='ocrx_word' id='word_1_498' title='bbox 370 3562 650 3636; x_wconf 89' lang='lat' dir='ltr'><strong>pietatem</strong></span> <span class='ocrx_word' id='word_1_499' title='bbox 679 3564 1146 3623; x_wconf 90' lang='lat' dir='ltr'><strong>descendendam</strong></span> <span class='ocrx_word' id='word_1_500' title='bbox 1180 3573 1434 3640; x_wconf 89' lang='lat' dir='ltr'><strong>putares.</strong></span> <span class='ocrx_word' id='word_1_501' title='bbox 1464 3570 1726 3644; x_wconf 89' lang='lat' dir='ltr'><strong>Cumque</strong></span> <span class='ocrx_word' id='word_1_502' title='bbox 1760 3574 1888 3644; x_wconf 87' lang='lat' dir='ltr'><strong>jam</strong></span> 
     </span>
    </p>
   </div>
   <div class='ocr_carea' id='block_1_72' title="bbox 248 3651 1890 3729">
    <p class='ocr_par' dir='ltr' id='par_1_72' title="bbox 248 3651 1890 3729">
     <span class='ocr_line' id='line_1_72' title="bbox 248 3651 1890 3729; baseline 0.007 -23"><span class='ocrx_word' id='word_1_503' title='bbox 248 3651 505 3709; x_wconf 86' lang='lat' dir='ltr'><strong>cominus</strong></span> <span class='ocrx_word' id='word_1_504' title='bbox 526 3669 624 3709; x_wconf 90' lang='lat' dir='ltr'><strong>res</strong></span> <span class='ocrx_word' id='word_1_505' title='bbox 641 3654 896 3725; x_wconf 90' lang='lat' dir='ltr'><strong>gerenda</strong></span> <span class='ocrx_word' id='word_1_506' title='bbox 918 3654 1325 3729; x_wconf 80' lang='lat' dir='ltr'><strong>foret,quidam</strong></span> <span class='ocrx_word' id='word_1_507' title='bbox 1345 3658 1622 3717; x_wconf 90' lang='lat' dir='ltr'><strong>Isuardus</strong></span> <span class='ocrx_word' id='word_1_508' title='bbox 1637 3661 1803 3718; x_wconf 90' lang='lat' dir='ltr'><strong>miles</strong></span> <span class='ocrx_word' id='word_1_509' title='bbox 1819 3663 1890 3718; x_wconf 90' lang='lat' dir='ltr'><strong>de</strong></span> 
     </span>
    </p>
   </div>
   <div class='ocr_carea' id='block_1_73' title="bbox 245 3739 1892 3822">
    <p class='ocr_par' dir='ltr' id='par_1_73' title="bbox 245 3739 1892 3822">
     <span class='ocr_line' id='line_1_73' title="bbox 245 3739 1892 3822; baseline 0.008 -29"><span class='ocrx_word' id='word_1_510' title='bbox 245 3739 433 3813; x_wconf 87' lang='lat' dir='ltr'><strong>Gagia,</strong></span> <span class='ocrx_word' id='word_1_511' title='bbox 447 3740 827 3813; x_wconf 89' lang='lat' dir='ltr'><strong>provincialis</strong></span> <span class='ocrx_word' id='word_1_512' title='bbox 858 3743 1435 3811; x_wconf 90' lang='lat' dir='ltr'><strong>nobilissimus,cum</strong></span> <span class='ocrx_word' id='word_1_513' title='bbox 1467 3753 1700 3805; x_wconf 91' lang='lat' dir='ltr'><strong>centum</strong></span> <span class='ocrx_word' id='word_1_514' title='bbox 1724 3750 1892 3822; x_wconf 91' lang='lat' dir='ltr'><strong>quin-</strong></span> 
     </span>
    </p>
   </div>
   <div class='ocr_carea' id='block_1_74' title="bbox 244 3829 1891 3906">
    <p class='ocr_par' dir='ltr' id='par_1_74' title="bbox 244 3829 1891 3906">
     <span class='ocr_line' id='line_1_74' title="bbox 244 3829 1891 3906; baseline 0.007 -22"><span class='ocrx_word' id='word_1_515' title='bbox 244 3829 516 3903; x_wconf 79' lang='lat' dir='ltr'><strong>quaginta</strong></span> <span class='ocrx_word' id='word_1_516' title='bbox 529 3829 849 3902; x_wconf 89' lang='lat' dir='ltr'><strong>peditibus,</strong></span> <span class='ocrx_word' id='word_1_517' title='bbox 872 3832 1133 3888; x_wconf 91' lang='lat' dir='ltr'><strong>iuvocato</strong></span> <span class='ocrx_word' id='word_1_518' title='bbox 1161 3834 1290 3902; x_wconf 91' lang='lat' dir='ltr'><strong>Deo,</strong></span> <span class='ocrx_word' id='word_1_519' title='bbox 1315 3835 1564 3906; x_wconf 89' lang='lat' dir='ltr'><strong>genibus</strong></span> <span class='ocrx_word' id='word_1_520' title='bbox 1595 3838 1778 3905; x_wconf 82' lang='lat' dir='ltr'><strong>ﬂexis,</strong></span> <span class='ocrx_word' id='word_1_521' title='bbox 1803 3857 1891 3895; x_wconf 80' lang='lat' dir='ltr'><strong>so-</strong></span> 
     </span>
    </p>
   </div>
   <div class='ocr_carea' id='block_1_75' title="bbox 246 3914 1890 4000">
    <p class='ocr_par' dir='ltr' id='par_1_75' title="bbox 246 3914 1890 4000">
     <span class='ocr_line' id='line_1_75' title="bbox 246 3914 1890 4000; baseline 0.008 -29"><span class='ocrx_word' id='word_1_522' title='bbox 246 3914 358 3974; x_wconf 89' lang='lat' dir='ltr'><strong>cios</strong></span> <span class='ocrx_word' id='word_1_523' title='bbox 387 3918 661 3976; x_wconf 88' lang='lat' dir='ltr'><strong>hortatus</strong></span> <span class='ocrx_word' id='word_1_524' title='bbox 691 3923 799 3987; x_wconf 90' lang='lat' dir='ltr'><strong>est,</strong></span> <span class='ocrx_word' id='word_1_525' title='bbox 815 3918 1015 3976; x_wconf 91' lang='lat' dir='ltr'><strong>dicens</strong></span> <span class='ocrx_word' id='word_1_526' title='bbox 1038 3937 1051 3975; x_wconf 90' lang='lat'><strong>:</strong></span> <span class='ocrx_word' id='word_1_527' title='bbox 1074 3922 1197 3987; x_wconf 86' lang='lat' dir='ltr'><strong>Eia,</strong></span> <span class='ocrx_word' id='word_1_528' title='bbox 1218 3924 1421 3979; x_wconf 84' lang='lat' dir='ltr'><strong>milites</strong></span> <span class='ocrx_word' id='word_1_529' title='bbox 1451 3924 1685 3983; x_wconf 82' lang='lat' dir='ltr'><strong>Christi!</strong></span> <span class='ocrx_word' id='word_1_530' title='bbox 1708 3929 1890 4000; x_wconf 88' lang='lat' dir='ltr'><strong>Atque</strong></span> 
     </span>
    </p>
   </div>
   <div class='ocr_carea' id='block_1_76' title="bbox 246 4000 1892 4073">
    <p class='ocr_par' dir='ltr' id='par_1_76' title="bbox 246 4000 1892 4073">
     <span class='ocr_line' id='line_1_76' title="bbox 246 4000 1892 4073; baseline 0.009 -14"><span class='ocrx_word' id='word_1_531' title='bbox 246 4000 503 4063; x_wconf 87' lang='lat' dir='ltr'><strong>hostibus</strong></span> <span class='ocrx_word' id='word_1_532' title='bbox 535 4006 819 4064; x_wconf 86' lang='lat' dir='ltr'><strong>incurrit:</strong></span> <span class='ocrx_word' id='word_1_533' title='bbox 844 4007 1113 4065; x_wconf 89' lang='lat' dir='ltr'><strong>similiter</strong></span> <span class='ocrx_word' id='word_1_534' title='bbox 1141 4013 1199 4065; x_wconf 92' lang='lat' dir='ltr'><strong>et</strong></span> <span class='ocrx_word' id='word_1_535' title='bbox 1228 4010 1353 4067; x_wconf 65' lang='lat' dir='ltr'><strong>alias</strong></span> <span class='ocrx_word' id='word_1_536' title='bbox 1383 4013 1537 4069; x_wconf 89' lang='lat' dir='ltr'><strong>acies</strong></span> <span class='ocrx_word' id='word_1_537' title='bbox 1569 4020 1778 4071; x_wconf 64' lang='lat' dir='ltr'><strong>nostra;</strong></span> <span class='ocrx_word' id='word_1_538' title='bbox 1807 4015 1892 4073; x_wconf 92' lang='lat' dir='ltr'><strong>in-</strong></span> 
     </span>
    </p>
   </div>
   <div class='ocr_carea' id='block_1_77' title="bbox 246 4096 1892 4176">
    <p class='ocr_par' dir='ltr' id='par_1_77' title="bbox 246 4096 1892 4176">
     <span class='ocr_line' id='line_1_77' title="bbox 246 4096 1892 4176; baseline 0.009 -28"><span class='ocrx_word' id='word_1_539' title='bbox 246 4100 498 4152; x_wconf 90' lang='lat' dir='ltr'><strong>currunt.</strong></span> <span class='ocrx_word' id='word_1_540' title='bbox 531 4097 809 4153; x_wconf 86' lang='lat' dir='ltr'><strong>Hostium</strong></span> <span class='ocrx_word' id='word_1_541' title='bbox 852 4096 1051 4169; x_wconf 90' lang='lat' dir='ltr'><strong>itaque</strong></span> <span class='ocrx_word' id='word_1_542' title='bbox 1082 4099 1357 4171; x_wconf 90' lang='lat' dir='ltr'><strong>superbia</strong></span> <span class='ocrx_word' id='word_1_543' title='bbox 1385 4102 1689 4173; x_wconf 88' lang='lat' dir='ltr'><strong>turbatur;</strong></span> <span class='ocrx_word' id='word_1_544' title='bbox 1724 4110 1892 4176; x_wconf 90' lang='lat' dir='ltr'><strong>porta</strong></span> 
     </span>
    </p>
   </div>
   <div class='ocr_carea' id='block_1_78' title="bbox 247 4180 1886 4258">
    <p class='ocr_par' dir='ltr' id='par_1_78' title="bbox 247 4180 1886 4258">
     <span class='ocr_line' id='line_1_78' title="bbox 247 4180 1886 4258; baseline 0.007 -22"><span class='ocrx_word' id='word_1_545' title='bbox 247 4180 435 4241; x_wconf 87' lang='lat' dir='ltr'><strong>clausa</strong></span> <span class='ocrx_word' id='word_1_546' title='bbox 462 4190 576 4253; x_wconf 90' lang='lat' dir='ltr'><strong>est,</strong></span> <span class='ocrx_word' id='word_1_547' title='bbox 608 4190 666 4241; x_wconf 90' lang='lat' dir='ltr'><strong>et</strong></span> <span class='ocrx_word' id='word_1_548' title='bbox 693 4201 842 4258; x_wconf 90' lang='lat' dir='ltr'><strong>pons</strong></span> <span class='ocrx_word' id='word_1_549' title='bbox 874 4186 1136 4251; x_wconf 88' lang='lat' dir='ltr'><strong>strictus,</strong></span> <span class='ocrx_word' id='word_1_550' title='bbox 1169 4188 1380 4245; x_wconf 90' lang='lat' dir='ltr'><strong>ﬂuvius</strong></span> <span class='ocrx_word' id='word_1_551' title='bbox 1409 4207 1541 4247; x_wconf 86' lang='lat' dir='ltr'><strong>vero</strong></span> <span class='ocrx_word' id='word_1_552' title='bbox 1572 4192 1886 4250; x_wconf 81' lang='lat' dir='ltr'><strong>maximus.</strong></span> 
     </span>
    </p>
   </div>
   <div class='ocr_carea' id='block_1_79' title="bbox 247 4270 1890 4349">
    <p class='ocr_par' dir='ltr' id='par_1_79' title="bbox 247 4270 1890 4349">
     <span class='ocr_line' id='line_1_79' title="bbox 247 4270 1890 4349; baseline 0.007 -23"><span class='ocrx_word' id='word_1_553' title='bbox 247 4270 384 4336; x_wconf 87' lang='lat' dir='ltr'><strong>Quid</strong></span> <span class='ocrx_word' id='word_1_554' title='bbox 414 4273 642 4346; x_wconf 81' lang='lat' dir='ltr'><strong>igitur?</strong></span> <span class='ocrx_word' id='word_1_555' title='bbox 672 4273 872 4331; x_wconf 89' lang='lat' dir='ltr'><strong>hostes</strong></span> <span class='ocrx_word' id='word_1_556' title='bbox 923 4275 1145 4331; x_wconf 89' lang='lat' dir='ltr'><strong>turbati</strong></span> <span class='ocrx_word' id='word_1_557' title='bbox 1193 4282 1660 4349; x_wconf 90' lang='lat' dir='ltr'><strong>prosternuntur,</strong></span> <span class='ocrx_word' id='word_1_558' title='bbox 1695 4286 1752 4337; x_wconf 90' lang='lat' dir='ltr'><strong>et</strong></span> <span class='ocrx_word' id='word_1_559' title='bbox 1781 4299 1890 4338; x_wconf 69' lang='lat' dir='ltr'><strong>caa-</strong></span> 
     </span>
    </p>
   </div>
   <div class='ocr_carea' id='block_1_80' title="bbox 247 4357 1888 4442">
    <p class='ocr_par' dir='ltr' id='par_1_80' title="bbox 247 4357 1888 4442">
     <span class='ocr_line' id='line_1_80' title="bbox 247 4357 1888 4442; baseline 0.01 -30"><span class='ocrx_word' id='word_1_560' title='bbox 247 4357 476 4428; x_wconf 88' lang='lat' dir='ltr'><strong>duntur,</strong></span> <span class='ocrx_word' id='word_1_561' title='bbox 509 4368 569 4419; x_wconf 94' lang='lat' dir='ltr'><strong>et</strong></span> <span class='ocrx_word' id='word_1_562' title='bbox 599 4362 757 4419; x_wconf 80' lang='lat' dir='ltr'><strong>saxis</strong></span> <span class='ocrx_word' id='word_1_563' title='bbox 791 4363 851 4419; x_wconf 92' lang='lat' dir='ltr'><strong>in</strong></span> <span class='ocrx_word' id='word_1_564' title='bbox 882 4364 1126 4420; x_wconf 91' lang='lat' dir='ltr'><strong>ﬂumine</strong></span> <span class='ocrx_word' id='word_1_565' title='bbox 1157 4365 1507 4437; x_wconf 91' lang='lat' dir='ltr'><strong>obruuntur,</strong></span> <span class='ocrx_word' id='word_1_566' title='bbox 1526 4369 1663 4442; x_wconf 81' lang='lat' dir='ltr'><strong>iuga</strong></span> <span class='ocrx_word' id='word_1_567' title='bbox 1694 4374 1888 4428; x_wconf 87' lang='lat' dir='ltr'><strong>autem</strong></span> 
     </span>
    </p>
   </div>
   <div class='ocr_carea' id='block_1_81' title="bbox 247 4444 1965 4540">
    <p class='ocr_par' dir='ltr' id='par_1_81' title="bbox 247 4444 1965 4540">
     <span class='ocr_line' id='line_1_81' title="bbox 247 4444 1965 4540; baseline 0.009 -39"><span class='ocrx_word' id='word_1_568' title='bbox 247 4444 397 4505; x_wconf 86' lang='lat' dir='ltr'><strong>nulla</strong></span> <span class='ocrx_word' id='word_1_569' title='bbox 425 4454 607 4523; x_wconf 89' lang='lat' dir='ltr'><strong>patet.</strong></span> <span class='ocrx_word' id='word_1_570' title='bbox 623 4452 787 4518; x_wconf 89' lang='lat' dir='ltr'><strong>Quod</strong></span> <span class='ocrx_word' id='word_1_571' title='bbox 811 4451 922 4509; x_wconf 89' lang='lat' dir='ltr'>nisi</span> <span class='ocrx_word' id='word_1_572' title='bbox 948 4453 1266 4509; x_wconf 91' lang='lat' dir='ltr'><strong>Cassianus</strong></span> <span class='ocrx_word' id='word_1_573' title='bbox 1288 4456 1483 4526; x_wconf 89' lang='lat' dir='ltr'><strong>pontis</strong></span> <span class='ocrx_word' id='word_1_574' title='bbox 1505 4464 1730 4529; x_wconf 86' lang='lat' dir='ltr'><strong>portam</strong></span> <span class='ocrx_word' id='word_1_575' title='bbox 1754 4477 1887 4532; x_wconf 91' lang='lat' dir='ltr'><strong>ape-</strong></span> <span class='ocrx_word' id='word_1_576' title='bbox 1923 4476 1965 4540; x_wconf 78' lang='grc' dir='ltr'>υ</span> 
     </span>
    </p>
   </div>
   <div class='ocr_carea' id='block_1_82' title="bbox 247 4535 1887 4613">
    <p class='ocr_par' dir='ltr' id='par_1_82' title="bbox 247 4535 1887 4613">
     <span class='ocr_line' id='line_1_82' title="bbox 247 4535 1887 4613; baseline 0.009 -22"><span class='ocrx_word' id='word_1_577' title='bbox 247 4535 470 4605; x_wconf 77' lang='lat' dir='ltr'><strong>ruisset,</strong></span> <span class='ocrx_word' id='word_1_578' title='bbox 502 4538 607 4596; x_wconf 85' lang='lat' dir='ltr'><strong>illa</strong></span> <span class='ocrx_word' id='word_1_579' title='bbox 636 4539 729 4596; x_wconf 91' lang='lat' dir='ltr'><strong>die</strong></span> <span class='ocrx_word' id='word_1_580' title='bbox 759 4540 831 4596; x_wconf 93' lang='lat' dir='ltr'><strong>de</strong></span> <span class='ocrx_word' id='word_1_581' title='bbox 858 4541 1167 4597; x_wconf 86' lang='lat' dir='ltr'><strong>Antiochia</strong></span> <span class='ocrx_word' id='word_1_582' title='bbox 1199 4559 1400 4613; x_wconf 87' lang='lat' dir='ltr'><strong>pacem</strong></span> <span class='ocrx_word' id='word_1_583' title='bbox 1450 4544 1887 4605; x_wconf 91' lang='lat' dir='ltr'><strong>habuissemus.</strong></span> 
     </span>
    </p>
   </div>
   <div class='ocr_carea' id='block_1_83' title="bbox 244 4623 1889 4710">
    <p class='ocr_par' dir='ltr' id='par_1_83' title="bbox 244 4623 1889 4710">
     <span class='ocr_line' id='line_1_83' title="bbox 244 4623 1889 4710; baseline 0.008 -30"><span class='ocrx_word' id='word_1_584' title='bbox 244 4623 440 4681; x_wconf 84' lang='lat' dir='ltr'><strong>Audivi</strong></span> <span class='ocrx_word' id='word_1_585' title='bbox 469 4644 579 4701; x_wconf 84' lang='lat' dir='ltr'><strong>ego</strong></span> <span class='ocrx_word' id='word_1_586' title='bbox 608 4645 644 4684; x_wconf 90' lang='lat' dir='ltr'><strong>a</strong></span> <span class='ocrx_word' id='word_1_587' title='bbox 673 4628 898 4697; x_wconf 91' lang='lat' dir='ltr'><strong>multis,</strong></span> <span class='ocrx_word' id='word_1_588' title='bbox 928 4629 1029 4701; x_wconf 92' lang='lat' dir='ltr'><strong>qui</strong></span> <span class='ocrx_word' id='word_1_589' title='bbox 1061 4629 1141 4685; x_wconf 91' lang='lat' dir='ltr'><strong>ibi</strong></span> <span class='ocrx_word' id='word_1_590' title='bbox 1185 4631 1600 4706; x_wconf 82' lang='lat' dir='ltr'><strong>fuerunt,quod</strong></span> <span class='ocrx_word' id='word_1_591' title='bbox 1643 4636 1889 4710; x_wconf 87' lang='lat' dir='ltr'><strong>triginta</strong></span> 
     </span>
    </p>
   </div>
   <div class='ocr_carea' id='block_1_84' title="bbox 245 4709 1888 4795">
    <p class='ocr_par' dir='ltr' id='par_1_84' title="bbox 245 4709 1888 4795">
     <span class='ocr_line' id='line_1_84' title="bbox 245 4709 1888 4795; baseline 0.01 -29"><span class='ocrx_word' id='word_1_592' title='bbox 245 4709 454 4771; x_wconf 88' lang='lat' dir='ltr'><strong>Turcos</strong></span> <span class='ocrx_word' id='word_1_593' title='bbox 484 4721 542 4772; x_wconf 88' lang='lat' dir='ltr'><strong>et</strong></span> <span class='ocrx_word' id='word_1_594' title='bbox 560 4716 919 4790; x_wconf 86' lang='lat' dir='ltr'><strong>amplius,de</strong></span> <span class='ocrx_word' id='word_1_595' title='bbox 938 4723 1112 4790; x_wconf 90' lang='lat' dir='ltr'><strong>ponte</strong></span> <span class='ocrx_word' id='word_1_596' title='bbox 1141 4721 1397 4792; x_wconf 90' lang='lat' dir='ltr'><strong>sumptis</strong></span> <span class='ocrx_word' id='word_1_597' title='bbox 1413 4724 1798 4795; x_wconf 90' lang='lat' dir='ltr'><strong>spondalibus</strong></span> <span class='ocrx_word' id='word_1_598' title='bbox 1827 4726 1888 4782; x_wconf 91' lang='lat' dir='ltr'><strong>in</strong></span> 
     </span>
    </p>
   </div>
   <div class='ocr_carea' id='block_1_85' title="bbox 247 4796 1887 4871">
    <p class='ocr_par' dir='ltr' id='par_1_85' title="bbox 247 4796 1887 4871">
     <span class='ocr_line' id='line_1_85' title="bbox 247 4796 1887 4871; baseline 0.01 -17"><span class='ocrx_word' id='word_1_599' title='bbox 247 4796 475 4860; x_wconf 86' lang='lat' dir='ltr'><strong>ﬂumine</strong></span> <span class='ocrx_word' id='word_1_600' title='bbox 505 4805 864 4863; x_wconf 89' lang='lat' dir='ltr'><strong>obruissent.</strong></span> <span class='ocrx_word' id='word_1_601' title='bbox 899 4806 1121 4863; x_wconf 89' lang='lat' dir='ltr'><strong>Claruit</strong></span> <span class='ocrx_word' id='word_1_602' title='bbox 1142 4806 1221 4863; x_wconf 92' lang='lat' dir='ltr'><strong>ibi</strong></span> <span class='ocrx_word' id='word_1_603' title='bbox 1252 4808 1508 4867; x_wconf 90' lang='lat' dir='ltr'><strong>multum</strong></span> <span class='ocrx_word' id='word_1_604' title='bbox 1539 4813 1656 4869; x_wconf 85' lang='lat' dir='ltr'><strong>dux</strong></span> <span class='ocrx_word' id='word_1_605' title='bbox 1676 4815 1887 4871; x_wconf 84' lang='lat' dir='ltr'><strong>Lotha-</strong></span> 
     </span>
    </p>
   </div>
   <div class='ocr_carea' id='block_1_86' title="bbox 248 4887 1891 4973">
    <p class='ocr_par' dir='ltr' id='par_1_86' title="bbox 248 4887 1891 4973">
     <span class='ocr_line' id='line_1_86' title="bbox 248 4887 1891 4973; baseline 0.01 -30"><span class='ocrx_word' id='word_1_606' title='bbox 248 4887 454 4962; x_wconf 70' lang='lat' dir='ltr'><strong>riugie.</strong></span> <span class='ocrx_word' id='word_1_607' title='bbox 488 4893 596 4949; x_wconf 84' lang='lat' dir='ltr'><strong>Hic</strong></span> <span class='ocrx_word' id='word_1_608' title='bbox 626 4911 885 4968; x_wconf 88' lang='lat' dir='ltr'><strong>namque</strong></span> <span class='ocrx_word' id='word_1_609' title='bbox 914 4896 1115 4953; x_wconf 90' lang='lat' dir='ltr'><strong>hostes</strong></span> <span class='ocrx_word' id='word_1_610' title='bbox 1146 4898 1216 4953; x_wconf 91' lang='lat' dir='ltr'><strong>ad</strong></span> <span class='ocrx_word' id='word_1_611' title='bbox 1242 4902 1478 4971; x_wconf 67' lang='lat' dir='ltr'><strong>pontem</strong></span> <span class='ocrx_word' id='word_1_612' title='bbox 1509 4904 1891 4973; x_wconf 46' lang='lat' dir='ltr'><strong>praevenit,“-</strong></span> 
     </span>
    </p>
   </div>
   <div class='ocr_carea' id='block_1_87' title="bbox 247 4983 1886 5058">
    <p class='ocr_par' dir='ltr' id='par_1_87' title="bbox 247 4983 1886 5058">
     <span class='ocr_line' id='line_1_87' title="bbox 247 4983 1886 5058; baseline 0.009 -24"><span class='ocrx_word' id='word_1_613' title='bbox 247 4988 351 5048; x_wconf 83' lang='lat' dir='ltr'><strong>quo</strong></span> <span class='ocrx_word' id='word_1_614' title='bbox 377 4995 620 5038; x_wconf 85' lang='lat' dir='ltr'><strong>ascenso</strong></span> <span class='ocrx_word' id='word_1_615' title='bbox 641 4983 828 5056; x_wconf 90' lang='lat' dir='ltr'><strong>gradu</strong></span> <span class='ocrx_word' id='word_1_616' title='bbox 851 4985 1148 5042; x_wconf 89' lang='lat' dir='ltr'><strong>venientes</strong></span> <span class='ocrx_word' id='word_1_617' title='bbox 1168 5002 1272 5058; x_wconf 89' lang='lat' dir='ltr'><strong>per</strong></span> <span class='ocrx_word' id='word_1_618' title='bbox 1290 4988 1552 5044; x_wconf 92' lang='lat' dir='ltr'><strong>medium</strong></span> <span class='ocrx_word' id='word_1_619' title='bbox 1573 4991 1886 5048; x_wconf 87' lang='lat' dir='ltr'><strong>dividebat.</strong></span> 
     </span>
    </p>
   </div>
   <div class='ocr_carea' id='block_1_88' title="bbox 248 5062 1882 5150">
    <p class='ocr_par' dir='ltr' id='par_1_88' title="bbox 248 5062 1882 5150">
     <span class='ocr_line' id='line_1_88' title="bbox 248 5062 1882 5150; baseline 0.012 -33"><span class='ocrx_word' id='word_1_620' title='bbox 248 5062 532 5125; x_wconf 86' lang='lat' dir='ltr'><strong>Celebrata</strong></span> <span class='ocrx_word' id='word_1_621' title='bbox 560 5069 760 5143; x_wconf 89' lang='lat' dir='ltr'><strong>itaque</strong></span> <span class='ocrx_word' id='word_1_622' title='bbox 789 5072 1033 5129; x_wconf 88' lang='lat' dir='ltr'><strong>victoria</strong></span> <span class='ocrx_word' id='word_1_623' title='bbox 1062 5090 1196 5130; x_wconf 92' lang='lat' dir='ltr'><strong>cum</strong></span> <span class='ocrx_word' id='word_1_624' title='bbox 1218 5073 1442 5148; x_wconf 91' lang='lat' dir='ltr'><strong>ingenti</strong></span> <span class='ocrx_word' id='word_1_625' title='bbox 1474 5080 1882 5150; x_wconf 87' lang='lat' dir='ltr'><strong>exsultatione,</strong></span> 
     </span>
    </p>
   </div>
   <div class='ocr_carea' id='block_1_89' title="bbox 247 5153 1887 5234">
    <p class='ocr_par' dir='ltr' id='par_1_89' title="bbox 247 5153 1887 5234">
     <span class='ocr_line' id='line_1_89' title="bbox 247 5153 1887 5234; baseline 0.013 -30"><span class='ocrx_word' id='word_1_626' title='bbox 247 5153 299 5204; x_wconf 85' lang='lat' dir='ltr'><strong>et</strong></span> <span class='ocrx_word' id='word_1_627' title='bbox 325 5155 527 5213; x_wconf 87' lang='lat' dir='ltr'><strong>multis</strong></span> <span class='ocrx_word' id='word_1_628' title='bbox 558 5159 786 5231; x_wconf 87' lang='lat' dir='ltr'><strong>spoliis,</strong></span> <span class='ocrx_word' id='word_1_629' title='bbox 818 5165 876 5217; x_wconf 88' lang='lat' dir='ltr'><strong>et</strong></span> <span class='ocrx_word' id='word_1_630' title='bbox 903 5160 1072 5234; x_wconf 90' lang='lat' dir='ltr'><strong>equis</strong></span> <span class='ocrx_word' id='word_1_631' title='bbox 1101 5162 1323 5230; x_wconf 90' lang='lat' dir='ltr'><strong>multis,</strong></span> <span class='ocrx_word' id='word_1_632' title='bbox 1357 5166 1543 5221; x_wconf 90' lang='lat' dir='ltr'><strong>nostri</strong></span> <span class='ocrx_word' id='word_1_633' title='bbox 1575 5168 1646 5222; x_wconf 91' lang='lat' dir='ltr'><strong>ad</strong></span> <span class='ocrx_word' id='word_1_634' title='bbox 1694 5173 1887 5225; x_wconf 89' lang='lat' dir='ltr'><strong>castra</strong></span> 
     </span>
    </p>
   </div>
   <div class='ocr_carea' id='block_1_90' title="bbox 247 5241 1882 5328">
    <p class='ocr_par' dir='ltr' id='par_1_90' title="bbox 247 5241 1882 5328">
     <span class='ocr_line' id='line_1_90' title="bbox 247 5241 1882 5328; baseline 0.01 -32"><span class='ocrx_word' id='word_1_635' title='bbox 247 5241 500 5328; x_wconf 82' lang='lat' dir='ltr'><strong>redeunt.</strong></span> <span class='ocrx_word' id='word_1_636' title='bbox 528 5247 786 5323; x_wconf 85' lang='lat' dir='ltr'><strong>Contigit</strong></span> <span class='ocrx_word' id='word_1_637' title='bbox 825 5249 906 5306; x_wconf 90' lang='lat' dir='ltr'>ibi</span> <span class='ocrx_word' id='word_1_638' title='bbox 948 5250 1244 5323; x_wconf 89' lang='lat' dir='ltr'><strong>quoddam</strong></span> <span class='ocrx_word' id='word_1_639' title='bbox 1291 5254 1691 5321; x_wconf 90' lang='lat' dir='ltr'><strong>memorabile,</strong></span> <span class='ocrx_word' id='word_1_640' title='bbox 1726 5259 1882 5328; x_wconf 91' lang='lat' dir='ltr'><strong>quod</strong></span> 
     </span>
    </p>
   </div>
   <div class='ocr_carea' id='block_1_91' title="bbox 248 5327 1883 5418">
    <p class='ocr_par' dir='ltr' id='par_1_91' title="bbox 248 5327 1883 5418">
     <span class='ocr_line' id='line_1_91' title="bbox 248 5327 1883 5418; baseline 0.013 -37"><span class='ocrx_word' id='word_1_641' title='bbox 248 5327 463 5388; x_wconf 89' lang='lat' dir='ltr'><strong>utinam</strong></span> <span class='ocrx_word' id='word_1_642' title='bbox 490 5337 595 5408; x_wconf 90' lang='lat' dir='ltr'><strong>qui</strong></span> <span class='ocrx_word' id='word_1_643' title='bbox 627 5355 732 5394; x_wconf 91' lang='lat' dir='ltr'><strong>nos</strong></span> <span class='ocrx_word' id='word_1_644' title='bbox 763 5340 890 5395; x_wconf 90' lang='lat' dir='ltr'>suis</span> <span class='ocrx_word' id='word_1_645' title='bbox 919 5345 1357 5413; x_wconf 88' lang='lat' dir='ltr'><strong>prosequuntur</strong></span> <span class='ocrx_word' id='word_1_646' title='bbox 1383 5327 1760 5412; x_wconf 14' lang='lat' dir='ltr'><strong>votis,videreﬁ</strong></span> <span class='ocrx_word' id='word_1_647' title='bbox 1782 5363 1883 5418; x_wconf 94' lang='lat' dir='ltr'><strong>po-</strong></span> 
     </span>
    </p>
   </div>
   <div class='ocr_carea' id='block_1_92' title="bbox 246 5417 1884 5502">
    <p class='ocr_par' dir='ltr' id='par_1_92' title="bbox 246 5417 1884 5502">
     <span class='ocr_line' id='line_1_92' title="bbox 246 5417 1884 5502; baseline 0.013 -32"><span class='ocrx_word' id='word_1_648' title='bbox 246 5417 515 5480; x_wconf 80' lang='lat' dir='ltr'><strong>tuissent!</strong></span> <span class='ocrx_word' id='word_1_649' title='bbox 553 5427 804 5492; x_wconf 86' lang='lat' dir='ltr'><strong>Quidam</strong></span> <span class='ocrx_word' id='word_1_650' title='bbox 834 5429 993 5485; x_wconf 92' lang='lat' dir='ltr'><strong>enim</strong></span> <span class='ocrx_word' id='word_1_651' title='bbox 1025 5445 1226 5484; x_wconf 90' lang='lat' dir='ltr'><strong>eorum</strong></span> <span class='ocrx_word' id='word_1_652' title='bbox 1257 5446 1455 5502; x_wconf 90' lang='lat' dir='ltr'><strong>eques,</strong></span> <span class='ocrx_word' id='word_1_653' title='bbox 1488 5432 1697 5490; x_wconf 88' lang='lat' dir='ltr'><strong>timore</strong></span> <span class='ocrx_word' id='word_1_654' title='bbox 1728 5417 1884 5491; x_wconf 84' lang='lat' dir='ltr'><strong>mor-</strong></span> 
     </span>
    </p>
   </div>
   <div class='ocr_carea' id='block_1_93' title="bbox 245 5502 1881 5594">
    <p class='ocr_par' dir='ltr' id='par_1_93' title="bbox 245 5502 1881 5594">
     <span class='ocr_line' id='line_1_93' title="bbox 245 5502 1881 5594; baseline 0.012 -35"><span class='ocrx_word' id='word_1_655' title='bbox 245 5502 335 5574; x_wconf 87' lang='lat' dir='ltr'><strong>tis,</strong></span> <span class='ocrx_word' id='word_1_656' title='bbox 357 5509 499 5568; x_wconf 89' lang='lat' dir='ltr'>dum</span> <span class='ocrx_word' id='word_1_657' title='bbox 518 5530 776 5590; x_wconf 70' lang='lat' dir='ltr'><strong>praeceps</strong></span> <span class='ocrx_word' id='word_1_658' title='bbox 796 5517 1154 5591; x_wconf 86' lang='lat' dir='ltr'><strong>profundum</strong></span> <span class='ocrx_word' id='word_1_659' title='bbox 1176 5518 1439 5575; x_wconf 90' lang='lat' dir='ltr'><strong>ﬂuminis</strong></span> <span class='ocrx_word' id='word_1_660' title='bbox 1460 5519 1881 5594; x_wconf 90' lang='lat' dir='ltr'><strong>ingrederetur,</strong></span> 
     </span>
    </p>
   </div>
   <div class='ocr_carea' id='block_1_94' title="bbox 2000 3212 3647 3291">
    <p class='ocr_par' dir='ltr' id='par_1_94' title="bbox 2000 3212 3647 3291">
     <span class='ocr_line' id='line_1_94' title="bbox 2000 3212 3647 3291; baseline 0.012 -26"><span class='ocrx_word' id='word_1_661' title='bbox 2000 3212 2497 3283; x_wconf 81' lang='lat' dir='ltr'><strong>peremptor,feris</strong></span> <span class='ocrx_word' id='word_1_662' title='bbox 2526 3218 2583 3269; x_wconf 91' lang='lat' dir='ltr'><strong>et</strong></span> <span class='ocrx_word' id='word_1_663' title='bbox 2612 3214 2947 3274; x_wconf 89' lang='lat' dir='ltr'><strong>volucribus</strong></span> <span class='ocrx_word' id='word_1_664' title='bbox 2967 3220 3333 3291; x_wconf 90' lang='lat' dir='ltr'><strong>dederant,in</strong></span> <span class='ocrx_word' id='word_1_665' title='bbox 3362 3225 3504 3283; x_wconf 90' lang='lat' dir='ltr'><strong>locis</strong></span> <span class='ocrx_word' id='word_1_666' title='bbox 3534 3229 3647 3285; x_wconf 91' lang='lat' dir='ltr'>eis-</span> 
     </span>
    </p>
   </div>
   <div class='ocr_carea' id='block_1_95' title="bbox 1999 3298 3649 3374">
    <p class='ocr_par' dir='ltr' id='par_1_95' title="bbox 1999 3298 3649 3374">
     <span class='ocr_line' id='line_1_95' title="bbox 1999 3298 3649 3374; baseline 0.013 -21"><span class='ocrx_word' id='word_1_667' title='bbox 1999 3298 2131 3354; x_wconf 93' lang='lat' dir='ltr'><strong>dem</strong></span> <span class='ocrx_word' id='word_1_668' title='bbox 2166 3300 2302 3355; x_wconf 85' lang='lat' dir='ltr'><strong>feris</strong></span> <span class='ocrx_word' id='word_1_669' title='bbox 2332 3306 2388 3356; x_wconf 91' lang='lat' dir='ltr'><strong>et</strong></span> <span class='ocrx_word' id='word_1_670' title='bbox 2414 3301 2747 3360; x_wconf 89' lang='lat' dir='ltr'><strong>volucribus</strong></span> <span class='ocrx_word' id='word_1_671' title='bbox 2778 3305 3054 3363; x_wconf 90' lang='lat' dir='ltr'><strong>victualia</strong></span> <span class='ocrx_word' id='word_1_672' title='bbox 3096 3311 3318 3367; x_wconf 83' lang='lat' dir='ltr'><strong>ﬂerent.</strong></span> <span class='ocrx_word' id='word_1_673' title='bbox 3350 3314 3649 3374; x_wconf 74' lang='lat' dir='ltr'><strong>Celebrate</strong></span> 
     </span>
    </p>
   </div>
   <div class='ocr_carea' id='block_1_96' title="bbox 2000 3386 3648 3472">
    <p class='ocr_par' dir='ltr' id='par_1_96' title="bbox 2000 3386 3648 3472">
     <span class='ocr_line' id='line_1_96' title="bbox 2000 3386 3648 3472; baseline 0.013 -31"><span class='ocrx_word' id='word_1_674' title='bbox 2000 3386 2196 3459; x_wconf 88' lang='lat' dir='ltr'><strong>itaque</strong></span> <span class='ocrx_word' id='word_1_675' title='bbox 2224 3393 2281 3443; x_wconf 89' lang='lat' dir='ltr'><strong>et</strong></span> <span class='ocrx_word' id='word_1_676' title='bbox 2312 3389 2544 3462; x_wconf 88' lang='lat' dir='ltr'><strong>cognita</strong></span> <span class='ocrx_word' id='word_1_677' title='bbox 2568 3391 2892 3464; x_wconf 87' lang='lat' dir='ltr'><strong>victoria,et</strong></span> <span class='ocrx_word' id='word_1_678' title='bbox 2913 3401 3102 3454; x_wconf 90' lang='lat' dir='ltr'><strong>castro</strong></span> <span class='ocrx_word' id='word_1_679' title='bbox 3134 3399 3648 3472; x_wconf 69' lang='lat' dir='ltr'><strong>aadilicato,civitas</strong></span> 
     </span>
    </p>
   </div>
   <div class='ocr_carea' id='block_1_97' title="bbox 1997 3477 3572 3551">
    <p class='ocr_par' dir='ltr' id='par_1_97' title="bbox 1997 3477 3572 3551">
     <span class='ocr_line' id='line_1_97' title="bbox 1997 3477 3572 3551; baseline 0.013 -21"><span class='ocrx_word' id='word_1_680' title='bbox 1997 3477 2314 3533; x_wconf 75' lang='lat' dir='ltr'><strong>Antiochiae</strong></span> <span class='ocrx_word' id='word_1_681' title='bbox 2345 3496 2378 3532; x_wconf 87' lang='lat' dir='ltr'><strong>a</strong></span> <span class='ocrx_word' id='word_1_682' title='bbox 2404 3480 2798 3551; x_wconf 89' lang='lat' dir='ltr'><strong>septentrione</strong></span> <span class='ocrx_word' id='word_1_683' title='bbox 2828 3488 2884 3538; x_wconf 89' lang='lat' dir='ltr'><strong>et</strong></span> <span class='ocrx_word' id='word_1_684' title='bbox 2914 3485 3157 3543; x_wconf 90' lang='lat' dir='ltr'><strong>meridie</strong></span> <span class='ocrx_word' id='word_1_685' title='bbox 3186 3489 3428 3548; x_wconf 90' lang='lat' dir='ltr'><strong>obsessa</strong></span> <span class='ocrx_word' id='word_1_686' title='bbox 3464 3499 3572 3551; x_wconf 89' lang='lat' dir='ltr'><strong>est.</strong></span> 
     </span>
    </p>
   </div>
   <div class='ocr_carea' id='block_1_98' title="bbox 2638 3570 2997 3629">
    <p class='ocr_par' dir='ltr' id='par_1_98' title="bbox 2638 3570 2997 3629">
     <span class='ocr_line' id='line_1_98' title="bbox 2638 3570 2997 3629; baseline 0.011 -4"><span class='ocrx_word' id='word_1_687' title='bbox 2638 3570 2867 3628; x_wconf 87' lang='lat' dir='ltr'><strong>CAPUT</strong></span> <span class='ocrx_word' id='word_1_688' title='bbox 2906 3574 2997 3629; x_wconf 92' lang='lat' dir='ltr'><strong>XI.</strong></span> 
     </span>
    </p>
   </div>
   <div class='ocr_carea' id='block_1_99' title="bbox 2070 3654 3646 3744">
    <p class='ocr_par' dir='ltr' id='par_1_99' title="bbox 2070 3654 3646 3744">
     <span class='ocr_line' id='line_1_99' title="bbox 2070 3654 3646 3744; baseline 0.014 -36"><span class='ocrx_word' id='word_1_689' title='bbox 2070 3654 2415 3710; x_wconf 87' lang='lat' dir='ltr'><strong>Consultum</strong></span> <span class='ocrx_word' id='word_1_690' title='bbox 2445 3661 2535 3713; x_wconf 87' lang='lat' dir='ltr'><strong>est</strong></span> <span class='ocrx_word' id='word_1_691' title='bbox 2564 3674 2630 3713; x_wconf 90' lang='lat' dir='ltr'><strong>eo</strong></span> <span class='ocrx_word' id='word_1_692' title='bbox 2661 3662 2923 3733; x_wconf 89' lang='lat' dir='ltr'><strong>tempore</strong></span> <span class='ocrx_word' id='word_1_693' title='bbox 2946 3663 3079 3735; x_wconf 90' lang='lat' dir='ltr'><strong>quis</strong></span> <span class='ocrx_word' id='word_1_694' title='bbox 3099 3666 3171 3721; x_wconf 90' lang='lat' dir='ltr'><strong>de</strong></span> <span class='ocrx_word' id='word_1_695' title='bbox 3191 3667 3557 3744; x_wconf 90' lang='lat' dir='ltr'><strong>principibus</strong></span> <span class='ocrx_word' id='word_1_696' title='bbox 3574 3674 3646 3730; x_wconf 85' lang='lat' dir='ltr'><strong>ad</strong></span> 
     </span>
    </p>
   </div>
   <div class='ocr_carea' id='block_1_100' title="bbox 1998 3744 3648 3835">
    <p class='ocr_par' dir='ltr' id='par_1_100' title="bbox 1998 3744 3648 3835">
     <span class='ocr_line' id='line_1_100' title="bbox 1998 3744 3648 3835; baseline 0.012 -36"><span class='ocrx_word' id='word_1_697' title='bbox 1998 3744 2449 3799; x_wconf 90' lang='lat' dir='ltr'><strong>custodiendum</strong></span> <span class='ocrx_word' id='word_1_698' title='bbox 2496 3751 2756 3803; x_wconf 86' lang='lat' dir='ltr'><strong>castrum</strong></span> <span class='ocrx_word' id='word_1_699' title='bbox 2804 3750 3057 3823; x_wconf 88' lang='lat' dir='ltr'><strong>migrare</strong></span> <span class='ocrx_word' id='word_1_700' title='bbox 3098 3757 3405 3826; x_wconf 90' lang='lat' dir='ltr'><strong>potuisset,</strong></span> <span class='ocrx_word' id='word_1_701' title='bbox 3429 3760 3648 3835; x_wconf 89' lang='lat' dir='ltr'><strong>quippe</strong></span> 
     </span>
    </p>
   </div>
   <div class='ocr_carea' id='block_1_101' title="bbox 1997 3834 3649 3915">
    <p class='ocr_par' dir='ltr' id='par_1_101' title="bbox 1997 3834 3649 3915">
     <span class='ocr_line' id='line_1_101' title="bbox 1997 3834 3649 3915; baseline 0.013 -29"><span class='ocrx_word' id='word_1_702' title='bbox 1997 3849 2081 3887; x_wconf 90' lang='lat' dir='ltr'><strong>res</strong></span> <span class='ocrx_word' id='word_1_703' title='bbox 2111 3835 2413 3888; x_wconf 80' lang='lat' dir='ltr'><strong>communis</strong></span> <span class='ocrx_word' id='word_1_704' title='bbox 2438 3834 2693 3905; x_wconf 83' lang='lat' dir='ltr'><strong>pluribus</strong></span> <span class='ocrx_word' id='word_1_705' title='bbox 2719 3839 3032 3910; x_wconf 83' lang='lat' dir='ltr'><strong>frequenter</strong></span> <span class='ocrx_word' id='word_1_706' title='bbox 3055 3844 3515 3915; x_wconf 84' lang='lat' dir='ltr'><strong>negligitur,dum</strong></span> <span class='ocrx_word' id='word_1_707' title='bbox 3543 3834 3649 3907; x_wconf 72' lang='lat' dir='ltr'><strong>alii</strong></span> 
     </span>
    </p>
   </div>
   <div class='ocr_carea' id='block_1_102' title="bbox 1997 3922 3646 4007">
    <p class='ocr_par' dir='ltr' id='par_1_102' title="bbox 1997 3922 3646 4007">
     <span class='ocr_line' id='line_1_102' title="bbox 1997 3922 3646 4007; baseline 0.013 -32"><span class='ocrx_word' id='word_1_708' title='bbox 1997 3922 2066 3976; x_wconf 87' lang='lat' dir='ltr'><strong>ab</strong></span> <span class='ocrx_word' id='word_1_709' title='bbox 2099 3923 2228 3977; x_wconf 87' lang='lat' dir='ltr'><strong>aliis</strong></span> <span class='ocrx_word' id='word_1_710' title='bbox 2256 3922 2519 3978; x_wconf 86' lang='lat' dir='ltr'><strong>custodiri</strong></span> <span class='ocrx_word' id='word_1_711' title='bbox 2561 3940 2681 3979; x_wconf 85' lang='lat' dir='ltr'><strong>eam</strong></span> <span class='ocrx_word' id='word_1_712' title='bbox 2722 3927 3085 3985; x_wconf 84' lang='lat' dir='ltr'><strong>arbitrantur.</strong></span> <span class='ocrx_word' id='word_1_713' title='bbox 3118 3932 3386 4007; x_wconf 91' lang='lat' dir='ltr'><strong>Dumque</strong></span> <span class='ocrx_word' id='word_1_714' title='bbox 3430 3937 3529 3994; x_wconf 88' lang='lat' dir='ltr'><strong>alii</strong></span> <span class='ocrx_word' id='word_1_715' title='bbox 3574 3940 3646 3996; x_wconf 91' lang='lat' dir='ltr'><strong>de</strong></span> 
     </span>
    </p>
   </div>
   <div class='ocr_carea' id='block_1_103' title="bbox 1998 4010 3645 4099">
    <p class='ocr_par' dir='ltr' id='par_1_103' title="bbox 1998 4010 3645 4099">
     <span class='ocr_line' id='line_1_103' title="bbox 1998 4010 3645 4099; baseline 0.014 -37"><span class='ocrx_word' id='word_1_716' title='bbox 1998 4010 2559 4082; x_wconf 89' lang='lat' dir='ltr'><strong>principibus,quasi</strong></span> <span class='ocrx_word' id='word_1_717' title='bbox 2586 4030 2688 4083; x_wconf 91' lang='lat' dir='ltr'><strong>pro</strong></span> <span class='ocrx_word' id='word_1_718' title='bbox 2720 4018 3251 4092; x_wconf 90' lang='lat' dir='ltr'><strong>mercede,vigilum</strong></span> <span class='ocrx_word' id='word_1_719' title='bbox 3274 4024 3553 4099; x_wconf 78' lang='lat' dir='ltr'><strong>suti&#39;ragia</strong></span> <span class='ocrx_word' id='word_1_720' title='bbox 3573 4028 3645 4084; x_wconf 86' lang='lat' dir='ltr'><strong>ab</strong></span> 
     </span>
    </p>
   </div>
   <div class='ocr_carea' id='block_1_104' title="bbox 1998 4098 3643 4185">
    <p class='ocr_par' dir='ltr' id='par_1_104' title="bbox 1998 4098 3643 4185">
     <span class='ocr_line' id='line_1_104' title="bbox 1998 4098 3643 4185; baseline 0.012 -31"><span class='ocrx_word' id='word_1_721' title='bbox 1998 4098 2130 4154; x_wconf 90' lang='lat' dir='ltr'><strong>aliis</strong></span> <span class='ocrx_word' id='word_1_722' title='bbox 2157 4105 2503 4170; x_wconf 60' lang='lat' dir='ltr'><strong>quaererent,</strong></span> <span class='ocrx_word' id='word_1_723' title='bbox 2527 4118 2740 4169; x_wconf 89' lang='lat' dir='ltr'><strong>comes,</strong></span> <span class='ocrx_word' id='word_1_724' title='bbox 2760 4108 2967 4174; x_wconf 69' lang='lat' dir='ltr'><strong>praeter</strong></span> <span class='ocrx_word' id='word_1_725' title='bbox 2998 4124 3239 4166; x_wconf 90' lang='lat' dir='ltr'><strong>suorum</strong></span> <span class='ocrx_word' id='word_1_726' title='bbox 3261 4111 3643 4185; x_wconf 86' lang='lat' dir='ltr'><strong>voluntatem,</strong></span> 
     </span>
    </p>
   </div>
   <div class='ocr_carea' id='block_1_105' title="bbox 1999 4187 3648 4263">
    <p class='ocr_par' dir='ltr' id='par_1_105' title="bbox 1999 4187 3648 4263">
     <span class='ocr_line' id='line_1_105' title="bbox 1999 4187 3648 4263; baseline 0.013 -23"><span class='ocrx_word' id='word_1_727' title='bbox 1999 4187 2173 4242; x_wconf 91' lang='lat' dir='ltr'><strong>castri</strong></span> <span class='ocrx_word' id='word_1_728' title='bbox 2204 4188 2534 4245; x_wconf 89' lang='lat' dir='ltr'><strong>custodiam</strong></span> <span class='ocrx_word' id='word_1_729' title='bbox 2568 4191 3021 4263; x_wconf 89' lang='lat' dir='ltr'><strong>arripuit,simul</strong></span> <span class='ocrx_word' id='word_1_730' title='bbox 3055 4202 3120 4252; x_wconf 93' lang='lat' dir='ltr'><strong>ut</strong></span> <span class='ocrx_word' id='word_1_731' title='bbox 3136 4199 3421 4258; x_wconf 89' lang='lat' dir='ltr'><strong>desidiam</strong></span> <span class='ocrx_word' id='word_1_732' title='bbox 3442 4208 3499 4258; x_wconf 89' lang='lat' dir='ltr'><strong>et</strong></span> <span class='ocrx_word' id='word_1_733' title='bbox 3519 4221 3648 4260; x_wconf 85' lang='lat' dir='ltr'><strong>ava-</strong></span> 
     </span>
    </p>
   </div>
   <div class='ocr_carea' id='block_1_106' title="bbox 1997 4275 3647 4359">
    <p class='ocr_par' dir='ltr' id='par_1_106' title="bbox 1997 4275 3647 4359">
     <span class='ocr_line' id='line_1_106' title="bbox 1997 4275 3647 4359; baseline 0.012 -29"><span class='ocrx_word' id='word_1_734' title='bbox 1997 4275 2194 4331; x_wconf 90' lang='lat' dir='ltr'><strong>ritiam</strong></span> <span class='ocrx_word' id='word_1_735' title='bbox 2226 4284 2548 4345; x_wconf 88' lang='lat' dir='ltr'><strong>excusaret,</strong></span> <span class='ocrx_word' id='word_1_736' title='bbox 2581 4283 2638 4334; x_wconf 89' lang='lat' dir='ltr'><strong>ct</strong></span> <span class='ocrx_word' id='word_1_737' title='bbox 2665 4280 2880 4353; x_wconf 88' lang='lat' dir='ltr'><strong>vigoris</strong></span> <span class='ocrx_word' id='word_1_738' title='bbox 2912 4287 3087 4356; x_wconf 88' lang='lat' dir='ltr'><strong>atque</strong></span> <span class='ocrx_word' id='word_1_739' title='bbox 3117 4289 3437 4359; x_wconf 68' lang='lat' dir='ltr'><strong>prudentia:</strong></span> <span class='ocrx_word' id='word_1_740' title='bbox 3470 4292 3647 4348; x_wconf 82' lang='lat' dir='ltr'><strong>semi-</strong></span> 
     </span>
    </p>
   </div>
   <div class='ocr_carea' id='block_1_107' title="bbox 1996 4365 3647 4449">
    <p class='ocr_par' dir='ltr' id='par_1_107' title="bbox 1996 4365 3647 4449">
     <span class='ocr_line' id='line_1_107' title="bbox 1996 4365 3647 4449; baseline 0.01 -29"><span class='ocrx_word' id='word_1_741' title='bbox 1996 4367 2117 4420; x_wconf 89' lang='lat' dir='ltr'><strong>tam</strong></span> <span class='ocrx_word' id='word_1_742' title='bbox 2147 4365 2517 4436; x_wconf 89' lang='lat' dir='ltr'><strong>torpentibus</strong></span> <span class='ocrx_word' id='word_1_743' title='bbox 2556 4367 3002 4427; x_wconf 90' lang='lat' dir='ltr'><strong>demonstraret.</strong></span> <span class='ocrx_word' id='word_1_744' title='bbox 3036 4373 3299 4447; x_wconf 90' lang='lat' dir='ltr'><strong>Namque</strong></span> <span class='ocrx_word' id='word_1_745' title='bbox 3346 4379 3647 4449; x_wconf 71' lang='lat' dir='ltr'><strong>praateritaa</strong></span> 
     </span>
    </p>
   </div>
   <div class='ocr_carea' id='block_1_108' title="bbox 1997 4452 3646 4537">
    <p class='ocr_par' dir='ltr' id='par_1_108' title="bbox 1997 4452 3646 4537">
     <span class='ocr_line' id='line_1_108' title="bbox 1997 4452 3646 4537; baseline 0.012 -30"><span class='ocrx_word' id='word_1_746' title='bbox 1997 4452 2214 4509; x_wconf 61' lang='lat' dir='ltr'><strong>aestatis</strong></span> <span class='ocrx_word' id='word_1_747' title='bbox 2236 4454 2396 4525; x_wconf 90' lang='lat' dir='ltr'><strong>gravi</strong></span> <span class='ocrx_word' id='word_1_748' title='bbox 2426 4472 2493 4510; x_wconf 91' lang='lat' dir='ltr'><strong>ac</strong></span> <span class='ocrx_word' id='word_1_749' title='bbox 2542 4456 2819 4513; x_wconf 91' lang='lat' dir='ltr'><strong>diuturno</strong></span> <span class='ocrx_word' id='word_1_750' title='bbox 2860 4461 3064 4517; x_wconf 90' lang='lat' dir='ltr'><strong>morbo</strong></span> <span class='ocrx_word' id='word_1_751' title='bbox 3094 4463 3392 4537; x_wconf 86' lang='lat' dir='ltr'><strong>fatigatus,</strong></span> <span class='ocrx_word' id='word_1_752' title='bbox 3417 4471 3472 4523; x_wconf 79' lang='lat' dir='ltr'><strong>et</strong></span> <span class='ocrx_word' id='word_1_753' title='bbox 3501 4468 3646 4526; x_wconf 89' lang='lat' dir='ltr'><strong>adeo</strong></span> 
     </span>
    </p>
   </div>
   <div class='ocr_carea' id='block_1_109' title="bbox 2000 4540 3648 4615">
    <p class='ocr_par' dir='ltr' id='par_1_109' title="bbox 2000 4540 3648 4615">
     <span class='ocr_line' id='line_1_109' title="bbox 2000 4540 3648 4615; baseline 0.01 -19"><span class='ocrx_word' id='word_1_754' title='bbox 2000 4540 2196 4597; x_wconf 91' lang='lat' dir='ltr'><strong>mollis</strong></span> <span class='ocrx_word' id='word_1_755' title='bbox 2230 4558 2330 4614; x_wconf 88' lang='lat' dir='ltr'><strong>per</strong></span> <span class='ocrx_word' id='word_1_756' title='bbox 2350 4546 2534 4598; x_wconf 89' lang='lat' dir='ltr'><strong>totam</strong></span> <span class='ocrx_word' id='word_1_757' title='bbox 2564 4544 2817 4600; x_wconf 87' lang='lat' dir='ltr'><strong>hiemem</strong></span> <span class='ocrx_word' id='word_1_758' title='bbox 2842 4547 3047 4615; x_wconf 85' lang='lat' dir='ltr'><strong>fuerat,</strong></span> <span class='ocrx_word' id='word_1_759' title='bbox 3072 4554 3259 4608; x_wconf 76' lang='lat' dir='ltr'><strong>utnec</strong></span> <span class='ocrx_word' id='word_1_760' title='bbox 3288 4554 3360 4610; x_wconf 93' lang='lat' dir='ltr'><strong>ad</strong></span> <span class='ocrx_word' id='word_1_761' title='bbox 3393 4554 3648 4613; x_wconf 89' lang='lat' dir='ltr'><strong>militan-</strong></span> 
     </span>
    </p>
   </div>
   <div class='ocr_carea' id='block_1_110' title="bbox 1996 4630 3643 4713">
    <p class='ocr_par' dir='ltr' id='par_1_110' title="bbox 1996 4630 3643 4713">
     <span class='ocr_line' id='line_1_110' title="bbox 1996 4630 3643 4713; baseline 0.012 -30"><span class='ocrx_word' id='word_1_762' title='bbox 1996 4631 2160 4697; x_wconf 91' lang='lat' dir='ltr'><strong>dum,</strong></span> <span class='ocrx_word' id='word_1_763' title='bbox 2194 4647 2299 4686; x_wconf 93' lang='lat' dir='ltr'><strong>nec</strong></span> <span class='ocrx_word' id='word_1_764' title='bbox 2328 4632 2399 4686; x_wconf 90' lang='lat' dir='ltr'><strong>ad</strong></span> <span class='ocrx_word' id='word_1_765' title='bbox 2432 4630 2798 4704; x_wconf 90' lang='lat' dir='ltr'><strong>largiendum</strong></span> <span class='ocrx_word' id='word_1_766' title='bbox 2840 4642 3148 4710; x_wconf 90' lang='lat' dir='ltr'><strong>promptus</strong></span> <span class='ocrx_word' id='word_1_767' title='bbox 3178 4656 3305 4697; x_wconf 89' lang='lat' dir='ltr'><strong>esse</strong></span> <span class='ocrx_word' id='word_1_768' title='bbox 3334 4642 3643 4713; x_wconf 86' lang='lat' dir='ltr'><strong>diceretur,</strong></span> 
     </span>
    </p>
   </div>
   <div class='ocr_carea' id='block_1_111' title="bbox 1997 4718 3647 4799">
    <p class='ocr_par' dir='ltr' id='par_1_111' title="bbox 1997 4718 3647 4799">
     <span class='ocr_line' id='line_1_111' title="bbox 1997 4718 3647 4799; baseline 0.009 -24"><span class='ocrx_word' id='word_1_769' title='bbox 1997 4724 2054 4776; x_wconf 89' lang='lat' dir='ltr'><strong>et</strong></span> <span class='ocrx_word' id='word_1_770' title='bbox 2082 4718 2219 4774; x_wconf 89' lang='lat' dir='ltr'><strong>licet</strong></span> <span class='ocrx_word' id='word_1_771' title='bbox 2248 4718 2455 4785; x_wconf 88' lang='lat' dir='ltr'><strong>multa,</strong></span> <span class='ocrx_word' id='word_1_772' title='bbox 2483 4720 2621 4791; x_wconf 89' lang='lat' dir='ltr'><strong>quia</strong></span> <span class='ocrx_word' id='word_1_773' title='bbox 2651 4721 2818 4793; x_wconf 90' lang='lat' dir='ltr'><strong>plura</strong></span> <span class='ocrx_word' id='word_1_774' title='bbox 2844 4742 3014 4796; x_wconf 88' lang='lat' dir='ltr'><strong>posse</strong></span> <span class='ocrx_word' id='word_1_775' title='bbox 3052 4728 3414 4799; x_wconf 89' lang='lat' dir='ltr'><strong>credebatur,</strong></span> <span class='ocrx_word' id='word_1_776' title='bbox 3447 4733 3647 4790; x_wconf 92' lang='lat' dir='ltr'><strong>nullus</strong></span> 
     </span>
    </p>
   </div>
   <div class='ocr_carea' id='block_1_112' title="bbox 1998 4808 3644 4896">
    <p class='ocr_par' dir='ltr' id='par_1_112' title="bbox 1998 4808 3644 4896">
     <span class='ocr_line' id='line_1_112' title="bbox 1998 4808 3644 4896; baseline 0.009 -31"><span class='ocrx_word' id='word_1_777' title='bbox 1998 4825 2125 4865; x_wconf 91' lang='lat' dir='ltr'><strong>esse</strong></span> <span class='ocrx_word' id='word_1_778' title='bbox 2156 4808 2519 4864; x_wconf 89' lang='lat' dir='ltr'><strong>credebatur.</strong></span> <span class='ocrx_word' id='word_1_779' title='bbox 2555 4810 2737 4882; x_wconf 87' lang='lat' dir='ltr'><strong>Igitur</strong></span> <span class='ocrx_word' id='word_1_780' title='bbox 2766 4818 2977 4870; x_wconf 87' lang='lat' dir='ltr'><strong>nactus</strong></span> <span class='ocrx_word' id='word_1_781' title='bbox 3018 4815 3168 4872; x_wconf 88' lang='lat' dir='ltr'><strong>hanc</strong></span> <span class='ocrx_word' id='word_1_782' title='bbox 3213 4817 3644 4896; x_wconf 80' lang='lat' dir='ltr'><strong>difﬁcultatem,</strong></span> 
     </span>
    </p>
   </div>
   <div class='ocr_carea' id='block_1_113' title="bbox 1998 4895 3645 4969">
    <p class='ocr_par' dir='ltr' id='par_1_113' title="bbox 1998 4895 3645 4969">
     <span class='ocr_line' id='line_1_113' title="bbox 1998 4895 3645 4969; baseline 0.01 -16"><span class='ocrx_word' id='word_1_783' title='bbox 1998 4895 2221 4953; x_wconf 88' lang='lat' dir='ltr'><strong>scilicet</strong></span> <span class='ocrx_word' id='word_1_784' title='bbox 2249 4897 2552 4953; x_wconf 90' lang='lat' dir='ltr'><strong>materiam</strong></span> <span class='ocrx_word' id='word_1_785' title='bbox 2571 4898 3055 4969; x_wconf 90' lang='lat' dir='ltr'><strong>virtutis,tantam</strong></span> <span class='ocrx_word' id='word_1_786' title='bbox 3078 4906 3342 4964; x_wconf 91' lang='lat' dir='ltr'><strong>omnium</strong></span> <span class='ocrx_word' id='word_1_787' title='bbox 3366 4895 3645 4968; x_wconf 86' lang='lat' dir='ltr'><strong>invidiam</strong></span> 
     </span>
    </p>
   </div>
   <div class='ocr_carea' id='block_1_114' title="bbox 1999 4988 3648 5062">
    <p class='ocr_par' dir='ltr' id='par_1_114' title="bbox 1999 4988 3648 5062">
     <span class='ocr_line' id='line_1_114' title="bbox 1999 4988 3648 5062; baseline 0.01 -21"><span class='ocrx_word' id='word_1_788' title='bbox 1999 5002 2212 5058; x_wconf 90' lang='lat' dir='ltr'><strong>passus</strong></span> <span class='ocrx_word' id='word_1_789' title='bbox 2242 4990 2331 5040; x_wconf 89' lang='lat' dir='ltr'><strong>est</strong></span> <span class='ocrx_word' id='word_1_790' title='bbox 2361 4988 2426 5040; x_wconf 89' lang='lat' dir='ltr'><strong>ut</strong></span> <span class='ocrx_word' id='word_1_791' title='bbox 2456 5002 2601 5057; x_wconf 90' lang='lat' dir='ltr'><strong>pene</strong></span> <span class='ocrx_word' id='word_1_792' title='bbox 2630 5004 2665 5043; x_wconf 91' lang='lat' dir='ltr'><strong>a</strong></span> <span class='ocrx_word' id='word_1_793' title='bbox 2694 4988 2818 5045; x_wconf 91' lang='lat' dir='ltr'><strong>suis</strong></span> <span class='ocrx_word' id='word_1_794' title='bbox 2842 4990 3081 5062; x_wconf 90' lang='lat' dir='ltr'><strong>privatis</strong></span> <span class='ocrx_word' id='word_1_795' title='bbox 3099 4994 3534 5055; x_wconf 90' lang='lat' dir='ltr'><strong>dissociaretur.</strong></span> <span class='ocrx_word' id='word_1_796' title='bbox 3558 5002 3648 5056; x_wconf 90' lang='lat' dir='ltr'><strong>Iu-</strong></span> 
     </span>
    </p>
   </div>
   <div class='ocr_carea' id='block_1_115' title="bbox 1993 5074 3646 5154">
    <p class='ocr_par' dir='ltr' id='par_1_115' title="bbox 1993 5074 3646 5154">
     <span class='ocr_line' id='line_1_115' title="bbox 1993 5074 3646 5154; baseline 0.01 -24"><span class='ocrx_word' id='word_1_797' title='bbox 1993 5081 2151 5130; x_wconf 90' lang='lat' dir='ltr'><strong>terea</strong></span> <span class='ocrx_word' id='word_1_798' title='bbox 2181 5074 2321 5129; x_wconf 93' lang='lat' dir='ltr'><strong>dum</strong></span> <span class='ocrx_word' id='word_1_799' title='bbox 2355 5091 2548 5130; x_wconf 90' lang='lat' dir='ltr'><strong>comes</strong></span> <span class='ocrx_word' id='word_1_800' title='bbox 2582 5075 2703 5131; x_wconf 64' lang='lat' dir='ltr'><strong>haec</strong></span> <span class='ocrx_word' id='word_1_801' title='bbox 2736 5078 3010 5152; x_wconf 85' lang='lat' dir='ltr'><strong>neglegit,</strong></span> <span class='ocrx_word' id='word_1_802' title='bbox 3037 5099 3280 5154; x_wconf 88' lang='lat' dir='ltr'><strong>sperans</strong></span> <span class='ocrx_word' id='word_1_803' title='bbox 3330 5086 3528 5146; x_wconf 88' lang='lat' dir='ltr'><strong>hostes</strong></span> <span class='ocrx_word' id='word_1_804' title='bbox 3574 5090 3646 5146; x_wconf 87' lang='lat' dir='ltr'><strong>de</strong></span> 
     </span>
    </p>
   </div>
   <div class='ocr_carea' id='block_1_116' title="bbox 1993 5163 3643 5251">
    <p class='ocr_par' dir='ltr' id='par_1_116' title="bbox 1993 5163 3643 5251">
     <span class='ocr_line' id='line_1_116' title="bbox 1993 5163 3643 5251; baseline 0.01 -32"><span class='ocrx_word' id='word_1_805' title='bbox 1993 5163 2224 5219; x_wconf 90' lang='lat' dir='ltr'><strong>civitate</strong></span> <span class='ocrx_word' id='word_1_806' title='bbox 2256 5164 2512 5218; x_wconf 85' lang='lat' dir='ltr'><strong>maxima</strong></span> <span class='ocrx_word' id='word_1_807' title='bbox 2555 5181 2622 5219; x_wconf 85' lang='lat' dir='ltr'><strong>ex</strong></span> <span class='ocrx_word' id='word_1_808' title='bbox 2670 5170 2835 5237; x_wconf 90' lang='lat' dir='ltr'><strong>parte</strong></span> <span class='ocrx_word' id='word_1_809' title='bbox 2866 5184 3201 5241; x_wconf 87' lang='lat' dir='ltr'><strong>oppressos,</strong></span> <span class='ocrx_word' id='word_1_810' title='bbox 3234 5173 3389 5231; x_wconf 91' lang='lat' dir='ltr'><strong>illico</strong></span> <span class='ocrx_word' id='word_1_811' title='bbox 3422 5178 3643 5251; x_wconf 81' lang='lat' dir='ltr'><strong>fugitu-</strong></span> 
     </span>
    </p>
   </div>
   <div class='ocr_carea' id='block_1_117' title="bbox 1995 5251 3641 5325">
    <p class='ocr_par' dir='ltr' id='par_1_117' title="bbox 1995 5251 3641 5325">
     <span class='ocr_line' id='line_1_117' title="bbox 1995 5251 3641 5325; baseline 0.011 -18"><span class='ocrx_word' id='word_1_812' title='bbox 1995 5270 2110 5318; x_wconf 89' lang='lat' dir='ltr'><strong>ros,</strong></span> <span class='ocrx_word' id='word_1_813' title='bbox 2131 5252 2383 5323; x_wconf 90' lang='lat' dir='ltr'><strong>quodam</strong></span> <span class='ocrx_word' id='word_1_814' title='bbox 2417 5251 2675 5309; x_wconf 92' lang='lat' dir='ltr'><strong>diluculo</strong></span> <span class='ocrx_word' id='word_1_815' title='bbox 2705 5255 2778 5309; x_wconf 90' lang='lat' dir='ltr'><strong>ab</strong></span> <span class='ocrx_word' id='word_1_816' title='bbox 2810 5255 3080 5315; x_wconf 91' lang='lat' dir='ltr'><strong>hostibus</strong></span> <span class='ocrx_word' id='word_1_817' title='bbox 3111 5260 3513 5323; x_wconf 90' lang='lat' dir='ltr'><strong>circumdatus</strong></span> <span class='ocrx_word' id='word_1_818' title='bbox 3533 5270 3641 5325; x_wconf 86' lang='lat' dir='ltr'><strong>est.</strong></span> 
     </span>
    </p>
   </div>
   <div class='ocr_carea' id='block_1_118' title="bbox 1994 5339 3640 5425">
    <p class='ocr_par' dir='ltr' id='par_1_118' title="bbox 1994 5339 3640 5425">
     <span class='ocr_line' id='line_1_118' title="bbox 1994 5339 3640 5425; baseline 0.009 -28"><span class='ocrx_word' id='word_1_819' title='bbox 1994 5340 2213 5398; x_wconf 89' lang='lat' dir='ltr'><strong>Claruit</strong></span> <span class='ocrx_word' id='word_1_820' title='bbox 2233 5339 2313 5395; x_wconf 91' lang='lat' dir='ltr'><strong>ibi</strong></span> <span class='ocrx_word' id='word_1_821' title='bbox 2338 5357 2619 5413; x_wconf 86' lang='lat' dir='ltr'><strong>magnum</strong></span> <span class='ocrx_word' id='word_1_822' title='bbox 2640 5342 2846 5399; x_wconf 70' lang='lat' dir='ltr'><strong>divinae</strong></span> <span class='ocrx_word' id='word_1_823' title='bbox 2870 5348 3246 5417; x_wconf 90' lang='lat' dir='ltr'><strong>protectionis</strong></span> <span class='ocrx_word' id='word_1_824' title='bbox 3268 5353 3640 5425; x_wconf 88' lang='lat' dir='ltr'><strong>miraculum,</strong></span> 
     </span>
    </p>
   </div>
   <div class='ocr_carea' id='block_1_119' title="bbox 1995 5428 3647 5512">
    <p class='ocr_par' dir='ltr' id='par_1_119' title="bbox 1995 5428 3647 5512">
     <span class='ocr_line' id='line_1_119' title="bbox 1995 5428 3647 5512; baseline 0.011 -28"><span class='ocrx_word' id='word_1_825' title='bbox 1995 5430 2145 5503; x_wconf 91' lang='lat' dir='ltr'><strong>quod</strong></span> <span class='ocrx_word' id='word_1_826' title='bbox 2180 5428 2480 5501; x_wconf 80' lang='lat' dir='ltr'><strong>sexaginta</strong></span> <span class='ocrx_word' id='word_1_827' title='bbox 2501 5430 2604 5485; x_wconf 90' lang='lat' dir='ltr'><strong>viri</strong></span> <span class='ocrx_word' id='word_1_828' title='bbox 2637 5431 2709 5487; x_wconf 90' lang='lat' dir='ltr'><strong>de</strong></span> <span class='ocrx_word' id='word_1_829' title='bbox 2740 5434 2977 5504; x_wconf 90' lang='lat' dir='ltr'><strong>nostris,</strong></span> <span class='ocrx_word' id='word_1_830' title='bbox 3010 5454 3270 5512; x_wconf 89' lang='lat' dir='ltr'><strong>pugnam</strong></span> <span class='ocrx_word' id='word_1_831' title='bbox 3303 5442 3647 5501; x_wconf 91' lang='lat' dir='ltr'><strong>Sarraceno-</strong></span> 
     </span>
    </p>
   </div>
   <div class='ocr_carea' id='block_1_120' title="bbox 1994 5517 3645 5605">
    <p class='ocr_par' dir='ltr' id='par_1_120' title="bbox 1994 5517 3645 5605">
     <span class='ocr_line' id='line_1_120' title="bbox 1994 5517 3645 5605; baseline 0.01 -29"><span class='ocrx_word' id='word_1_832' title='bbox 1994 5537 2124 5576; x_wconf 90' lang='lat' dir='ltr'><strong>rum</strong></span> <span class='ocrx_word' id='word_1_833' title='bbox 2157 5521 2380 5590; x_wconf 88' lang='lat' dir='ltr'><strong>septem</strong></span> <span class='ocrx_word' id='word_1_834' title='bbox 2412 5517 2664 5576; x_wconf 91' lang='lat' dir='ltr'><strong>millium</strong></span> <span class='ocrx_word' id='word_1_835' title='bbox 2697 5522 3126 5596; x_wconf 90' lang='lat' dir='ltr'><strong>sustinuerunt,</strong></span> <span class='ocrx_word' id='word_1_836' title='bbox 3161 5531 3359 5603; x_wconf 89' lang='lat' dir='ltr'><strong>atque,</strong></span> <span class='ocrx_word' id='word_1_837' title='bbox 3390 5549 3505 5605; x_wconf 88' lang='lat' dir='ltr'><strong>quo</strong></span> <span class='ocrx_word' id='word_1_838' title='bbox 3524 5549 3645 5593; x_wconf 86' lang='lat' dir='ltr'><strong>ma-</strong></span> 
     </span>
    </p>
   </div>
  </div>
