3994 6082
261 323 387 402 609g

1262 323 1480 384 BAIM.
1529 323 1629 382 DE
1673 322 1951 382 ‘AGILES
1999 321 2198 380 HIST.
2254 320 2663 380 lllliROSOL.

3548 326 3668 384 6l0

259 454 419 530 tione
448 426 647 521 actum
685 455 976 522 cred_o,ut
1025 455 1124 527 qui
1172 453 1391 511 multos
1421 456 1686 527 ejusdem
1718 454 1908 527 gentis
1937 455 1991 520 Α
2023 470 2133 506 res.
2170 452 2354 524 Igitur
2401 453 2646 524 ingressi
2690 453 2995 508 castellum
3037 457 3252 520 Turcze,
3286 455 3352 509 in.
3377 455 3665 513 civitatem

262 543 536 620 homines
583 542 863 602 decollari
906 543 1138 600 fecerat.
1172 544 1356 616 Capta
1388 548 1477 600 est
1504 543 1684 616 igitur
1714 543 1918 598 civitas

260 631 588 700 Antiochia,
613 632 790 702 tertio
815 633 1023 689 Nonas.
1040 633 1226 699 Junii,
1255 634 1499 689 obsessa
1529 638 1723 688 autem
1747 632 1915 687 circi-

261 724 354 792 te;
382 721 694 794 undecimo
724 720 1255 780 Kalend.Novemb.
1288 726 1535 790 Interea,
1569 722 1709 777 dum
1733 720 1919 776 nostri

265 811 756 876 enumerandoet
784 813 1252 885 recognoscendo
1284 810 1490 883 spolia,
1523 811 1594 866 ab
1626 827 1926 882 oppugna-

265 900 437 978 tione,
455 899 776 972 superioris
807 900 1014 956 castris
1046 901 1599 972 desisterent,atque
1632 900 1922 955 audiendo

269 988 601 1064 saltatrices
619 1005 1006 1064 paganorum,
1031 989 1337 1062 splendide
1359 1006 1423 1044 ac
1446 990 1697 1061 superbe
1719 988 1924 1060 epula-

270 1082 495 1145 rentur,
509 1077 849 1144 nullatenus
878 1079 979 1134 Dei
1013 1095 1324 1146 memores,
1359 1077 1458 1150 qui
1489 1082 1719 1134 tantum
1752 1079 1924 1133 bene-

271 1168 476 1224 ﬁcium
509 1167 594 1224 eis
621 1167 969 1234 contulerat,
1000 1172 1134 1241 post
1168 1167 1402 1224 tertium
1436 1168 1590 1222 diem
1638 1167 1696 1222 in
1746 1166 1926 1221 Nonis

272 1257 543 1334 ejusdem
575 1256 796 1328 mensis
824 1257 992 1313 Junii.
1019 1275 1052 1313 a
1080 1257 1324 1330 paganis
1356 1257 1579 1313 obsessi
1613 1260 1769 1312 sunt.
1806 1256 1927 1312 Sic-

272 1362 389 1422 que
421 1351 620 1414 actum
651 1350 742 1403 est
770 1350 836 1402 ut
864 1345 964 1418 qui
993 1345 1198 1406 tandiu
1221 1362 1325 1418 per
1345 1346 1446 1401 Dei
1467 1345 1928 1402 misericordiam

268 1434 671 1494 Antiochenos
699 1436 921 1492 Turcas
949 1435 1318 1502 obsederant,
1355 1451 1456 1506 per
1504 1436 1632 1506 ejus
1678 1434 1931 1505 disposi-

269 1524 497 1598 tionem
521 1523 778 1586 aTurcis
799 1524 1426 1597 obsiderentur.Atque
1456 1527 1520 1579 ut
1551 1524 1739 1595 magis
1771 1523 1933 1578 time-

271 1630 503 1686 nemus,
531 1612 841 1686 castellum
872 1612 1144 1687 superius
1174 1613 1421 1680 dictum,
1455 1613 1609 1685 quod
1644 1612 1810 1684 quasi
1861 1612 1934 1666 ci-

269 1702 479 1776 vitatis
526 1702 794 1770 custodia
844 1706 954 1770 est,
1001 1702 1063 1758 in
1110 1702 1386 1758 manibus
1436 1701 1696 1758 hostium
1745 1705 1870 1756 erat
1915 1717 1928 1756 :

2027 543 2300 597 deorsum
2354 541 2700 596 descendere
2745 541 3073 598 voluerunt.
3115 544 3252 599 Erat
3297 544 3454 600 enim
3503 545 3672 603 vallis

2027 630 2178 685 inter
2208 630 2513 685 castellum
2565 631 2826 702 ipsorum
2858 635 2915 686 et
2945 635 3202 686 montem
3237 637 3524 702 nostrum,
3556 653 3672 690 non

2029 736 2245 790 magna
2274 719 2534 790 quidem,
2568 723 2622 773 et
2660 719 2911 774 cisterna
2942 721 3207 791 quaedam
3239 725 3362 776 erat
3391 721 3450 776 in
3483 722 3678 788 media

2031 812 2088 863 et
2117 808 2346 861 modica
2390 807 2682 877 planities.
2718 807 2831 862 Nec
2881 813 3003 863 erat
3045 809 3362 865 descensus
3393 811 3452 864 in
3486 811 3680 867 civita~

2029 900 2169 966 tem,
2204 895 2318 951 nisi
2351 913 2451 968 per
2491 896 2748 950 medium
2799 897 2981 951 nostri
3027 899 3264 954 montis.
3319 902 3681 972 Quapropter:

2033 985 2189 1039 omni
2220 984 2538 1039 intentione
2565 990 2618 1038 et
2647 984 2804 1039 omni
2830 985 3040 1042 virtute
3070 1004 3176 1042 sua
3198 1005 3304 1044 nos
3325 1006 3676 1063 expugnare,

2031 1078 2089 1128 et
2121 1091 2413 1129 removere
2444 1075 2514 1128 ab
2548 1074 2754 1129 itinere
2785 1092 2890 1130 suo
2922 1075 2979 1128 in
3011 1075 3238 1131 civitate
3290 1095 3396 1133 nos
3437 1083 3680 1134 conten.

2035 1162 2202 1227 dunt,
2254 1167 2429 1233 atque
2461 1162 2539 1216 ibi
2568 1168 2728 1217 tanta
2752 1163 2803 1216 vi
2841 1182 2875 1218 a
2903 1180 3070 1219 mane
3123 1181 3307 1237 usque
3353 1167 3425 1222 ad
3479 1183 3681 1240 vespea

2037 1268 2166 1305 rum
2203 1255 2525 1323 pugnatum
2576 1256 2664 1306 est
2711 1258 2775 1306 ut
2823 1270 3115 1324 nusquam
3161 1254 3353 1310 simile
3385 1257 3680 1314 audiatur.

2037 1339 2289 1410 Contigit
2347 1339 2425 1393 ibi
2476 1341 2770 1411 quoddam
2829 1341 3046 1396 nostris
3097 1342 3240 1397 satis
3301 1343 3680 1414 horrendum,

2038 1431 2213 1498 atque
2245 1427 2528 1483 hactenus
2571 1428 2924 1494 inauditum,
2967 1430 3120 1500 quod
3153 1429 3304 1486 inter
3333 1432 3683 1504 sagittarum

2038 1515 2405 1586 grandinem,
2453 1521 2510 1571 et
2555 1534 2826 1572 saxorum
2879 1522 3055 1589 atque
3095 1518 3344 1574 telorum
3377 1522 3686 1579 continuos

2037 1603 2351 1676 impulsus,
2386 1610 2441 1659 et
2473 1605 2621 1660 inter
2651 1611 2868 1662 mortes
2918 1611 3236 1676 tantorum,
3272 1609 3460 1664 nostri
3497 1612 3687 1682 sopie-

2039 1694 2273 1748 bantur.
2300 1693 2497 1748 Finem
2533 1693 2712 1764 hujus
2738 1710 2946 1766 pugna:
2980 1696 3028 1750 si
3060 1697 3459 1767 quaeritismox
3486 1700 3687 1756 fuit.In

273 1790 488 1846 timore
518 1790 700 1865 igitur
729 1790 916 1848 coacti
945 1791 1126 1847 nostri
1137 1790 1383 1858 ,oostelli
1408 1791 1769 1846 obsidionem
1797 1790 1936 1845 arri-
1961 1827 2008 1891 B
2041 1787 2207 1837 nocte
2237 1787 2429 1837 autem
2463 1799 2596 1837 cum
2631 1783 2813 1838 nostri
2838 1785 2937 1839 Dei
2971 1785 3429 1842 misericordiam
3455 1804 3689 1860 sperare

516 1883 524 1891 .
591 1879 626 1891 η
699 1880 713 1891 .
1001 1885 1009 1891 .
1182 1881 1226 1891 ...
1559 1881 1572 1891 .
1685 1879 1696 1890 .
1874 1880 1883 1890 .
2432 1871 2595 1891 om...
2788 1889 2797 1891 Α
2855 1890 2860 1891 ,
2919 1890 2986 1891 η
3248 1878 3256 1891 .
3333 1880 3342 1891 ,
3650 1877 3661 1889 .

276 1883 555 1955 puerunt.
587 1879 873 1938 Gorbaras
917 1885 1136 1948 autem,
1181 1881 1508 1935 Turcorum
1542 1879 1838 1946 dominus,
1870 1880 1930 1934 in

277 1969 570 2044 principio
599 1969 880 2030 adventus
912 1970 1278 2040 sui,sperans
1309 1967 1527 2024 bellum
1571 1968 1723 2024 illico
1775 1970 1931 2024 futu-

279 2057 619 2133 rum,_long_e
646 2058 964 2130 avcivitate,
996 2057 1166 2130 quasi
1198 2075 1302 2131 per
1332 2058 1445 2113 duo
1479 2056 1774 2123 milliaria,
1807 2063 1934 2113 ten-

281 2147 438 2212 toria
460 2164 569 2210 sua
600 2147 926 2220 ﬁxit,a_tque
956 2147 1266 2203 ordinibus
1297 2146 1466 2202 factis
1498 2164 1685 2218 usque
1706 2148 1774 2200 ad
1803 2165 1935 2218 pon-

280 2241 400 2308 tem
434 2235 688 2292 civitatis
716 2237 998 2309 pervenit.
1032 2235 1226 2291 Nostri
1263 2239 1460 2290 autem
1495 2235 1683 2307 prima
1713 2237 1802 2290 die
1835 2254 1936 2290 ca-

278 2324 534 2399 stellum.
553 2324 790 2382 comitis
816 2324 1588 2392 munierunt,metuentes,si
1622 2326 1696 2379 ad
1717 2324 1935 2380 bellum

280 2416 686 2489 procederent,
719 2417 784 2469 ut
811 2415 883 2469 ab
915 2413 1182 2469 hostibus
1229 2413 1332 2485 qui
1373 2414 1434 2468 in
1465 2413 1703 2470 castello
1749 2419 1934 2483 erant,

281 2503 491 2575 civitas
523 2502 1022 2576 conriperetur,vel
1051 2503 1101 2558 si
1133 2502 1440 2559 castellum
1472 2504 1625 2574 quod
1646 2507 1778 2558 ante
1798 2520 1939 2574 pon-

279 2597 401 2664 tem
451 2597 577 2660 erat
619 2593 972 2658 desererent,
1022 2597 1078 2647 et
1122 2592 1320 2647 hostes
1369 2591 1514 2646 illud
1566 2596 1937 2664 occuparent,

281 2680 564 2742 facultem
622 2681 945 2754 pugnandi,
998 2685 1055 2736 et
1103 2681 1329 2736 aditum
1379 2681 1737 2752 egrediendi,
1769 2683 1940 2738 nobis

282 2768 677 2842 recluderent;

907 2856 1138 2912 CAPUT
1182 2857 1332 2912 XIII.

357 2946 496 3004 Erat
524 2950 722 3007 autem
755 2945 813 3001 in
841 2946 1095 3001 exercitu
1127 2944 1295 3000 miles
1327 2945 1775 3012 clarissimus,et
1801 2947 1937 3002 cha-

285 3034 568 3100 rissimus
595 3034 1209 3108 omnibus,ltotgerins
1239 3034 1476 3090 nomine
1499 3035 1568 3090 de
1591 3035 1936 3104 Barnevilla;

285 3124 408 3197 hic,
429 3141 564 3181 cum
595 3123 912 3182 exercitum
943 3125 1206 3180 omnium
1234 3123 1646 3180 revertentium
1681 3123 1941 3179 inimico-

2043 1871 2403 1937 debuissent,
2431 1871 2597 1926 multi
2631 1873 2937 1944 desperare
2967 1878 3465 1947 cmperunt,atque
3496 1877 3690 1949 prisci-

2043 1959 2325 2031 pites,per
2358 1962 2525 2014 funes
2558 1963 2628 2014 ab
2661 1960 2968 2016 altitudine
2999 1980 3302 2018 murorum
3335 1965 3689 2036 dejicieban-

2042 2052 2156 2102 tur.
2200 2048 2310 2102 Alii
2358 2053 2553 2103 autem
2603 2065 2635 2103 a
2685 2049 2835 2103 bello
2887 2051 3250 2114 discedentes
3285 2052 3340 2108 in
3374 2054 3686 2124 civitatem,

2044 2151 2414 2190 communem
2433 2137 2693 2190 omnium
2717 2138 3199 2210 decapitationem
3221 2141 3448 2198 venisse
3465 2145 3690 2200 cunctis

2046 2225 2420 2290 nuntiabant;
2453 2230 2508 2279 et.
2538 2242 2654 2296 quo
2689 2228 2874 2298 magis
2901 2228 3088 2282 timeri
3124 2233 3369 2300 poterat,
3403 2232 3544 2286 dum
3589 2232 3691 2299 alti

2047 2312 2191 2366 alios
2224 2313 2686 2368 allici-labantur
2718 2321 2780 2368 ut
2807 2315 3049 2370 viriliter
3079 2317 3434 2388 resisterent,
3477 2320 3588 2392 ipsi
3632 2322 3691 2376 in

2048 2403 2245 2474 fugam
2277 2407 2598 2457 vertuntur.

2662 2492 2890 2548 CAPUT
2929 2494 3070 2548 XIV.

2119 2585 2342 2650 Itaque,
2378 2585 2440 2633 ut
2471 2579 2744 2647 diximus,
2781 2581 2917 2636 dum
2955 2584 3134 2638 nostri
3180 2587 3690 2655 conturbarentur,

2048 2673 2104 2724 et
2136 2669 2192 2722 in
2225 2669 2688 2739 desperationem
2723 2675 2974 2738 ruerent,
3033 2672 3229 2727 divina
3258 2674 3342 2730 eis
3381 2674 3693 2734 clementia

2048 2758 2261 2824 adfuit;
2297 2762 2350 2812 et
2381 2775 2506 2828 qum
2537 2757 3072 2816 lascivientcstilios
3089 2765 3693 2831 correxerat,nimium

2047 2846 2242 2899 tristes
2273 2846 2374 2900 tali
2409 2848 2577 2901 modo
2628 2847 2964 2902 consolatus
2995 2854 3100 2904 est.
3139 2850 3322 2922 Igitur
3358 2868 3492 2908 eum
3523 2859 3695 2927 capta

2047 2938 2199 2988 esset
2247 2934 2446 2988 civitas
2491 2935 2832 3001 Antioohiae,
2879 2953 3023 2992 usus
3071 2955 3179 2992 sua
3227 2941 3484 3010 potentia
3515 2947 3572 2998 et
3600 2944 3694 2999 he-

2048 3023 2330 3094 nignitate
2361 3024 2663 3089 Dominus,
2697 3041 3010 3096 pauperem
3059 3029 3372 3098 quemdam
3407 3031 3692 3087 rusticum

2048 3110 2239 3180 elegit,
2276 3111 2686 3166 Provincialem
2728 3129 2956 3184 genere,
2993 3131 3094 3185 per
3123 3132 3296 3186 quem
3337 3134 3540 3175 omnes
3586 3137 3695 3176 nos

286 3191 884 3288 Mfweqpemmr,
918 3217 1125 3285 captus
1155 3216 1213 3267 et
1240 3212 1430 3284 capite
1469 3216 1778 3267 truncatus
1827 3217 1935 3269 est.
1969 3191 2010 3256 C
2051 3199 2413 3266 oonl‘ortavit,
2469 3206 2523 3253 et
2568 3201 2764 3255 comiti
2815 3207 2873 3256 et
2933 3203 3198 3258 Podiensi
3247 3205 3518 3278 episcopo
3570 3208 3694 3264 haec

287 3306 561 3374 Invasere
590 3301 772 3375 igitur
791 3305 1022 3368 nostros
1044 3299 1209 3358 dolor
1225 3306 1282 3355 et
1295 3299 1640 3369 timor,adeo
1669 3305 1732 3356 ut
1758 3318 1944 3373 usque

397 3390 864 3464 mperationam
895 3389 1173 3446 evadendi
1206 3388 1378 3444 multi
1404 3389 1943 3446 ducerentur.Passi

289 3479 486 3554 igitur
505 3481 709 3552 'Eurca:
730 3477 996 3551 semel,et
1016 3479 1274 3536 secundo
1291 3478 1588 3550 repulsam
1618 3479 1940 3550 pugnandi,

284 3567 476 3639 tertia,
492 3569 598 3625 die.
616 3573 878 3642 castrum
904 3571 1450 3641 ornugnant,atque
1470 3566 1548 3622 ibi
1573 3572 1733 3623 tanta
1753 3567 1806 3622 vi
1825 3585 1943 3624 cer-

283 3660 477 3724 tatum
504 3661 682 3726 est-ut
713 3657 838 3713 sola
867 3657 968 3712 Dei
995 3657 1179 3722 virtus
1225 3656 1537 3712 defendere
1569 3661 1850 3724 castrum,
1885 3661 1943 3712 et

283 3746 568 3817 resistere
589 3745 940 3812 adversariis
969 3746 1323 3801 crederetur.
1358 3745 1623 3816 Namque
1656 3763 1788 3801 cum
1811 3747 1938 3816 jam

280 3835 699 3906 transcendere
727 3833 946 3889 vallum
997 3838 1053 3888 et
1100 3834 1332 3889 diruere
1365 3851 1600 3888 murum
1645 3840 1936 3904 pararent,

282 3923 688 3995 nescimunde,
725 3926 1002 3994 concepto
1033 3922 1261 3987 timore,
1298 3922 1622 3994 praccipites
1649 3922 1706 3976 in
1741 3924 1938 3994 fugam

283 4017 491 4082 ruunt.
520 4012 776 4067 Decurso
796 4009 994 4083 itaque
1023 4010 1390 4083 aliquantulo
1419 4011 1768 4082 spatio,cum
1791 4012 1939 4084 fugae

281 4117 528 4156 causam
562 4099 782 4154 nullam
816 4099 1581 4171 con_spicerent,tarditatem
1615 4117 1781 4155 suam
1811 4118 1942 4156 cau-

515 4189 587 4246 ad
619 4188 1115 4262 oppugnationem
1148 4189 1422 4254 redeunt;
1455 4193 1530 4255 et,
1583 4189 1750 4260 quasi
1796 4191 1938 4246 satis

280 4277 497 4354 {armti
518 4294 628 4352 pro
660 4277 1124 4352 pudorehabitaa
1156 4277 1729 4349 fugas,vehementius
1753 4279 1941 4334 immi-

280 4371 659 4440 nentJursus
675 4365 1191 4425 diuvehementius
1214 4366 1709 4438 pugnant.ltaque
1740 4367 1938 4423 hostes

276 4469 358 4526 ea
379 4453 583 4511 diead
608 4459 805 4510 castra
834 4472 942 4510 sua
975 4455 1240 4511 redeunt.
1273 4454 1400 4509 Alia
1428 4459 1622 4510 autem
1657 4456 1767 4521 die,
1802 4473 1934 4511 cum

2049 3289 2225 3342 verba
2259 3288 2554 3342 mandavit
2588 3305 2600 3342 :
2634 3289 2874 3346 Andreas
2904 3292 3000 3346 Dei
3031 3300 3082 3346 et
3120 3295 3346 3348 Domi-ni
3368 3298 3541 3352 nostri
3565 3301 3697 3354 Jesu

2054 3377 2255 3432 Christi
2297 3378 2568 3447 apostolus
2599 3395 2682 3431 me
2710 3388 2901 3449 quater
2943 3381 3076 3434 olim
3122 3381 3425 3449 admonuit,
3455 3392 3506 3439 et
3526 3385 3695 3456 jussit

2051 3473 2111 3520 ut
2141 3471 2208 3518 ad
2239 3482 2330 3520 vos
2360 3468 2618 3533 venirem,
2665 3483 2729 3520 ac
2759 3468 3000 3524 lanceam
3051 3485 3175 3540 qua:
3212 3470 3520 3527 Saluatoris.
3552 3475 3694 3530 latus

2051 3556 2286 3625 aper-uit,
2320 3563 2479 3625 capta
2509 3557 2742 3623 civitate,
2771 3558 2915 3611 vobis
2961 3559 3259 3614 redderem.
3301 3561 3468 3616 Hodie
3515 3571 3698 3620 autem

2048 3660 2171 3698 cum
2202 3643 2271 3698 ad
2296 3661 2536 3714 pugnam
2567 3648 2835 3716 profectus
2882 3662 3048 3701 essem
3087 3656 3240 3703 extra
3270 3651 3546 3706 civitatem
3575 3669 3699 3708 cum

2049 3733 2296 3802 reliquis,
2330 3739 2490 3802 atque
2518 3734 2930 3804 comprehensus
2952 3754 2985 3789 a
3013 3736 3220 3791 duobus
3250 3739 3522 3810 equitibus
3559 3757 3698 3812 pene

2047 3821 2341 3892 suﬂfoeatus
2390 3823 2449 3874 in
2496 3838 2736 3891 regressu
2783 3825 3042 3894 fuissem,-
3075 3827 3232 3897 quasi
3259 3830 3535 3883 exanimis
3581 3830 3699 3885 illic

2047 3926 2210 3980 super
2240 3910 2473 3980 lapidem
2504 3911 2789 3980 quemdam
2828 3915 2998 3968 tristis
3041 3916 3215 3970 recedi
3263 3935 3281 3970 :
3325 3933 3552 3988 eumque
3575 3933 3700 3988 pra:

2048 3999 2230 4053 dolore
2273 4007 2322 4052 et
2371 4002 2583 4064 timore,
2633 4001 2774 4054 sicut
2825 4003 2998 4055 tristis
3047 4004 3363 4072 titubare-in,
3396 4007 3545 4060 venit
3573 4015 3702 4066 ante,

2046 4104 2132 4142 me
2182 4088 2364 4142 beatus
2412 4087 2655 4142 Andreas
2707 4105 2831 4142 eum
2878 4091 3018 4145 socio
3065 4093 3317 4162 quodam,
3367 4102 3418 4150 et
3462 4096 3701 4150 multum.

2047 4177 2188 4230 mihi
2218 4178 2602 4232 interminatus
2632 4185 2727 4242 est,
2763 4180 2876 4232 nisi
2920 4181 3024 4234 cito
3066 4182 3210 4236 vobis
3254 4182 3526 4238 redderem
3575 4184 3699 4238 lan-

2047 4282 2215 4320 ceam.
2251 4265 2514 4336 Cumque
2547 4265 2617 4319 ab
2653 4282 2717 4320 eo
2749 4283 2942 4321 comes
2971 4272 3025 4320 et
3055 4268 3697 4340 episcopusrevelatio-

2048 4354 2138 4408 nis
2166 4358 2222 4408 et
2252 4353 2491 4408 visionis
2525 4354 2851 4426 apostolicae
2883 4355 3143 4410 ordinem
3193 4357 3573 4429 requirerent,
3608 4377 3696 4416 re-

2049 4443 2284 4514 spondit
2319 4461 2330 4497 :
2366 4446 2424 4498 In
2447 4445 2720 4514 principio
2771 4452 2934 4498 terra)
2968 4453 3162 4512 motus,
3195 4448 3294 4516 qui
3336 4447 3480 4518 apud
3508 4449 3700 4504 Antio-,

570 4548 857 4616 apparatu
888 4544 960 4599 ad
994 4548 1253 4599 castrum
1287 4543 1474 4599 redire
1505 4549 1937 4616 cmpepunt,no-
1968 4554 2014 4617 D
2045 4534 2226 4587 Chiam
2254 4536 2429 4603 [ϊιίτιιιις
2459 4540 2554 4599 est,
2584 4549 2707 4586 cum
2745 4540 3012 4587 CJX'NTUUS
3055 4535 3387 4590 Francorum
3431 4536 3699 4593 οὺδίάενει

272 4631 532 4694 strivero
544 4630 1345 4702 castrumincendunt,atque
1368 4632 1661 4688 moenibus
1685 4633 1936 4688 civitatis

272 4719 707 4793 seintrudunt.
731 4722 955 4793 Auctus
982 4719 1180 4791 itaque
1210 4719 1387 4774 timor
1438 4721 1791 4775 Francorum
1825 4725 1932 4788 est,

273 4806 628 4872 ethostium
653 4806 903 4880 excrevit
932 4806 1214 4876 audacia;
1251 4807 1466 4879 quippe
1488 4809 1587 4879 qui
1613 4807 1758 4862 nihil
1776 4813 1937 4863 extra

271 4894 582 4974 civitatem.
630 4895 1009 4968 haberemus,
1041 4901 1099 4952 et
1146 4896 1219 4951 ab
1277 4895 1537 4952 inimicis
1568 4897 1804 4965 nostris,
1840 4914 1935 4951 ca-

271 4983 715 5065 stellupuquod,
735 4991 914 5059 caput
942 4985 1195 5040 civitatis
1224 4989 1332 5054 est,
1363 4985 1726 5040 retineretur.
1751 4986 1937 5058 Igitur

274 5074 609 5147 confirmati
640 5076 842 5144 Tucca
875 5074 1102 5147 ingredi
1135 5074 1206 5129 ab
1232 5090 1338 5129 nos
1361 5091 1463 5146 per
1484 5073 1790 5130 castellum
1823 5075 1937 5130 dis-

273 5151 636 5241 posuerunt.
658 5163 853 5234 Nostri
885 5167 1082 5220 autem
1111 5162 1230 5218 loci.
1256 5163 1772 5234 opportunitate,et
1793 5163 1935 5218 emi-

274 5251 503 5332 mentio.
520 5251 984 5320 conﬁsiphviam
999 5251 1270 5308 hostibus
1290 5252 1736 5319 contendunt,et
1748 5252 1936 5324 primo

272 5327 502 5416 impetu
531 5357 650 5418 eos.
661 5345 1080 5418 prosternunt;
1113 5341 1374 5412 dumque
1405 5339 1770 5395 imminentis
1798 5339 1935 5395 belli

270 5425 705 5507 obliuisciuytur
731 5429 1026 5510 etprsedae
1057 5427 1710 5494 inhiant,foedissimein
1736 5430 1935 5501 fugam

269 5520 608 5602 tenuatus,
639 5509 867 5592 Etenim
917 5517 1238 5601 plusquam
1291 5520 1524 5574 centum
1577 5517 1846 5574 homines
1875 5518 1935 5573 in

272 5605 1020 5696 qutaoiqitatisspﬁocati
1051 5610 1224 5684 sunt;
1257 5605 1392 5682 equi
1423 5623 1554 5665 vero
1596 5623 1773 5682 quam
1802 5606 1932 5682 plu-

2044 4638 2164 4676 cam
2216 4630 2397 4675 tantus
2449 4624 2612 4676 timor
2658 4638 2741 4676 me
2789 4623 2987 4676 invasit
3031 4630 3091 4676 ut
3137 4623 3282 4678 nihil
3306 4632 3513 4695 prwter
3542 4625 3703 4682 Deus:

2046 4711 2256 4781 adjuva
2287 4711 2464 4765 dicere
2509 4713 2871 4781 possem.Erat
2902 4712 3051 4766 enim
3078 4721 3264 4780 nox,et
3294 4729 3386 4783 ego
3406 4714 3658 4784 jacebam
3676 4734 3696 4782 ;

2042 4817 2139 4855 nec
2171 4802 2227 4854 in.
2259 4801 2476 4870 tugurio
2522 4816 2638 4854 meo
2681 4807 2798 4853 erat
2827 4801 3032 4870 aliquis
3061 4801 3215 4872 cujus
3246 4803 3512 4857 consortio
3558 4804 3698 4873 refo-

2043 4905 2214 4944 rerer.
2252 4891 2383 4944 Cum
2415 4896 2614 4953 autem,
2650 4897 2707 4943 ut
2737 4889 2880 4954 diri,
2908 4891 3182 4945 concussio
3210 4890 3419 4946 diutius
3448 4891 3709 4959 duraret,

2042 4987 2094 5033 et
2124 4979 2288 5031 timor
2317 4994 2465 5031 meus
2493 4994 2700 5048 semper
2728 4986 3070 5042 excresceret,
3103 4995 3286 5033 coram
3311 4995 3396 5034 me
3433 4979 3538 5035 duo
3588 4982 3706 5036 viri.

2046 5069 2353 5130 astiterunt,
2389 5068 2446 5120 in
2479 5075 2610 5121 reste
2639 5067 2979 5134 elarissima;
3010 5068 3150 5122 alter
3178 5077 3294 5124 erat
3331 5071 3533 5137 senior,
3569 5071 3695 5141 rufo

2045 5172 2284 5228 canoque
2331 5155 2552 5224 capillo,
2602 5156 2748 5208 oculi
2794 5157 2964 5223 nigri,
2997 5163 3048 5209 et
3103 5158 3475 5213 convenientes
3503 5159 3693 5230 faciei:

2048 5246 2215 5299 barba
2264 5261 2384 5298 vero
2434 5261 2593 5308 cana,
2642 5252 2692 5298 et
2742 5244 2852 5298 lata
2897 5251 3053 5314 atque
3097 5246 3351 5316 prolixa,-
3392 5255 3445 5302 et
3481 5255 3696 5306 statura

2044 5335 2162 5405 ejus
2192 5335 2369 5388 media
2401 5352 2416 5386 :
2449 5334 2588 5387 alter
2619 5349 2737 5388 vero
2758 5333 2974 5402 junior,
3009 5342 3060 5388 et
3086 5337 3366 5405 procerior
3401 5345 3538 5404 erat,
3571 5353 3692 5408 spe-

2043 5425 2221 5478 ciosus
2251 5426 2430 5493 [arma
2455 5437 2576 5492 pra:
2604 5423 2742 5492 [iliis
2772 5421 3070 5477 hominum.
3102 5424 3165 5477 Et
3193 5426 3272 5479 ait
3302 5424 3444 5479 mihi
3470 5427 3690 5482 senior:

2045 5514 2192 5581 Quid
2227 5511 2390 5585 agis?
2421 5513 2484 5566 Et
2513 5528 2604 5581 ego
2641 5513 2884 5567 maxime
2934 5513 3115 5579 timui,
3148 5514 3281 5586 quia
3327 5515 3548 5571 nullum
3592 5514 3690 5570 ad-

2043 5619 2153 5662 esse
2200 5602 2454 5659 sciebam.
2507 5601 2571 5658 Et
2612 5601 2918 5676 respondi:
2970 5601 3109 5672 Quis
3157 5618 3233 5661 es.
3266 5603 3374 5663 tu?
3429 5604 3497 5660 Et
3543 5605 3624 5661 ait
3670 5618 3686 5665 :
