3996 6096
311 351 424 414 6H

816 354 919 414 AD
966 352 1475 417 GODEFRIDUM
1523 352 1856 416 APPEND.
1906 352 1982 416 ΙΙ.
2017 390 2093 399 -
2131 352 2441 418 MONUM.
2490 355 2594 418 DE
2636 354 2886 418 BELLO
2931 356 3202 420 SACRO.

3594 346 3719 419 612

311 486 580 559 Surge,et
610 483 729 540 noli
759 483 1005 554 timere;
1039 487 1095 541 et
1114 484 1251 541 audi
1278 502 1404 558 quae
1434 502 1538 559 ego
1560 485 1767 558 loquar
1786 486 1854 542 ad
1880 490 1955 542 te.
1988 491 2041 557 Α
2070 502 2210 543 meae
2237 487 2574 544 debilitatem
2618 490 2941 559 recogitans,
2988 489 3180 545 timere
3221 488 3378 561 ccepi,
3424 488 3477 545 si
3509 486 3582 561 ad
3624 490 3720 546 vos

310 575 428 648 Ego
459 591 592 631 sum
619 573 881 630 Andreas
932 572 1254 646 apostolus.
1288 574 1588 647 Congrega
1616 574 1957 647 episcopum

309 663 674 732 Podiensem,
708 666 764 719 et
816 662 1090 718 comitem
1140 663 1338 719 Sancti
1367 662 1602 736 ngidii,
1635 668 1692 719 et
1720 662 1956 720 Petrum

308 753 710 813 Haimundum
740 751 811 807 de
837 749 1151 823 Altopullo,
1202 754 1259 806 et
1299 751 1421 808 haec
1468 752 1626 807 dices
1656 753 1728 808 ad
1759 751 1891 808 illos
1938 768 1953 808 :

308 848 422 900 Cur
454 840 697 915 negligit
724 838 1038 913 episcopus
1060 839 1393 911 praedicare,
1422 840 1473 896 ei
1505 845 1958 911 commonere,et

308 950 443 989 cum
474 944 644 988 cruce
675 945 852 1001 quam
882 928 1112 1000 praefert
1132 927 1364 1001 signare
1387 928 1710 1001 populum?
1740 929 1955 985 etenim

307 1022 562 1080 multum
596 1018 902 1092 prodesset
932 1015 1071 1072 illis.
1106 1018 1168 1073 Et
1197 1017 1409 1073 addidit
1438 1037 1457 1073 :
1486 1017 1714 1083 Veni,et
1760 1023 1953 1074 osten-

308 1111 443 1167 dam
473 1108 581 1165 tibi
610 1107 798 1163 Patris
827 1105 1011 1162 nostri
1041 1105 1182 1162 Jesu
1213 1105 1427 1162 Christi
1458 1106 1744 1173 lanceam,
1775 1124 1954 1180 quam

307 1198 504 1256 comiti
535 1194 1028 1263 donabis,etenim
1059 1211 1187 1250 eam
1222 1196 1371 1251 Deus
1402 1196 1690 1252 concessit
1737 1195 1843 1265 illi,
1884 1214 1954 1252 ex

306 1306 422 1362 quo
452 1285 688 1361 genitus
716 1288 824 1341 est.
852 1284 1090 1340 Surrexi
1116 1285 1322 1356 itaque,
1364 1293 1416 1341 et
1442 1294 1655 1341 secutus
1681 1301 1803 1341 sum
1831 1302 1957 1341 eum

304 1380 367 1435 in
420 1377 694 1433 civitatem
715 1374 871 1429 nullo
899 1373 1268 1429 circumdatus
1296 1375 1522 1440 amictu,
1549 1382 1755 1446 mter
1778 1375 1951 1430 cami-

301 1469 462 1524 siam.
493 1466 560 1521 Et
586 1463 811 1520 induxit
837 1478 924 1518 me
947 1463 1007 1517 in
1034 1462 1317 1518 ecclesiam
1345 1464 1490 1518 beati
1516 1465 1671 1519 Petri
1691 1480 1792 1535 per
1819 1463 1951 1536 Sep-

305 1554 703 1613 temtrionalem
744 1560 981 1624 portam,
1029 1568 1195 1622 quam
1242 1559 1405 1607 antea
1449 1553 1747 1608 Sarraceni
1776 1554 1949 1624 Βαία-

301 1646 542 1701 marium
592 1644 854 1715 fecerant.
902 1641 965 1696 In
1022 1641 1260 1695 Fcclesia
1314 1655 1438 1696 vero
1489 1640 1617 1698 duae
1673 1641 1949 1713 lampades

300 1741 477 1799 erant,
553 1746 678 1805 qua
740 1738 956 1786 tantum
1011 1730 1191 1785 lumen
1261 1729 1340 1784 ibi
1394 1729 1704 1796 reddebant,
1773 1746 1837 1785 ac
1898 1731 1951 1785 si

2064 576 2647 647 venirem,famelicum
2679 592 2762 631 me
2790 592 2922 645 esse,
2954 584 3004 632 et
3026 591 3128 648 pro
3160 576 3304 632 victu
3332 576 3470 632 talia
3515 577 3722 648 referre

2062 681 2150 720 me
2198 666 2630 736 proclamaretis.
2688 667 2867 738 Iteque
2920 673 2973 721 et
3027 682 3092 722 ea
3146 667 3261 722 vice
3312 666 3573 721 conticui.
3625 669 3722 722 De-

2061 754 2263 824 ﬂuente
2294 755 2476 826 itaque
2505 761 2758 826 tempore,
2789 770 2915 809 cum
2960 752 3106 826 apud
3143 762 3366 826 portum
3412 754 3608 810 Sancti
3631 751 3719 809 Si-

2062 845 2273 899 meonis
2299 859 2467 899 essem
2479 863 2500 911 ;
2528 851 2689 915 atque
2717 859 2843 899 cum
2882 842 3102 900 domino
3147 858 3265 900 meo
3296 842 3575 901 Willelmo
3608 846 3714 899 Pe-

2063 933 2156 1001 tri,
2190 934 2342 1004 infra
2371 934 2665 988 tentorium
2693 949 2808 987 una
2834 930 3359 1004 recubarem,adfuit
3376 932 3560 988 beatus
3590 934 3715 987 Λη-

2062 1019 2219 1075 dreas
2264 1036 2390 1075 cum
2429 1022 2592 1088 socio,
2623 1028 2674 1076 et
2701 1021 2897 1076 habitu
2917 1020 3101 1077 eodem
3128 1036 3232 1092 quo
3265 1020 3425 1093 prius
3472 1023 3715 1088 venerat,

2063 1116 2223 1179 atque
2250 1110 2332 1164 sic
2358 1109 2501 1164 mihi
2524 1109 2732 1165 locutus
2760 1116 2839 1165 est
2868 1126 2888 1165 :
2913 1110 3027 1165 Cur
3056 1125 3172 1165 non
3203 1107 3401 1165 dixisti
3430 1106 3632 1164 comiti
3653 1111 3718 1165 et

2061 1196 2353 1269 episcopo,
2389 1202 2446 1253 et
2473 1196 2761 1270 aliis,qute
2790 1214 2896 1271 ego
2927 1213 3317 1271 preceperam
3346 1195 3499 1254 tibi?
3526 1199 3604 1252 Et
3629 1213 3716 1254 re-

2057 1286 2282 1357 spondi:
2299 1285 2500 1342 Nonne
2530 1303 2635 1358 ego
2656 1291 2926 1359 precatus
2937 1302 3071 1344 sum
3096 1285 3506 1355 te,domine,ut
3525 1283 3710 1342 alium

2058 1390 2163 1447 pro
2190 1391 2284 1431 me
2313 1375 2595 1443 mitteres,
2629 1375 2728 1447 qui
2756 1378 2814 1431 et
2844 1375 3164 1448 sapientior
3199 1379 3382 1444 esset;
3433 1378 3492 1431 et
3532 1390 3710 1447 quem

2057 1461 2271 1519 vellent
2300 1463 2503 1520 audire
2535 1480 2548 1520 :
2582 1468 2859 1536 praeterea
2879 1464 3081 1520 Turcae
3111 1467 3252 1521 sunt
3281 1463 3340 1519 in
3371 1462 3709 1537 itinere,qui

2056 1551 2353 1608 venientes
2383 1556 2441 1609 et
2469 1552 2752 1609 abeuntes
2784 1552 3237 1609 iuterﬁciunt.Et
3261 1554 3342 1609 ait
3365 1560 3587 1609 sanctus
3607 1551 3712 1608 An-

2056 1640 2215 1697 dreas
2243 1659 2262 1697 :
2292 1639 2421 1697 Noli
2450 1641 2678 1708 timere,
2712 1641 2853 1715 quia
2878 1640 3026 1698 nihil
3054 1642 3162 1698 tibi
3211 1641 3524 1699 nocebunt.
3574 1640 3709 1698 Haec

2057 1730 2288 1802 quoque
2318 1729 2478 1786 dices
2507 1730 2869 1798 comiti,cum
2900 1729 3124 1787 venerit
3152 1730 3224 1787 ad
3249 1730 3566 1788 Jordanem
3591 1729 3708 1787 ﬂu-

298 1822 554 1880 meridies
610 1819 885 1876 illuxisset
940 1835 969 1873 :.
1019 1819 1071 1872 Ε
1075 1825 1095 1873 ι
1141 1817 1288 1873 dixit
1324 1818 1469 1873 mihi
1520 1819 1804 1890 Exspecta
1829 1817 1941 1875 hic.
1979 1862 2026 1927 B
2054 1818 2236 1887 vium,
2270 1835 2385 1875 non
2418 1818 2787 1892 intinguntur
2829 1818 2933 1888 ibi,
2984 1820 3087 1877 sed
3135 1818 3364 1894 navigio
3404 1822 3708 1889 transeat;

299 1914 367 1968 Et
429 1911 599 1985 jussit
670 1925 758 1963 me
825 1908 1077 1963 assistere
1148 1907 1437 1973 columnae,
1504 1923 1631 1978 quae
1690 1909 1949 1980 proxima
1979 1906 2026 1927 ”
2057 1923 2191 1963 cum
2218 1911 2412 1963 autem
2432 1907 3006 1977 transierit,camisia
3023 1911 3080 1965 et
3098 1908 3327 1965 braccis
3342 1906 3517 1965 lineis
3534 1906 3714 1964 indu-

298 2006 419 2055 erat
479 1996 760 2069 gradibus,
828 1995 1024 2067 quibus
1091 1994 1481 2051 ascendebatur
1545 1996 1615 2050 ad
1675 1996 1849 2052 altare
1913 2013 1949 2051 a

296 2086 527 2144 meridie
593 2105 612 2141 :
675 2094 727 2141 et
789 2086 966 2140 socius
1026 2084 1144 2155 ejus
1220 2101 1253 2139 a
1325 2085 1480 2155 longe
1575 2086 1744 2151 stetit,
1820 2092 1950 2141 ante

297 2177 497 2249 gradus
525 2175 739 2231 altaris.
787 2175 1063 2244 Ingressus
1112 2180 1294 2229 autem
1337 2174 1438 2228 sub
1482 2181 1685 2228 terram
1726 2182 1947 2229 sanctus

297 2264 558 2330 Andreas,
586 2262 848 2335 produxit
895 2263 1160 2327 lanceam,
1209 2270 1371 2332 atque
1419 2263 1475 2317 in
1504 2263 1761 2317 manibus
1809 2263 1951 2318 mihi

298 2353 602 2420 tradidit,et
643 2352 789 2407 dixit
815 2352 957 2407 mihi
985 2368 1004 2406 :
1036 2351 1180 2405 Ecce
1222 2348 1415 2406 lantea
1436 2367 1574 2422 qua
1603 2351 1757 2406 latus
1810 2368 1946 2424 ape-

296 2442 434 2510 ruit,
468 2442 622 2498 unde
653 2439 833 2497 totius
860 2440 1067 2495 mundi
1097 2437 1258 2495 salus
1287 2439 1597 2495 emanavit.
1620 2442 1864 2512 Dumque
1886 2442 1947 2496 in

293 2531 550 2588 manibus
572 2546 695 2586 eam
724 2538 980 2596 tenerem,
1014 2528 1367 2601 lacrymando
1392 2544 1517 2600 prae
1570 2529 1792 2600 gaudio,
1824 2529 1949 2585 diri

290 2622 350 2678 ei
376 2640 395 2676 :
425 2617 746 2687 Domine,si
772 2618 858 2675 vis
888 2619 1130 2691 portabo
1171 2623 1388 2687 eam,et
1433 2618 1673 2673 reddam
1722 2617 1941 2674 comiti.

292 2710 362 2767 Et
384 2709 509 2765 diei
535 2709 720 2765 mihi:
752 2707 888 2764 Sine
920 2707 1115 2774 modo,
1147 2706 1412 2762 futurum
1444 2707 1601 2762 enim
1648 2710 1713 2762 ut
1742 2706 1944 2764 civitas

295 2797 578 2872 capiatur.
612 2797 681 2853 Et
728 2800 869 2852 tunc
916 2795 1110 2852 venies
1159 2812 1294 2851 cum
1343 2795 1651 2852 duodecim
1697 2794 1857 2867 viris,
1889 2800 1946 2852 et

295 2904 523 2962 quaeres
549 2904 678 2943 eam
711 2884 826 2954 hic,
859 2885 1014 2941 unde
1045 2900 1150 2958 ego
1176 2884 1456 2956 abstraxi,
1476 2888 1532 2940 et
1561 2884 1660 2940 ubi
1693 2901 1821 2941 eam
1855 2901 1945 2941 re-

295 2977 563 3034 condam.
598 2977 664 3031 Et
692 2974 993 3031 recondidit
1037 2991 1185 3031 eam.
1232 2975 1330 3030 His
1378 2975 1458 3029 ita
1499 2975 1753 3045 peractis,
1778 2990 1946 3042 super

292 3082 513 3123 murum
538 3065 774 3122 civitatis
801 3063 1021 3120 reduxit
1046 3079 1132 3118 me
1161 3064 1222 3118 in
1249 3063 1469 3119 domum
1495 3080 1694 3129 meam,
1725 3070 1776 3118 et
1803 3063 1882 3118 sic
1910 3078 1946 3118 a

289 3172 377 3212 me
405 3161 754 3211 recesserunt.
791 3153 936 3208 Tunc
983 3168 1077 3223 ego
1117 3168 1331 3207 mecum
1372 3153 1695 3223 recogitans,
1727 3158 1778 3206 et
1806 3167 1944 3223 pau-

2055 1997 2253 2064 tus,de
2282 1997 2526 2053 ﬂumine
2545 1997 2986 2070 aspergatur.Et
2999 2000 3314 2072 postquam
3345 1997 3566 2054 siccata
3585 1996 3710 2054 fue-

2054 2084 2172 2140 rint
2199 2086 2328 2157 ejus
2356 2085 2727 2153 vestimenta,
2759 2089 3001 2159 reponat
3045 2103 3135 2155 ca,
3183 2091 3242 2144 et
3287 2089 3589 2143 conservet
3633 2100 3705 2142 ea

2053 2189 2193 2229 cum
2224 2173 2427 2231 lancea
2456 2173 2784 2231 Domini.Et
2814 2172 2933 2232 haec
2958 2175 3212 2232 dominus
3237 2173 3705 2232 meusWillelmus

2052 2263 2204 2318 Petri
2230 2262 2462 2329 audivit,
2495 2264 2625 2319 licet
2649 2279 2761 2320 non
2809 2263 3015 2320 videret
3061 2263 3385 2337 apostolum.
3417 2264 3701 2336 Couforta-

2053 2358 2138 2406 tus
2168 2353 2361 2422 igitur,
2391 2351 2462 2408 ad
2488 2354 2787 2409 exercitum
2815 2368 3063 2409 reversus
3088 2368 3232 2409 sum.
3274 2352 3514 2426 Cumque
3553 2350 3707 2409 vobis

2051 2440 2171 2497 haec
2189 2441 2401 2512 pariter
2424 2440 2603 2497 dicere
2648 2441 2861 2508 vellem,
2911 2441 3218 2498 coadunare
3254 2456 3347 2497 vos
3385 2455 3498 2498 non
3522 2442 3701 2514 potus“

2050 2530 2240 2601 Itaque
2262 2531 2533 2601 profectus
2561 2546 2684 2585 sum
2710 2529 2780 2585 ad
2802 2537 3023 2602 portum
3067 2529 3131 2586 de
3168 2529 3436 2586 Hamista.
3466 2529 3553 2586 Ibi
3575 2542 3704 2587 vero

2050 2634 2176 2673 cum
2198 2620 2460 2689 navigare
2485 2620 2547 2673 in
2578 2618 2819 2692 Cyprum
2846 2619 3091 2675 insulam
3107 2634 3209 2692 pro
3237 2618 3568 2675 victualibus
3594 2618 3707 2676 vel-

2053 2706 2179 2772 lem,
2228 2708 2586 2763 comminatus
2630 2715 2711 2764 est
2754 2708 2902 2764 mihi
2940 2707 3175 2763 multum
3208 2707 3392 2764 beatus
3423 2705 3696 2776 Jndreas,

2050 2796 2169 2850 nisi
2213 2797 2320 2851 cito
2366 2795 2622 2863 redirem,
2662 2804 2715 2852 et
2756 2796 2907 2853 vobis
2953 2796 3205 2869 injuncta
3229 2796 3375 2853 mihi
3413 2798 3698 2868 referrem.

2051 2885 2293 2955 Cumque
2322 2885 2611 2954 cogitarem
2637 2900 2846 2941 mecum
2882 2884 3143 2957 quomodo
3172 2892 3466 2942 rererterer
3493 2883 3564 2940 ad
3606 2899 3703 2940 ca-

2049 2979 2188 3039 stra,
2234 2971 2421 3027 aberat
2465 2974 2616 3027 enim
2654 2981 2845 3044 portus
2890 2973 2985 3029 ille
3024 2974 3094 3029 ab
3137 2975 3383 3030 exercitu
3418 2974 3581 3046 quasi
3599 2988 3705 3047 per

2051 3068 2159 3116 tres
2187 3060 2324 3129 dies,
2355 3062 2700 3118 amarissime
2727 3063 2857 3132 ﬂere
2880 3064 3037 3134 ccepi,
3077 3078 3199 3119 cum
3230 3061 3498 3119 redeundi
3520 3062 3701 3134 facul-

2053 3157 2217 3206 tatem
2244 3152 2484 3222 repcrire
2510 3166 2621 3206 non
2645 3166 2875 3223 possem.
2912 3151 3147 3207 Tandem
3178 3168 3212 3208 a
3252 3151 3416 3208 sociis
3444 3159 3498 3207 et
3522 3150 3703 3207 dom:-

287 3245 517 3317 pertatis
544 3258 678 3299 meae
707 3241 975 3309 habitum,
1006 3248 1058 3297 et
1086 3248 1318 3297 vestram
1360 3240 1818 3312 magnitudinem,
1849 3255 1939 3296 ve-
1969 3227 2012 3294 C
2048 3254 2120 3295 no
2146 3254 2264 3294 meo
2300 3241 2677 3309 commonitus,
2719 3240 3007 3311 navigium
3034 3241 3308 3310 ingrsssus
3349 3241 3411 3296 in
3454 3241 3706 3314 Cyprum

290 3334 435 3389 ritus
463 3349 588 3389 sum
616 3330 686 3387 ad
715 3347 804 3387 vos
827 3330 1228 3386 accedereJ’ost
1258 3329 1399 3384 illud
1427 3338 1635 3400 tempus
1670 3345 1795 3384 cum
1818 3344 1945 3401 pro-

288 3423 461 3494 fectus
516 3436 687 3478 essem
744 3419 814 3474 ad
868 3417 1140 3490 quoddam
1182 3426 1443 3484 castrum,
1485 3417 1625 3490 quod
1668 3426 1744 3473 est
1775 3418 1945 3489 juxta

291 3511 501 3582 Rojam,
531 3515 751 3581 propter
778 3507 1125 3574 alimoniam,
1155 3508 1341 3578 prima
1370 3507 1457 3561 die
1503 3506 1945 3576 Quadragesimae

295 3601 355 3655 in
382 3598 523 3670 galli
549 3605 733 3663 cantu,
766 3596 948 3668 adfuit
974 3595 1118 3650 mihi
1147 3595 1331 3650 beatus
1367 3594 1607 3651 Andreas
1656 3596 1713 3650 in
1761 3595 1943 3651 eodem

293 3687 508 3752 habitu,
538 3694 590 3743 et
611 3702 734 3741 cam
761 3701 821 3741 eo
851 3701 955 3756 quo
998 3686 1158 3756 prius
1206 3692 1426 3739 venerat
1454 3686 1635 3751 socio;
1664 3692 1715 3740 et
1742 3702 1944 3754 magna

290 3777 515 3832 claritas
544 3775 764 3831 domum
791 3773 1040 3845 replevit.
1075 3774 1141 3828 Et
1167 3775 1254 3829 ait
1286 3773 1471 3828 beatus
1517 3773 1762 3830 Andreas
1793 3792 1811 3830 :
1842 3772 1940 3828 Vi-

291 3863 555 3938 gilasne?
580 3864 675 3919 Sic
700 3865 1124 3934 expergefactus,
1158 3861 1405 3934 respondi
1455 3880 1473 3917 :
1523 3862 1670 3931 Non,
1707 3862 1942 3919 nomine

292 3953 399 4020 mi,
429 3969 546 4008 non
576 3950 805 4008 dormio
840 3968 853 4007 :
898 3959 950 4007 et
994 3953 1075 4007 ait
1117 3950 1263 4007 mihi
1291 3969 1309 4006 :
1340 3949 1546 4007 Dixisti
1577 3967 1645 4007 ea
1675 3968 1799 4023 quas
1832 3951 1942 4007 du-

290 4042 434 4099 dum
465 4041 574 4098 tibi
626 4039 872 4096 dicenda
908 4038 1220 4096 mandavi?
1247 4041 1311 4095 Et
1338 4040 1596 4113 respondi
1623 4058 1642 4096 :
1673 4040 1937 4109 Domine,

291 4146 483 4188 nonne
512 4134 784 4203 precatus
832 4145 965 4185 sum
1003 4145 1126 4196 vos,
1160 4133 1227 4184 ut
1254 4128 1437 4185 alium
1466 4129 1552 4185 eis
1580 4128 1892 4186 mitteretis
1911 4129 1941 4185 ?

289 4220 518 4277 Etenim
548 4222 817 4275 metuens
846 4217 1174 4291 paupertati
1207 4234 1368 4287 111883,
1400 4218 1674 4274 accedere
1704 4219 1777 4274 ad
1809 4217 1939 4275 illos

290 4307 573 4366 dubitavi.
605 4310 673 4365 Et
698 4307 843 4364 dixit
867 4308 1009 4363 mihi
1037 4325 1056 4362 :
1086 4306 1366 4362 Nescisne
1392 4323 1497 4362 cur
1517 4311 1665 4363 Deus
1692 4306 1808 4362 huc
1836 4323 1938 4363 vos

288 4397 550 4466 adduxit,
583 4401 640 4454 et
665 4401 953 4469 quantum
1000 4412 1102 4451 vos
1150 4395 1375 4468 diligat,
1409 4399 1467 4452 et
1514 4396 1807 4468 quomodo
1837 4412 1939 4452 vos

287 4486 576 4560 praecipue
604 4485 909 4559 elegit.Pro
940 4488 1277 4557 contemptu
1306 4484 1400 4540 sui
1432 4487 1489 4540 et
1518 4501 1763 4541 suorum
1810 4483 1937 4540 vin-

288 4575 570 4644 dicta,vos
590 4574 706 4631 huc
726 4574 921 4649 venire
941 4573 1307 4647 fecit.Diligit
1331 4591 1431 4630 vos
1456 4574 1606 4662 adeo
1628 4577 1694 4629 ut
1724 4574 1934 4641 sancti,
1967 4597 2014 4662 D

279 4665 407 4738 jam
437 4664 499 4721 in
530 4663 731 4736 requie
763 4662 958 4737 positi,
994 4662 1202 4718 divinae
1247 4661 1650 4735 dispositionis
1681 4662 1931 4736 gratiam

286 4757 736 4828 praenoscentes,
768 4752 827 4807 in
860 4768 1033 4809 carne
1077 4768 1225 4819 esse,
1258 4755 1316 4807 et
1360 4755 1694 4808 concertare
1739 4750 1933 4808 vobis-

286 4858 421 4898 cum
448 4841 681 4899 vellent.
704 4840 891 4914 Elegit
919 4857 1020 4896 vos
1049 4839 1302 4909 Deus,ex
1331 4839 1607 4895 omnibus
1636 4838 1930 4912 gentibus,

285 4931 441 4988 sicut
467 4931 705 4987 triticea:
734 4931 906 5002 spicae
936 4930 1007 4985 de
1037 4927 1306 4985 avenaria
1327 4926 1934 5001 colliguntur.Etenim

286 5019 514 5077 meritis
543 5024 599 5077 et
619 5019 808 5093 gratia
837 5017 1163 5090 praeceditis
1194 5032 1420 5085 omnes,
1442 5016 1543 5089 qui
1573 5021 1706 5074 ante
1725 5020 1783 5073 et
1803 5021 1936 5090 post

281 5125 386 5167 vos
416 5106 826 5175 venient,sicut
853 5122 1064 5162 aurum
1084 5104 1271 5178 pretio
1301 5105 1573 5178 praecedit
1601 5109 1930 5180 argentum.

282 5201 411 5257 Post
437 5198 556 5257 haec
583 5197 965 5262 discesserunt,
1012 5202 1064 5251 et
1089 5210 1177 5251 me
1225 5202 1378 5251 tanta
1424 5195 1695 5267 egritudo
1725 5211 1937 5267 oppres-

281 5296 359 5347 sit
382 5295 445 5344 ut
473 5288 659 5344 lumen
685 5284 964 5343 oculorum
990 5283 1310 5357 perderem;
1340 5293 1391 5342 et
1420 5283 1829 5356 dispositionem
1866 5293 1938 5341 te-

279 5378 575 5436 nuissimae
626 5375 966 5448 paupertatis
1010 5388 1150 5430 mea?
1193 5375 1449 5446 facerem.
1504 5374 1647 5429 Tune
1670 5390 1767 5443 ego
1803 5374 1940 5446 coepi

284 5481 501 5526 mecum
527 5466 764 5535 cogitare
791 5462 952 5536 quod,
984 5462 1049 5520 ob
1077 5464 1474 5535 negligentiam
1522 5462 1833 5534 apostolicae
1859 5465 1940 5519 vi-

279 5555 475 5622 sionis,
508 5553 627 5611 hac
645 5553 795 5628 juste
820 5553 964 5609 mihi
1010 5552 1401 5624 contingerent,
1433 5553 1785 5624 Confortatus
1831 5554 1938 5608 ita-

281 5659 405 5728 que,
430 5642 500 5706 ad
528 5642 861 5711 obsidianem
888 5658 1133 5707 reversus
1179 5658 1320 5703 sum.
1351 5644 1580 5723 Rursus,
1626 5648 1939 5727 paupertats

2050 3328 2348 3399 remigrare
2370 3328 2653 3399 caepimus.
2682 3327 2898 3383 Etcum
2923 3341 3023 3399 per
3050 3326 3407 3383 totam“de
3451 3327 3621 3382 remis
3649 3332 3705 3384 et

2048 3417 2321 3488 prosperis
2349 3417 2523 3472 ventis
2563 3431 2868 3487 ageremur,
2918 3431 3089 3489 usque
3132 3415 3204 3471 ad
3245 3415 3380 3472 solis
3424 3430 3694 3484 occasum,

2050 3513 2170 3562 orta
2196 3504 2373 3560 subito
2400 3511 2726 3577 tempestate,
2754 3505 2816 3560 in
2842 3506 3019 3576 spatio
3043 3505 3213 3560 unius
3241 3504 3392 3562 iterm
3436 3504 3522 3562 vel
3559 3502 3702 3560 dua-
3752 3498 3767 3509 ⁶

2048 3610 2177 3650 rum
2205 3593 2276 3649 ad
2304 3594 2554 3649 relictum
2593 3601 2815 3666 portum
2858 3595 3064 3651 reversi
3102 3608 3310 3650 sumus.
3342 3593 3431 3650 Ibi
3474 3593 3705 3666 languo-

2049 3699 2166 3738 rem
2193 3684 2582 3753 gravissimum
2610 3683 2844 3739 incurri.
2900 3683 3069 3755 Capta
3114 3690 3297 3739 autem
3341 3683 3581 3751 civitate,
3630 3680 3705 3738 ad

2047 3788 2137 3828 vos
2170 3772 2386 3827 veni.Et
2414 3788 2564 3827 nunc
2590 3774 2643 3827 si
2669 3771 2819 3827 vobis
2843 3772 3377 3844 plaoet,e.rperimini
3406 3785 3532 3845 quae
3559 3771 3702 3829 dico.

2049 3860 2371 3933 Episcopus
2402 3863 2596 3915 autem
2628 3859 2775 3916 nihil
2804 3876 2953 3928 esse,
2986 3865 3197 3934 praeter
3223 3861 3399 3917 verba
3424 3859 3655 3933 putavit
3681 3876 3697 3917 :

2049 3949 2257 4005 Comes
2286 3964 2419 4004 vero
2450 3947 2602 4004 illico
2633 3948 2900 4016 credidit,
2923 3954 2983 4004 et
3004 3948 3170 4005 illum
3204 3948 3305 4022 qui
3336 3947 3448 4006 hoc
3476 3947 3706 4006 dixerat

2049 4036 2347 4111 capellano
2377 4053 2484 4094 suo
2515 4036 3335 4105 Raimunﬁo,custodiendum
3363 4036 3628 4097 tradidit.

2677 4124 2909 4182 CAPUT
2943 4125 3060 4182 XV.

2116 4213 2401 4288 Apparuit
2427 4214 2487 4270 in
2518 4213 2648 4288 ipsa
2676 4218 2864 4284 nocte,
2897 4231 3026 4288 qua:
3057 4218 3261 4273 secuta
3286 4218 3396 4289 est,
3412 4215 3704 4273 Dominus

2047 4310 2246 4361 noster
2276 4305 2452 4362 Jesus
2473 4303 2742 4361 Christus
2758 4304 2992 4361 cuidam
3011 4304 3561 4373 sacerdoti,nomine
3580 4302 3707 4364 Sto.

2047 4393 2262 4468 phano,
2293 4391 2639 4466 lacrymanti
2681 4407 2786 4465 pro
2832 4391 3070 4449 interitu
3122 4409 3230 4450 suo
3272 4396 3330 4449 et
3379 4391 3698 4461 sociorum,

2046 4499 2222 4556 quem
2251 4483 2519 4538 futurum
2569 4480 2726 4537 illico
2770 4481 3063 4554 sperabat.
3093 4480 3326 4538 Etenim
3362 4484 3698 4539 terruerant

2045 4589 2180 4628 eum
2210 4570 2579 4644 quidam,qui
2609 4570 2681 4626 de
2712 4569 2950 4628 castello
2979 4570 3420 4643 descenderant,
3432 4570 3725 4629 dicentes

2044 4660 2409 4731 Turcosjam
2439 4659 2790 4716 descendere
2819 4660 2891 4717 de
2933 4664 3134 4716 monte
3161 4658 3222 4716 in
3253 4659 3568 4729 civitatem,
3603 4663 3697 4716 at-

2043 4766 2158 4823 que
2187 4753 2419 4805 nostros
2449 4748 2669 4821 fugere,
2694 4751 2752 4805 et
2772 4748 2957 4804 victos
2986 4764 3136 4805 esse.
3168 4748 3479 4822 Propterea
3497 4764 3695 4806 sacer-

2041 4838 2148 4895 dos
2176 4836 2374 4895 volens
2396 4838 2611 4895 habere
2640 4837 2826 4894 Deum
2846 4837 3054 4894 mortis
3081 4855 3202 4895 sum
3228 4838 3696 4912 testem,ingres-

2042 4944 2146 4985 sus
2175 4926 2482 4985 ecclesiam
2513 4927 2695 4983 beata
2725 4942 2960 5001 semper
2987 4925 3231 5002 virginis
3259 4925 3696 5001 Marias,habita

2041 5017 2491 5089 confessione,et
2519 5019 2756 5090 sumpta
2771 5016 3102 5088 venia,cum
3131 5017 3487 5092 quibusdam
3514 5016 3699 5076 sociis

2041 5104 2302 5180 psalmos
2331 5109 2566 5162 cantare
2596 5104 2789 5179 ccepit,
2822 5104 3365 5180 dormientibusque
3395 5105 3525 5164 aliis
3554 5122 3695 5164 eum

2044 5195 2207 5253 solus
2224 5194 2691 5269 vigilaret,atque
2706 5210 2841 5251 eum
2872 5195 3117 5253 dixisset
3145 5211 3161 5253 :
3191 5196 3569 5271 Domine,quis
3597 5196 3699 5254 ha-

2047 5287 2243 5343 bitabit
2284 5287 2347 5341 in
2393 5286 2746 5342 tabernaculo
2788 5292 2901 5353 tuo,
2950 5292 3049 5343 aut
3110 5286 3234 5359 quis
3290 5287 3586 5361 requiescet
3633 5286 3699 5343 in

2042 5383 2224 5431 monte
2250 5381 2433 5430 sancto
2463 5379 2561 5431 tuo
2589 5374 2760 5447 (Psal.
2789 5390 2904 5445 xxv,
2939 5374 3012 5449 1).
3044 5374 3219 5433 Stetit
3259 5391 3460 5433 coram
3497 5391 3565 5433 eo
3610 5372 3704 5433 vir

2046 5462 2471 5537 quidam,ultra
2500 5479 2734 5520 omnem
2763 5462 3271 5536 speciem,habens
3301 5462 3700 5538 pulchritudi~

2045 5570 2203 5623 nem,
2235 5556 2292 5610 et
2319 5552 2463 5609 dixit
2491 5551 2544 5609 ei
2574 5568 2589 5608 :
2620 5554 2808 5625 Homo,
2839 5566 3096 5626 quaenam
3134 5561 3216 5611 est
3243 5552 3363 5615 haec
3387 5566 3538 5628 gens,
3569 5560 3707 5627 qua

2046 5644 2319 5731 civitatem
2346 5644 2591 5729 ingressa
2620 5640 2733 5727 est?
2762 5640 2834 5723 Et
2861 5641 2945 5724 ait
2986 5641 3335 5725 presbyter;
3365 5641 3711 5725 Christiani:
