  <div class='ocr_page' id='page_1' title='image "/cluster/home/n/w/nwhite01/storage/ocr_20150623/155/hvd.32044054760137/310.png"; bbox 0 0 3996 6096; ppageno 0'>
   <div class='ocr_carea' id='block_1_1' title="bbox 215 261 338 324">
    <p class='ocr_par' dir='ltr' id='par_1_1' title="bbox 215 261 338 324">
     <span class='ocr_line' id='line_1_1' title="bbox 215 261 338 324; baseline 0.016 -2"><span class='ocrx_word' id='word_1_1' title='bbox 215 261 338 324; x_wconf 81' lang='grc'>613</span> 
     </span>
    </p>
   </div>
   <div class='ocr_carea' id='block_1_2' title="bbox 1217 263 2621 338">
    <p class='ocr_par' dir='ltr' id='par_1_2' title="bbox 1217 263 2621 338">
     <span class='ocr_line' id='line_1_2' title="bbox 1217 263 2621 338; baseline 0.006 -11"><span class='ocrx_word' id='word_1_2' title='bbox 1217 265 1438 328; x_wconf 85' lang='lat' dir='ltr'>RAIM.</span> <span class='ocrx_word' id='word_1_3' title='bbox 1484 265 1587 327; x_wconf 88' lang='lat' dir='ltr'>DE</span> <span class='ocrx_word' id='word_1_4' title='bbox 1633 263 1916 332; x_wconf 70' lang='lat' dir='ltr'>AGILES</span> <span class='ocrx_word' id='word_1_5' title='bbox 1957 265 2165 338; x_wconf 74' lang='lat' dir='ltr'>HlS&#39;l‘.</span> <span class='ocrx_word' id='word_1_6' title='bbox 2209 269 2621 336; x_wconf 82' lang='lat' dir='ltr'>HIEBOSOL.</span> 
     </span>
    </p>
   </div>
   <div class='ocr_carea' id='block_1_3' title="bbox 3498 276 3616 339">
    <p class='ocr_par' dir='ltr' id='par_1_3' title="bbox 3498 276 3616 339">
     <span class='ocr_line' id='line_1_3' title="bbox 3498 276 3616 339; baseline 0.034 -3"><span class='ocrx_word' id='word_1_7' title='bbox 3498 276 3616 339; x_wconf 75' lang='lat' dir='ltr'>6M</span> 
     </span>
    </p>
   </div>
   <div class='ocr_carea' id='block_1_4' title="bbox 215 392 3621 477">
    <p class='ocr_par' dir='ltr' id='par_1_4' title="bbox 215 392 3621 477">
     <span class='ocr_line' id='line_1_4' title="bbox 215 392 3621 477; baseline 0.005 -29"><span class='ocrx_word' id='word_1_8' title='bbox 215 394 286 448; x_wconf 82' lang='lat' dir='ltr'>Et</span> <span class='ocrx_word' id='word_1_9' title='bbox 330 392 430 450; x_wconf 90' lang='lat' dir='ltr'>ille</span> <span class='ocrx_word' id='word_1_10' title='bbox 475 393 621 449; x_wconf 89' lang='lat' dir='ltr'>dixit</span> <span class='ocrx_word' id='word_1_11' title='bbox 652 411 666 450; x_wconf 91' lang='lat'><strong>:</strong></span> <span class='ocrx_word' id='word_1_12' title='bbox 703 393 1019 466; x_wconf 80' lang='lat' dir='ltr'>Cujusmodi</span> <span class='ocrx_word' id='word_1_13' title='bbox 1069 397 1406 453; x_wconf 75' lang='lat' dir='ltr'>Christiani?</span> <span class='ocrx_word' id='word_1_14' title='bbox 1456 399 1522 452; x_wconf 91' lang='lat' dir='ltr'>Et</span> <span class='ocrx_word' id='word_1_15' title='bbox 1569 399 1858 468; x_wconf 82' lang='lat' dir='ltr'>sacerdos,</span> <span class='ocrx_word' id='word_1_16' title='bbox 1888 398 1948 467; x_wconf 76' lang='grc' dir='ltr'>Α,</span> <span class='ocrx_word' id='word_1_17' title='bbox 1980 399 2223 456; x_wconf 84' lang='lat' dir='ltr'>lationes</span> <span class='ocrx_word' id='word_1_18' title='bbox 2256 418 2358 472; x_wconf 84' lang='lat' dir='ltr'>per</span> <span class='ocrx_word' id='word_1_19' title='bbox 2386 403 2592 458; x_wconf 80' lang='lat' dir='ltr'>fratres</span> <span class='ocrx_word' id='word_1_20' title='bbox 2626 407 2940 471; x_wconf 87' lang='lat' dir='ltr'>nostros,et</span> <span class='ocrx_word' id='word_1_21' title='bbox 2970 405 3204 477; x_wconf 86' lang='lat' dir='ltr'>signum</span> <span class='ocrx_word' id='word_1_22' title='bbox 3247 405 3304 461; x_wconf 88' lang='lat' dir='ltr'>in</span> <span class='ocrx_word' id='word_1_23' title='bbox 3336 406 3478 464; x_wconf 72' lang='lat' dir='ltr'>caalo</span> <span class='ocrx_word' id='word_1_24' title='bbox 3508 409 3621 464; x_wconf 89' lang='lat' dir='ltr'>mi-</span> 
     </span>
    </p>
   </div>
   <div class='ocr_carea' id='block_1_5' title="bbox 210 482 1864 558">
    <p class='ocr_par' dir='ltr' id='par_1_5' title="bbox 210 482 1864 558">
     <span class='ocr_line' id='line_1_5' title="bbox 210 482 1864 558; baseline 0.003 -21"><span class='ocrx_word' id='word_1_25' title='bbox 210 484 328 552; x_wconf 81' lang='lat' dir='ltr'>Qui</span> <span class='ocrx_word' id='word_1_26' title='bbox 352 482 581 539; x_wconf 87' lang='lat' dir='ltr'>credunt</span> <span class='ocrx_word' id='word_1_27' title='bbox 610 483 888 540; x_wconf 72' lang='lat' dir='ltr'>Christum</span> <span class='ocrx_word' id='word_1_28' title='bbox 931 486 996 541; x_wconf 90' lang='lat' dir='ltr'>de</span> <span class='ocrx_word' id='word_1_29' title='bbox 1049 487 1274 558; x_wconf 78' lang='lat' dir='ltr'>Virgine</span> <span class='ocrx_word' id='word_1_30' title='bbox 1319 495 1590 555; x_wconf 87' lang='lat' dir='ltr'>natum,et</span> <span class='ocrx_word' id='word_1_31' title='bbox 1619 489 1679 543; x_wconf 88' lang='lat' dir='ltr'>in</span> <span class='ocrx_word' id='word_1_32' title='bbox 1710 504 1864 543; x_wconf 88' lang='lat' dir='ltr'>cruce</span> 
     </span>
    </p>
   </div>
   <div class='ocr_carea' id='block_1_6' title="bbox 203 576 1865 646">
    <p class='ocr_par' dir='ltr' id='par_1_6' title="bbox 203 576 1865 646">
     <span class='ocr_line' id='line_1_6' title="bbox 203 576 1865 646; baseline 0.004 -20"><span class='ocrx_word' id='word_1_33' title='bbox 203 587 458 643; x_wconf 85' lang='lat' dir='ltr'>passum,</span> <span class='ocrx_word' id='word_1_34' title='bbox 487 579 784 641; x_wconf 87' lang='lat' dir='ltr'>mortuum,</span> <span class='ocrx_word' id='word_1_35' title='bbox 807 583 861 630; x_wconf 95' lang='lat' dir='ltr'>ot</span> <span class='ocrx_word' id='word_1_36' title='bbox 876 576 1198 646; x_wconf 69' lang='lat' dir='ltr'>sepultum;</span> <span class='ocrx_word' id='word_1_37' title='bbox 1229 583 1281 632; x_wconf 90' lang='lat' dir='ltr'>et</span> <span class='ocrx_word' id='word_1_38' title='bbox 1308 579 1673 632; x_wconf 72' lang='lat' dir='ltr'>resun&#39;exisse</span> <span class='ocrx_word' id='word_1_39' title='bbox 1703 579 1865 632; x_wconf 85' lang='lat' dir='ltr'>tertia</span> 
     </span>
    </p>
   </div>
   <div class='ocr_carea' id='block_1_7' title="bbox 207 659 1865 733">
    <p class='ocr_par' dir='ltr' id='par_1_7' title="bbox 207 659 1865 733">
     <span class='ocr_line' id='line_1_7' title="bbox 207 659 1865 733; baseline 0.004 -18"><span class='ocrx_word' id='word_1_40' title='bbox 207 659 491 733; x_wconf 86' lang='lat' dir='ltr'>die,atque</span> <span class='ocrx_word' id='word_1_41' title='bbox 520 663 581 716; x_wconf 90' lang='lat' dir='ltr'>in</span> <span class='ocrx_word' id='word_1_42' title='bbox 609 663 805 718; x_wconf 75' lang='lat' dir='ltr'>caelum</span> <span class='ocrx_word' id='word_1_43' title='bbox 852 664 1172 720; x_wconf 78' lang='lat' dir='ltr'>ascendisse.</span> <span class='ocrx_word' id='word_1_44' title='bbox 1207 664 1272 719; x_wconf 88' lang='lat' dir='ltr'>Et</span> <span class='ocrx_word' id='word_1_45' title='bbox 1319 665 1465 720; x_wconf 80' lang='lat' dir='ltr'>dixit</span> <span class='ocrx_word' id='word_1_46' title='bbox 1509 666 1598 720; x_wconf 91' lang='lat' dir='ltr'>vir</span> <span class='ocrx_word' id='word_1_47' title='bbox 1626 665 1723 721; x_wconf 90' lang='lat' dir='ltr'>ille</span> <span class='ocrx_word' id='word_1_48' title='bbox 1759 683 1770 720; x_wconf 95' lang='lat'>:</span> <span class='ocrx_word' id='word_1_49' title='bbox 1799 668 1865 721; x_wconf 87' lang='lat' dir='ltr'>Et</span> 
     </span>
    </p>
   </div>
   <div class='ocr_carea' id='block_1_8' title="bbox 205 747 1862 825">
    <p class='ocr_par' dir='ltr' id='par_1_8' title="bbox 205 747 1862 825">
     <span class='ocr_line' id='line_1_8' title="bbox 205 747 1862 825; baseline 0.004 -22"><span class='ocrx_word' id='word_1_50' title='bbox 205 751 263 804; x_wconf 83' lang='lat' dir='ltr'>si</span> <span class='ocrx_word' id='word_1_51' title='bbox 292 747 599 805; x_wconf 75' lang='lat' dir='ltr'>Christiani</span> <span class='ocrx_word' id='word_1_52' title='bbox 624 760 770 818; x_wconf 87' lang='lat' dir='ltr'>sunt,</span> <span class='ocrx_word' id='word_1_53' title='bbox 804 768 904 808; x_wconf 89' lang='lat' dir='ltr'>cur</span> <span class='ocrx_word' id='word_1_54' title='bbox 948 769 1293 825; x_wconf 81' lang='lat' dir='ltr'>paganorum</span> <span class='ocrx_word' id='word_1_55' title='bbox 1335 755 1747 810; x_wconf 78' lang='lat' dir='ltr'>multitudinem</span> <span class='ocrx_word' id='word_1_56' title='bbox 1775 771 1862 810; x_wconf 84' lang='lat' dir='ltr'>ve-</span> 
     </span>
    </p>
   </div>
   <div class='ocr_carea' id='block_1_9' title="bbox 205 827 1864 916">
    <p class='ocr_par' dir='ltr' id='par_1_9' title="bbox 205 827 1864 916">
     <span class='ocr_line' id='line_1_9' title="bbox 205 827 1864 916; baseline 0.004 -24"><span class='ocrx_word' id='word_1_57' title='bbox 205 839 454 894; x_wconf 81' lang='lat' dir='ltr'>rentur?</span> <span class='ocrx_word' id='word_1_58' title='bbox 485 839 550 894; x_wconf 89' lang='lat' dir='ltr'>Et</span> <span class='ocrx_word' id='word_1_59' title='bbox 575 827 829 896; x_wconf 78' lang='lat' dir='ltr'>addidit:</span> <span class='ocrx_word' id='word_1_60' title='bbox 855 842 1181 913; x_wconf 82' lang='lat' dir='ltr'>Agnoscisne</span> <span class='ocrx_word' id='word_1_61' title='bbox 1212 842 1336 899; x_wconf 85' lang='lat' dir='ltr'>me?</span> <span class='ocrx_word' id='word_1_62' title='bbox 1366 843 1430 897; x_wconf 89' lang='lat' dir='ltr'>Et</span> <span class='ocrx_word' id='word_1_63' title='bbox 1451 845 1752 916; x_wconf 85' lang='lat' dir='ltr'>presbyter</span> <span class='ocrx_word' id='word_1_64' title='bbox 1780 860 1864 899; x_wconf 91' lang='lat' dir='ltr'>re-</span> 
     </span>
    </p>
   </div>
   <div class='ocr_carea' id='block_1_10' title="bbox 211 926 1863 1004">
    <p class='ocr_par' dir='ltr' id='par_1_10' title="bbox 211 926 1863 1004">
     <span class='ocr_line' id='line_1_10' title="bbox 211 926 1863 1004; baseline 0.005 -23"><span class='ocrx_word' id='word_1_65' title='bbox 211 926 456 998; x_wconf 80' lang='lat' dir='ltr'>spondit</span> <span class='ocrx_word' id='word_1_66' title='bbox 487 943 500 982; x_wconf 89' lang='lat'><strong>:</strong></span> <span class='ocrx_word' id='word_1_67' title='bbox 532 929 652 984; x_wconf 82' lang='lat' dir='ltr'>Non</span> <span class='ocrx_word' id='word_1_68' title='bbox 680 945 910 1002; x_wconf 88' lang='lat' dir='ltr'>agnosco</span> <span class='ocrx_word' id='word_1_69' title='bbox 938 938 1006 997; x_wconf 86' lang='lat' dir='ltr'>te,</span> <span class='ocrx_word' id='word_1_70' title='bbox 1037 931 1275 998; x_wconf 83' lang='lat' dir='ltr'>domine,</span> <span class='ocrx_word' id='word_1_71' title='bbox 1295 933 1412 987; x_wconf 89' lang='lat' dir='ltr'>nisi</span> <span class='ocrx_word' id='word_1_72' title='bbox 1441 932 1581 1004; x_wconf 87' lang='lat' dir='ltr'>quod</span> <span class='ocrx_word' id='word_1_73' title='bbox 1603 934 1863 1004; x_wconf 84' lang='lat' dir='ltr'>pulcher-</span> 
     </span>
    </p>
   </div>
   <div class='ocr_carea' id='block_1_11' title="bbox 207 1018 1866 1095">
    <p class='ocr_par' dir='ltr' id='par_1_11' title="bbox 207 1018 1866 1095">
     <span class='ocr_line' id='line_1_11' title="bbox 207 1018 1866 1095; baseline 0.004 -25"><span class='ocrx_word' id='word_1_74' title='bbox 207 1031 419 1072; x_wconf 73' lang='lat' dir='ltr'>rimum</span> <span class='ocrx_word' id='word_1_75' title='bbox 465 1020 712 1073; x_wconf 90' lang='lat' dir='ltr'>omnium</span> <span class='ocrx_word' id='word_1_76' title='bbox 738 1018 892 1074; x_wconf 87' lang='lat' dir='ltr'>video</span> <span class='ocrx_word' id='word_1_77' title='bbox 930 1028 999 1076; x_wconf 89' lang='lat' dir='ltr'>te.</span> <span class='ocrx_word' id='word_1_78' title='bbox 1035 1021 1102 1076; x_wconf 88' lang='lat' dir='ltr'>Et</span> <span class='ocrx_word' id='word_1_79' title='bbox 1146 1021 1229 1076; x_wconf 92' lang='lat' dir='ltr'>ait</span> <span class='ocrx_word' id='word_1_80' title='bbox 1270 1021 1398 1076; x_wconf 90' lang='lat' dir='ltr'>vir:</span> <span class='ocrx_word' id='word_1_81' title='bbox 1431 1023 1866 1095; x_wconf 84' lang='lat' dir='ltr'>Diligentissime</span> 
     </span>
    </p>
   </div>
   <div class='ocr_carea' id='block_1_12' title="bbox 209 1105 1865 1182">
    <p class='ocr_par' dir='ltr' id='par_1_12' title="bbox 209 1105 1865 1182">
     <span class='ocr_line' id='line_1_12' title="bbox 209 1105 1865 1182; baseline 0.004 -23"><span class='ocrx_word' id='word_1_82' title='bbox 209 1105 430 1162; x_wconf 79' lang='lat' dir='ltr'>intuere</span> <span class='ocrx_word' id='word_1_83' title='bbox 457 1123 562 1163; x_wconf 88' lang='lat' dir='ltr'>me.</span> <span class='ocrx_word' id='word_1_84' title='bbox 593 1107 858 1180; x_wconf 82' lang='lat' dir='ltr'>Cumque</span> <span class='ocrx_word' id='word_1_85' title='bbox 889 1108 948 1164; x_wconf 90' lang='lat' dir='ltr'>in</span> <span class='ocrx_word' id='word_1_86' title='bbox 989 1125 1124 1164; x_wconf 82' lang='lat' dir='ltr'>eum</span> <span class='ocrx_word' id='word_1_87' title='bbox 1155 1109 1570 1182; x_wconf 83' lang='lat' dir='ltr'>perspicaciter</span> <span class='ocrx_word' id='word_1_88' title='bbox 1597 1111 1865 1166; x_wconf 86' lang='lat' dir='ltr'>sacerdo-</span> 
     </span>
    </p>
   </div>
   <div class='ocr_carea' id='block_1_13' title="bbox 210 1193 1866 1271">
    <p class='ocr_par' dir='ltr' id='par_1_13' title="bbox 210 1193 1866 1271">
     <span class='ocr_line' id='line_1_13' title="bbox 210 1193 1866 1271; baseline 0.004 -23"><span class='ocrx_word' id='word_1_89' title='bbox 210 1193 322 1249; x_wconf 89' lang='lat' dir='ltr'>dos</span> <span class='ocrx_word' id='word_1_90' title='bbox 352 1193 700 1256; x_wconf 86' lang='lat' dir='ltr'>intenderet.</span> <span class='ocrx_word' id='word_1_91' title='bbox 732 1197 802 1252; x_wconf 91' lang='lat' dir='ltr'>de</span> <span class='ocrx_word' id='word_1_92' title='bbox 832 1197 1020 1270; x_wconf 83' lang='lat' dir='ltr'>capite</span> <span class='ocrx_word' id='word_1_93' title='bbox 1047 1199 1196 1270; x_wconf 88' lang='lat' dir='ltr'>ejus,</span> <span class='ocrx_word' id='word_1_94' title='bbox 1229 1198 1483 1271; x_wconf 85' lang='lat' dir='ltr'>speciem</span> <span class='ocrx_word' id='word_1_95' title='bbox 1524 1199 1714 1255; x_wconf 91' lang='lat' dir='ltr'>crucis</span> <span class='ocrx_word' id='word_1_96' title='bbox 1747 1199 1866 1255; x_wconf 91' lang='lat' dir='ltr'>sole</span> 
     </span>
    </p>
   </div>
   <div class='ocr_carea' id='block_1_14' title="bbox 212 1283 1868 1360">
    <p class='ocr_par' dir='ltr' id='par_1_14' title="bbox 212 1283 1868 1360">
     <span class='ocr_line' id='line_1_14' title="bbox 212 1283 1868 1360; baseline 0.002 -22"><span class='ocrx_word' id='word_1_97' title='bbox 212 1283 404 1339; x_wconf 83' lang='lat' dir='ltr'>multo</span> <span class='ocrx_word' id='word_1_98' title='bbox 437 1283 742 1341; x_wconf 89' lang='lat' dir='ltr'>clariorem</span> <span class='ocrx_word' id='word_1_99' title='bbox 775 1287 1087 1357; x_wconf 82' lang='lat' dir='ltr'>procedere</span> <span class='ocrx_word' id='word_1_100' title='bbox 1135 1287 1298 1342; x_wconf 87' lang='lat' dir='ltr'>vidit.</span> <span class='ocrx_word' id='word_1_101' title='bbox 1333 1287 1400 1343; x_wconf 90' lang='lat' dir='ltr'>Et</span> <span class='ocrx_word' id='word_1_102' title='bbox 1444 1287 1524 1344; x_wconf 83' lang='lat' dir='ltr'>ait</span> <span class='ocrx_word' id='word_1_103' title='bbox 1567 1289 1868 1360; x_wconf 78' lang='lat' dir='ltr'>presbyter</span> 
     </span>
    </p>
   </div>
   <div class='ocr_carea' id='block_1_15' title="bbox 208 1370 1870 1448">
    <p class='ocr_par' dir='ltr' id='par_1_15' title="bbox 208 1370 1870 1448">
     <span class='ocr_line' id='line_1_15' title="bbox 208 1370 1870 1448; baseline 0.003 -21"><span class='ocrx_word' id='word_1_104' title='bbox 208 1371 337 1427; x_wconf 83' lang='lat' dir='ltr'>viro</span> <span class='ocrx_word' id='word_1_105' title='bbox 369 1370 752 1447; x_wconf 79' lang='lat' dir='ltr'>interroganti</span> <span class='ocrx_word' id='word_1_106' title='bbox 801 1375 872 1430; x_wconf 91' lang='lat' dir='ltr'>de</span> <span class='ocrx_word' id='word_1_107' title='bbox 919 1391 981 1430; x_wconf 89' lang='lat' dir='ltr'>se</span> <span class='ocrx_word' id='word_1_108' title='bbox 1014 1392 1027 1430; x_wconf 90' lang='lat'><strong>:</strong></span> <span class='ocrx_word' id='word_1_109' title='bbox 1055 1375 1302 1443; x_wconf 85' lang='lat' dir='ltr'>Domine,</span> <span class='ocrx_word' id='word_1_110' title='bbox 1335 1379 1603 1448; x_wconf 86' lang='lat' dir='ltr'>imagines</span> <span class='ocrx_word' id='word_1_111' title='bbox 1649 1379 1870 1434; x_wconf 87' lang='lat' dir='ltr'>Domini</span> 
     </span>
    </p>
   </div>
   <div class='ocr_carea' id='block_1_16' title="bbox 208 1462 1870 1538">
    <p class='ocr_par' dir='ltr' id='par_1_16' title="bbox 208 1462 1870 1538">
     <span class='ocr_line' id='line_1_16' title="bbox 208 1462 1870 1538; baseline 0.004 -23"><span class='ocrx_word' id='word_1_112' title='bbox 208 1462 392 1516; x_wconf 84' lang='lat' dir='ltr'>nostri</span> <span class='ocrx_word' id='word_1_113' title='bbox 416 1463 546 1518; x_wconf 89' lang='lat' dir='ltr'>Jesu</span> <span class='ocrx_word' id='word_1_114' title='bbox 594 1463 798 1519; x_wconf 80' lang='lat' dir='ltr'>Christi</span> <span class='ocrx_word' id='word_1_115' title='bbox 843 1480 956 1520; x_wconf 86' lang='lat' dir='ltr'>esse</span> <span class='ocrx_word' id='word_1_116' title='bbox 1008 1464 1260 1530; x_wconf 83' lang='lat' dir='ltr'>dicimus,</span> <span class='ocrx_word' id='word_1_117' title='bbox 1311 1482 1436 1538; x_wconf 70' lang='lat' dir='ltr'>quae</span> <span class='ocrx_word' id='word_1_118' title='bbox 1479 1466 1718 1522; x_wconf 78' lang='lat' dir='ltr'>similem</span> <span class='ocrx_word' id='word_1_119' title='bbox 1768 1467 1870 1521; x_wconf 83' lang='lat' dir='ltr'>tibi</span> 
     </span>
    </p>
   </div>
   <div class='ocr_carea' id='block_1_17' title="bbox 209 1552 1870 1624">
    <p class='ocr_par' dir='ltr' id='par_1_17' title="bbox 209 1552 1870 1624">
     <span class='ocr_line' id='line_1_17' title="bbox 209 1552 1870 1624; baseline 0.003 -19"><span class='ocrx_word' id='word_1_120' title='bbox 209 1552 448 1622; x_wconf 82' lang='lat' dir='ltr'>speciem</span> <span class='ocrx_word' id='word_1_121' title='bbox 471 1553 799 1624; x_wconf 64' lang='lat' dir='ltr'>praeferunt.</span> <span class='ocrx_word' id='word_1_122' title='bbox 837 1553 901 1608; x_wconf 91' lang='lat' dir='ltr'>Et</span> <span class='ocrx_word' id='word_1_123' title='bbox 921 1553 1064 1608; x_wconf 87' lang='lat' dir='ltr'>dixit</span> <span class='ocrx_word' id='word_1_124' title='bbox 1087 1553 1170 1608; x_wconf 88' lang='lat' dir='ltr'>illi</span> <span class='ocrx_word' id='word_1_125' title='bbox 1200 1554 1486 1610; x_wconf 88' lang='lat' dir='ltr'>Dominus</span> <span class='ocrx_word' id='word_1_126' title='bbox 1518 1571 1530 1608; x_wconf 91' lang='lat'><strong>:</strong></span> <span class='ocrx_word' id='word_1_127' title='bbox 1567 1557 1707 1610; x_wconf 86' lang='lat' dir='ltr'>Bene</span> <span class='ocrx_word' id='word_1_128' title='bbox 1725 1555 1870 1610; x_wconf 74' lang='lat' dir='ltr'>dixi-</span> 
     </span>
    </p>
   </div>
   <div class='ocr_carea' id='block_1_18' title="bbox 207 1641 1872 1715">
    <p class='ocr_par' dir='ltr' id='par_1_18' title="bbox 207 1641 1872 1715">
     <span class='ocr_line' id='line_1_18' title="bbox 207 1641 1872 1715; baseline 0.003 -21"><span class='ocrx_word' id='word_1_129' title='bbox 207 1641 304 1704; x_wconf 86' lang='lat' dir='ltr'>sti,</span> <span class='ocrx_word' id='word_1_130' title='bbox 338 1641 472 1712; x_wconf 85' lang='lat' dir='ltr'><strong><em>quia</em></strong></span> <span class='ocrx_word' id='word_1_131' title='bbox 520 1656 614 1711; x_wconf 86' lang='lat' dir='ltr'>ego</span> <span class='ocrx_word' id='word_1_132' title='bbox 658 1657 800 1696; x_wconf 90' lang='lat' dir='ltr'>sum.</span> <span class='ocrx_word' id='word_1_133' title='bbox 833 1643 1020 1697; x_wconf 86' lang='lat' dir='ltr'>Nonne</span> <span class='ocrx_word' id='word_1_134' title='bbox 1054 1645 1321 1714; x_wconf 87' lang='lat' dir='ltr'>scriptum</span> <span class='ocrx_word' id='word_1_135' title='bbox 1362 1652 1441 1699; x_wconf 88' lang='lat' dir='ltr'>est</span> <span class='ocrx_word' id='word_1_136' title='bbox 1489 1643 1554 1699; x_wconf 89' lang='lat' dir='ltr'>de</span> <span class='ocrx_word' id='word_1_137' title='bbox 1602 1660 1688 1699; x_wconf 90' lang='lat' dir='ltr'>me</span> <span class='ocrx_word' id='word_1_138' title='bbox 1739 1646 1872 1715; x_wconf 85' lang='lat' dir='ltr'>quia</span> 
     </span>
    </p>
   </div>
   <div class='ocr_carea' id='block_1_19' title="bbox 209 1730 1872 1804">
    <p class='ocr_par' dir='ltr' id='par_1_19' title="bbox 209 1730 1872 1804">
     <span class='ocr_line' id='line_1_19' title="bbox 209 1730 1872 1804; baseline 0.002 -21"><span class='ocrx_word' id='word_1_139' title='bbox 209 1745 339 1783; x_wconf 84' lang='lat' dir='ltr'>sum</span> <span class='ocrx_word' id='word_1_140' title='bbox 372 1749 401 1778; x_wconf 77' lang='grc' dir='ltr'>ι(</span> <span class='ocrx_word' id='word_1_141' title='bbox 433 1730 704 1786; x_wconf 82' lang='lat' dir='ltr'>Dominus</span> <span class='ocrx_word' id='word_1_142' title='bbox 740 1731 903 1801; x_wconf 79' lang='lat' dir='ltr'>fortis</span> <span class='ocrx_word' id='word_1_143' title='bbox 950 1738 1003 1786; x_wconf 90' lang='lat' dir='ltr'>et</span> <span class='ocrx_word' id='word_1_144' title='bbox 1041 1739 1228 1802; x_wconf 87' lang='lat' dir='ltr'>potens</span> <span class='ocrx_word' id='word_1_145' title='bbox 1255 1751 1272 1796; x_wconf 88' lang='lat'><strong><em>;</em></strong></span> <span class='ocrx_word' id='word_1_146' title='bbox 1305 1733 1566 1787; x_wconf 84' lang='lat' dir='ltr'>Dominus</span> <span class='ocrx_word' id='word_1_147' title='bbox 1593 1741 1781 1804; x_wconf 88' lang='lat' dir='ltr'>potens</span> <span class='ocrx_word' id='word_1_148' title='bbox 1811 1734 1872 1788; x_wconf 89' lang='lat' dir='ltr'>in</span> 
     </span>
    </p>
   </div>
   <div class='ocr_carea' id='block_1_20' title="bbox 207 1818 1873 1892">
    <p class='ocr_par' dir='ltr' id='par_1_20' title="bbox 207 1818 1873 1892">
     <span class='ocr_line' id='line_1_20' title="bbox 207 1818 1873 1892; baseline 0.002 -19"><span class='ocrx_word' id='word_1_149' title='bbox 207 1818 455 1889; x_wconf 64' lang='lat' dir='ltr'>prwlio?</span> <span class='ocrx_word' id='word_1_150' title='bbox 487 1839 514 1867; x_wconf 85' lang='grc'><strong>››</strong></span> <span class='ocrx_word' id='word_1_151' title='bbox 565 1819 733 1887; x_wconf 84' lang='lat' dir='ltr'>(Psal.</span> <span class='ocrx_word' id='word_1_152' title='bbox 783 1835 941 1883; x_wconf 72' lang='grc' dir='ltr'>χχιιι,</span> <span class='ocrx_word' id='word_1_153' title='bbox 975 1821 1056 1888; x_wconf 89' lang='grc'>8.)</span> <span class='ocrx_word' id='word_1_154' title='bbox 1101 1820 1167 1875; x_wconf 86' lang='lat' dir='ltr'>Et</span> <span class='ocrx_word' id='word_1_155' title='bbox 1213 1821 1335 1892; x_wconf 84' lang='lat' dir='ltr'>quis</span> <span class='ocrx_word' id='word_1_156' title='bbox 1377 1829 1453 1876; x_wconf 86' lang='lat' dir='ltr'>est</span> <span class='ocrx_word' id='word_1_157' title='bbox 1504 1822 1763 1876; x_wconf 86' lang='lat' dir='ltr'>Dominus</span> <span class='ocrx_word' id='word_1_158' title='bbox 1811 1824 1873 1876; x_wconf 90' lang='lat' dir='ltr'>in</span> 
     </span>
    </p>
   </div>
   <div class='ocr_carea' id='block_1_21' title="bbox 211 1907 1873 1982">
    <p class='ocr_par' dir='ltr' id='par_1_21' title="bbox 211 1907 1873 1982">
     <span class='ocr_line' id='line_1_21' title="bbox 211 1907 1873 1982; baseline 0.002 -21"><span class='ocrx_word' id='word_1_159' title='bbox 211 1908 512 1962; x_wconf 75' lang='lat' dir='ltr'>exercitu?</span> <span class='ocrx_word' id='word_1_160' title='bbox 540 1907 606 1962; x_wconf 90' lang='lat' dir='ltr'>Et</span> <span class='ocrx_word' id='word_1_161' title='bbox 635 1908 936 1980; x_wconf 84' lang='lat' dir='ltr'>respondit</span> <span class='ocrx_word' id='word_1_162' title='bbox 965 1909 1266 1981; x_wconf 86' lang='lat' dir='ltr'>presbyter</span> <span class='ocrx_word' id='word_1_163' title='bbox 1296 1927 1314 1964; x_wconf 91' lang='lat'><strong><em>:</em></strong></span> <span class='ocrx_word' id='word_1_164' title='bbox 1345 1911 1590 1974; x_wconf 86' lang='lat' dir='ltr'>Domine,</span> <span class='ocrx_word' id='word_1_165' title='bbox 1620 1927 1732 1966; x_wconf 91' lang='lat' dir='ltr'>non</span> <span class='ocrx_word' id='word_1_166' title='bbox 1762 1912 1873 1982; x_wconf 85' lang='lat' dir='ltr'>fuit</span> 
     </span>
    </p>
   </div>
   <div class='ocr_carea' id='block_1_22' title="bbox 214 1995 1872 2072">
    <p class='ocr_par' dir='ltr' id='par_1_22' title="bbox 214 1995 1872 2072">
     <span class='ocr_line' id='line_1_22' title="bbox 214 1995 1872 2072; baseline 0.003 -22"><span class='ocrx_word' id='word_1_167' title='bbox 214 1995 302 2050; x_wconf 86' lang='lat' dir='ltr'>ibi</span> <span class='ocrx_word' id='word_1_168' title='bbox 330 2012 476 2051; x_wconf 88' lang='lat' dir='ltr'>unus</span> <span class='ocrx_word' id='word_1_169' title='bbox 520 1997 668 2052; x_wconf 86' lang='lat' dir='ltr'>solus</span> <span class='ocrx_word' id='word_1_170' title='bbox 713 1997 976 2052; x_wconf 86' lang='lat' dir='ltr'>Dominus</span> <span class='ocrx_word' id='word_1_171' title='bbox 1005 2014 1272 2069; x_wconf 85' lang='lat' dir='ltr'>unquam,</span> <span class='ocrx_word' id='word_1_172' title='bbox 1303 1998 1397 2054; x_wconf 88' lang='lat' dir='ltr'>sed</span> <span class='ocrx_word' id='word_1_173' title='bbox 1424 2001 1600 2070; x_wconf 88' lang='lat' dir='ltr'>magis</span> <span class='ocrx_word' id='word_1_174' title='bbox 1628 2002 1872 2072; x_wconf 84' lang='lat' dir='ltr'>episcopo</span> 
     </span>
    </p>
   </div>
   <div class='ocr_carea' id='block_1_23' title="bbox 217 2083 1872 2160">
    <p class='ocr_par' dir='ltr' id='par_1_23' title="bbox 217 2083 1872 2160">
     <span class='ocr_line' id='line_1_23' title="bbox 217 2083 1872 2160; baseline 0.002 -20"><span class='ocrx_word' id='word_1_175' title='bbox 217 2083 468 2140; x_wconf 88' lang='lat' dir='ltr'>credunt.</span> <span class='ocrx_word' id='word_1_176' title='bbox 504 2085 570 2140; x_wconf 89' lang='lat' dir='ltr'>Et</span> <span class='ocrx_word' id='word_1_177' title='bbox 600 2085 746 2141; x_wconf 80' lang='lat' dir='ltr'>dixit</span> <span class='ocrx_word' id='word_1_178' title='bbox 775 2085 1062 2142; x_wconf 89' lang='lat' dir='ltr'>Dominus</span> <span class='ocrx_word' id='word_1_179' title='bbox 1095 2105 1112 2140; x_wconf 91' lang='lat'><strong><em>:</em></strong></span> <span class='ocrx_word' id='word_1_180' title='bbox 1142 2089 1269 2143; x_wconf 69' lang='lat' dir='ltr'>Haec</span> <span class='ocrx_word' id='word_1_181' title='bbox 1295 2087 1438 2144; x_wconf 87' lang='lat' dir='ltr'>dices</span> <span class='ocrx_word' id='word_1_182' title='bbox 1457 2091 1700 2160; x_wconf 84' lang='lat' dir='ltr'>episcopo</span> <span class='ocrx_word' id='word_1_183' title='bbox 1728 2108 1746 2144; x_wconf 87' lang='lat'><strong><em>:</em></strong></span> <span class='ocrx_word' id='word_1_184' title='bbox 1767 2092 1872 2146; x_wconf 87' lang='lat' dir='ltr'>Po-</span> 
     </span>
    </p>
   </div>
   <div class='ocr_carea' id='block_1_24' title="bbox 213 2175 1873 2246">
    <p class='ocr_par' dir='ltr' id='par_1_24' title="bbox 213 2175 1873 2246">
     <span class='ocr_line' id='line_1_24' title="bbox 213 2175 1873 2246; baseline 0.004 -19"><span class='ocrx_word' id='word_1_185' title='bbox 213 2175 388 2246; x_wconf 87' lang='lat' dir='ltr'>pulus</span> <span class='ocrx_word' id='word_1_186' title='bbox 419 2175 521 2229; x_wconf 90' lang='lat' dir='ltr'>iste</span> <span class='ocrx_word' id='word_1_187' title='bbox 547 2175 691 2230; x_wconf 88' lang='lat' dir='ltr'>male</span> <span class='ocrx_word' id='word_1_188' title='bbox 720 2175 930 2244; x_wconf 87' lang='lat' dir='ltr'>agendo</span> <span class='ocrx_word' id='word_1_189' title='bbox 957 2192 1045 2231; x_wconf 88' lang='lat' dir='ltr'>me</span> <span class='ocrx_word' id='word_1_190' title='bbox 1070 2177 1344 2245; x_wconf 87' lang='lat' dir='ltr'>elongavit</span> <span class='ocrx_word' id='word_1_191' title='bbox 1371 2195 1405 2232; x_wconf 81' lang='grc' dir='ltr'><em>α</em></span> <span class='ocrx_word' id='word_1_192' title='bbox 1432 2195 1506 2241; x_wconf 87' lang='lat' dir='ltr'>se,</span> <span class='ocrx_word' id='word_1_193' title='bbox 1540 2186 1591 2232; x_wconf 91' lang='lat' dir='ltr'>et</span> <span class='ocrx_word' id='word_1_194' title='bbox 1641 2179 1756 2233; x_wconf 83' lang='lat' dir='ltr'>ideo</span> <span class='ocrx_word' id='word_1_195' title='bbox 1787 2179 1873 2233; x_wconf 86' lang='lat' dir='ltr'>di-</span> 
     </span>
    </p>
   </div>
   <div class='ocr_carea' id='block_1_25' title="bbox 217 2263 1877 2330">
    <p class='ocr_par' dir='ltr' id='par_1_25' title="bbox 217 2263 1877 2330">
     <span class='ocr_line' id='line_1_25' title="bbox 217 2263 1877 2330; baseline 0.002 -12"><span class='ocrx_word' id='word_1_196' title='bbox 217 2265 412 2319; x_wconf 84' lang='lat' dir='ltr'>caseis</span> <span class='ocrx_word' id='word_1_197' title='bbox 440 2281 462 2320; x_wconf 90' lang='lat'><strong><em>:</em></strong></span> <span class='ocrx_word' id='word_1_198' title='bbox 493 2263 622 2319; x_wconf 63' lang='lat' dir='ltr'>Hec</span> <span class='ocrx_word' id='word_1_199' title='bbox 651 2263 792 2318; x_wconf 88' lang='lat' dir='ltr'>dicit</span> <span class='ocrx_word' id='word_1_200' title='bbox 823 2264 1128 2330; x_wconf 87' lang='lat' dir='ltr'>Dominus,</span> <span class='ocrx_word' id='word_1_201' title='bbox 1163 2267 1559 2322; x_wconf 86' lang='lat' dir='ltr'>Convertimini</span> <span class='ocrx_word' id='word_1_202' title='bbox 1599 2267 1669 2321; x_wconf 85' lang='lat' dir='ltr'>ad</span> <span class='ocrx_word' id='word_1_203' title='bbox 1710 2283 1796 2321; x_wconf 88' lang='lat' dir='ltr'>me</span> <span class='ocrx_word' id='word_1_204' title='bbox 1825 2274 1877 2322; x_wconf 91' lang='lat' dir='ltr'>et</span> 
     </span>
    </p>
   </div>
   <div class='ocr_carea' id='block_1_26' title="bbox 219 2351 1876 2426">
    <p class='ocr_par' dir='ltr' id='par_1_26' title="bbox 219 2351 1876 2426">
     <span class='ocr_line' id='line_1_26' title="bbox 219 2351 1876 2426; baseline 0.002 -20"><span class='ocrx_word' id='word_1_205' title='bbox 219 2367 321 2420; x_wconf 87' lang='lat' dir='ltr'>ego</span> <span class='ocrx_word' id='word_1_206' title='bbox 351 2358 596 2407; x_wconf 67' lang='lat' dir='ltr'>revertar</span> <span class='ocrx_word' id='word_1_207' title='bbox 619 2351 689 2407; x_wconf 89' lang='lat' dir='ltr'>ad</span> <span class='ocrx_word' id='word_1_208' title='bbox 713 2367 822 2408; x_wconf 89' lang='lat' dir='ltr'>vos.</span> <span class='ocrx_word' id='word_1_209' title='bbox 846 2352 1070 2408; x_wconf 89' lang='lat' dir='ltr'>Etcum</span> <span class='ocrx_word' id='word_1_210' title='bbox 1093 2369 1352 2426; x_wconf 83' lang='lat' dir='ltr'>pugnam</span> <span class='ocrx_word' id='word_1_211' title='bbox 1375 2354 1835 2422; x_wconf 90' lang='lat' dir='ltr'>inierint,dicant</span> <span class='ocrx_word' id='word_1_212' title='bbox 1857 2373 1876 2410; x_wconf 89' lang='lat'><strong><em>:</em></strong></span> 
     </span>
    </p>
   </div>
   <div class='ocr_carea' id='block_1_27' title="bbox 223 2441 1875 2514">
    <p class='ocr_par' dir='ltr' id='par_1_27' title="bbox 223 2441 1875 2514">
     <span class='ocr_line' id='line_1_27' title="bbox 223 2441 1875 2514; baseline 0.002 -18"><span class='ocrx_word' id='word_1_213' title='bbox 223 2441 552 2511; x_wconf 82' lang='lat' dir='ltr'>Congregati</span> <span class='ocrx_word' id='word_1_214' title='bbox 593 2449 723 2496; x_wconf 83' lang='lat' dir='ltr'>sunt</span> <span class='ocrx_word' id='word_1_215' title='bbox 768 2442 992 2497; x_wconf 88' lang='lat' dir='ltr'>inimici</span> <span class='ocrx_word' id='word_1_216' title='bbox 1016 2444 1188 2498; x_wconf 85' lang='lat' dir='ltr'>nostri</span> <span class='ocrx_word' id='word_1_217' title='bbox 1209 2461 1227 2508; x_wconf 87' lang='lat'><strong><em>;</em></strong></span> <span class='ocrx_word' id='word_1_218' title='bbox 1257 2451 1308 2498; x_wconf 89' lang='lat' dir='ltr'>et</span> <span class='ocrx_word' id='word_1_219' title='bbox 1332 2443 1646 2514; x_wconf 80' lang='lat' dir='ltr'>gloriantur</span> <span class='ocrx_word' id='word_1_220' title='bbox 1674 2445 1730 2499; x_wconf 89' lang='lat' dir='ltr'>in</span> <span class='ocrx_word' id='word_1_221' title='bbox 1761 2445 1875 2499; x_wconf 88' lang='lat' dir='ltr'>vir-</span> 
     </span>
    </p>
   </div>
   <div class='ocr_carea' id='block_1_28' title="bbox 221 2530 1878 2602">
    <p class='ocr_par' dir='ltr' id='par_1_28' title="bbox 221 2530 1878 2602">
     <span class='ocr_line' id='line_1_28' title="bbox 221 2530 1878 2602; baseline 0.002 -17"><span class='ocrx_word' id='word_1_222' title='bbox 221 2537 336 2586; x_wconf 85' lang='lat' dir='ltr'>tute</span> <span class='ocrx_word' id='word_1_223' title='bbox 364 2547 487 2594; x_wconf 89' lang='lat' dir='ltr'>sua,</span> <span class='ocrx_word' id='word_1_224' title='bbox 538 2538 754 2586; x_wconf 86' lang='lat' dir='ltr'>contere</span> <span class='ocrx_word' id='word_1_225' title='bbox 799 2530 1184 2602; x_wconf 83' lang='lat' dir='ltr'>fortitudinem</span> <span class='ocrx_word' id='word_1_226' title='bbox 1229 2532 1476 2596; x_wconf 89' lang='lat' dir='ltr'>illorum,</span> <span class='ocrx_word' id='word_1_227' title='bbox 1528 2534 1776 2597; x_wconf 84' lang='lat' dir='ltr'>Domine,</span> <span class='ocrx_word' id='word_1_228' title='bbox 1826 2541 1878 2588; x_wconf 88' lang='lat' dir='ltr'>et</span> 
     </span>
    </p>
   </div>
   <div class='ocr_carea' id='block_1_29' title="bbox 220 2618 1876 2693">
    <p class='ocr_par' dir='ltr' id='par_1_29' title="bbox 220 2618 1876 2693">
     <span class='ocr_line' id='line_1_29' title="bbox 220 2618 1876 2693; baseline 0.002 -20"><span class='ocrx_word' id='word_1_229' title='bbox 220 2618 472 2690; x_wconf 84' lang='lat' dir='ltr'>disperge</span> <span class='ocrx_word' id='word_1_230' title='bbox 495 2619 640 2683; x_wconf 90' lang='lat' dir='ltr'>illos,</span> <span class='ocrx_word' id='word_1_231' title='bbox 673 2621 805 2690; x_wconf 88' lang='lat' dir='ltr'>quia</span> <span class='ocrx_word' id='word_1_232' title='bbox 851 2635 961 2674; x_wconf 88' lang='lat' dir='ltr'>non</span> <span class='ocrx_word' id='word_1_233' title='bbox 1013 2627 1092 2674; x_wconf 89' lang='lat' dir='ltr'>est</span> <span class='ocrx_word' id='word_1_234' title='bbox 1123 2621 1270 2675; x_wconf 88' lang='lat' dir='ltr'>alius</span> <span class='ocrx_word' id='word_1_235' title='bbox 1299 2623 1396 2691; x_wconf 90' lang='lat' dir='ltr'>qui</span> <span class='ocrx_word' id='word_1_236' title='bbox 1419 2630 1623 2692; x_wconf 87' lang='lat' dir='ltr'>pugnet</span> <span class='ocrx_word' id='word_1_237' title='bbox 1647 2639 1748 2693; x_wconf 89' lang='lat' dir='ltr'>pro</span> <span class='ocrx_word' id='word_1_238' title='bbox 1777 2639 1876 2678; x_wconf 90' lang='lat' dir='ltr'>no-</span> 
     </span>
    </p>
   </div>
   <div class='ocr_carea' id='block_1_30' title="bbox 224 2707 1876 2782">
    <p class='ocr_par' dir='ltr' id='par_1_30' title="bbox 224 2707 1876 2782">
     <span class='ocr_line' id='line_1_30' title="bbox 224 2707 1876 2782; baseline 0.002 -19"><span class='ocrx_word' id='word_1_239' title='bbox 224 2707 331 2771; x_wconf 88' lang='lat' dir='ltr'>bis,</span> <span class='ocrx_word' id='word_1_240' title='bbox 367 2709 483 2762; x_wconf 88' lang='lat' dir='ltr'>nisi</span> <span class='ocrx_word' id='word_1_241' title='bbox 527 2715 588 2764; x_wconf 87' lang='lat' dir='ltr'>tu</span> <span class='ocrx_word' id='word_1_242' title='bbox 635 2709 775 2764; x_wconf 89' lang='lat' dir='ltr'>Deus</span> <span class='ocrx_word' id='word_1_243' title='bbox 821 2716 1024 2764; x_wconf 87' lang='lat' dir='ltr'>noster.</span> <span class='ocrx_word' id='word_1_244' title='bbox 1059 2709 1126 2764; x_wconf 90' lang='lat' dir='ltr'>Et</span> <span class='ocrx_word' id='word_1_245' title='bbox 1170 2708 1292 2764; x_wconf 64' lang='lat' dir='ltr'>haec</span> <span class='ocrx_word' id='word_1_246' title='bbox 1342 2726 1574 2782; x_wconf 90' lang='lat' dir='ltr'>quoque</span> <span class='ocrx_word' id='word_1_247' title='bbox 1613 2710 1772 2766; x_wconf 89' lang='lat' dir='ltr'>dices</span> <span class='ocrx_word' id='word_1_248' title='bbox 1805 2711 1876 2766; x_wconf 89' lang='lat' dir='ltr'>ad</span> 
     </span>
    </p>
   </div>
   <div class='ocr_carea' id='block_1_31' title="bbox 221 2798 1879 2872">
    <p class='ocr_par' dir='ltr' id='par_1_31' title="bbox 221 2798 1879 2872">
     <span class='ocr_line' id='line_1_31' title="bbox 221 2798 1879 2872; baseline 0.002 -21"><span class='ocrx_word' id='word_1_249' title='bbox 221 2813 324 2852; x_wconf 89' lang='lat' dir='ltr'>eos</span> <span class='ocrx_word' id='word_1_250' title='bbox 358 2815 376 2851; x_wconf 93' lang='lat'><strong><em>:</em></strong></span> <span class='ocrx_word' id='word_1_251' title='bbox 405 2798 474 2852; x_wconf 85' lang='lat' dir='ltr'>Si</span> <span class='ocrx_word' id='word_1_252' title='bbox 494 2799 753 2869; x_wconf 79' lang='lat' dir='ltr'>feceritis,</span> <span class='ocrx_word' id='word_1_253' title='bbox 785 2812 913 2869; x_wconf 77' lang='lat' dir='ltr'>quae</span> <span class='ocrx_word' id='word_1_254' title='bbox 958 2813 1054 2868; x_wconf 88' lang='lat' dir='ltr'>ego</span> <span class='ocrx_word' id='word_1_255' title='bbox 1095 2799 1364 2870; x_wconf 57' lang='lat' dir='ltr'>prxcipio</span> <span class='ocrx_word' id='word_1_256' title='bbox 1408 2801 1577 2864; x_wconf 84' lang='lat' dir='ltr'>vobis,</span> <span class='ocrx_word' id='word_1_257' title='bbox 1614 2817 1782 2872; x_wconf 87' lang='lat' dir='ltr'>usque</span> <span class='ocrx_word' id='word_1_258' title='bbox 1810 2799 1879 2855; x_wconf 89' lang='lat' dir='ltr'>ad</span> 
     </span>
    </p>
   </div>
   <div class='ocr_carea' id='block_1_32' title="bbox 221 2885 1878 2957">
    <p class='ocr_par' dir='ltr' id='par_1_32' title="bbox 221 2885 1878 2957">
     <span class='ocr_line' id='line_1_32' title="bbox 221 2885 1878 2957; baseline 0.002 -18"><span class='ocrx_word' id='word_1_259' title='bbox 221 2887 472 2957; x_wconf 85' lang='lat' dir='ltr'>quinque</span> <span class='ocrx_word' id='word_1_260' title='bbox 517 2885 652 2952; x_wconf 90' lang='lat' dir='ltr'>dies,</span> <span class='ocrx_word' id='word_1_261' title='bbox 699 2889 868 2942; x_wconf 89' lang='lat' dir='ltr'>vestri</span> <span class='ocrx_word' id='word_1_262' title='bbox 893 2887 1208 2943; x_wconf 86' lang='lat' dir='ltr'>miserebor.</span> <span class='ocrx_word' id='word_1_263' title='bbox 1262 2889 1390 2942; x_wconf 80' lang='lat' dir='ltr'>Haec</span> <span class='ocrx_word' id='word_1_264' title='bbox 1440 2892 1635 2944; x_wconf 90' lang='lat' dir='ltr'>autem</span> <span class='ocrx_word' id='word_1_265' title='bbox 1681 2906 1746 2945; x_wconf 88' lang='lat' dir='ltr'>eo</span> <span class='ocrx_word' id='word_1_266' title='bbox 1789 2889 1878 2944; x_wconf 91' lang='lat' dir='ltr'>di-</span> 
     </span>
    </p>
   </div>
   <div class='ocr_carea' id='block_1_33' title="bbox 223 2972 1878 3048">
    <p class='ocr_par' dir='ltr' id='par_1_33' title="bbox 223 2972 1878 3048">
     <span class='ocr_line' id='line_1_33' title="bbox 223 2972 1878 3048; baseline 0.002 -19"><span class='ocrx_word' id='word_1_267' title='bbox 223 2980 413 3042; x_wconf 85' lang='lat' dir='ltr'>cente,</span> <span class='ocrx_word' id='word_1_268' title='bbox 447 2972 663 3030; x_wconf 87' lang='lat' dir='ltr'>mulier</span> <span class='ocrx_word' id='word_1_269' title='bbox 709 2975 977 3047; x_wconf 68' lang='lat' dir='ltr'>quaedam</span> <span class='ocrx_word' id='word_1_270' title='bbox 1023 2993 1202 3048; x_wconf 85' lang='lat' dir='ltr'>supra</span> <span class='ocrx_word' id='word_1_271' title='bbox 1251 2977 1492 3032; x_wconf 90' lang='lat' dir='ltr'>modum</span> <span class='ocrx_word' id='word_1_272' title='bbox 1531 2977 1878 3033; x_wconf 86' lang='lat' dir='ltr'>inﬂammati</span> 
     </span>
    </p>
   </div>
   <div class='ocr_carea' id='block_1_34' title="bbox 221 3063 1879 3132">
    <p class='ocr_par' dir='ltr' id='par_1_34' title="bbox 221 3063 1879 3132">
     <span class='ocr_line' id='line_1_34' title="bbox 221 3063 1879 3132; baseline 0.002 -13"><span class='ocrx_word' id='word_1_273' title='bbox 221 3063 430 3120; x_wconf 82' lang='lat' dir='ltr'>vultus</span> <span class='ocrx_word' id='word_1_274' title='bbox 463 3063 728 3118; x_wconf 89' lang='lat' dir='ltr'>accessit.</span> <span class='ocrx_word' id='word_1_275' title='bbox 765 3063 831 3118; x_wconf 87' lang='lat' dir='ltr'>Et</span> <span class='ocrx_word' id='word_1_276' title='bbox 859 3064 1072 3120; x_wconf 89' lang='lat' dir='ltr'>intuita</span> <span class='ocrx_word' id='word_1_277' title='bbox 1100 3064 1434 3132; x_wconf 89' lang='lat' dir='ltr'>Dominum,</span> <span class='ocrx_word' id='word_1_278' title='bbox 1469 3065 1614 3120; x_wconf 85' lang='lat' dir='ltr'>dixit</span> <span class='ocrx_word' id='word_1_279' title='bbox 1643 3065 1694 3121; x_wconf 91' lang='lat' dir='ltr'>ei</span> <span class='ocrx_word' id='word_1_280' title='bbox 1729 3083 1742 3120; x_wconf 91' lang='lat'><strong>:</strong></span> <span class='ocrx_word' id='word_1_281' title='bbox 1775 3069 1879 3122; x_wconf 87' lang='lat' dir='ltr'>Do-</span> 
     </span>
    </p>
   </div>
   <div class='ocr_carea' id='block_1_35' title="bbox 1973 487 3620 568">
    <p class='ocr_par' dir='ltr' id='par_1_35' title="bbox 1973 487 3620 568">
     <span class='ocr_line' id='line_1_35' title="bbox 1973 487 3620 568; baseline 0.007 -26"><span class='ocrx_word' id='word_1_282' title='bbox 1973 487 2153 544; x_wconf 84' lang='lat' dir='ltr'>rabile</span> <span class='ocrx_word' id='word_1_283' title='bbox 2183 489 2460 547; x_wconf 87' lang='lat' dir='ltr'>vidimus.</span> <span class='ocrx_word' id='word_1_284' title='bbox 2495 491 2640 546; x_wconf 88' lang='lat' dir='ltr'>Nam</span> <span class='ocrx_word' id='word_1_285' title='bbox 2695 493 2864 548; x_wconf 86' lang='lat' dir='ltr'>stella</span> <span class='ocrx_word' id='word_1_286' title='bbox 2903 494 3168 565; x_wconf 66' lang='lat' dir='ltr'>quaedam</span> <span class='ocrx_word' id='word_1_287' title='bbox 3210 496 3484 561; x_wconf 88' lang='lat' dir='ltr'>maxima,</span> <span class='ocrx_word' id='word_1_288' title='bbox 3516 514 3620 568; x_wconf 90' lang='lat' dir='ltr'>per</span> 
     </span>
    </p>
   </div>
   <div class='ocr_carea' id='block_1_36' title="bbox 1972 579 3618 654">
    <p class='ocr_par' dir='ltr' id='par_1_36' title="bbox 1972 579 3618 654">
     <span class='ocr_line' id='line_1_36' title="bbox 1972 579 3618 654; baseline 0.005 -23"><span class='ocrx_word' id='word_1_289' title='bbox 1972 583 2200 632; x_wconf 85' lang='lat' dir='ltr'>noctem</span> <span class='ocrx_word' id='word_1_290' title='bbox 2233 596 2409 650; x_wconf 87' lang='lat' dir='ltr'>super</span> <span class='ocrx_word' id='word_1_291' title='bbox 2428 579 2718 636; x_wconf 82' lang='lat' dir='ltr'>civitatem</span> <span class='ocrx_word' id='word_1_292' title='bbox 2743 581 3057 652; x_wconf 75' lang='lat' dir='ltr'>stetit,qua3</span> <span class='ocrx_word' id='word_1_293' title='bbox 3080 588 3212 654; x_wconf 89' lang='lat' dir='ltr'>post</span> <span class='ocrx_word' id='word_1_294' title='bbox 3232 583 3534 654; x_wconf 81' lang='lat' dir='ltr'>paululum</span> <span class='ocrx_word' id='word_1_295' title='bbox 3560 584 3618 640; x_wconf 89' lang='lat' dir='ltr'>in</span> 
     </span>
    </p>
   </div>
   <div class='ocr_carea' id='block_1_37' title="bbox 1973 668 3622 742">
    <p class='ocr_par' dir='ltr' id='par_1_37' title="bbox 1973 668 3622 742">
     <span class='ocr_line' id='line_1_37' title="bbox 1973 668 3622 742; baseline 0.005 -22"><span class='ocrx_word' id='word_1_296' title='bbox 1973 670 2091 720; x_wconf 88' lang='lat' dir='ltr'>tres</span> <span class='ocrx_word' id='word_1_297' title='bbox 2124 671 2317 737; x_wconf 87' lang='lat' dir='ltr'>partes</span> <span class='ocrx_word' id='word_1_298' title='bbox 2348 668 2533 722; x_wconf 90' lang='lat' dir='ltr'>divisa</span> <span class='ocrx_word' id='word_1_299' title='bbox 2562 673 2852 741; x_wconf 90' lang='lat' dir='ltr'>est,atque</span> <span class='ocrx_word' id='word_1_300' title='bbox 2878 669 2934 724; x_wconf 91' lang='lat' dir='ltr'>in</span> <span class='ocrx_word' id='word_1_301' title='bbox 2965 671 3285 725; x_wconf 88' lang='lat' dir='ltr'>Turcorum</span> <span class='ocrx_word' id='word_1_302' title='bbox 3317 674 3510 742; x_wconf 88' lang='lat' dir='ltr'>partes</span> <span class='ocrx_word' id='word_1_303' title='bbox 3531 688 3622 728; x_wconf 89' lang='lat' dir='ltr'>oc-</span> 
     </span>
    </p>
   </div>
   <div class='ocr_carea' id='block_1_38' title="bbox 1973 753 3618 828">
    <p class='ocr_par' dir='ltr' id='par_1_38' title="bbox 1973 753 3618 828">
     <span class='ocr_line' id='line_1_38' title="bbox 1973 753 3618 828; baseline 0.002 -18"><span class='ocrx_word' id='word_1_304' title='bbox 1973 753 2130 810; x_wconf 81' lang='lat' dir='ltr'>cidit.</span> <span class='ocrx_word' id='word_1_305' title='bbox 2166 755 2481 810; x_wconf 84' lang='lat' dir='ltr'>Confortati</span> <span class='ocrx_word' id='word_1_306' title='bbox 2531 756 2710 828; x_wconf 85' lang='lat' dir='ltr'>igitur</span> <span class='ocrx_word' id='word_1_307' title='bbox 2758 755 3190 828; x_wconf 87' lang='lat' dir='ltr'>aliquantulum</span> <span class='ocrx_word' id='word_1_308' title='bbox 3223 759 3430 824; x_wconf 86' lang='lat' dir='ltr'>nostri,</span> <span class='ocrx_word' id='word_1_309' title='bbox 3463 759 3618 814; x_wconf 89' lang='lat' dir='ltr'>diem</span> 
     </span>
    </p>
   </div>
   <div class='ocr_carea' id='block_1_39' title="bbox 1973 843 3618 918">
    <p class='ocr_par' dir='ltr' id='par_1_39' title="bbox 1973 843 3618 918">
     <span class='ocr_line' id='line_1_39' title="bbox 1973 843 3618 918; baseline 0.005 -22"><span class='ocrx_word' id='word_1_310' title='bbox 1973 843 2267 914; x_wconf 83' lang='lat' dir='ltr'>quintum,</span> <span class='ocrx_word' id='word_1_311' title='bbox 2299 861 2472 915; x_wconf 88' lang='lat' dir='ltr'>quem</span> <span class='ocrx_word' id='word_1_312' title='bbox 2505 845 2848 916; x_wconf 69' lang='lat' dir='ltr'>priedixerat</span> <span class='ocrx_word' id='word_1_313' title='bbox 2869 846 3159 912; x_wconf 84' lang='lat' dir='ltr'>sacerdos,</span> <span class='ocrx_word' id='word_1_314' title='bbox 3185 847 3618 918; x_wconf 84' lang='lat' dir='ltr'>exspectabant.</span> 
     </span>
    </p>
   </div>
   <div class='ocr_carea' id='block_1_40' title="bbox 1973 932 3622 1005">
    <p class='ocr_par' dir='ltr' id='par_1_40' title="bbox 1973 932 3622 1005">
     <span class='ocr_line' id='line_1_40' title="bbox 1973 932 3622 1005; baseline 0.002 -18"><span class='ocrx_word' id='word_1_315' title='bbox 1973 932 2076 987; x_wconf 91' lang='lat' dir='ltr'>Die</span> <span class='ocrx_word' id='word_1_316' title='bbox 2107 937 2301 988; x_wconf 88' lang='lat' dir='ltr'>autem</span> <span class='ocrx_word' id='word_1_317' title='bbox 2333 932 2814 1005; x_wconf 71' lang='lat' dir='ltr'>alia,preeparatis</span> <span class='ocrx_word' id='word_1_318' title='bbox 2845 934 3352 999; x_wconf 85' lang='lat' dir='ltr'>necessariis,cum</span> <span class='ocrx_word' id='word_1_319' title='bbox 3386 934 3622 992; x_wconf 87' lang='lat' dir='ltr'>homine</span> 
     </span>
    </p>
   </div>
   <div class='ocr_carea' id='block_1_41' title="bbox 1974 1020 3623 1093">
    <p class='ocr_par' dir='ltr' id='par_1_41' title="bbox 1974 1020 3623 1093">
     <span class='ocr_line' id='line_1_41' title="bbox 1974 1020 3623 1093; baseline 0.002 -18"><span class='ocrx_word' id='word_1_320' title='bbox 1974 1020 2092 1088; x_wconf 90' lang='lat' dir='ltr'>illo,</span> <span class='ocrx_word' id='word_1_321' title='bbox 2128 1022 2224 1092; x_wconf 88' lang='lat' dir='ltr'>qui</span> <span class='ocrx_word' id='word_1_322' title='bbox 2258 1021 2328 1076; x_wconf 88' lang='lat' dir='ltr'>de</span> <span class='ocrx_word' id='word_1_323' title='bbox 2358 1021 2559 1076; x_wconf 85' lang='lat' dir='ltr'>lancea</span> <span class='ocrx_word' id='word_1_324' title='bbox 2588 1021 2828 1089; x_wconf 85' lang='lat' dir='ltr'>dixerat,</span> <span class='ocrx_word' id='word_1_325' title='bbox 2853 1022 3055 1093; x_wconf 86' lang='lat' dir='ltr'>ejectis</span> <span class='ocrx_word' id='word_1_326' title='bbox 3085 1023 3157 1077; x_wconf 91' lang='lat' dir='ltr'>de</span> <span class='ocrx_word' id='word_1_327' title='bbox 3187 1022 3432 1078; x_wconf 85' lang='lat' dir='ltr'>ecclesia</span> <span class='ocrx_word' id='word_1_328' title='bbox 3462 1023 3623 1079; x_wconf 85' lang='lat' dir='ltr'>Beati</span> 
     </span>
    </p>
   </div>
   <div class='ocr_carea' id='block_1_42' title="bbox 1975 1110 3622 1183">
    <p class='ocr_par' dir='ltr' id='par_1_42' title="bbox 1975 1110 3622 1183">
     <span class='ocr_line' id='line_1_42' title="bbox 1975 1110 3622 1183; baseline 0.002 -19"><span class='ocrx_word' id='word_1_329' title='bbox 1975 1110 2123 1164; x_wconf 88' lang='lat' dir='ltr'>Petri</span> <span class='ocrx_word' id='word_1_330' title='bbox 2157 1111 2431 1166; x_wconf 90' lang='lat' dir='ltr'>omnibus</span> <span class='ocrx_word' id='word_1_331' title='bbox 2454 1110 2606 1176; x_wconf 87' lang='lat' dir='ltr'>aliis,</span> <span class='ocrx_word' id='word_1_332' title='bbox 2631 1111 2824 1166; x_wconf 86' lang='lat' dir='ltr'>fodere</span> <span class='ocrx_word' id='word_1_333' title='bbox 2847 1111 3148 1183; x_wconf 83' lang='lat' dir='ltr'>coepimus.</span> <span class='ocrx_word' id='word_1_334' title='bbox 3173 1110 3304 1166; x_wconf 91' lang='lat' dir='ltr'>Fuit</span> <span class='ocrx_word' id='word_1_335' title='bbox 3333 1117 3528 1168; x_wconf 86' lang='lat' dir='ltr'>autem</span> <span class='ocrx_word' id='word_1_336' title='bbox 3560 1112 3622 1168; x_wconf 89' lang='lat' dir='ltr'>in</span> 
     </span>
    </p>
   </div>
   <div class='ocr_carea' id='block_1_43' title="bbox 1974 1197 3622 1272">
    <p class='ocr_par' dir='ltr' id='par_1_43' title="bbox 1974 1197 3622 1272">
     <span class='ocr_line' id='line_1_43' title="bbox 1974 1197 3622 1272; baseline 0.001 -20"><span class='ocrx_word' id='word_1_337' title='bbox 1974 1197 2092 1254; x_wconf 86' lang='lat' dir='ltr'>illis</span> <span class='ocrx_word' id='word_1_338' title='bbox 2125 1199 2431 1255; x_wconf 87' lang='lat' dir='ltr'>duodecim</span> <span class='ocrx_word' id='word_1_339' title='bbox 2464 1199 2939 1272; x_wconf 89' lang='lat' dir='ltr'>viris,episcopus</span> <span class='ocrx_word' id='word_1_340' title='bbox 2969 1200 3468 1268; x_wconf 82' lang='lat' dir='ltr'>Aurasicensis,et</span> <span class='ocrx_word' id='word_1_341' title='bbox 3489 1200 3622 1256; x_wconf 82' lang='lat' dir='ltr'>Rai-</span> 
     </span>
    </p>
   </div>
   <div class='ocr_carea' id='block_1_44' title="bbox 1976 1287 3627 1361">
    <p class='ocr_par' dir='ltr' id='par_1_44' title="bbox 1976 1287 3627 1361">
     <span class='ocr_line' id='line_1_44' title="bbox 1976 1287 3627 1361; baseline 0.002 -19"><span class='ocrx_word' id='word_1_342' title='bbox 1976 1289 2234 1343; x_wconf 90' lang='lat' dir='ltr'>mundus</span> <span class='ocrx_word' id='word_1_343' title='bbox 2283 1287 2514 1343; x_wconf 91' lang='lat' dir='ltr'>comitis</span> <span class='ocrx_word' id='word_1_344' title='bbox 2563 1288 2919 1361; x_wconf 88' lang='lat' dir='ltr'>capellanus,</span> <span class='ocrx_word' id='word_1_345' title='bbox 2963 1289 3062 1360; x_wconf 93' lang='lat' dir='ltr'>qui</span> <span class='ocrx_word' id='word_1_346' title='bbox 3115 1289 3236 1344; x_wconf 65' lang='lat' dir='ltr'>bsic</span> <span class='ocrx_word' id='word_1_347' title='bbox 3281 1288 3538 1361; x_wconf 89' lang='lat' dir='ltr'>scripsit,</span> <span class='ocrx_word' id='word_1_348' title='bbox 3568 1294 3627 1346; x_wconf 84' lang='lat' dir='ltr'>et</span> 
     </span>
    </p>
   </div>
   <div class='ocr_carea' id='block_1_45' title="bbox 1976 1376 3624 1448">
    <p class='ocr_par' dir='ltr' id='par_1_45' title="bbox 1976 1376 3624 1448">
     <span class='ocr_line' id='line_1_45' title="bbox 1976 1376 3624 1448; baseline 0.002 -18"><span class='ocrx_word' id='word_1_349' title='bbox 1976 1376 2102 1448; x_wconf 92' lang='lat' dir='ltr'>ipse</span> <span class='ocrx_word' id='word_1_350' title='bbox 2134 1393 2348 1443; x_wconf 88' lang='lat' dir='ltr'>comes,</span> <span class='ocrx_word' id='word_1_351' title='bbox 2371 1381 2426 1432; x_wconf 88' lang='lat' dir='ltr'>et</span> <span class='ocrx_word' id='word_1_352' title='bbox 2456 1376 2694 1432; x_wconf 89' lang='lat' dir='ltr'>Pontius</span> <span class='ocrx_word' id='word_1_353' title='bbox 2726 1379 2796 1433; x_wconf 92' lang='lat' dir='ltr'>de</span> <span class='ocrx_word' id='word_1_354' title='bbox 2829 1377 3211 1445; x_wconf 87' lang='lat' dir='ltr'>Baladuno,et</span> <span class='ocrx_word' id='word_1_355' title='bbox 3241 1377 3521 1433; x_wconf 88' lang='lat' dir='ltr'>Faraldus</span> <span class='ocrx_word' id='word_1_356' title='bbox 3551 1378 3624 1434; x_wconf 87' lang='lat' dir='ltr'>de</span> 
     </span>
    </p>
   </div>
   <div class='ocr_carea' id='block_1_46' title="bbox 1978 1464 3624 1538">
    <p class='ocr_par' dir='ltr' id='par_1_46' title="bbox 1978 1464 3624 1538">
     <span class='ocr_line' id='line_1_46' title="bbox 1978 1464 3624 1538; baseline 0.002 -20"><span class='ocrx_word' id='word_1_357' title='bbox 1978 1464 2214 1519; x_wconf 90' lang='lat' dir='ltr'>Thoart.</span> <span class='ocrx_word' id='word_1_358' title='bbox 2250 1466 2512 1537; x_wconf 89' lang='lat' dir='ltr'>Cumque</span> <span class='ocrx_word' id='word_1_359' title='bbox 2561 1482 2732 1521; x_wconf 90' lang='lat' dir='ltr'>mane</span> <span class='ocrx_word' id='word_1_360' title='bbox 2781 1482 2965 1537; x_wconf 88' lang='lat' dir='ltr'>usque</span> <span class='ocrx_word' id='word_1_361' title='bbox 2996 1467 3067 1520; x_wconf 88' lang='lat' dir='ltr'>ad</span> <span class='ocrx_word' id='word_1_362' title='bbox 3097 1483 3407 1538; x_wconf 88' lang='lat' dir='ltr'>vesperum</span> <span class='ocrx_word' id='word_1_363' title='bbox 3439 1465 3624 1522; x_wconf 87' lang='lat' dir='ltr'>fodis-</span> 
     </span>
    </p>
   </div>
   <div class='ocr_carea' id='block_1_47' title="bbox 1979 1554 3626 1627">
    <p class='ocr_par' dir='ltr' id='par_1_47' title="bbox 1979 1554 3626 1627">
     <span class='ocr_line' id='line_1_47' title="bbox 1979 1554 3626 1627; baseline 0.002 -19"><span class='ocrx_word' id='word_1_364' title='bbox 1979 1559 2130 1620; x_wconf 90' lang='lat' dir='ltr'>sent,</span> <span class='ocrx_word' id='word_1_365' title='bbox 2155 1554 2213 1608; x_wconf 90' lang='lat' dir='ltr'>in</span> <span class='ocrx_word' id='word_1_366' title='bbox 2244 1572 2480 1626; x_wconf 84' lang='lat' dir='ltr'>vespere</span> <span class='ocrx_word' id='word_1_367' title='bbox 2513 1556 2753 1627; x_wconf 90' lang='lat' dir='ltr'>quidam</span> <span class='ocrx_word' id='word_1_368' title='bbox 2784 1557 2856 1611; x_wconf 90' lang='lat' dir='ltr'>de</span> <span class='ocrx_word' id='word_1_369' title='bbox 2905 1555 3237 1611; x_wconf 84' lang='lat' dir='ltr'>inventione</span> <span class='ocrx_word' id='word_1_370' title='bbox 3284 1556 3494 1611; x_wconf 63' lang='lat' dir='ltr'>lancea;</span> <span class='ocrx_word' id='word_1_371' title='bbox 3528 1556 3626 1612; x_wconf 91' lang='lat' dir='ltr'>de-</span> 
     </span>
    </p>
   </div>
   <div class='ocr_carea' id='block_1_48' title="bbox 1980 1643 3629 1716">
    <p class='ocr_par' dir='ltr' id='par_1_48' title="bbox 1980 1643 3629 1716">
     <span class='ocr_line' id='line_1_48' title="bbox 1980 1643 3629 1716; baseline 0.002 -20"><span class='ocrx_word' id='word_1_372' title='bbox 1980 1659 2213 1714; x_wconf 89' lang='lat' dir='ltr'>sperare</span> <span class='ocrx_word' id='word_1_373' title='bbox 2245 1648 2556 1714; x_wconf 82' lang='lat' dir='ltr'>caeperunt.</span> <span class='ocrx_word' id='word_1_374' title='bbox 2586 1643 2946 1700; x_wconf 85' lang='lat' dir='ltr'>Discesserat</span> <span class='ocrx_word' id='word_1_375' title='bbox 2982 1643 3137 1698; x_wconf 83' lang='lat' dir='ltr'>enifn</span> <span class='ocrx_word' id='word_1_376' title='bbox 3170 1661 3364 1700; x_wconf 91' lang='lat' dir='ltr'>comes</span> <span class='ocrx_word' id='word_1_377' title='bbox 3395 1647 3629 1716; x_wconf 86' lang='lat' dir='ltr'>propter</span> 
     </span>
    </p>
   </div>
   <div class='ocr_carea' id='block_1_49' title="bbox 1981 1730 3628 1804">
    <p class='ocr_par' dir='ltr' id='par_1_49' title="bbox 1981 1730 3628 1804">
     <span class='ocr_line' id='line_1_49' title="bbox 1981 1730 3628 1804; baseline 0.001 -17"><span class='ocrx_word' id='word_1_378' title='bbox 1981 1730 2204 1787; x_wconf 85' lang='lat' dir='ltr'>castelli</span> <span class='ocrx_word' id='word_1_379' title='bbox 2236 1732 2604 1799; x_wconf 84' lang='lat' dir='ltr'>custodiam;</span> <span class='ocrx_word' id='word_1_380' title='bbox 2639 1733 2738 1788; x_wconf 91' lang='lat' dir='ltr'>sed</span> <span class='ocrx_word' id='word_1_381' title='bbox 2791 1732 2916 1788; x_wconf 93' lang='lat' dir='ltr'>loco</span> <span class='ocrx_word' id='word_1_382' title='bbox 2948 1731 3107 1788; x_wconf 89' lang='lat' dir='ltr'>illius</span> <span class='ocrx_word' id='word_1_383' title='bbox 3137 1737 3195 1788; x_wconf 89' lang='lat' dir='ltr'>et</span> <span class='ocrx_word' id='word_1_384' title='bbox 3224 1732 3495 1800; x_wconf 82' lang='lat' dir='ltr'>aliorum,</span> <span class='ocrx_word' id='word_1_385' title='bbox 3526 1733 3628 1804; x_wconf 89' lang='lat' dir='ltr'>qui</span> 
     </span>
    </p>
   </div>
   <div class='ocr_carea' id='block_1_50' title="bbox 1982 1820 3626 1892">
    <p class='ocr_par' dir='ltr' id='par_1_50' title="bbox 1982 1820 3626 1892">
     <span class='ocr_line' id='line_1_50' title="bbox 1982 1820 3626 1892; baseline 0.002 -17"><span class='ocrx_word' id='word_1_386' title='bbox 1982 1821 2252 1876; x_wconf 85' lang='lat' dir='ltr'>fodiendo</span> <span class='ocrx_word' id='word_1_387' title='bbox 2288 1821 2702 1892; x_wconf 85' lang='lat' dir='ltr'>fatigabantur,</span> <span class='ocrx_word' id='word_1_388' title='bbox 2717 1821 2862 1877; x_wconf 83' lang='lat' dir='ltr'>alios</span> <span class='ocrx_word' id='word_1_389' title='bbox 2895 1826 3152 1877; x_wconf 89' lang='lat' dir='ltr'>recentes</span> <span class='ocrx_word' id='word_1_390' title='bbox 3180 1820 3626 1891; x_wconf 88' lang='lat' dir='ltr'>inducebamus,</span> 
     </span>
    </p>
   </div>
   <div class='ocr_carea' id='block_1_51' title="bbox 1982 1908 3632 1982">
    <p class='ocr_par' dir='ltr' id='par_1_51' title="bbox 1982 1908 3632 1982">
     <span class='ocr_line' id='line_1_51' title="bbox 1982 1908 3632 1982; baseline 0.002 -20"><span class='ocrx_word' id='word_1_391' title='bbox 1982 1909 2080 1980; x_wconf 91' lang='lat' dir='ltr'>qui</span> <span class='ocrx_word' id='word_1_392' title='bbox 2113 1908 2356 1964; x_wconf 86' lang='lat' dir='ltr'>viriliter</span> <span class='ocrx_word' id='word_1_393' title='bbox 2383 1909 2542 1980; x_wconf 91' lang='lat' dir='ltr'>operi</span> <span class='ocrx_word' id='word_1_394' title='bbox 2573 1909 3156 1966; x_wconf 89' lang='lat' dir='ltr'>insisterent.Videns</span> <span class='ocrx_word' id='word_1_395' title='bbox 3183 1914 3378 1966; x_wconf 88' lang='lat' dir='ltr'>autem</span> <span class='ocrx_word' id='word_1_396' title='bbox 3395 1911 3632 1982; x_wconf 89' lang='lat' dir='ltr'>juvenis</span> 
     </span>
    </p>
   </div>
   <div class='ocr_carea' id='block_1_52' title="bbox 1982 1998 3633 2071">
    <p class='ocr_par' dir='ltr' id='par_1_52' title="bbox 1982 1998 3633 2071">
     <span class='ocr_line' id='line_1_52' title="bbox 1982 1998 3633 2071; baseline 0.002 -19"><span class='ocrx_word' id='word_1_397' title='bbox 1982 1999 2082 2069; x_wconf 90' lang='lat' dir='ltr'>qui</span> <span class='ocrx_word' id='word_1_398' title='bbox 2117 1999 2187 2054; x_wconf 92' lang='lat' dir='ltr'>de</span> <span class='ocrx_word' id='word_1_399' title='bbox 2219 1998 2420 2054; x_wconf 87' lang='lat' dir='ltr'>lancea</span> <span class='ocrx_word' id='word_1_400' title='bbox 2451 1999 2692 2067; x_wconf 84' lang='lat' dir='ltr'>dixerat,</span> <span class='ocrx_word' id='word_1_401' title='bbox 2717 2016 2824 2055; x_wconf 90' lang='lat' dir='ltr'>nos</span> <span class='ocrx_word' id='word_1_402' title='bbox 2855 1998 3183 2071; x_wconf 80' lang='lat' dir='ltr'>defetigari,</span> <span class='ocrx_word' id='word_1_403' title='bbox 3219 1998 3560 2067; x_wconf 89' lang='lat' dir='ltr'>discinctus,</span> <span class='ocrx_word' id='word_1_404' title='bbox 3575 2002 3633 2055; x_wconf 86' lang='lat' dir='ltr'>et</span> 
     </span>
    </p>
   </div>
   <div class='ocr_carea' id='block_1_53' title="bbox 1982 2086 3633 2158">
    <p class='ocr_par' dir='ltr' id='par_1_53' title="bbox 1982 2086 3633 2158">
     <span class='ocr_line' id='line_1_53' title="bbox 1982 2086 3633 2158; baseline 0.001 -17"><span class='ocrx_word' id='word_1_405' title='bbox 1982 2086 2346 2142; x_wconf 89' lang='lat' dir='ltr'>discalceatis</span> <span class='ocrx_word' id='word_1_406' title='bbox 2379 2087 2622 2158; x_wconf 90' lang='lat' dir='ltr'>pedibns</span> <span class='ocrx_word' id='word_1_407' title='bbox 2653 2087 2711 2141; x_wconf 90' lang='lat' dir='ltr'>in</span> <span class='ocrx_word' id='word_1_408' title='bbox 2744 2087 2987 2142; x_wconf 87' lang='lat' dir='ltr'>camisia</span> <span class='ocrx_word' id='word_1_409' title='bbox 3037 2088 3096 2142; x_wconf 90' lang='lat' dir='ltr'>in</span> <span class='ocrx_word' id='word_1_410' title='bbox 3131 2087 3353 2143; x_wconf 88' lang='lat' dir='ltr'>foveam</span> <span class='ocrx_word' id='word_1_411' title='bbox 3397 2088 3633 2143; x_wconf 78' lang='lat' dir='ltr'>descen-</span> 
     </span>
    </p>
   </div>
   <div class='ocr_carea' id='block_1_54' title="bbox 1984 2175 3632 2248">
    <p class='ocr_par' dir='ltr' id='par_1_54' title="bbox 1984 2175 3632 2248">
     <span class='ocr_line' id='line_1_54' title="bbox 1984 2175 3632 2248; baseline 0.002 -19"><span class='ocrx_word' id='word_1_412' title='bbox 1984 2176 2108 2242; x_wconf 88' lang='lat' dir='ltr'>dit;</span> <span class='ocrx_word' id='word_1_413' title='bbox 2144 2180 2316 2247; x_wconf 82' lang='lat' dir='ltr'>atque</span> <span class='ocrx_word' id='word_1_414' title='bbox 2347 2177 2676 2231; x_wconf 86' lang='lat' dir='ltr'>obtestatus</span> <span class='ocrx_word' id='word_1_415' title='bbox 2724 2180 2813 2231; x_wconf 90' lang='lat' dir='ltr'>est</span> <span class='ocrx_word' id='word_1_416' title='bbox 2844 2194 2949 2231; x_wconf 90' lang='lat' dir='ltr'>nos</span> <span class='ocrx_word' id='word_1_417' title='bbox 2979 2180 3045 2230; x_wconf 88' lang='lat' dir='ltr'>ut</span> <span class='ocrx_word' id='word_1_418' title='bbox 3074 2175 3259 2231; x_wconf 87' lang='lat' dir='ltr'>Deum</span> <span class='ocrx_word' id='word_1_419' title='bbox 3293 2176 3632 2248; x_wconf 89' lang='lat' dir='ltr'>deprecare-</span> 
     </span>
    </p>
   </div>
   <div class='ocr_carea' id='block_1_55' title="bbox 1985 2264 3632 2335">
    <p class='ocr_par' dir='ltr' id='par_1_55' title="bbox 1985 2264 3632 2335">
     <span class='ocr_line' id='line_1_55' title="bbox 1985 2264 3632 2335; baseline 0.001 -17"><span class='ocrx_word' id='word_1_420' title='bbox 1985 2281 2136 2328; x_wconf 89' lang='lat' dir='ltr'>mur,</span> <span class='ocrx_word' id='word_1_421' title='bbox 2172 2269 2464 2335; x_wconf 85' lang='lat' dir='ltr'>quatenus</span> <span class='ocrx_word' id='word_1_422' title='bbox 2513 2265 2682 2320; x_wconf 86' lang='lat' dir='ltr'>nobis</span> <span class='ocrx_word' id='word_1_423' title='bbox 2735 2264 2997 2320; x_wconf 85' lang='lat' dir='ltr'>lanceam</span> <span class='ocrx_word' id='word_1_424' title='bbox 3051 2281 3220 2320; x_wconf 89' lang='lat' dir='ltr'>suam</span> <span class='ocrx_word' id='word_1_425' title='bbox 3251 2265 3537 2332; x_wconf 85' lang='lat' dir='ltr'>redderet,</span> <span class='ocrx_word' id='word_1_426' title='bbox 3571 2265 3632 2320; x_wconf 90' lang='lat' dir='ltr'>in</span> 
     </span>
    </p>
   </div>
   <div class='ocr_carea' id='block_1_56' title="bbox 1985 2350 3633 2424">
    <p class='ocr_par' dir='ltr' id='par_1_56' title="bbox 1985 2350 3633 2424">
     <span class='ocr_line' id='line_1_56' title="bbox 1985 2350 3633 2424; baseline 0.001 -19"><span class='ocrx_word' id='word_1_427' title='bbox 1985 2353 2468 2408; x_wconf 86' lang='lat' dir='ltr'>confortationem</span> <span class='ocrx_word' id='word_1_428' title='bbox 2498 2357 2554 2408; x_wconf 91' lang='lat' dir='ltr'>et</span> <span class='ocrx_word' id='word_1_429' title='bbox 2600 2353 2901 2408; x_wconf 88' lang='lat' dir='ltr'>victoriam</span> <span class='ocrx_word' id='word_1_430' title='bbox 2950 2369 3068 2408; x_wconf 77' lang='lat' dir='ltr'>suae</span> <span class='ocrx_word' id='word_1_431' title='bbox 3119 2350 3326 2424; x_wconf 90' lang='lat' dir='ltr'>plebis.</span> <span class='ocrx_word' id='word_1_432' title='bbox 3371 2352 3633 2408; x_wconf 89' lang='lat' dir='ltr'>Tandem</span> 
     </span>
    </p>
   </div>
   <div class='ocr_carea' id='block_1_57' title="bbox 1985 2440 3636 2512">
    <p class='ocr_par' dir='ltr' id='par_1_57' title="bbox 1985 2440 3636 2512">
     <span class='ocr_line' id='line_1_57' title="bbox 1985 2440 3636 2512; baseline 0.001 -18"><span class='ocrx_word' id='word_1_433' title='bbox 1985 2457 2088 2512; x_wconf 91' lang='lat' dir='ltr'>per</span> <span class='ocrx_word' id='word_1_434' title='bbox 2117 2441 2364 2512; x_wconf 82' lang='lat' dir='ltr'>gratiam</span> <span class='ocrx_word' id='word_1_435' title='bbox 2397 2458 2515 2497; x_wconf 70' lang='lat' dir='ltr'>suae</span> <span class='ocrx_word' id='word_1_436' title='bbox 2539 2442 2771 2512; x_wconf 87' lang='lat' dir='ltr'>pietatis</span> <span class='ocrx_word' id='word_1_437' title='bbox 2793 2440 3188 2496; x_wconf 88' lang='lat' dir='ltr'>commonitus</span> <span class='ocrx_word' id='word_1_438' title='bbox 3212 2440 3636 2497; x_wconf 88' lang='lat' dir='ltr'>Dominuslan-</span> 
     </span>
    </p>
   </div>
   <div class='ocr_carea' id='block_1_58' title="bbox 1986 2528 3632 2601">
    <p class='ocr_par' dir='ltr' id='par_1_58' title="bbox 1986 2528 3632 2601">
     <span class='ocr_line' id='line_1_58' title="bbox 1986 2528 3632 2601; baseline -0.001 -16"><span class='ocrx_word' id='word_1_439' title='bbox 1986 2531 2146 2585; x_wconf 81' lang='lat' dir='ltr'>eeam</span> <span class='ocrx_word' id='word_1_440' title='bbox 2179 2546 2347 2584; x_wconf 90' lang='lat' dir='ltr'>suam</span> <span class='ocrx_word' id='word_1_441' title='bbox 2381 2531 2550 2586; x_wconf 90' lang='lat' dir='ltr'>nobis</span> <span class='ocrx_word' id='word_1_442' title='bbox 2579 2529 2851 2585; x_wconf 89' lang='lat' dir='ltr'>ostendit.</span> <span class='ocrx_word' id='word_1_443' title='bbox 2885 2531 2953 2584; x_wconf 89' lang='lat' dir='ltr'>Et</span> <span class='ocrx_word' id='word_1_444' title='bbox 2983 2546 3088 2601; x_wconf 86' lang='lat' dir='ltr'>ego</span> <span class='ocrx_word' id='word_1_445' title='bbox 3119 2529 3220 2600; x_wconf 90' lang='lat' dir='ltr'>qui</span> <span class='ocrx_word' id='word_1_446' title='bbox 3251 2528 3372 2584; x_wconf 59' lang='lat' dir='ltr'>haec</span> <span class='ocrx_word' id='word_1_447' title='bbox 3403 2529 3632 2601; x_wconf 88' lang='lat' dir='ltr'>scripsi,</span> 
     </span>
    </p>
   </div>
   <div class='ocr_carea' id='block_1_59' title="bbox 1986 2605 3632 2690">
    <p class='ocr_par' dir='ltr' id='par_1_59' title="bbox 1986 2605 3632 2690">
     <span class='ocr_line' id='line_1_59' title="bbox 1986 2605 3632 2690; baseline 0 -18"><span class='ocrx_word' id='word_1_448' title='bbox 1986 2635 2121 2672; x_wconf 88' lang='lat' dir='ltr'>cum</span> <span class='ocrx_word' id='word_1_449' title='bbox 2155 2617 2314 2673; x_wconf 89' lang='lat' dir='ltr'>solus</span> <span class='ocrx_word' id='word_1_450' title='bbox 2346 2635 2566 2685; x_wconf 90' lang='lat' dir='ltr'>mucro,</span> <span class='ocrx_word' id='word_1_451' title='bbox 2594 2605 2795 2672; x_wconf 84' lang='lat' dir='ltr'>adhuc</span> <span class='ocrx_word' id='word_1_452' title='bbox 2843 2622 3150 2690; x_wconf 87' lang='lat' dir='ltr'>appareret</span> <span class='ocrx_word' id='word_1_453' title='bbox 3191 2635 3368 2690; x_wconf 89' lang='lat' dir='ltr'>super</span> <span class='ocrx_word' id='word_1_454' title='bbox 3396 2622 3632 2688; x_wconf 86' lang='lat' dir='ltr'>terram,</span> 
     </span>
    </p>
   </div>
   <div class='ocr_carea' id='block_1_60' title="bbox 1987 2705 3634 2779">
    <p class='ocr_par' dir='ltr' id='par_1_60' title="bbox 1987 2705 3634 2779">
     <span class='ocr_line' id='line_1_60' title="bbox 1987 2705 3634 2779; baseline 0.001 -17"><span class='ocrx_word' id='word_1_455' title='bbox 1987 2706 2289 2762; x_wconf 87' lang='lat' dir='ltr'>osculatus</span> <span class='ocrx_word' id='word_1_456' title='bbox 2311 2725 2441 2762; x_wconf 89' lang='lat' dir='ltr'>sum</span> <span class='ocrx_word' id='word_1_457' title='bbox 2463 2723 2618 2762; x_wconf 89' lang='lat' dir='ltr'>eum.</span> <span class='ocrx_word' id='word_1_458' title='bbox 2637 2709 2928 2772; x_wconf 87' lang='lat' dir='ltr'>Quantum</span> <span class='ocrx_word' id='word_1_459' title='bbox 2950 2707 3232 2779; x_wconf 85' lang='lat' dir='ltr'>gaudium</span> <span class='ocrx_word' id='word_1_460' title='bbox 3251 2710 3307 2762; x_wconf 93' lang='lat' dir='ltr'>et</span> <span class='ocrx_word' id='word_1_461' title='bbox 3326 2705 3634 2763; x_wconf 87' lang='lat' dir='ltr'>exsultatio</span> 
     </span>
    </p>
   </div>
   <div class='ocr_carea' id='block_1_61' title="bbox 1987 2795 3638 2867">
    <p class='ocr_par' dir='ltr' id='par_1_61' title="bbox 1987 2795 3638 2867">
     <span class='ocr_line' id='line_1_61' title="bbox 1987 2795 3638 2867; baseline 0.001 -17"><span class='ocrx_word' id='word_1_462' title='bbox 1987 2800 2128 2850; x_wconf 92' lang='lat' dir='ltr'>tunc</span> <span class='ocrx_word' id='word_1_463' title='bbox 2159 2795 2452 2850; x_wconf 87' lang='lat' dir='ltr'>civitatem</span> <span class='ocrx_word' id='word_1_464' title='bbox 2480 2795 2861 2867; x_wconf 88' lang='lat' dir='ltr'>replevit,non</span> <span class='ocrx_word' id='word_1_465' title='bbox 2896 2812 3138 2867; x_wconf 90' lang='lat' dir='ltr'>possum</span> <span class='ocrx_word' id='word_1_466' title='bbox 3170 2795 3381 2851; x_wconf 88' lang='lat' dir='ltr'>dicere.</span> <span class='ocrx_word' id='word_1_467' title='bbox 3403 2795 3638 2852; x_wconf 84' lang='lat' dir='ltr'>Inventa</span> 
     </span>
    </p>
   </div>
   <div class='ocr_carea' id='block_1_62' title="bbox 1988 2882 3478 2940">
    <p class='ocr_par' dir='ltr' id='par_1_62' title="bbox 1988 2882 3478 2940">
     <span class='ocr_line' id='line_1_62' title="bbox 1988 2882 3478 2940; baseline -0.001 -1"><span class='ocrx_word' id='word_1_468' title='bbox 1988 2887 2075 2940; x_wconf 91' lang='lat' dir='ltr'>est</span> <span class='ocrx_word' id='word_1_469' title='bbox 2105 2888 2300 2939; x_wconf 88' lang='lat' dir='ltr'>autem</span> <span class='ocrx_word' id='word_1_470' title='bbox 2331 2883 2532 2940; x_wconf 88' lang='lat' dir='ltr'>lancea</span> <span class='ocrx_word' id='word_1_471' title='bbox 2555 2889 2754 2940; x_wconf 89' lang='lat' dir='ltr'>octavo</span> <span class='ocrx_word' id='word_1_472' title='bbox 2785 2884 3010 2939; x_wconf 89' lang='lat' dir='ltr'>decimo</span> <span class='ocrx_word' id='word_1_473' title='bbox 3043 2883 3284 2939; x_wconf 83' lang='lat' dir='ltr'>Kalend.</span> <span class='ocrx_word' id='word_1_474' title='bbox 3315 2882 3478 2938; x_wconf 87' lang='lat' dir='ltr'>Julii.</span> 
     </span>
    </p>
   </div>
   <div class='ocr_carea' id='block_1_63' title="bbox 2602 2971 3012 3028">
    <p class='ocr_par' dir='ltr' id='par_1_63' title="bbox 2602 2971 3012 3028">
     <span class='ocr_line' id='line_1_63' title="bbox 2602 2971 3012 3028; baseline 0.005 -2"><span class='ocrx_word' id='word_1_475' title='bbox 2602 2971 2834 3027; x_wconf 87' lang='lat' dir='ltr'>CAPUT</span> <span class='ocrx_word' id='word_1_476' title='bbox 2869 2971 3012 3028; x_wconf 86' lang='lat' dir='ltr'>XVI.</span> 
     </span>
    </p>
   </div>
   <div class='ocr_carea' id='block_1_64' title="bbox 2060 3060 3634 3132">
    <p class='ocr_par' dir='ltr' id='par_1_64' title="bbox 2060 3060 3634 3132">
     <span class='ocr_line' id='line_1_64' title="bbox 2060 3060 3634 3132; baseline -0.001 -15"><span class='ocrx_word' id='word_1_477' title='bbox 2060 3062 2327 3117; x_wconf 90' lang='lat' dir='ltr'>Secunda</span> <span class='ocrx_word' id='word_1_478' title='bbox 2345 3078 2476 3116; x_wconf 88' lang='lat' dir='ltr'>vero</span> <span class='ocrx_word' id='word_1_479' title='bbox 2500 3064 2667 3116; x_wconf 86' lang='lat' dir='ltr'>nocte</span> <span class='ocrx_word' id='word_1_480' title='bbox 2691 3060 2876 3116; x_wconf 88' lang='lat' dir='ltr'>astitit</span> <span class='ocrx_word' id='word_1_481' title='bbox 2897 3062 3104 3116; x_wconf 87' lang='lat' dir='ltr'>beatus</span> <span class='ocrx_word' id='word_1_482' title='bbox 3124 3061 3384 3118; x_wconf 84' lang='lat' dir='ltr'>Andreas</span> <span class='ocrx_word' id='word_1_483' title='bbox 3407 3061 3634 3132; x_wconf 87' lang='lat' dir='ltr'>juveni,</span> 
     </span>
    </p>
   </div>
   <div class='ocr_carea' id='block_1_65' title="bbox 222 3131 3631 3224">
    <p class='ocr_par' dir='ltr' id='par_1_65' title="bbox 222 3131 3631 3224">
     <span class='ocr_line' id='line_1_65' title="bbox 222 3131 3631 3224; baseline -0.001 -18"><span class='ocrx_word' id='word_1_484' title='bbox 222 3154 456 3216; x_wconf 87' lang='lat' dir='ltr'>mine,et</span> <span class='ocrx_word' id='word_1_485' title='bbox 475 3152 607 3223; x_wconf 88' lang='lat' dir='ltr'>quid</span> <span class='ocrx_word' id='word_1_486' title='bbox 628 3151 757 3207; x_wconf 87' lang='lat' dir='ltr'>huic</span> <span class='ocrx_word' id='word_1_487' title='bbox 782 3154 902 3208; x_wconf 91' lang='lat' dir='ltr'>viro</span> <span class='ocrx_word' id='word_1_488' title='bbox 931 3153 1155 3209; x_wconf 84' lang='lat' dir='ltr'>dicitis?</span> <span class='ocrx_word' id='word_1_489' title='bbox 1184 3159 1240 3209; x_wconf 91' lang='lat' dir='ltr'>et</span> <span class='ocrx_word' id='word_1_490' title='bbox 1268 3131 1552 3210; x_wconf 90' lang='lat' dir='ltr'>Dominus</span> <span class='ocrx_word' id='word_1_491' title='bbox 1574 3156 1644 3210; x_wconf 88' lang='lat' dir='ltr'>ad</span> <span class='ocrx_word' id='word_1_492' title='bbox 1674 3154 1834 3211; x_wconf 88' lang='lat' dir='ltr'>illam</span> <span class='ocrx_word' id='word_1_493' title='bbox 1862 3174 1874 3211; x_wconf 87' lang='lat'><strong>:</strong></span> <span class='ocrx_word' id='word_1_494' title='bbox 1909 3131 1952 3198; x_wconf 61' lang='grc' dir='ltr'>(ἶ</span> <span class='ocrx_word' id='word_1_495' title='bbox 1992 3167 2094 3224; x_wconf 89' lang='lat' dir='ltr'>per</span> <span class='ocrx_word' id='word_1_496' title='bbox 2121 3167 2295 3222; x_wconf 89' lang='lat' dir='ltr'>quem</span> <span class='ocrx_word' id='word_1_497' title='bbox 2347 3149 2514 3206; x_wconf 90' lang='lat' dir='ltr'>nobis</span> <span class='ocrx_word' id='word_1_498' title='bbox 2561 3149 2822 3205; x_wconf 90' lang='lat' dir='ltr'>lanceam</span> <span class='ocrx_word' id='word_1_499' title='bbox 2876 3150 3224 3217; x_wconf 89' lang='lat' dir='ltr'>reddiderat,</span> <span class='ocrx_word' id='word_1_500' title='bbox 3259 3154 3317 3205; x_wconf 91' lang='lat' dir='ltr'>et</span> <span class='ocrx_word' id='word_1_501' title='bbox 3364 3131 3510 3204; x_wconf 81' lang='lat' dir='ltr'>dixit</span> <span class='ocrx_word' id='word_1_502' title='bbox 3533 3150 3584 3205; x_wconf 92' lang='lat' dir='ltr'>ei</span> <span class='ocrx_word' id='word_1_503' title='bbox 3617 3167 3631 3205; x_wconf 89' lang='lat'>:</span> 
     </span>
    </p>
   </div>
   <div class='ocr_carea' id='block_1_66' title="bbox 223 3241 1878 3314">
    <p class='ocr_par' dir='ltr' id='par_1_66' title="bbox 223 3241 1878 3314">
     <span class='ocr_line' id='line_1_66' title="bbox 223 3241 1878 3314; baseline 0.002 -16"><span class='ocrx_word' id='word_1_504' title='bbox 223 3242 676 3312; x_wconf 64' lang='lat' dir='ltr'>Domina,qu69re</span> <span class='ocrx_word' id='word_1_505' title='bbox 705 3241 772 3296; x_wconf 91' lang='lat' dir='ltr'>ab</span> <span class='ocrx_word' id='word_1_506' title='bbox 791 3257 852 3297; x_wconf 88' lang='lat' dir='ltr'>eo</span> <span class='ocrx_word' id='word_1_507' title='bbox 881 3241 946 3296; x_wconf 88' lang='lat' dir='ltr'>de</span> <span class='ocrx_word' id='word_1_508' title='bbox 975 3242 1076 3296; x_wconf 86' lang='lat' dir='ltr'>hac</span> <span class='ocrx_word' id='word_1_509' title='bbox 1102 3251 1276 3312; x_wconf 89' lang='lat' dir='ltr'>gente,</span> <span class='ocrx_word' id='word_1_510' title='bbox 1310 3259 1436 3314; x_wconf 62' lang='lat' dir='ltr'>qum</span> <span class='ocrx_word' id='word_1_511' title='bbox 1464 3245 1524 3298; x_wconf 89' lang='lat' dir='ltr'>in</span> <span class='ocrx_word' id='word_1_512' title='bbox 1543 3245 1763 3300; x_wconf 90' lang='lat' dir='ltr'>civitate</span> <span class='ocrx_word' id='word_1_513' title='bbox 1791 3247 1878 3301; x_wconf 88' lang='lat' dir='ltr'>in-</span> 
     </span>
    </p>
   </div>
   <div class='ocr_carea' id='block_1_67' title="bbox 223 3329 1877 3403">
    <p class='ocr_par' dir='ltr' id='par_1_67' title="bbox 223 3329 1877 3403">
     <span class='ocr_line' id='line_1_67' title="bbox 223 3329 1877 3403; baseline 0.003 -19"><span class='ocrx_word' id='word_1_514' title='bbox 223 3345 414 3400; x_wconf 85' lang='lat' dir='ltr'>gressa</span> <span class='ocrx_word' id='word_1_515' title='bbox 441 3337 542 3394; x_wconf 85' lang='lat' dir='ltr'>est,</span> <span class='ocrx_word' id='word_1_516' title='bbox 573 3343 699 3400; x_wconf 72' lang='lat' dir='ltr'>quae</span> <span class='ocrx_word' id='word_1_517' title='bbox 723 3331 818 3386; x_wconf 87' lang='lat' dir='ltr'>sit.</span> <span class='ocrx_word' id='word_1_518' title='bbox 855 3329 921 3384; x_wconf 88' lang='lat' dir='ltr'>Et</span> <span class='ocrx_word' id='word_1_519' title='bbox 970 3329 1052 3384; x_wconf 90' lang='lat' dir='ltr'>ait</span> <span class='ocrx_word' id='word_1_520' title='bbox 1099 3329 1347 3386; x_wconf 89' lang='lat' dir='ltr'>Domina</span> <span class='ocrx_word' id='word_1_521' title='bbox 1378 3348 1390 3386; x_wconf 90' lang='lat'>:</span> <span class='ocrx_word' id='word_1_522' title='bbox 1427 3331 1466 3388; x_wconf 93' lang='lat'><em>0</em></span> <span class='ocrx_word' id='word_1_523' title='bbox 1509 3335 1741 3389; x_wconf 87' lang='lat' dir='ltr'>Domine</span> <span class='ocrx_word' id='word_1_524' title='bbox 1776 3336 1877 3403; x_wconf 88' lang='lat' dir='ltr'>mi,</span> 
     </span>
    </p>
   </div>
   <div class='ocr_carea' id='block_1_68' title="bbox 225 3418 1880 3494">
    <p class='ocr_par' dir='ltr' id='par_1_68' title="bbox 225 3418 1880 3494">
     <span class='ocr_line' id='line_1_68' title="bbox 225 3418 1880 3494; baseline 0.004 -21"><span class='ocrx_word' id='word_1_525' title='bbox 225 3418 288 3474; x_wconf 89' lang='lat' dir='ltr'>hi</span> <span class='ocrx_word' id='word_1_526' title='bbox 315 3426 448 3474; x_wconf 85' lang='lat' dir='ltr'>sunt</span> <span class='ocrx_word' id='word_1_527' title='bbox 473 3433 576 3489; x_wconf 86' lang='lat' dir='ltr'>pro</span> <span class='ocrx_word' id='word_1_528' title='bbox 615 3418 814 3490; x_wconf 89' lang='lat' dir='ltr'>quibus</span> <span class='ocrx_word' id='word_1_529' title='bbox 862 3434 956 3489; x_wconf 90' lang='lat' dir='ltr'>ego</span> <span class='ocrx_word' id='word_1_530' title='bbox 986 3427 1204 3474; x_wconf 89' lang='lat' dir='ltr'>tantum</span> <span class='ocrx_word' id='word_1_531' title='bbox 1234 3427 1284 3476; x_wconf 88' lang='lat' dir='ltr'>te</span> <span class='ocrx_word' id='word_1_532' title='bbox 1311 3437 1460 3492; x_wconf 89' lang='lat' dir='ltr'>rogo.</span> <span class='ocrx_word' id='word_1_533' title='bbox 1493 3420 1756 3494; x_wconf 90' lang='lat' dir='ltr'>Cumque</span> <span class='ocrx_word' id='word_1_534' title='bbox 1786 3440 1880 3479; x_wconf 86' lang='lat' dir='ltr'>sa-</span> 
     </span>
    </p>
   </div>
   <div class='ocr_carea' id='block_1_69' title="bbox 227 3506 1876 3583">
    <p class='ocr_par' dir='ltr' id='par_1_69' title="bbox 227 3506 1876 3583">
     <span class='ocr_line' id='line_1_69' title="bbox 227 3506 1876 3583; baseline 0.002 -20"><span class='ocrx_word' id='word_1_535' title='bbox 227 3507 440 3564; x_wconf 88' lang='lat' dir='ltr'>cerdos</span> <span class='ocrx_word' id='word_1_536' title='bbox 471 3523 650 3562; x_wconf 90' lang='lat' dir='ltr'>suum</span> <span class='ocrx_word' id='word_1_537' title='bbox 673 3506 897 3562; x_wconf 86' lang='lat' dir='ltr'>socium</span> <span class='ocrx_word' id='word_1_538' title='bbox 925 3506 1025 3578; x_wconf 89' lang='lat' dir='ltr'>qui</span> <span class='ocrx_word' id='word_1_539' title='bbox 1049 3524 1226 3581; x_wconf 90' lang='lat' dir='ltr'>prope</span> <span class='ocrx_word' id='word_1_540' title='bbox 1249 3509 1574 3564; x_wconf 89' lang='lat' dir='ltr'>dormiebat</span> <span class='ocrx_word' id='word_1_541' title='bbox 1595 3510 1876 3583; x_wconf 90' lang='lat' dir='ltr'>pulsaret,</span> 
     </span>
    </p>
   </div>
   <div class='ocr_carea' id='block_1_70' title="bbox 224 3593 1880 3668">
    <p class='ocr_par' dir='ltr' id='par_1_70' title="bbox 224 3593 1880 3668">
     <span class='ocr_line' id='line_1_70' title="bbox 224 3593 1880 3668; baseline 0.002 -18"><span class='ocrx_word' id='word_1_542' title='bbox 224 3600 292 3650; x_wconf 90' lang='lat' dir='ltr'>ut</span> <span class='ocrx_word' id='word_1_543' title='bbox 321 3598 499 3650; x_wconf 67' lang='lat' dir='ltr'>tantae</span> <span class='ocrx_word' id='word_1_544' title='bbox 535 3593 777 3650; x_wconf 88' lang='lat' dir='ltr'>visionis</span> <span class='ocrx_word' id='word_1_545' title='bbox 807 3596 1014 3650; x_wconf 86' lang='lat' dir='ltr'>testem</span> <span class='ocrx_word' id='word_1_546' title='bbox 1039 3593 1252 3651; x_wconf 90' lang='lat' dir='ltr'>habere</span> <span class='ocrx_word' id='word_1_547' title='bbox 1271 3596 1576 3668; x_wconf 91' lang='lat' dir='ltr'>potuisset,</span> <span class='ocrx_word' id='word_1_548' title='bbox 1601 3599 1672 3654; x_wconf 92' lang='lat' dir='ltr'>ab</span> <span class='ocrx_word' id='word_1_549' title='bbox 1695 3598 1880 3654; x_wconf 89' lang='lat' dir='ltr'>oculis</span> 
     </span>
    </p>
   </div>
   <div class='ocr_carea' id='block_1_71' title="bbox 221 3681 1882 3756">
    <p class='ocr_par' dir='ltr' id='par_1_71' title="bbox 221 3681 1882 3756">
     <span class='ocr_line' id='line_1_71' title="bbox 221 3681 1882 3756; baseline 0.002 -16"><span class='ocrx_word' id='word_1_550' title='bbox 221 3685 358 3756; x_wconf 84' lang='lat' dir='ltr'>ejus</span> <span class='ocrx_word' id='word_1_551' title='bbox 387 3681 606 3739; x_wconf 86' lang='lat' dir='ltr'>sublati</span> <span class='ocrx_word' id='word_1_552' title='bbox 637 3683 972 3740; x_wconf 89' lang='lat' dir='ltr'>sunt.Mane</span> <span class='ocrx_word' id='word_1_553' title='bbox 1003 3688 1200 3740; x_wconf 89' lang='lat' dir='ltr'>autem</span> <span class='ocrx_word' id='word_1_554' title='bbox 1232 3684 1382 3740; x_wconf 88' lang='lat' dir='ltr'>facto</span> <span class='ocrx_word' id='word_1_555' title='bbox 1411 3684 1470 3740; x_wconf 88' lang='lat' dir='ltr'>in</span> <span class='ocrx_word' id='word_1_556' title='bbox 1503 3691 1762 3742; x_wconf 90' lang='lat' dir='ltr'>montem</span> <span class='ocrx_word' id='word_1_557' title='bbox 1795 3705 1882 3744; x_wconf 87' lang='lat' dir='ltr'>sa-</span> 
     </span>
    </p>
   </div>
   <div class='ocr_carea' id='block_1_72' title="bbox 221 3771 1877 3845">
    <p class='ocr_par' dir='ltr' id='par_1_72' title="bbox 221 3771 1877 3845">
     <span class='ocr_line' id='line_1_72' title="bbox 221 3771 1877 3845; baseline 0.002 -17"><span class='ocrx_word' id='word_1_558' title='bbox 221 3772 432 3828; x_wconf 85' lang='lat' dir='ltr'>cerdos</span> <span class='ocrx_word' id='word_1_559' title='bbox 462 3771 747 3840; x_wconf 89' lang='lat' dir='ltr'>ascendit,</span> <span class='ocrx_word' id='word_1_560' title='bbox 783 3772 883 3826; x_wconf 90' lang='lat' dir='ltr'>ubi</span> <span class='ocrx_word' id='word_1_561' title='bbox 930 3772 1226 3845; x_wconf 91' lang='lat' dir='ltr'>principes</span> <span class='ocrx_word' id='word_1_562' title='bbox 1261 3774 1445 3829; x_wconf 91' lang='lat' dir='ltr'>nostri</span> <span class='ocrx_word' id='word_1_563' title='bbox 1477 3776 1877 3845; x_wconf 86' lang='lat' dir='ltr'>morabantur,</span> 
     </span>
    </p>
   </div>
   <div class='ocr_carea' id='block_1_73' title="bbox 221 3859 1880 3932">
    <p class='ocr_par' dir='ltr' id='par_1_73' title="bbox 221 3859 1880 3932">
     <span class='ocr_line' id='line_1_73' title="bbox 221 3859 1880 3932; baseline 0.002 -15"><span class='ocrx_word' id='word_1_564' title='bbox 221 3865 431 3917; x_wconf 86' lang='lat' dir='ltr'>contra</span> <span class='ocrx_word' id='word_1_565' title='bbox 459 3861 785 3916; x_wconf 86' lang='lat' dir='ltr'>Turcarum</span> <span class='ocrx_word' id='word_1_566' title='bbox 807 3859 1351 3932; x_wconf 78' lang='lat' dir='ltr'>castellum,praeter</span> <span class='ocrx_word' id='word_1_567' title='bbox 1371 3863 1703 3930; x_wconf 84' lang='lat' dir='ltr'>ducem,ille</span> <span class='ocrx_word' id='word_1_568' title='bbox 1722 3864 1880 3920; x_wconf 89' lang='lat' dir='ltr'>enim</span> 
     </span>
    </p>
   </div>
   <div class='ocr_carea' id='block_1_74' title="bbox 221 3948 1872 4022">
    <p class='ocr_par' dir='ltr' id='par_1_74' title="bbox 221 3948 1872 4022">
     <span class='ocr_line' id='line_1_74' title="bbox 221 3948 1872 4022; baseline 0.002 -16"><span class='ocrx_word' id='word_1_569' title='bbox 221 3948 536 4006; x_wconf 86' lang='lat' dir='ltr'>castellum</span> <span class='ocrx_word' id='word_1_570' title='bbox 569 3949 724 4022; x_wconf 90' lang='lat' dir='ltr'>quod</span> <span class='ocrx_word' id='word_1_571' title='bbox 750 3954 874 4005; x_wconf 85' lang='lat' dir='ltr'>erat</span> <span class='ocrx_word' id='word_1_572' title='bbox 891 3948 951 4004; x_wconf 90' lang='lat' dir='ltr'>in</span> <span class='ocrx_word' id='word_1_573' title='bbox 969 3949 1413 4022; x_wconf 87' lang='lat' dir='ltr'>septentrionali</span> <span class='ocrx_word' id='word_1_574' title='bbox 1429 3951 1574 4006; x_wconf 92' lang='lat' dir='ltr'>colle</span> <span class='ocrx_word' id='word_1_575' title='bbox 1591 3953 1872 4010; x_wconf 87' lang='lat' dir='ltr'>servabat.</span> 
     </span>
    </p>
   </div>
   <div class='ocr_carea' id='block_1_75' title="bbox 222 4037 1883 4110">
    <p class='ocr_par' dir='ltr' id='par_1_75' title="bbox 222 4037 1883 4110">
     <span class='ocr_line' id='line_1_75' title="bbox 222 4037 1883 4110; baseline 0.003 -17"><span class='ocrx_word' id='word_1_576' title='bbox 222 4039 552 4093; x_wconf 87' lang='lat' dir='ltr'>Convocata</span> <span class='ocrx_word' id='word_1_577' title='bbox 568 4038 766 4110; x_wconf 87' lang='lat' dir='ltr'>itaque</span> <span class='ocrx_word' id='word_1_578' title='bbox 797 4037 1068 4093; x_wconf 87' lang='lat' dir='ltr'>sacerdos</span> <span class='ocrx_word' id='word_1_579' title='bbox 1090 4037 1602 4107; x_wconf 89' lang='lat' dir='ltr'>concione,habuit</span> <span class='ocrx_word' id='word_1_580' title='bbox 1619 4041 1740 4097; x_wconf 85' lang='lat' dir='ltr'>haec</span> <span class='ocrx_word' id='word_1_581' title='bbox 1763 4059 1883 4098; x_wconf 84' lang='lat' dir='ltr'>ver-</span> 
     </span>
    </p>
   </div>
   <div class='ocr_carea' id='block_1_76' title="bbox 224 4126 1882 4201">
    <p class='ocr_par' dir='ltr' id='par_1_76' title="bbox 224 4126 1882 4201">
     <span class='ocr_line' id='line_1_76' title="bbox 224 4126 1882 4201; baseline 0.002 -17"><span class='ocrx_word' id='word_1_582' title='bbox 224 4129 302 4184; x_wconf 87' lang='lat' dir='ltr'>ba</span> <span class='ocrx_word' id='word_1_583' title='bbox 333 4127 405 4182; x_wconf 87' lang='lat' dir='ltr'>ad</span> <span class='ocrx_word' id='word_1_584' title='bbox 437 4131 668 4182; x_wconf 88' lang='lat' dir='ltr'>nostros</span> <span class='ocrx_word' id='word_1_585' title='bbox 690 4126 1006 4201; x_wconf 86' lang='lat' dir='ltr'>principes,</span> <span class='ocrx_word' id='word_1_586' title='bbox 1039 4130 1213 4199; x_wconf 86' lang='lat' dir='ltr'>atque</span> <span class='ocrx_word' id='word_1_587' title='bbox 1243 4131 1310 4182; x_wconf 92' lang='lat' dir='ltr'>ut</span> <span class='ocrx_word' id='word_1_588' title='bbox 1335 4144 1536 4184; x_wconf 87' lang='lat' dir='ltr'>verum</span> <span class='ocrx_word' id='word_1_589' title='bbox 1567 4146 1694 4186; x_wconf 89' lang='lat' dir='ltr'>esse</span> <span class='ocrx_word' id='word_1_590' title='bbox 1722 4148 1882 4188; x_wconf 90' lang='lat' dir='ltr'>mon-</span> 
     </span>
    </p>
   </div>
   <div class='ocr_carea' id='block_1_77' title="bbox 225 4215 1882 4288">
    <p class='ocr_par' dir='ltr' id='par_1_77' title="bbox 225 4215 1882 4288">
     <span class='ocr_line' id='line_1_77' title="bbox 225 4215 1882 4288; baseline 0.002 -15"><span class='ocrx_word' id='word_1_591' title='bbox 225 4219 463 4284; x_wconf 85' lang='lat' dir='ltr'>straret,</span> <span class='ocrx_word' id='word_1_592' title='bbox 486 4231 664 4288; x_wconf 87' lang='lat' dir='ltr'>super</span> <span class='ocrx_word' id='word_1_593' title='bbox 691 4231 923 4272; x_wconf 89' lang='lat' dir='ltr'>crucem</span> <span class='ocrx_word' id='word_1_594' title='bbox 947 4215 1189 4288; x_wconf 89' lang='lat' dir='ltr'>juravit.</span> <span class='ocrx_word' id='word_1_595' title='bbox 1215 4215 1536 4274; x_wconf 88' lang='lat' dir='ltr'>Incredulis</span> <span class='ocrx_word' id='word_1_596' title='bbox 1566 4224 1764 4276; x_wconf 89' lang='lat' dir='ltr'>autem</span> <span class='ocrx_word' id='word_1_597' title='bbox 1795 4239 1882 4277; x_wconf 89' lang='lat' dir='ltr'>sa-</span> 
     </span>
    </p>
   </div>
   <div class='ocr_carea' id='block_1_78' title="bbox 224 4303 1884 4382">
    <p class='ocr_par' dir='ltr' id='par_1_78' title="bbox 224 4303 1884 4382">
     <span class='ocr_line' id='line_1_78' title="bbox 224 4303 1884 4382; baseline 0.002 -21"><span class='ocrx_word' id='word_1_598' title='bbox 224 4306 502 4362; x_wconf 83' lang='lat' dir='ltr'>tisfacere</span> <span class='ocrx_word' id='word_1_599' title='bbox 530 4303 844 4370; x_wconf 86' lang='lat' dir='ltr'>volens,vel</span> <span class='ocrx_word' id='word_1_600' title='bbox 874 4305 1125 4360; x_wconf 87' lang='lat' dir='ltr'>transire</span> <span class='ocrx_word' id='word_1_601' title='bbox 1154 4321 1258 4377; x_wconf 89' lang='lat' dir='ltr'>per</span> <span class='ocrx_word' id='word_1_602' title='bbox 1285 4303 1596 4378; x_wconf 88' lang='lat' dir='ltr'>ignem,vel</span> <span class='ocrx_word' id='word_1_603' title='bbox 1626 4310 1884 4382; x_wconf 66' lang='lat' dir='ltr'>praecipi-</span> 
     </span>
    </p>
   </div>
   <div class='ocr_carea' id='block_1_79' title="bbox 1987 3238 3638 3310">
    <p class='ocr_par' dir='ltr' id='par_1_79' title="bbox 1987 3238 3638 3310">
     <span class='ocr_line' id='line_1_79' title="bbox 1987 3238 3638 3310; baseline -0.001 -15"><span class='ocrx_word' id='word_1_604' title='bbox 1987 3241 2118 3295; x_wconf 87' lang='lat' dir='ltr'>Ecce</span> <span class='ocrx_word' id='word_1_605' title='bbox 2162 3241 2302 3294; x_wconf 85' lang='lat' dir='ltr'>Deus</span> <span class='ocrx_word' id='word_1_606' title='bbox 2350 3239 2574 3293; x_wconf 89' lang='lat' dir='ltr'>donavit</span> <span class='ocrx_word' id='word_1_607' title='bbox 2617 3240 2805 3294; x_wconf 89' lang='lat' dir='ltr'>comiti</span> <span class='ocrx_word' id='word_1_608' title='bbox 2850 3238 2991 3309; x_wconf 89' lang='lat' dir='ltr'>quod</span> <span class='ocrx_word' id='word_1_609' title='bbox 3036 3239 3184 3293; x_wconf 84' lang='lat' dir='ltr'>nulli</span> <span class='ocrx_word' id='word_1_610' title='bbox 3237 3239 3346 3294; x_wconf 90' lang='lat' dir='ltr'>alii</span> <span class='ocrx_word' id='word_1_611' title='bbox 3394 3255 3638 3310; x_wconf 85' lang='lat' dir='ltr'>unquam</span> 
     </span>
    </p>
   </div>
   <div class='ocr_carea' id='block_1_80' title="bbox 1988 3327 3636 3399">
    <p class='ocr_par' dir='ltr' id='par_1_80' title="bbox 1988 3327 3636 3399">
     <span class='ocr_line' id='line_1_80' title="bbox 1988 3327 3636 3399; baseline -0.001 -15"><span class='ocrx_word' id='word_1_612' title='bbox 1988 3329 2191 3385; x_wconf 87' lang='lat' dir='ltr'>donare</span> <span class='ocrx_word' id='word_1_613' title='bbox 2237 3329 2429 3395; x_wconf 85' lang='lat' dir='ltr'>voluit,</span> <span class='ocrx_word' id='word_1_614' title='bbox 2452 3337 2504 3383; x_wconf 89' lang='lat' dir='ltr'>et</span> <span class='ocrx_word' id='word_1_615' title='bbox 2560 3329 2838 3383; x_wconf 88' lang='lat' dir='ltr'>constituit</span> <span class='ocrx_word' id='word_1_616' title='bbox 2884 3343 3008 3382; x_wconf 89' lang='lat' dir='ltr'>eum</span> <span class='ocrx_word' id='word_1_617' title='bbox 3053 3327 3432 3399; x_wconf 73' lang='lat' dir='ltr'>vexilli/erum</span> <span class='ocrx_word' id='word_1_618' title='bbox 3479 3329 3636 3384; x_wconf 79' lang='lat' dir='ltr'>istius</span> 
     </span>
    </p>
   </div>
   <div class='ocr_carea' id='block_1_81' title="bbox 1987 3416 3634 3488">
    <p class='ocr_par' dir='ltr' id='par_1_81' title="bbox 1987 3416 3634 3488">
     <span class='ocr_line' id='line_1_81' title="bbox 1987 3416 3634 3488; baseline -0.002 -14"><span class='ocrx_word' id='word_1_619' title='bbox 1987 3419 2256 3474; x_wconf 77' lang='lat' dir='ltr'>exereitus</span> <span class='ocrx_word' id='word_1_620' title='bbox 2310 3419 2362 3472; x_wconf 88' lang='lat' dir='ltr'>si</span> <span class='ocrx_word' id='word_1_621' title='bbox 2409 3416 2628 3488; x_wconf 84' lang='lat' dir='ltr'>quidem</span> <span class='ocrx_word' id='word_1_622' title='bbox 2675 3417 3101 3486; x_wconf 85' lang='lat' dir='ltr'>perseveraverit</span> <span class='ocrx_word' id='word_1_623' title='bbox 3153 3419 3213 3471; x_wconf 85' lang='lat' dir='ltr'>in</span> <span class='ocrx_word' id='word_1_624' title='bbox 3260 3431 3445 3472; x_wconf 90' lang='lat' dir='ltr'>amore</span> <span class='ocrx_word' id='word_1_625' title='bbox 3495 3416 3634 3487; x_wconf 86' lang='lat' dir='ltr'>ejus.</span> 
     </span>
    </p>
   </div>
   <div class='ocr_carea' id='block_1_82' title="bbox 1989 3501 3639 3578">
    <p class='ocr_par' dir='ltr' id='par_1_82' title="bbox 1989 3501 3639 3578">
     <span class='ocr_line' id='line_1_82' title="bbox 1989 3501 3639 3578; baseline 0 -17"><span class='ocrx_word' id='word_1_626' title='bbox 1989 3507 2252 3578; x_wconf 86' lang='lat' dir='ltr'>Cumque</span> <span class='ocrx_word' id='word_1_627' title='bbox 2275 3506 2348 3560; x_wconf 90' lang='lat' dir='ltr'>ab</span> <span class='ocrx_word' id='word_1_628' title='bbox 2374 3522 2440 3560; x_wconf 92' lang='lat' dir='ltr'>eo</span> <span class='ocrx_word' id='word_1_629' title='bbox 2473 3505 2934 3561; x_wconf 89' lang='lat' dir='ltr'>misericordiam</span> <span class='ocrx_word' id='word_1_630' title='bbox 2957 3522 3060 3578; x_wconf 90' lang='lat' dir='ltr'>pro</span> <span class='ocrx_word' id='word_1_631' title='bbox 3083 3503 3298 3578; x_wconf 89' lang='lat' dir='ltr'>populo</span> <span class='ocrx_word' id='word_1_632' title='bbox 3313 3501 3639 3576; x_wconf 86' lang='lat' dir='ltr'>postularet</span> 
     </span>
    </p>
   </div>
   <div class='ocr_carea' id='block_1_83' title="bbox 1981 3592 3639 3666">
    <p class='ocr_par' dir='ltr' id='par_1_83' title="bbox 1981 3592 3639 3666">
     <span class='ocr_line' id='line_1_83' title="bbox 1981 3592 3639 3666; baseline 0 -16"><span class='ocrx_word' id='word_1_633' title='bbox 1981 3595 2235 3666; x_wconf 87' lang='lat' dir='ltr'>juvenis,</span> <span class='ocrx_word' id='word_1_634' title='bbox 2265 3594 2566 3666; x_wconf 89' lang='lat' dir='ltr'>respondit</span> <span class='ocrx_word' id='word_1_635' title='bbox 2609 3592 2660 3648; x_wconf 90' lang='lat' dir='ltr'>ei</span> <span class='ocrx_word' id='word_1_636' title='bbox 2709 3598 2947 3649; x_wconf 89' lang='lat' dir='ltr'>sanctus</span> <span class='ocrx_word' id='word_1_637' title='bbox 2984 3594 3250 3649; x_wconf 82' lang='lat' dir='ltr'>Andreas</span> <span class='ocrx_word' id='word_1_638' title='bbox 3279 3593 3420 3665; x_wconf 88' lang='lat' dir='ltr'>quod</span> <span class='ocrx_word' id='word_1_639' title='bbox 3449 3609 3639 3650; x_wconf 86' lang='lat' dir='ltr'>revera</span> 
     </span>
    </p>
   </div>
   <div class='ocr_carea' id='block_1_84' title="bbox 1988 3683 3640 3756">
    <p class='ocr_par' dir='ltr' id='par_1_84' title="bbox 1988 3683 3640 3756">
     <span class='ocr_line' id='line_1_84' title="bbox 1988 3683 3640 3756; baseline -0.002 -16"><span class='ocrx_word' id='word_1_640' title='bbox 1988 3686 2248 3740; x_wconf 89' lang='lat' dir='ltr'>Dominus</span> <span class='ocrx_word' id='word_1_641' title='bbox 2277 3685 2628 3738; x_wconf 88' lang='lat' dir='ltr'>misereretur</span> <span class='ocrx_word' id='word_1_642' title='bbox 2651 3683 2845 3754; x_wconf 87' lang='lat' dir='ltr'>populi</span> <span class='ocrx_word' id='word_1_643' title='bbox 2871 3684 2978 3737; x_wconf 89' lang='lat' dir='ltr'>sui.</span> <span class='ocrx_word' id='word_1_644' title='bbox 3011 3683 3082 3737; x_wconf 89' lang='lat' dir='ltr'>Et</span> <span class='ocrx_word' id='word_1_645' title='bbox 3110 3699 3315 3738; x_wconf 91' lang='lat' dir='ltr'>rursus</span> <span class='ocrx_word' id='word_1_646' title='bbox 3336 3699 3470 3738; x_wconf 91' lang='lat' dir='ltr'>cum</span> <span class='ocrx_word' id='word_1_647' title='bbox 3489 3699 3640 3756; x_wconf 70' lang='lat' dir='ltr'>quaa-</span> 
     </span>
    </p>
   </div>
   <div class='ocr_carea' id='block_1_85' title="bbox 1989 3769 3638 3842">
    <p class='ocr_par' dir='ltr' id='par_1_85' title="bbox 1989 3769 3638 3842">
     <span class='ocr_line' id='line_1_85' title="bbox 1989 3769 3638 3842; baseline 0 -15"><span class='ocrx_word' id='word_1_648' title='bbox 1989 3776 2142 3828; x_wconf 90' lang='lat' dir='ltr'>reret</span> <span class='ocrx_word' id='word_1_649' title='bbox 2161 3772 2233 3826; x_wconf 88' lang='lat' dir='ltr'>ab</span> <span class='ocrx_word' id='word_1_650' title='bbox 2262 3772 2466 3826; x_wconf 91' lang='lat' dir='ltr'>eodem</span> <span class='ocrx_word' id='word_1_651' title='bbox 2499 3771 2568 3825; x_wconf 91' lang='lat' dir='ltr'>de</span> <span class='ocrx_word' id='word_1_652' title='bbox 2599 3769 2754 3826; x_wconf 89' lang='lat' dir='ltr'>socio</span> <span class='ocrx_word' id='word_1_653' title='bbox 2785 3787 2891 3826; x_wconf 91' lang='lat' dir='ltr'>suo</span> <span class='ocrx_word' id='word_1_654' title='bbox 2924 3769 3055 3842; x_wconf 89' lang='lat' dir='ltr'>quis</span> <span class='ocrx_word' id='word_1_655' title='bbox 3087 3775 3242 3826; x_wconf 90' lang='lat' dir='ltr'>esset</span> <span class='ocrx_word' id='word_1_656' title='bbox 3260 3787 3435 3842; x_wconf 89' lang='lat' dir='ltr'>quem</span> <span class='ocrx_word' id='word_1_657' title='bbox 3465 3771 3638 3828; x_wconf 89' lang='lat' dir='ltr'>toties</span> 
     </span>
    </p>
   </div>
   <div class='ocr_carea' id='block_1_86' title="bbox 1987 3859 3638 3931">
    <p class='ocr_par' dir='ltr' id='par_1_86' title="bbox 1987 3859 3638 3931">
     <span class='ocr_line' id='line_1_86' title="bbox 1987 3859 3638 3931; baseline -0.001 -15"><span class='ocrx_word' id='word_1_658' title='bbox 1987 3862 2232 3926; x_wconf 88' lang='lat' dir='ltr'>viderat,</span> <span class='ocrx_word' id='word_1_659' title='bbox 2268 3860 2413 3914; x_wconf 84' lang='lat' dir='ltr'>dixit</span> <span class='ocrx_word' id='word_1_660' title='bbox 2459 3859 2510 3914; x_wconf 91' lang='lat' dir='ltr'>ei</span> <span class='ocrx_word' id='word_1_661' title='bbox 2543 3860 2606 3914; x_wconf 91' lang='lat' dir='ltr'>B.</span> <span class='ocrx_word' id='word_1_662' title='bbox 2641 3860 2899 3914; x_wconf 81' lang='lat' dir='ltr'>Andreas</span> <span class='ocrx_word' id='word_1_663' title='bbox 2932 3875 2944 3912; x_wconf 91' lang='lat'><strong>:</strong></span> <span class='ocrx_word' id='word_1_664' title='bbox 2978 3859 3174 3914; x_wconf 86' lang='lat' dir='ltr'>Accede</span> <span class='ocrx_word' id='word_1_665' title='bbox 3192 3867 3245 3914; x_wconf 89' lang='lat' dir='ltr'>et</span> <span class='ocrx_word' id='word_1_666' title='bbox 3269 3859 3517 3915; x_wconf 88' lang='lat' dir='ltr'>osculare</span> <span class='ocrx_word' id='word_1_667' title='bbox 3542 3875 3638 3931; x_wconf 87' lang='lat' dir='ltr'>pe-</span> 
     </span>
    </p>
   </div>
   <div class='ocr_carea' id='block_1_87' title="bbox 1987 3947 3617 4022">
    <p class='ocr_par' dir='ltr' id='par_1_87' title="bbox 1987 3947 3617 4022">
     <span class='ocr_line' id='line_1_87' title="bbox 1987 3947 3617 4022; baseline -0.001 -16"><span class='ocrx_word' id='word_1_668' title='bbox 1987 3951 2108 4006; x_wconf 88' lang='lat' dir='ltr'>dem</span> <span class='ocrx_word' id='word_1_669' title='bbox 2136 3951 2269 4022; x_wconf 87' lang='lat' dir='ltr'>ejus.</span> <span class='ocrx_word' id='word_1_670' title='bbox 2307 3949 2578 4004; x_wconf 90' lang='lat' dir='ltr'>Festinus</span> <span class='ocrx_word' id='word_1_671' title='bbox 2606 3947 2802 4019; x_wconf 83' lang='lat' dir='ltr'>itaque</span> <span class='ocrx_word' id='word_1_672' title='bbox 2831 3947 3028 4004; x_wconf 91' lang='lat' dir='ltr'>volens</span> <span class='ocrx_word' id='word_1_673' title='bbox 3059 3948 3500 4017; x_wconf 89' lang='lat' dir='ltr'>accedere,vidit</span> <span class='ocrx_word' id='word_1_674' title='bbox 3518 3947 3617 4021; x_wconf 87' lang='lat' dir='ltr'>pla</span> 
     </span>
    </p>
   </div>
   <div class='ocr_carea' id='block_1_88' title="bbox 1989 4035 3637 4113">
    <p class='ocr_par' dir='ltr' id='par_1_88' title="bbox 1989 4035 3637 4113">
     <span class='ocr_line' id='line_1_88' title="bbox 1989 4035 3637 4113; baseline -0.001 -18"><span class='ocrx_word' id='word_1_675' title='bbox 1989 4055 2124 4113; x_wconf 79' lang='lat' dir='ltr'>gem</span> <span class='ocrx_word' id='word_1_676' title='bbox 2156 4055 2336 4094; x_wconf 87' lang='lat' dir='ltr'>unam</span> <span class='ocrx_word' id='word_1_677' title='bbox 2368 4054 2544 4109; x_wconf 89' lang='lat' dir='ltr'>super</span> <span class='ocrx_word' id='word_1_678' title='bbox 2571 4037 2777 4109; x_wconf 90' lang='lat' dir='ltr'>pedem</span> <span class='ocrx_word' id='word_1_679' title='bbox 2808 4037 2938 4108; x_wconf 88' lang='lat' dir='ltr'>ejus</span> <span class='ocrx_word' id='word_1_680' title='bbox 2962 4035 3044 4092; x_wconf 88' lang='lat' dir='ltr'>ita</span> <span class='ocrx_word' id='word_1_681' title='bbox 3074 4041 3386 4106; x_wconf 88' lang='lat' dir='ltr'>recentem,</span> <span class='ocrx_word' id='word_1_682' title='bbox 3420 4042 3477 4093; x_wconf 92' lang='lat' dir='ltr'>et</span> <span class='ocrx_word' id='word_1_683' title='bbox 3507 4055 3637 4094; x_wconf 88' lang='lat' dir='ltr'>san-</span> 
     </span>
    </p>
   </div>
   <div class='ocr_carea' id='block_1_89' title="bbox 1989 4125 3637 4201">
    <p class='ocr_par' dir='ltr' id='par_1_89' title="bbox 1989 4125 3637 4201">
     <span class='ocr_line' id='line_1_89' title="bbox 1989 4125 3637 4201; baseline 0 -18"><span class='ocrx_word' id='word_1_684' title='bbox 1989 4127 2409 4201; x_wconf 89' lang='lat' dir='ltr'>guinolentam,</span> <span class='ocrx_word' id='word_1_685' title='bbox 2466 4141 2532 4181; x_wconf 91' lang='lat' dir='ltr'>ac</span> <span class='ocrx_word' id='word_1_686' title='bbox 2564 4125 2614 4180; x_wconf 92' lang='lat' dir='ltr'>si</span> <span class='ocrx_word' id='word_1_687' title='bbox 2645 4125 2818 4181; x_wconf 89' lang='lat' dir='ltr'>modo</span> <span class='ocrx_word' id='word_1_688' title='bbox 2865 4125 3018 4181; x_wconf 83' lang='lat' dir='ltr'>facta</span> <span class='ocrx_word' id='word_1_689' title='bbox 3066 4126 3293 4182; x_wconf 81' lang='lat' dir='ltr'>fuisset.</span> <span class='ocrx_word' id='word_1_690' title='bbox 3339 4125 3485 4182; x_wconf 90' lang='lat' dir='ltr'>Cum</span> <span class='ocrx_word' id='word_1_691' title='bbox 3525 4145 3637 4183; x_wconf 89' lang='lat' dir='ltr'>au-</span> 
     </span>
    </p>
   </div>
   <div class='ocr_carea' id='block_1_90' title="bbox 1987 4215 3637 4289">
    <p class='ocr_par' dir='ltr' id='par_1_90' title="bbox 1987 4215 3637 4289">
     <span class='ocr_line' id='line_1_90' title="bbox 1987 4215 3637 4289; baseline 0 -17"><span class='ocrx_word' id='word_1_692' title='bbox 1987 4221 2106 4272; x_wconf 89' lang='lat' dir='ltr'>tem</span> <span class='ocrx_word' id='word_1_693' title='bbox 2139 4215 2434 4271; x_wconf 88' lang='lat' dir='ltr'>dubitaret</span> <span class='ocrx_word' id='word_1_694' title='bbox 2463 4215 2739 4271; x_wconf 88' lang='lat' dir='ltr'>accedere</span> <span class='ocrx_word' id='word_1_695' title='bbox 2767 4218 3002 4287; x_wconf 91' lang='lat' dir='ltr'>propter</span> <span class='ocrx_word' id='word_1_696' title='bbox 3046 4215 3261 4271; x_wconf 90' lang='lat' dir='ltr'>vulnus</span> <span class='ocrx_word' id='word_1_697' title='bbox 3291 4219 3349 4271; x_wconf 90' lang='lat' dir='ltr'>et</span> <span class='ocrx_word' id='word_1_698' title='bbox 3397 4216 3637 4289; x_wconf 87' lang='lat' dir='ltr'>sangui-</span> 
     </span>
    </p>
   </div>
   <div class='ocr_carea' id='block_1_91' title="bbox 1988 4303 3639 4378">
    <p class='ocr_par' dir='ltr' id='par_1_91' title="bbox 1988 4303 3639 4378">
     <span class='ocr_line' id='line_1_91' title="bbox 1988 4303 3639 4378; baseline 0.001 -16"><span class='ocrx_word' id='word_1_699' title='bbox 1988 4323 2144 4374; x_wconf 91' lang='lat' dir='ltr'>nem,</span> <span class='ocrx_word' id='word_1_700' title='bbox 2209 4308 2448 4360; x_wconf 89' lang='lat' dir='ltr'>sanctus</span> <span class='ocrx_word' id='word_1_701' title='bbox 2503 4303 2762 4358; x_wconf 89' lang='lat' dir='ltr'>Andreas</span> <span class='ocrx_word' id='word_1_702' title='bbox 2819 4303 2943 4359; x_wconf 89' lang='lat' dir='ltr'>ait:</span> <span class='ocrx_word' id='word_1_703' title='bbox 2985 4305 3116 4360; x_wconf 85' lang='lat' dir='ltr'>Ecce</span> <span class='ocrx_word' id='word_1_704' title='bbox 3175 4305 3271 4360; x_wconf 87' lang='lat' dir='ltr'>ille</span> <span class='ocrx_word' id='word_1_705' title='bbox 3323 4307 3487 4361; x_wconf 88' lang='lat' dir='ltr'>Pater</span> <span class='ocrx_word' id='word_1_706' title='bbox 3541 4308 3639 4378; x_wconf 88' lang='lat' dir='ltr'>qui</span> 
     </span>
    </p>
   </div>
   <div class='ocr_carea' id='block_1_92' title="bbox 227 4391 3633 4467">
    <p class='ocr_par' dir='ltr' id='par_1_92' title="bbox 227 4391 3633 4467">
     <span class='ocr_line' id='line_1_92' title="bbox 227 4391 3633 4467; baseline 0 -16"><span class='ocrx_word' id='word_1_707' title='bbox 227 4400 360 4451; x_wconf 87' lang='lat' dir='ltr'>tare</span> <span class='ocrx_word' id='word_1_708' title='bbox 383 4411 446 4450; x_wconf 90' lang='lat' dir='ltr'>se</span> <span class='ocrx_word' id='word_1_709' title='bbox 475 4394 547 4449; x_wconf 92' lang='lat' dir='ltr'>de</span> <span class='ocrx_word' id='word_1_710' title='bbox 576 4391 884 4449; x_wconf 88' lang='lat' dir='ltr'>altitudine</span> <span class='ocrx_word' id='word_1_711' title='bbox 911 4393 1093 4448; x_wconf 89' lang='lat' dir='ltr'>turris</span> <span class='ocrx_word' id='word_1_712' title='bbox 1125 4392 1328 4449; x_wconf 87' lang='lat' dir='ltr'>voluit.</span> <span class='ocrx_word' id='word_1_713' title='bbox 1349 4395 1512 4450; x_wconf 88' lang='lat' dir='ltr'>Tunc</span> <span class='ocrx_word' id='word_1_714' title='bbox 1534 4397 1882 4467; x_wconf 85' lang='lat' dir='ltr'>juraverunt</span> <span class='ocrx_word' id='word_1_715' title='bbox 1983 4412 2084 4467; x_wconf 88' lang='lat' dir='ltr'>pro</span> <span class='ocrx_word' id='word_1_716' title='bbox 2113 4395 2270 4450; x_wconf 86' lang='lat' dir='ltr'>nobis</span> <span class='ocrx_word' id='word_1_717' title='bbox 2299 4395 2616 4449; x_wconf 87' lang='lat' dir='ltr'>vulneratus</span> <span class='ocrx_word' id='word_1_718' title='bbox 2644 4395 2757 4463; x_wconf 86' lang='lat' dir='ltr'>fuit</span> <span class='ocrx_word' id='word_1_719' title='bbox 2785 4394 2846 4447; x_wconf 90' lang='lat' dir='ltr'>in</span> <span class='ocrx_word' id='word_1_720' title='bbox 2873 4401 3106 4461; x_wconf 88' lang='lat' dir='ltr'>cruce,et</span> <span class='ocrx_word' id='word_1_721' title='bbox 3135 4393 3253 4449; x_wconf 65' lang='lat' dir='ltr'>ha’c</span> <span class='ocrx_word' id='word_1_722' title='bbox 3294 4393 3418 4449; x_wconf 90' lang='lat' dir='ltr'>inde</span> <span class='ocrx_word' id='word_1_723' title='bbox 3443 4395 3633 4465; x_wconf 88' lang='lat' dir='ltr'>plaga.</span> 
     </span>
    </p>
   </div>
   <div class='ocr_carea' id='block_1_93' title="bbox 229 4481 3636 4570">
    <p class='ocr_par' dir='ltr' id='par_1_93' title="bbox 229 4481 3636 4570">
     <span class='ocr_line' id='line_1_93' title="bbox 229 4481 3636 4570; baseline 0 -30"><span class='ocrx_word' id='word_1_724' title='bbox 229 4483 547 4557; x_wconf 82' lang='lat' dir='ltr'>principes,</span> <span class='ocrx_word' id='word_1_725' title='bbox 571 4482 728 4555; x_wconf 90' lang='lat' dir='ltr'>quod</span> <span class='ocrx_word' id='word_1_726' title='bbox 774 4482 846 4537; x_wconf 91' lang='lat' dir='ltr'>de</span> <span class='ocrx_word' id='word_1_727' title='bbox 890 4481 1198 4538; x_wconf 84' lang='lat' dir='ltr'>Antiochia</span> <span class='ocrx_word' id='word_1_728' title='bbox 1227 4500 1341 4538; x_wconf 90' lang='lat' dir='ltr'>non</span> <span class='ocrx_word' id='word_1_729' title='bbox 1375 4484 1659 4558; x_wconf 81' lang='lat' dir='ltr'>fugerent,</span> <span class='ocrx_word' id='word_1_730' title='bbox 1693 4505 1882 4560; x_wconf 90' lang='lat' dir='ltr'>neque</span> <span class='ocrx_word' id='word_1_731' title='bbox 1910 4505 1957 4570; x_wconf 73' lang='grc' dir='ltr'>Ι)</span> <span class='ocrx_word' id='word_1_732' title='bbox 1990 4487 2120 4542; x_wconf 70' lang='lat' dir='ltr'>Haec</span> <span class='ocrx_word' id='word_1_733' title='bbox 2162 4486 2326 4540; x_wconf 87' lang='lat' dir='ltr'>etiam</span> <span class='ocrx_word' id='word_1_734' title='bbox 2372 4483 2634 4537; x_wconf 88' lang='lat' dir='ltr'>Dominus</span> <span class='ocrx_word' id='word_1_735' title='bbox 2675 4483 2932 4553; x_wconf 70' lang='lat' dir='ltr'>praecipit</span> <span class='ocrx_word' id='word_1_736' title='bbox 2978 4490 3038 4538; x_wconf 85' lang='lat' dir='ltr'>ut</span> <span class='ocrx_word' id='word_1_737' title='bbox 3076 4482 3337 4538; x_wconf 75' lang='lat' dir='ltr'>celebrem</span> <span class='ocrx_word' id='word_1_738' title='bbox 3391 4482 3636 4540; x_wconf 79' lang='lat' dir='ltr'>habeatis</span> 
     </span>
    </p>
   </div>
   <div class='ocr_carea' id='block_1_94' title="bbox 229 4570 3632 4646">
    <p class='ocr_par' dir='ltr' id='par_1_94' title="bbox 229 4570 3632 4646">
     <span class='ocr_line' id='line_1_94' title="bbox 229 4570 3632 4646; baseline 0 -18"><span class='ocrx_word' id='word_1_739' title='bbox 229 4573 665 4646; x_wconf 83' lang='lat' dir='ltr'>egrederentur,</span> <span class='ocrx_word' id='word_1_740' title='bbox 689 4570 804 4626; x_wconf 91' lang='lat' dir='ltr'>nisi</span> <span class='ocrx_word' id='word_1_741' title='bbox 848 4570 918 4626; x_wconf 88' lang='lat' dir='ltr'>de</span> <span class='ocrx_word' id='word_1_742' title='bbox 962 4570 1260 4626; x_wconf 90' lang='lat' dir='ltr'>communi</span> <span class='ocrx_word' id='word_1_743' title='bbox 1293 4571 1534 4629; x_wconf 89' lang='lat' dir='ltr'>consilio</span> <span class='ocrx_word' id='word_1_744' title='bbox 1566 4575 1876 4632; x_wconf 88' lang='lat' dir='ltr'>omnium:</span> <span class='ocrx_word' id='word_1_745' title='bbox 1989 4577 2136 4632; x_wconf 86' lang='lat' dir='ltr'>diem</span> <span class='ocrx_word' id='word_1_746' title='bbox 2193 4574 2372 4638; x_wconf 87' lang='lat' dir='ltr'>illum,</span> <span class='ocrx_word' id='word_1_747' title='bbox 2411 4573 2468 4626; x_wconf 89' lang='lat' dir='ltr'>in</span> <span class='ocrx_word' id='word_1_748' title='bbox 2526 4587 2630 4641; x_wconf 90' lang='lat' dir='ltr'>quo</span> <span class='ocrx_word' id='word_1_749' title='bbox 2681 4573 2926 4626; x_wconf 87' lang='lat' dir='ltr'>lanceam</span> <span class='ocrx_word' id='word_1_750' title='bbox 2969 4587 3126 4627; x_wconf 88' lang='lat' dir='ltr'>suam</span> <span class='ocrx_word' id='word_1_751' title='bbox 3171 4572 3317 4627; x_wconf 88' lang='lat' dir='ltr'>vobis</span> <span class='ocrx_word' id='word_1_752' title='bbox 3374 4571 3632 4630; x_wconf 85' lang='lat' dir='ltr'>reddidit.</span> 
     </span>
    </p>
   </div>
   <div class='ocr_carea' id='block_1_95' title="bbox 229 4658 3635 4737">
    <p class='ocr_par' dir='ltr' id='par_1_95' title="bbox 229 4658 3635 4737">
     <span class='ocr_line' id='line_1_95' title="bbox 229 4658 3635 4737; baseline -0.001 -18"><span class='ocrx_word' id='word_1_753' title='bbox 229 4661 452 4719; x_wconf 85' lang='lat' dir='ltr'>etenim</span> <span class='ocrx_word' id='word_1_754' title='bbox 509 4658 762 4733; x_wconf 91' lang='lat' dir='ltr'>populus</span> <span class='ocrx_word' id='word_1_755' title='bbox 809 4675 878 4714; x_wconf 90' lang='lat' dir='ltr'>ea</span> <span class='ocrx_word' id='word_1_756' title='bbox 921 4662 1267 4732; x_wconf 87' lang='lat' dir='ltr'>tempestate</span> <span class='ocrx_word' id='word_1_757' title='bbox 1315 4660 1689 4719; x_wconf 86' lang='lat' dir='ltr'>existimabat</span> <span class='ocrx_word' id='word_1_758' title='bbox 1724 4667 1878 4737; x_wconf 90' lang='lat' dir='ltr'>quod</span> <span class='ocrx_word' id='word_1_759' title='bbox 1987 4666 2052 4722; x_wconf 85' lang='lat' dir='ltr'>Et</span> <span class='ocrx_word' id='word_1_760' title='bbox 2081 4665 2232 4737; x_wconf 82' lang='lat' dir='ltr'>quia</span> <span class='ocrx_word' id='word_1_761' title='bbox 2291 4663 2350 4716; x_wconf 88' lang='lat' dir='ltr'>in</span> <span class='ocrx_word' id='word_1_762' title='bbox 2404 4677 2622 4732; x_wconf 84' lang='lat' dir='ltr'>vespera</span> <span class='ocrx_word' id='word_1_763' title='bbox 2678 4669 2890 4732; x_wconf 87' lang='lat' dir='ltr'>reperta</span> <span class='ocrx_word' id='word_1_764' title='bbox 2947 4668 3046 4726; x_wconf 86' lang='lat' dir='ltr'>est,</span> <span class='ocrx_word' id='word_1_765' title='bbox 3069 4669 3120 4716; x_wconf 88' lang='lat' dir='ltr'>et</span> <span class='ocrx_word' id='word_1_766' title='bbox 3145 4677 3257 4716; x_wconf 90' lang='lat' dir='ltr'>non</span> <span class='ocrx_word' id='word_1_767' title='bbox 3300 4663 3480 4732; x_wconf 85' lang='lat' dir='ltr'>potuit</span> <span class='ocrx_word' id='word_1_768' title='bbox 3521 4661 3635 4718; x_wconf 88' lang='lat' dir='ltr'>dies</span> 
     </span>
    </p>
   </div>
   <div class='ocr_carea' id='block_1_96' title="bbox 225 4747 3630 4826">
    <p class='ocr_par' dir='ltr' id='par_1_96' title="bbox 225 4747 3630 4826">
     <span class='ocr_line' id='line_1_96' title="bbox 225 4747 3630 4826; baseline -0 -19"><span class='ocrx_word' id='word_1_769' title='bbox 225 4749 524 4826; x_wconf 87' lang='lat' dir='ltr'>principes</span> <span class='ocrx_word' id='word_1_770' title='bbox 553 4747 768 4804; x_wconf 85' lang='lat' dir='ltr'>vellent</span> <span class='ocrx_word' id='word_1_771' title='bbox 794 4748 994 4821; x_wconf 85' lang='lat' dir='ltr'>fugere</span> <span class='ocrx_word' id='word_1_772' title='bbox 1024 4748 1095 4804; x_wconf 89' lang='lat' dir='ltr'>ad</span> <span class='ocrx_word' id='word_1_773' title='bbox 1117 4753 1373 4822; x_wconf 88' lang='lat' dir='ltr'>portum.</span> <span class='ocrx_word' id='word_1_774' title='bbox 1397 4753 1708 4808; x_wconf 89' lang='lat' dir='ltr'>Confortati</span> <span class='ocrx_word' id='word_1_775' title='bbox 1741 4759 1881 4811; x_wconf 89' lang='lat' dir='ltr'>sunt</span> <span class='ocrx_word' id='word_1_776' title='bbox 1986 4755 2090 4810; x_wconf 90' lang='lat' dir='ltr'>illa</span> <span class='ocrx_word' id='word_1_777' title='bbox 2117 4752 2344 4808; x_wconf 87' lang='lat' dir='ltr'>celebris</span> <span class='ocrx_word' id='word_1_778' title='bbox 2392 4750 2602 4815; x_wconf 88' lang='lat' dir='ltr'>haberi,</span> <span class='ocrx_word' id='word_1_779' title='bbox 2635 4751 2884 4820; x_wconf 86' lang='lat' dir='ltr'>sequenti</span> <span class='ocrx_word' id='word_1_780' title='bbox 2928 4749 3260 4805; x_wconf 89' lang='lat' dir='ltr'>hcbdomada</span> <span class='ocrx_word' id='word_1_781' title='bbox 3307 4752 3369 4806; x_wconf 88' lang='lat' dir='ltr'>in</span> <span class='ocrx_word' id='word_1_782' title='bbox 3412 4752 3630 4822; x_wconf 86' lang='lat' dir='ltr'>octovis,</span> 
     </span>
    </p>
   </div>
   <div class='ocr_carea' id='block_1_97' title="bbox 227 4836 3632 4914">
    <p class='ocr_par' dir='ltr' id='par_1_97' title="bbox 227 4836 3632 4914">
     <span class='ocr_line' id='line_1_97' title="bbox 227 4836 3632 4914; baseline -0 -18"><span class='ocrx_word' id='word_1_783' title='bbox 227 4842 432 4912; x_wconf 80' lang='lat' dir='ltr'>itaque</span> <span class='ocrx_word' id='word_1_784' title='bbox 462 4837 653 4894; x_wconf 90' lang='lat' dir='ltr'>multi.</span> <span class='ocrx_word' id='word_1_785' title='bbox 685 4837 914 4893; x_wconf 89' lang='lat' dir='ltr'>Etenim</span> <span class='ocrx_word' id='word_1_786' title='bbox 938 4836 1000 4892; x_wconf 91' lang='lat' dir='ltr'>in</span> <span class='ocrx_word' id='word_1_787' title='bbox 1031 4841 1201 4893; x_wconf 90' lang='lat' dir='ltr'>nocte</span> <span class='ocrx_word' id='word_1_788' title='bbox 1232 4839 1522 4910; x_wconf 75' lang='lat' dir='ltr'>praeterita</span> <span class='ocrx_word' id='word_1_789' title='bbox 1551 4843 1722 4914; x_wconf 87' lang='lat' dir='ltr'>pauci</span> <span class='ocrx_word' id='word_1_790' title='bbox 1761 4846 1878 4900; x_wconf 90' lang='lat' dir='ltr'>ste-</span> <span class='ocrx_word' id='word_1_791' title='bbox 1983 4843 2383 4899; x_wconf 87' lang='lat' dir='ltr'>solemnitatem</span> <span class='ocrx_word' id='word_1_792' title='bbox 2409 4838 2790 4905; x_wconf 87' lang='lat' dir='ltr'>celebrabitis;</span> <span class='ocrx_word' id='word_1_793' title='bbox 2819 4845 2872 4894; x_wconf 91' lang='lat' dir='ltr'>et</span> <span class='ocrx_word' id='word_1_794' title='bbox 2913 4839 3155 4908; x_wconf 86' lang='lat' dir='ltr'>singulis</span> <span class='ocrx_word' id='word_1_795' title='bbox 3185 4840 3348 4895; x_wconf 89' lang='lat' dir='ltr'>annis</span> <span class='ocrx_word' id='word_1_796' title='bbox 3383 4839 3632 4911; x_wconf 85' lang='lat' dir='ltr'>deinceps</span> 
     </span>
    </p>
   </div>
   <div class='ocr_carea' id='block_1_98' title="bbox 225 4925 3634 5002">
    <p class='ocr_par' dir='ltr' id='par_1_98' title="bbox 225 4925 3634 5002">
     <span class='ocr_line' id='line_1_98' title="bbox 225 4925 3634 5002; baseline 0 -17"><span class='ocrx_word' id='word_1_797' title='bbox 225 4931 428 4986; x_wconf 83' lang='lat' dir='ltr'>terunt</span> <span class='ocrx_word' id='word_1_798' title='bbox 459 4927 518 4983; x_wconf 90' lang='lat' dir='ltr'>in</span> <span class='ocrx_word' id='word_1_799' title='bbox 549 4927 683 4993; x_wconf 85' lang='lat' dir='ltr'>ﬁde,</span> <span class='ocrx_word' id='word_1_800' title='bbox 717 4925 818 4998; x_wconf 90' lang='lat' dir='ltr'>qui</span> <span class='ocrx_word' id='word_1_801' title='bbox 841 4926 1037 4999; x_wconf 82' lang='lat' dir='ltr'>fugere</span> <span class='ocrx_word' id='word_1_802' title='bbox 1067 4943 1184 4982; x_wconf 89' lang='lat' dir='ltr'>non</span> <span class='ocrx_word' id='word_1_803' title='bbox 1215 4925 1731 4996; x_wconf 89' lang='lat' dir='ltr'>voluissent.Quod</span> <span class='ocrx_word' id='word_1_804' title='bbox 1763 4931 1877 4989; x_wconf 89' lang='lat' dir='ltr'>nisi</span> <span class='ocrx_word' id='word_1_805' title='bbox 1985 4933 2048 4987; x_wconf 88' lang='lat' dir='ltr'>in</span> <span class='ocrx_word' id='word_1_806' title='bbox 2075 4931 2163 4986; x_wconf 88' lang='lat' dir='ltr'>die</span> <span class='ocrx_word' id='word_1_807' title='bbox 2194 4928 2523 4985; x_wconf 70' lang='lat' dir='ltr'>inventionis</span> <span class='ocrx_word' id='word_1_808' title='bbox 2551 4927 2726 4998; x_wconf 87' lang='lat' dir='ltr'>ipsius</span> <span class='ocrx_word' id='word_1_809' title='bbox 2757 4927 3126 4984; x_wconf 49' lang='lat' dir='ltr'>lanceaﬂaee</span> <span class='ocrx_word' id='word_1_810' title='bbox 3154 4945 3363 5002; x_wconf 87' lang='lat' dir='ltr'>quoque</span> <span class='ocrx_word' id='word_1_811' title='bbox 3390 4927 3532 4984; x_wconf 89' lang='lat' dir='ltr'>dices</span> <span class='ocrx_word' id='word_1_812' title='bbox 3561 4929 3634 4985; x_wconf 86' lang='lat' dir='ltr'>ad</span> 
     </span>
    </p>
   </div>
   <div class='ocr_carea' id='block_1_99' title="bbox 227 5013 3634 5091">
    <p class='ocr_par' dir='ltr' id='par_1_99' title="bbox 227 5013 3634 5091">
     <span class='ocr_line' id='line_1_99' title="bbox 227 5013 3634 5091; baseline 0 -17"><span class='ocrx_word' id='word_1_813' title='bbox 227 5018 540 5091; x_wconf 88' lang='lat' dir='ltr'>episcopus</span> <span class='ocrx_word' id='word_1_814' title='bbox 571 5019 627 5071; x_wconf 90' lang='lat' dir='ltr'>et</span> <span class='ocrx_word' id='word_1_815' title='bbox 655 5013 1020 5071; x_wconf 89' lang='lat' dir='ltr'>Boimundus</span> <span class='ocrx_word' id='word_1_816' title='bbox 1058 5018 1258 5086; x_wconf 88' lang='lat' dir='ltr'>portas</span> <span class='ocrx_word' id='word_1_817' title='bbox 1305 5015 1557 5074; x_wconf 89' lang='lat' dir='ltr'>civitatis</span> <span class='ocrx_word' id='word_1_818' title='bbox 1605 5019 1878 5076; x_wconf 89' lang='lat' dir='ltr'>reclusis-</span> <span class='ocrx_word' id='word_1_819' title='bbox 1985 5021 2132 5086; x_wconf 87' lang='lat' dir='ltr'>illos,</span> <span class='ocrx_word' id='word_1_820' title='bbox 2169 5027 2231 5074; x_wconf 89' lang='lat' dir='ltr'>ut</span> <span class='ocrx_word' id='word_1_821' title='bbox 2269 5017 2583 5072; x_wconf 86' lang='lat' dir='ltr'>contineant</span> <span class='ocrx_word' id='word_1_822' title='bbox 2607 5031 2664 5070; x_wconf 88' lang='lat' dir='ltr'>se</span> <span class='ocrx_word' id='word_1_823' title='bbox 2691 5017 2834 5070; x_wconf 87' lang='lat' dir='ltr'>sicut</span> <span class='ocrx_word' id='word_1_824' title='bbox 2862 5016 3106 5087; x_wconf 86' lang='lat' dir='ltr'>Epistola</span> <span class='ocrx_word' id='word_1_825' title='bbox 3132 5016 3282 5072; x_wconf 89' lang='lat' dir='ltr'>docet</span> <span class='ocrx_word' id='word_1_826' title='bbox 3304 5019 3498 5088; x_wconf 81' lang='lat' dir='ltr'>fratris</span> <span class='ocrx_word' id='word_1_827' title='bbox 3522 5019 3634 5074; x_wconf 88' lang='lat' dir='ltr'>mei</span> 
     </span>
    </p>
   </div>
   <div class='ocr_carea' id='block_1_100' title="bbox 229 5101 1876 5180">
    <p class='ocr_par' dir='ltr' id='par_1_100' title="bbox 229 5101 1876 5180">
     <span class='ocr_line' id='line_1_100' title="bbox 229 5101 1876 5180; baseline 0.002 -18"><span class='ocrx_word' id='word_1_828' title='bbox 229 5109 381 5174; x_wconf 83' lang='lat' dir='ltr'>sent,</span> <span class='ocrx_word' id='word_1_829' title='bbox 410 5105 729 5161; x_wconf 88' lang='lat' dir='ltr'>admodum</span> <span class='ocrx_word' id='word_1_830' title='bbox 777 5101 948 5177; x_wconf 88' lang='lat' dir='ltr'>pauci</span> <span class='ocrx_word' id='word_1_831' title='bbox 992 5104 1433 5162; x_wconf 87' lang='lat' dir='ltr'>remansissent.</span> <span class='ocrx_word' id='word_1_832' title='bbox 1468 5107 1640 5180; x_wconf 84' lang='lat' dir='ltr'>Fugit</span> <span class='ocrx_word' id='word_1_833' title='bbox 1679 5112 1876 5165; x_wconf 88' lang='lat' dir='ltr'>tamen</span> 
     </span>
    </p>
   </div>
   <div class='ocr_carea' id='block_1_101' title="bbox 229 5191 1876 5266">
    <p class='ocr_par' dir='ltr' id='par_1_101' title="bbox 229 5191 1876 5266">
     <span class='ocr_line' id='line_1_101' title="bbox 229 5191 1876 5266; baseline 0.002 -16"><span class='ocrx_word' id='word_1_834' title='bbox 229 5193 544 5251; x_wconf 85' lang='lat' dir='ltr'>Wilelmus</span> <span class='ocrx_word' id='word_1_835' title='bbox 572 5194 644 5250; x_wconf 89' lang='lat' dir='ltr'>de</span> <span class='ocrx_word' id='word_1_836' title='bbox 673 5191 1196 5260; x_wconf 84' lang='lat' dir='ltr'>Granduna,simul</span> <span class='ocrx_word' id='word_1_837' title='bbox 1221 5197 1278 5249; x_wconf 91' lang='lat' dir='ltr'>et</span> <span class='ocrx_word' id='word_1_838' title='bbox 1297 5194 1474 5250; x_wconf 84' lang='lat' dir='ltr'>frater</span> <span class='ocrx_word' id='word_1_839' title='bbox 1493 5195 1706 5266; x_wconf 89' lang='lat' dir='ltr'>ejus,et</span> <span class='ocrx_word' id='word_1_840' title='bbox 1725 5197 1876 5253; x_wconf 90' lang='lat' dir='ltr'>mul-</span> 
     </span>
    </p>
   </div>
   <div class='ocr_carea' id='block_1_102' title="bbox 227 5279 1876 5357">
    <p class='ocr_par' dir='ltr' id='par_1_102' title="bbox 227 5279 1876 5357">
     <span class='ocr_line' id='line_1_102' title="bbox 227 5279 1876 5357; baseline 0.002 -16"><span class='ocrx_word' id='word_1_841' title='bbox 227 5286 271 5341; x_wconf 85' lang='lat' dir='ltr'>ti</span> <span class='ocrx_word' id='word_1_842' title='bbox 304 5283 426 5352; x_wconf 86' lang='lat' dir='ltr'>alii,</span> <span class='ocrx_word' id='word_1_843' title='bbox 460 5282 594 5339; x_wconf 86' lang='lat' dir='ltr'>laici</span> <span class='ocrx_word' id='word_1_844' title='bbox 625 5287 681 5338; x_wconf 87' lang='lat' dir='ltr'>et</span> <span class='ocrx_word' id='word_1_845' title='bbox 701 5279 1126 5339; x_wconf 89' lang='lat' dir='ltr'>clerici.Multis</span> <span class='ocrx_word' id='word_1_846' title='bbox 1147 5287 1342 5338; x_wconf 90' lang='lat' dir='ltr'>autem</span> <span class='ocrx_word' id='word_1_847' title='bbox 1373 5284 1614 5357; x_wconf 89' lang='lat' dir='ltr'>contigit</span> <span class='ocrx_word' id='word_1_848' title='bbox 1645 5288 1876 5356; x_wconf 92' lang='lat' dir='ltr'>ut,dum</span> 
     </span>
    </p>
   </div>
   <div class='ocr_carea' id='block_1_103' title="bbox 227 5370 1876 5444">
    <p class='ocr_par' dir='ltr' id='par_1_103' title="bbox 227 5370 1876 5444">
     <span class='ocr_line' id='line_1_103' title="bbox 227 5370 1876 5444; baseline 0.001 -14"><span class='ocrx_word' id='word_1_849' title='bbox 227 5375 301 5430; x_wconf 90' lang='lat' dir='ltr'>de</span> <span class='ocrx_word' id='word_1_850' title='bbox 349 5371 584 5428; x_wconf 88' lang='lat' dir='ltr'>civitate</span> <span class='ocrx_word' id='word_1_851' title='bbox 632 5388 766 5428; x_wconf 91' lang='lat' dir='ltr'>cum</span> <span class='ocrx_word' id='word_1_852' title='bbox 816 5371 1073 5427; x_wconf 87' lang='lat' dir='ltr'>maximo</span> <span class='ocrx_word' id='word_1_853' title='bbox 1123 5370 1380 5442; x_wconf 90' lang='lat' dir='ltr'>periculo</span> <span class='ocrx_word' id='word_1_854' title='bbox 1426 5373 1768 5444; x_wconf 90' lang='lat' dir='ltr'>evasissent,</span> <span class='ocrx_word' id='word_1_855' title='bbox 1815 5376 1876 5432; x_wconf 92' lang='lat' dir='ltr'>in</span> 
     </span>
    </p>
   </div>
   <div class='ocr_carea' id='block_1_104' title="bbox 227 5458 1878 5534">
    <p class='ocr_par' dir='ltr' id='par_1_104' title="bbox 227 5458 1878 5534">
     <span class='ocr_line' id='line_1_104' title="bbox 227 5458 1878 5534; baseline 0.002 -14"><span class='ocrx_word' id='word_1_856' title='bbox 227 5481 444 5521; x_wconf 90' lang='lat' dir='ltr'>manus</span> <span class='ocrx_word' id='word_1_857' title='bbox 463 5462 786 5518; x_wconf 86' lang='lat' dir='ltr'>Turcarum</span> <span class='ocrx_word' id='word_1_858' title='bbox 811 5461 1005 5533; x_wconf 87' lang='lat' dir='ltr'>majus</span> <span class='ocrx_word' id='word_1_859' title='bbox 1027 5458 1350 5534; x_wconf 89' lang='lat' dir='ltr'>periculum</span> <span class='ocrx_word' id='word_1_860' title='bbox 1373 5463 1581 5519; x_wconf 87' lang='lat' dir='ltr'>mortis</span> <span class='ocrx_word' id='word_1_861' title='bbox 1615 5462 1878 5524; x_wconf 88' lang='lat' dir='ltr'>incurre-</span> 
     </span>
    </p>
   </div>
   <div class='ocr_carea' id='block_1_105' title="bbox 225 5547 1876 5632">
    <p class='ocr_par' dir='ltr' id='par_1_105' title="bbox 225 5547 1876 5632">
     <span class='ocr_line' id='line_1_105' title="bbox 225 5547 1876 5632; baseline 0 -18"><span class='ocrx_word' id='word_1_862' title='bbox 225 5553 392 5616; x_wconf 79' lang='lat' dir='ltr'>bant.</span> <span class='ocrx_word' id='word_1_863' title='bbox 423 5551 809 5632; x_wconf 75' lang='lat' dir='ltr'>Contigerant</span> <span class='ocrx_word' id='word_1_864' title='bbox 836 5564 903 5611; x_wconf 86' lang='lat' dir='ltr'>eo</span> <span class='ocrx_word' id='word_1_865' title='bbox 931 5553 1195 5628; x_wconf 80' lang='lat' dir='ltr'>tempore</span> <span class='ocrx_word' id='word_1_866' title='bbox 1223 5547 1391 5607; x_wconf 85' lang='lat' dir='ltr'>nobis</span> <span class='ocrx_word' id='word_1_867' title='bbox 1418 5551 1689 5629; x_wconf 82' lang='lat' dir='ltr'>plurimae</span> <span class='ocrx_word' id='word_1_868' title='bbox 1717 5557 1876 5619; x_wconf 67' lang='lat' dir='ltr'>reve.</span> 
     </span>
    </p>
   </div>
   <div class='ocr_carea' id='block_1_106' title="bbox 1983 5103 3635 5181">
    <p class='ocr_par' dir='ltr' id='par_1_106' title="bbox 1983 5103 3635 5181">
     <span class='ocr_line' id='line_1_106' title="bbox 1983 5103 3635 5181; baseline -0.001 -16"><span class='ocrx_word' id='word_1_869' title='bbox 1983 5112 2154 5175; x_wconf 83' lang='lat' dir='ltr'>Petri,</span> <span class='ocrx_word' id='word_1_870' title='bbox 2187 5121 2310 5181; x_wconf 70' lang='lat' dir='ltr'>qua:</span> <span class='ocrx_word' id='word_1_871' title='bbox 2339 5104 2496 5161; x_wconf 88' lang='lat' dir='ltr'>hodie</span> <span class='ocrx_word' id='word_1_872' title='bbox 2526 5105 2744 5174; x_wconf 86' lang='lat' dir='ltr'>legitur.</span> <span class='ocrx_word' id='word_1_873' title='bbox 2777 5105 2848 5160; x_wconf 89' lang='lat' dir='ltr'>Et</span> <span class='ocrx_word' id='word_1_874' title='bbox 2894 5103 3156 5174; x_wconf 88' lang='lat' dir='ltr'>Epistola</span> <span class='ocrx_word' id='word_1_875' title='bbox 3202 5104 3313 5160; x_wconf 85' lang='lat' dir='ltr'>fuit</span> <span class='ocrx_word' id='word_1_876' title='bbox 3356 5105 3477 5160; x_wconf 80' lang='lat' dir='ltr'>haec</span> <span class='ocrx_word' id='word_1_877' title='bbox 3524 5108 3635 5164; x_wconf 82' lang='lat' dir='ltr'>Hu-</span> 
     </span>
    </p>
   </div>
   <div class='ocr_carea' id='block_1_107' title="bbox 1982 5193 3635 5266">
    <p class='ocr_par' dir='ltr' id='par_1_107' title="bbox 1982 5193 3635 5266">
     <span class='ocr_line' id='line_1_107' title="bbox 1982 5193 3635 5266; baseline -0.002 -13"><span class='ocrx_word' id='word_1_878' title='bbox 1982 5197 2291 5253; x_wconf 88' lang='lat' dir='ltr'>miliamini</span> <span class='ocrx_word' id='word_1_879' title='bbox 2317 5195 2416 5250; x_wconf 87' lang='lat' dir='ltr'>sub</span> <span class='ocrx_word' id='word_1_880' title='bbox 2432 5195 2637 5266; x_wconf 87' lang='lat' dir='ltr'>potenti</span> <span class='ocrx_word' id='word_1_881' title='bbox 2652 5210 2824 5248; x_wconf 87' lang='lat' dir='ltr'>manu</span> <span class='ocrx_word' id='word_1_882' title='bbox 2856 5193 2958 5249; x_wconf 89' lang='lat' dir='ltr'>Dei</span> <span class='ocrx_word' id='word_1_883' title='bbox 2985 5193 3035 5260; x_wconf 91' lang='grc' dir='ltr'>(ι</span> <span class='ocrx_word' id='word_1_884' title='bbox 3060 5193 3173 5248; x_wconf 87' lang='lat' dir='ltr'>Pet.</span> <span class='ocrx_word' id='word_1_885' title='bbox 3204 5210 3259 5261; x_wconf 94' lang='lat' dir='ltr'>v,</span> <span class='ocrx_word' id='word_1_886' title='bbox 3295 5194 3374 5265; x_wconf 87' lang='lat'>6.)</span> <span class='ocrx_word' id='word_1_887' title='bbox 3394 5195 3464 5248; x_wconf 91' lang='lat' dir='ltr'>Et</span> <span class='ocrx_word' id='word_1_888' title='bbox 3494 5211 3635 5266; x_wconf 83' lang='lat' dir='ltr'>quo-</span> 
     </span>
    </p>
   </div>
   <div class='ocr_carea' id='block_1_108' title="bbox 1984 5280 3629 5354">
    <p class='ocr_par' dir='ltr' id='par_1_108' title="bbox 1984 5280 3629 5354">
     <span class='ocr_line' id='line_1_108' title="bbox 1984 5280 3629 5354; baseline 0.001 -14"><span class='ocrx_word' id='word_1_889' title='bbox 1984 5286 2125 5341; x_wconf 90' lang='lat' dir='ltr'>tidie</span> <span class='ocrx_word' id='word_1_890' title='bbox 2154 5283 2348 5340; x_wconf 87' lang='lat' dir='ltr'>clerici</span> <span class='ocrx_word' id='word_1_891' title='bbox 2381 5288 2513 5340; x_wconf 89' lang='lat' dir='ltr'>ante</span> <span class='ocrx_word' id='word_1_892' title='bbox 2561 5281 2826 5339; x_wconf 88' lang='lat' dir='ltr'>lanceam</span> <span class='ocrx_word' id='word_1_893' title='bbox 2856 5283 3096 5338; x_wconf 88' lang='lat' dir='ltr'>cantent</span> <span class='ocrx_word' id='word_1_894' title='bbox 3135 5280 3292 5336; x_wconf 88' lang='lat' dir='ltr'>hunc</span> <span class='ocrx_word' id='word_1_895' title='bbox 3320 5280 3629 5354; x_wconf 78' lang='lat' dir='ltr'>hymnum.</span> 
     </span>
    </p>
   </div>
   <div class='ocr_carea' id='block_1_109' title="bbox 1989 5369 3632 5446">
    <p class='ocr_par' dir='ltr' id='par_1_109' title="bbox 1989 5369 3632 5446">
     <span class='ocr_line' id='line_1_109' title="bbox 1989 5369 3632 5446; baseline -0.001 -17"><span class='ocrx_word' id='word_1_896' title='bbox 1989 5375 2184 5429; x_wconf 87' lang='lat' dir='ltr'>Lustra</span> <span class='ocrx_word' id='word_1_897' title='bbox 2213 5389 2310 5429; x_wconf 78' lang='lat' dir='ltr'>sex</span> <span class='ocrx_word' id='word_1_898' title='bbox 2341 5375 2436 5445; x_wconf 90' lang='lat' dir='ltr'>qui</span> <span class='ocrx_word' id='word_1_899' title='bbox 2447 5375 2568 5446; x_wconf 86' lang='lat' dir='ltr'>jam</span> <span class='ocrx_word' id='word_1_900' title='bbox 2587 5373 2902 5443; x_wconf 83' lang='lat' dir='ltr'>peracta.Et</span> <span class='ocrx_word' id='word_1_901' title='bbox 2934 5387 3071 5426; x_wconf 89' lang='lat' dir='ltr'>cum</span> <span class='ocrx_word' id='word_1_902' title='bbox 3099 5369 3368 5426; x_wconf 84' lang='lat' dir='ltr'>dixerunt</span> <span class='ocrx_word' id='word_1_903' title='bbox 3399 5387 3412 5425; x_wconf 90' lang='lat'><strong>:</strong></span> <span class='ocrx_word' id='word_1_904' title='bbox 3447 5375 3632 5442; x_wconf 76' lang='lat' dir='ltr'>Agnus</span> 
     </span>
    </p>
   </div>
   <div class='ocr_carea' id='block_1_110' title="bbox 1986 5457 3630 5532">
    <p class='ocr_par' dir='ltr' id='par_1_110' title="bbox 1986 5457 3630 5532">
     <span class='ocr_line' id='line_1_110' title="bbox 1986 5457 3630 5532; baseline -0.004 -13"><span class='ocrx_word' id='word_1_905' title='bbox 1986 5466 2046 5520; x_wconf 87' lang='lat' dir='ltr'>in</span> <span class='ocrx_word' id='word_1_906' title='bbox 2073 5464 2250 5518; x_wconf 87' lang='lat' dir='ltr'>crucis</span> <span class='ocrx_word' id='word_1_907' title='bbox 2283 5462 2492 5518; x_wconf 86' lang='lat' dir='ltr'>levatur</span> <span class='ocrx_word' id='word_1_908' title='bbox 2534 5461 2904 5519; x_wconf 90' lang='lat' dir='ltr'>immolandus</span> <span class='ocrx_word' id='word_1_909' title='bbox 2933 5461 3137 5532; x_wconf 84' lang='lat' dir='ltr'>stipite,</span> <span class='ocrx_word' id='word_1_910' title='bbox 3171 5457 3334 5514; x_wconf 88' lang='lat' dir='ltr'>ﬂexis</span> <span class='ocrx_word' id='word_1_911' title='bbox 3363 5459 3630 5532; x_wconf 87' lang='lat' dir='ltr'>genibus,</span> 
     </span>
    </p>
   </div>
   <div class='ocr_carea' id='block_1_111' title="bbox 1986 5547 3633 5646">
    <p class='ocr_par' dir='ltr' id='par_1_111' title="bbox 1986 5547 3633 5646">
     <span class='ocr_line' id='line_1_111' title="bbox 1986 5547 3633 5646; baseline -0.004 -36"><span class='ocrx_word' id='word_1_912' title='bbox 1986 5552 2272 5630; x_wconf 77' lang='lat' dir='ltr'>hymnum</span> <span class='ocrx_word' id='word_1_913' title='bbox 2306 5548 2685 5614; x_wconf 84' lang='lat' dir='ltr'>ﬁniant.Gum</span> <span class='ocrx_word' id='word_1_914' title='bbox 2715 5555 2917 5614; x_wconf 82' lang='lat' dir='ltr'>autem</span> <span class='ocrx_word' id='word_1_915' title='bbox 2939 5549 3013 5608; x_wconf 85' lang='lat' dir='ltr'>ad</span> <span class='ocrx_word' id='word_1_916' title='bbox 3042 5548 3164 5609; x_wconf 74' lang='lat' dir='ltr'>haec</span> <span class='ocrx_word' id='word_1_917' title='bbox 3191 5547 3500 5646; x_wconf 74' lang='lat' dir='ltr'>episcopus</span> <span class='ocrx_word' id='word_1_918' title='bbox 3516 5547 3633 5605; x_wconf 77' lang='lat' dir='ltr'>Au-</span> 
     </span>
    </p>
   </div>
  </div>
