3994 6082
198 302 316 360 617

1206 303 1424 369 RAIM.
1473 304 1573 367 DE
1617 300 1897 364 AGILES
1951 300 2153 361 HIS'l‘.
2204 300 2613 369 HIEHOSOL.

3499 304 3618 374 618

195 450 393 501 suasu,
423 434 576 491 infra
605 433 903 491 civitatem
941 441 1076 490 ante
1121 442 1349 508 portam
1384 435 1598 510 pontis.
1627 434 1666 491 0
1693 450 1858 508 quam
1887 434 1941 505 Α
1972 435 2175 489 cedere
2197 450 2297 490 eos
2316 434 2752 506 compulerunt;
2778 433 3029 503 habebat
3048 434 3202 503 enim
3235 435 3399 499 locus
3419 439 3515 499 ille
3538 442 3618 505 fe-

201 526 359 581 beata
387 539 539 595 gens,
562 526 727 598 cujus
748 531 828 580 est
846 526 1119 579 Dominus
1139 526 1280 581 Deus
1301 527 1454 597 ejus!
1477 526 1651 594 (Psul.
1686 542 1857 608 xxxu’

192 616 409 682 cxuu.)
431 612 473 669 0
493 630 664 687 quam
680 615 868 671 beatus
885 614 1150 685 populus,
1167 631 1323 688 quem
1350 620 1494 671 Deus
1511 615 1856 685 elegita’sal.

1973 541 2115 580 num
2147 523 2397 580 multum
2429 528 2486 578 et
2511 523 2753 580 siccum.
2779 523 3042 596 Egressis
3073 524 3269 597 itaque
3290 528 3615 601 ordinibus,

1970 616 2207 669 stabant
2238 613 2566 669 sacerdotes
2597 613 2771 669 nudis
2792 613 3041 685 pedibus
3060 618 3118 670 et
3141 614 3330 681 induti
3360 619 3622 681 sacerdo-

193 703 462 772 xxxu.)0
486 719 661 776 quam
688 702 1060 761 immutatam
1086 703 1291 761 faciem
1317 704 1495 776 hujus
1512 703 1860 771 exercitus,a
1967 700 2186 757 talibus
2208 700 2573 758 vestimentis
2599 718 2775 774 supra
2799 718 3000 757 muros
3021 702 3292 772 civitatis,
3320 704 3502 761 Deum
3536 707 3621 763 in-

192 790 437 850 tristitia
458 792 517 847 in
540 791 935 849 alacritatem!
958 792 1140 865 Cujus
1161 792 1396 866 quippe,
1418 792 1724 865 praeteritis
1744 792 1859 847 die-

195 881 326 947 bus,
350 881 517 937 ibant
543 896 647 955 per
676 880 901 954 plateas
921 880 1194 953 civitatis,
1218 880 1320 937 Dei
1353 881 1638 939 auxilium
1663 880 1858 953 appel-

193 968 379 1027 lantes
410 971 479 1026 ad
512 969 824 1037 Ecclesiae,
870 969 1186 1043 principes,
1219 975 1277 1027 et
1308 969 1619 1041 nobiles,et
1660 969 1702 1025 ii
1750 969 1853 1043 qui

191 1063 357 1117 erant
378 1058 448 1115 de
466 1057 682 1132 populo
702 1058 879 1119 nudis
896 1058 1146 1132 pedibus
1167 1059 1580 1133 lacrymantcs,
1594 1063 1653 1115 et
1666 1065 1857 1131 pecto-

190 1164 255 1203 ra
272 1164 383 1204 sua
407 1148 819 1222 percutientes,
844 1148 995 1207 adeo
1012 1149 1216 1205 tristes
1244 1154 1311 1205 ut
1338 1154 1507 1222 pater
1537 1149 1725 1205 ﬁlium
1746 1149 1849 1205 ob-

188 1236 345 1293 vium
369 1254 486 1294 non
511 1236 876 1309 resalutaret,
894 1254 1084 1311 neque
1107 1238 1443 1311 respiceret,
1464 1255 1653 1311 neque
1673 1238 1854 1299 frater

188 1328 447 1383 fratrem.
470 1326 635 1384 Medo
657 1344 791 1384 vero
813 1343 1082 1386 cerneres
1107 1344 1207 1385 eos
1229 1326 1453 1389 alacres
1471 1344 1655 1400 equos
1674 1328 1852 1384 emit-

186 1419 325 1483 tere,
345 1420 616 1472 excutere
645 1433 811 1475 arma
831 1420 891 1473 et
908 1415 1139 1473 vibrare
1164 1416 1387 1482 hastas,
1410 1433 1517 1473 nec
1540 1433 1710 1489 posse
1730 1416 1850 1489 pati

186 1503 625 1577 quietem,quin
653 1505 814 1561 dictu
833 1504 920 1561 vel
955 1522 1147 1578 opere.
1169 1504 1393 1577 aliquid
1407 1505 1737 1576 jocundum
1760 1505 1849 1562 fa-

186 1597 384 1651 cerent
404 1593 495 1651 vel
511 1593 793 1652 dicerent.
808 1594 921 1651 Sed
938 1610 1045 1651 cur
1069 1595 1337 1667 pluribus
1360 1593 1591 1653 morer?
1610 1594 1851 1651 Conces-

183 1700 252 1739 sa
268 1687 360 1738 est
377 1682 498 1739 illis
513 1682 849 1756 egrediendi
885 1687 1167 1755 potestas,
1183 1687 1241 1739 et
1260 1700 1389 1756 quae
1415 1701 1450 1738 υ.
1482 1682 1848 1757 principibus

1966 795 2238 845 vocantes
2260 794 2322 845 ut
2344 788 2625 862 populum
2654 806 2828 845 suum
2855 790 3209 858 defenderet,
3235 798 3409 867 atque
3439 800 3616 853 testa-
3702 824 3713 837 -

1966 883 2231 934 mentum
2253 879 2408 953 quod
2427 879 2711 952 sanguine
2729 896 2836 935 sue
2852 879 3117 948 sancivit,
3138 880 3195 936 in
3217 881 3325 939 hoc
3341 882 3495 939 bello
3515 901 3618 957 per

1964 966 2268 1023 victoriam
2301 970 2679 1034 Francorum,
2703 968 3130 1031 testiﬁcaretur.
3160 970 3221 1025 In
3268 970 3375 1037 hoc
3413 978 3613 1040 autem

1964 1056 2153 1127 spatio
2176 1058 2327 1129 quod
2351 1057 2746 1130 processimus
2763 1074 2796 1112 a
2812 1062 2988 1129 ponte
3008 1075 3196 1132 usque
3217 1060 3292 1117 ad
3309 1066 3611 1130 montana,

1959 1145 2212 1201 maxime
2242 1145 2636 1203 laboravimus
2667 1153 2902 1219 propter
2931 1147 3039 1205 hoc
3077 1149 3231 1220 quod
3268 1149 3379 1221 ipsi
3412 1150 3610 1217 hostes
3672 1160 3675 1163 ’

1960 1250 2069 1290 nos
2087 1234 2361 1291 volebant
2380 1235 2698 1308 accingere.
2721 1236 2876 1292 lnter
2894 1236 3035 1306 haec,
3059 1237 3194 1295 licet
3222 1240 3474 1311 majores
3504 1241 3607 1307 ho-

1961 1321 2142 1385 stium
2175 1323 2430 1393 ordines,
2456 1324 2627 1381 nobis
2653 1325 2750 1397 qui
2782 1324 2841 1381 in
2872 1329 3067 1382 turma
3094 1326 3352 1401 episcopi
3373 1345 3609 1395 eramus

1959 1410 2387 1481 incumberent,
2410 1417 2605 1471 tamen
2640 1430 2742 1487 per
2770 1415 3451 1487 praesidiumIDominieaa
3482 1417 3607 1485 lau-

1959 1517 2093 1568 oeaa,
2120 1519 2245 1574 quae
2290 1503 2370 1558 ibi
2420 1507 2565 1571 erat,
2598 1502 2827 1559 nullum
2874 1503 2957 1559 ibi
3000 1504 3469 1576 vulneraverunt,
3503 1509 3604 1572 sed

1958 1607 2148 1664 neque
2187 1592 2463 1665 sagittam
2512 1592 2683 1647 nobis
2735 1592 3114 1653 interserunt.
3147 1593 3277 1650 Vidi
3328 1613 3434 1669 ego
3484 1597 3608 1661 hac

1959 1696 2085 1752 qua:
2116 1680 2342 1753 loquor,
2371 1686 2427 1736 et
2474 1681 2839 1738 Dominicam
2900 1682 3161 1740 lanceam
3202 1684 3281 1749 ibi
3325 1686 3601 1749 ferebam.

172 1772 455 1831 consulta
479 1772 739 1840 fuerant,
757 1771 964 1829 ordine
989 1772 1380 1849 complentur,
1407 1772 1564 1830 Inter
1586 1773 1708 1830 haec
1729 1774 1847 1833 dux
1882 1807 1925 1881 Β
1958 1769 2120 1835 Quod
2152 1769 2201 1827 si
2236 1770 2369 1843 quis
2412 1770 2740 1827 Heraclium
2772 1770 3191 1840 vicecomitem,
3219 1772 3601 1839 vexilliferum

181 1863 500 1881 rn____-~-____
534 1861 814 1881 n__l___-_
866 1859 1009 1881 ξᾼο--
1040 1861 1351 1881 1_m1__,2_4_-
1387 1878 1548 1881 -uu..-
1584 1860 1839 1881 _-L___'s
1958 1857 2209 1881 -_2_--_!
2257 1859 2309 1881 .‘__
2348 1858 2454 1881 ι.--
2484 1858 2627 1881 ι.-11Α
2664 1859 3026 1881 -___I___m_1___.-
3069 1860 3237 1881 n_!_-_
3276 1862 3349 1881 jP,
3402 1866 3414 1881 ι
3525 1865 3536 1881 ο
3584 1870 3596 1881 ι

181 1863 509 1921 Tur-corum
532 1861 840 1929 Cerberus,
865 1859 1022 1918 infra
1039 1861 1358 1921 tentorium
1382 1878 1556 1919 suum
1577 1860 1844 1919 schaecis
1882 1857 1925 1881 ν
1955 1857 2234 1933 episcopi,
2257 1859 2316 1915 in
2348 1858 2457 1917 hoc
2484 1858 2634 1916 bello
2664 1859 3034 1921 vulneratum
3066 1860 3245 1927 fuisse
3266 1862 3606 1934 dieat,seiat

172 1951 443 2019 uidebat,
462 1954 520 2006 et
548 1955 787 2024 accepto
819 1948 1029 2007 nuntio
1051 1950 1208 2022 quod
1238 1949 1443 2008 Franci
1476 1950 1549 2007 ad
1580 1967 1841 2025 pugnam

171 2039 684 2112 progrederentur,
715 2039 988 2096 turbatus
1012 2037 1230 2108 animo,
1248 2040 1402 2113 quod
1427 2045 1638 2115 praeter
1674 2057 1840 2115 spem

168 2127 292 2185 haec
310 2128 612 2195 audiebat,
631 2127 946 2204 appellavit
965 2129 1281 2201 quemdam
1303 2130 1559 2186 Turcum
1573 2174 1588 2199 ,
1602 2130 1840 2191 nomine

167 2216 474 2277 Niredalin
493 2217 593 2289 qui
612 2218 685 2274 do
700 2217 1009 2291 Antiochia
1031 2218 1365 2292 aufugerat,
1384 2217 1640 2275 nobilem
1664 2223 1722 2275 et
1742 2237 1840 2276 eo-

177 2306 269 2362 bis
293 2310 501 2363 notum
534 2323 640 2381 per
668 2306 941 2363 militiam
973 2324 1168 2375 suam,
1193 2312 1250 2364 et
1279 2306 1424 2364 dixit
1452 2308 1503 2365 ei
1536 2325 1551 2365 :
1589 2309 1732 2379 Quid
1761 2319 1841 2369 est

164 2393 304 2451 hoc!
325 2395 517 2452 Nonne
548 2403 606 2451 tu
643 2397 786 2451 mihi
835 2395 1031 2455 dixisti
1057 2398 1189 2469 quia
1223 2399 1429 2456 Franci
1467 2405 1624 2454 erant
1646 2400 1833 2470 pauci,

167 2492 222 2542 et
248 2502 543 2558 nunquam
580 2501 795 2542 mecum
826 2486 1177 2558 pugnarent?
1206 2487 1276 2542 Et
1315 2485 1612 2558 respondit
1642 2486 1690 2541 ci
1727 2487 1834 2541 Mi-

169 2573 395 2630 redalin
433 2591 448 2630 :
480 2579 597 2632 Non
645 2573 770 2630 dixi
798 2574 939 2646 quod
968 2592 1078 2631 non
1120 2584 1453 2647 pugnarent,
1486 2575 1579 2631 sed
1607 2578 1753 2647 veni,
1783 2584 1840 2632 (rt

173 2662 365 2719 videbo
393 2679 501 2729 eos,
527 2671 579 2721 et
605 2663 787 2719 dicam
804 2663 907 2720 tibi
933 2666 986 2719 si
1011 2666 1213 2735 poteris
1241 2680 1329 2721 eos
1355 2665 1524 2735 facile
1551 2680 1828 2737 superare.

125 2806 138 2815 ,
164 2751 357 2808 Etiam
378 2752 591 2808 tertius
611 2752 751 2809 ordo
776 2752 1281 2825 progrediebatur:
1307 2758 1566 2826 Cumque
1586 2754 1829 2809 vidisset

169 2842 454 2899 ordinum
503 2841 1269 2914 dispositiones,Miredalin
1303 2842 1446 2899 dixit
1492 2842 1563 2897 ad
1615 2842 1827 2899 Corbu-

167 2946 292 2985 ram
330 2947 346 2985 :
380 2929 568 2987 Occidi
594 2930 812 3002 quidem
857 2937 1082 3002 possunt
1128 2930 1240 2998 isti,
1262 2930 1354 2985 sed
1384 2932 1520 2986 verti
1548 2932 1608 2985 in
1635 2937 1829 3003 Iugum

164 3027 463 3092 nequeunt.
493 3019 565 3075 Et
608 3024 748 3076 tunc
779 3018 1064 3076 Corbaras
1111 3017 1195 3074 illi
1231 3035 1243 3075 :
1279 3019 1431 3074 Nulli
1460 3036 1649 3075 eorum
1693 3036 1826 3095 pro-

161 3109 300 3178 pelli
325 3108 681 3181 aliquatenus
714 3107 983 3182 possunt?
1022 3108 1093 3163 Et
1140 3106 1443 3179 respondit
1473 3106 1776 3164 Miredalin
1808 3124 1822 3164 :

1953 1947 2107 2023 quod
2140 1952 2196 2005 et
2225 1948 2498 2007 vexillum
2531 1966 2707 2006 suum
2747 1949 2847 2006 alii
2883 1950 3223 2021 tradiderat,
3248 1955 3308 2011 et
3336 1952 3602 2015 ordinem

1953 2040 2223 2099 nostrum
2254 2036 2426 2111 longe
2458 2037 2791 2111 reliquerat.
2806 2038 2879 2096 Ut
2906 2056 3038 2097 vero
3058 2056 3263 2105 omnes
3284 2041 3393 2104 viri
3419 2042 3601 2105 bella-

1950 2129 2108 2181 tores
2128 2126 2200 2191 de
2222 2126 2453 2182 civitate
2484 2127 2702 2200 egressi
2731 2132 2890 2196 sunt,
2913 2134 3313 2203 apparuerunt
3341 2131 3601 2205 quinque

1950 2214 2075 2272 alim
2108 2216 2261 2272 acies
2309 2215 2457 2272 iater
2494 2234 2620 2273 nos.
2655 2217 2903 2286 Etenim,
2929 2222 2994 2274 ut
3041 2220 3168 2291 jam
3217 2220 3440 2279 dictum
3488 2227 3598 2291 est,

1948 2308 2076 2359 octo
2105 2304 2261 2361 acies
2292 2305 2474 2360 nostri
2500 2305 2792 2378 principes
2816 2311 3044 2365 tantum
3068 2308 3513 2379 constituerant,
3543 2315 3602 2371 et

1947 2393 2222 2448 tredecim
2247 2392 2482 2449 ordines
2506 2398 2666 2450 extra
2688 2395 2975 2452 civitatem
3000 2398 3253 2455 fuerunt.
3274 2398 3390 2457 Hoc
3411 2417 3597 2467 unum

1943 2479 2112 2536 valde
2143 2482 2522 2539 memorabile
2564 2500 2678 2539 non
2720 2492 3133 2556 praetereamus
3165 2503 3178 2543 :
3215 2487 3278 2543 In
3307 2487 3596 2562 principio
3656 2524 3665 2533 ν

1941 2571 2297 2642 egressionis
2349 2576 2559 2627 nostra:
2604 2573 2673 2628 ad
2726 2575 3281 2646 pugnam,imbrem
3332 2576 3594 2638 divinum

1942 2676 2119 2732 super
2149 2676 2380 2716 omnem
2416 2661 2733 2718 exercitum
2767 2681 2938 2720 suum
2965 2664 3124 2722 misit
3144 2667 3445 2735 Dominus,
3469 2683 3597 2740 par-

1940 2750 2225 2813 vum,sed
2272 2755 2388 2804 tam
2425 2756 2660 2823 gratum
2721 2770 2835 2825 quo
2885 2754 2984 2826 qui
3045 2759 3235 2812 tactus
3292 2761 3400 2825 est,
3433 2758 3594 2816 omni

1934 2838 2128 2909 gratia
2158 2837 2417 2911 repletus
2449 2845 2538 2894 est
2569 2839 2928 2909 fortitudine,
2954 2847 3011 2898 et
3043 2842 3237 2901 hostes
3262 2851 3595 2905 contemne-

1937 2925 2056 2992 bat,
2086 2931 2143 2982 et
2173 2927 2339 3000 quasi
2376 2928 2432 2984 in
2465 2928 2705 3003 deliciis
2724 2931 2900 3003 regiis
2924 2948 3155 3005 semper
3182 2934 3474 2991 enutritus
3503 2953 3593 2993 ex-

1936 3012 2206 3070 siliebat:
2242 3016 2365 3072 Non
2416 3018 2612 3073 minus
2643 3018 2751 3074 hoc
2783 3020 2936 3075 idem
2969 3021 3254 3091 mirabile,
3282 3023 3449 3096 cquis
3480 3041 3588 3080 no.-

1935 3102 2075 3159 stris
2097 3104 2271 3160 etiam
2295 3107 2670 3180 contigit.Cui
2689 3108 2845 3164 enim
2866 3109 3070 3167 defecit
3087 3127 3274 3182 equus
3291 3129 3458 3184 suus,
3474 3113 3588 3173 nisi

161 3195 277 3251 Non
305 3180 577 3269 quantum
600 3180 797 3272 planta
824 3196 977 3268 pedis
997 3196 1159 3252 habet
1187 3196 1390 3263 cedent,
1408 3198 1463 3252 si
1481 3212 1637 3253 omne
1657 3212 1827 3269 genus
1857 3180 1900 3246 C
1937 3197 2173 3265 peracta
2203 3210 2400 3267 pugna
2430 3196 2662 3253 etiamsi
2697 3214 2813 3253 non
2845 3180 3166 3271 gustaverit
3196 3199 3418 3273 aliquid
3444 3180 3590 3275 prmi-

154 3302 502 3359 paganorum
555 3288 636 3344 eis
668 3288 935 3343 incurrat.
970 3287 1135 3342 Tunc
1189 3283 1307 3352 ille,
1340 3284 1477 3341 licet
1526 3286 1819 3355 turbatus,

156 3375 399 3433 ordines
440 3374 662 3432 multos
709 3380 769 3431 et
809 3374 1188 3449 multiplices,
1218 3372 1462 3430 instruit
1508 3374 1820 3430 adversum

159 3482 286 3522 nos.
316 3465 388 3520 Et
417 3480 555 3521 cum
583 3464 774 3538 primo
804 3462 1136 3538 potuissent
1174 3461 1396 3519 exitum
1422 3462 1592 3519 nobis
1621 3462 1822 3536 prohi-

160 3554 315 3621 bere,
337 3554 580 3627 paciﬁca
599 3554 755 3611 exire
772 3554 1214 3627 permittebant.
1235 3552 1426 3609 Nostri
1448 3556 1642 3608 tamen
1666 3552 1821 3610 acies

157 3660 298 3701 suas
328 3660 537 3700 versus
589 3646 870 3700 montana
898 3641 1248 3716 dirigebant,
1279 3646 1549 3698 caventes
1595 3658 1667 3697 ne
1715 3658 1822 3699 nos

157 3730 529 3806 incingerent
559 3748 594 3787 a
622 3735 803 3805 tergo.
839 3732 1018 3789 Erant
1046 3734 1246 3787 autem
1280 3735 1560 3787 montana
1589 3728 1759 3803 longe
1790 3748 1824 3792 a

158 3828 356 3894 ponte,
376 3819 546 3894 quasi
568 3821 799 3877 duobus
822 3819 1054 3892 magnis
1079 3817 1447 3875 milliaribus.
1474 3819 1822 3876 Procedeba-

159 3926 291 3966 mus
323 3909 410 3965 ita
428 3909 694 3982 spatiosi,
719 3908 875 3969 sicut
896 3909 954 3965 in
980 3907 1455 3982 processionibus
1476 3906 1668 3962 clerici
1692 3924 1821 3980 per-

159 4014 295 4071 gere
326 3997 548 4067 solent;
579 4002 637 4055 et
667 4014 868 4055 revera
898 3997 1070 4054 nobis
1098 3996 1393 4071 processio
1423 3998 1567 4052 erat.
1590 3994 1822 4052 Etenim

158 4087 496 4144 sacerdotes
514 4091 573 4144 et
593 4085 763 4144 multi
782 4084 1079 4155 monachi,
1101 4084 1468 4159 indutialhis
1486 4083 1673 4153 stolis,
1690 4088 1825 4141 ante

154 4176 314 4234 acies
367 4175 623 4233 militum
671 4180 1029 4245 nostrorum,
1068 4176 1416 4249 pergebant,
1442 4174 1540 4231 Dei
1588 4174 1822 4246 adjuto-

152 4265 310 4322 rium
333 4269 400 4323 et
421 4268 762 4323 sanctorum
793 4264 1118 4338 patrocinia
1142 4264 1463 4320 invocando
1495 4267 1820 4323 cantantes.

147 4357 221 4411 At
251 4358 465 4411 contra
494 4353 694 4411 hostes
723 4353 896 4413 nobis
928 4354 1223 4417 incurrere
1255 4352 1527 4408 volebant
1556 4355 1614 4407 et
1643 4350 1820 4425 sagit-

148 4445 389 4503 tabant.
412 4443 712 4501 Mandavit
752 4442 935 4501 etiam
979 4442 1264 4500 Cerberus
1299 4442 1371 4497 ad
1404 4439 1698 4513 principes
1729 4457 1827 4497 no-

148 4540 310 4592 stros
334 4550 350 4588 :
388 4532 637 4590 Paratus
662 4536 794 4588 erat
824 4532 1014 4589 facere
1043 4531 1218 4589 modo
1240 4530 1398 4602 quod
1428 4545 1616 4603 nuper
1644 4528 1822 4585 abne-
1854 4549 1902 4619 Ι)

157 4624 345 4697 gavit,
373 4627 439 4678 ut
463 4624 706 4696 quinque
730 4623 816 4678 vel
836 4622 1018 4678 decem
1042 4622 1203 4678 Turci
1224 4626 1540 4693 pugnarent
1556 4635 1680 4675 cum
1709 4620 1827 4674 toli-

146 4712 277 4769 dcm
314 4713 564 4777 Francis,
596 4720 648 4768 et
677 4727 911 4784 quorum
938 4711 1143 4767 milites
1191 4711 1564 4777 vincerentur,
1595 4708 1823 4780 paciﬁca

150 4804 288 4858 aliis
339 4800 613 4858 cederent.
647 4800 1097 4873 Responderunt
1142 4800 1215 4855 ad
1268 4798 1390 4854 haec
1440 4797 1624 4854 nostri
1662 4812 1675 4851 :
1708 4799 1825 4853 No-

153 4891 368 4958 luistis,
392 4906 521 4946 cum
564 4890 662 4946 hoc
689 4889 984 4958 voluimus,
1014 4904 1166 4945 nunc
1212 4896 1395 4944 autem
1422 4887 1556 4960 quia
1600 4886 1824 4959 paravi-

152 4982 339 5037 vimus
365 4995 470 5036 nos
496 4978 567 5034 ad
591 4995 857 5051 pug-nam,
888 4978 1157 5035 decertent
1183 4977 1396 5049 singuli
1421 4992 1522 5048 pro
1552 4992 1649 5031 suo
1672 4975 1823 5048 jure,

154 5071 450 5141 Cumque,
475 5072 543 5124 ut
574 5066 853 5135 diximus,
876 5065 1179 5141 planitiem
1213 5069 1397 5122 totum
1428 5063 1827 5135 occupavisse-

156 5175 319 5226 mus,
344 5157 616 5230 quaedam
646 5172 785 5230 pars
814 5157 1139 5213 Turcorum
1182 5159 1314 5228 post
1360 5170 1468 5209 nos
1518 5152 1818 5221 remansit,

156 5252 341 5320 atque
372 5245 677 5319 peditibus
721 5244 939 5301 nostris
982 5243 1263 5312 incurrit;
1298 5242 1522 5315 pedites
1549 5257 1681 5297 vero
1712 5239 1818 5308 illi,

154 5336 310 5393 facto
334 5352 503 5411 gyro,
527 5334 813 5408 impetum
837 5332 1099 5393 hostium
1122 5330 1366 5388 viriliter
1390 5329 1819 5386 sustinuerunt.

154 5426 427 5498 Cumque
457 5425 634 5481 Turci
666 5421 829 5482 nullo
864 5422 1037 5479 modo
1069 5439 1170 5478 eos
1210 5419 1528 5494 propellere
1559 5422 1817 5490 possent,

152 5513 355 5587 ignem
406 5512 567 5569 circa
596 5528 696 5567 eos
744 5510 1163 5577 accenderunt,
1187 5513 1250 5565 ut
1280 5509 1379 5582 qui
1426 5505 1655 5581 gladios
1703 5521 1818 5562 non

152 5602 578 5673 formidabant,
613 5598 821 5660 saltem
849 5600 928 5660 ab
968 5599 1103 5679 igne
1133 5596 1584 5678 cerriperentur.
1620 5594 1820 5674 Itaque

486 5730 757 5797 Ριτκοι..
802 5727 974 5793 CLV.

1933 3284 2022 3336 ter
2040 3284 2285 3338 cortices
2306 3287 2362 3338 et
2382 3282 2515 3339 folia
2537 3285 2811 3342 arborum
2836 3304 2939 3360 per
2957 3293 3179 3360 septem
3202 3289 3365 3347 dies?
3394 3290 3588 3348 Multi,

1930 3367 2167 3441 plicavit
2196 3370 2438 3444 insuper
2466 3373 2610 3430 adeo
2641 3374 2928 3431 Dominus
2958 3377 3277 3436 exercitum
3312 3384 3584 3437 nostrum

1931 3460 1996 3513 ut
2016 3458 2115 3530 qui
2139 3463 2273 3515 ante
2296 3476 2555 3533 pugnam
2580 3464 2884 3535 pauciores
2905 3482 3142 3524 eramus
3162 3485 3342 3541 quam
3365 3468 3584 3543 hostes,

1929 3543 1988 3601 in
2012 3544 2163 3603 bello
2187 3546 2385 3619 plures
2408 3549 2490 3607 eis
2516 3551 2753 3608 fuimus.
2778 3554 2999 3626 Itaque,
3025 3557 3239 3614 nostris
3261 3558 3585 3632 progressis

1931 3638 1989 3690 et
2018 3634 2343 3708 dispositis,
2370 3655 2484 3694 non
2516 3639 2684 3696 licuit
2709 3641 2877 3698 nobis
2907 3645 3270 3702 committere
3300 3664 3584 3721 pugnam,

1932 3723 2211 3797 quoniam
2242 3724 2357 3799 ipsi
2388 3726 2537 3789 versi
2580 3734 2718 3785 sunt
2764 3729 2824 3786 in
2878 3732 3098 3805 fugam.
3123 3733 3418 3792 Persecuti
3447 3740 3589 3794 sunt

1932 3827 2030 3867 eos
2063 3813 2269 3881 nostri,
2296 3833 2485 3888 usque
2517 3819 2587 3873 ad
2621 3836 2892 3877 occasum
2925 3821 3087 3879 solis.
3115 3823 3477 3896 Operabatur
3503 3825 3587 3882 ibi

1932 3899 2281 3959 mirabiliter
2302 3904 2586 3963 Dominus
2613 3912 2734 3965 tam
2766 3908 2826 3964 in
2857 3910 2998 3968 viris
3020 3928 3198 3985 quam
3222 3913 3280 3969 in
3302 3914 3470 3987 equis
3490 3932 3590 3972 ne-

1932 3989 2103 4060 stris;
2137 3992 2353 4067 quippe
2394 3994 2523 4063 viri,
2549 3997 2792 4054 avaritia
2824 4015 2858 4055 a
2887 3999 3039 4057 bello
3070 4018 3187 4059 non
3237 4003 3587 4060 revocabant

1931 4082 2046 4146 tur,
2063 4084 2118 4136 et
2142 4080 2223 4135 illi
2248 4083 2381 4157 equi
2407 4084 2680 4156 famelici,
2696 4103 2846 4158 quos
2869 4089 2963 4145 vix
2985 4090 3208 4147 domini
3230 4091 3343 4162 sui,
3364 4091 3424 4148 in
3449 4110 3588 4165 pra:-

1932 4168 2077 4225 lium
2123 4172 2412 4242 pascendo
2444 4173 2825 4243 deduxerant,
2856 4177 3155 4237 levissime
3206 4198 3388 4254 equos
3437 4183 3587 4240 Tur,

1932 4275 2157 4324 earum,
2190 4259 2439 4333 pingues
2465 4267 2522 4318 et
2551 4266 3045 4337 currentissimos,
3069 4271 3240 4327 modo
3273 4288 3588 4346 conseque.

1932 4348 2171 4403 bantur.
2196 4348 2311 4404 Nec
2341 4349 2451 4406 hoc
2482 4351 2673 4409 solum
2708 4356 2992 4426 gaudium
3021 4358 3207 4416 voluit
3233 4377 3341 4417 nos
3370 4361 3586 4420 habere

1933 4435 2238 4494 Dominus.
2272 4439 2501 4496 Etenim
2534 4442 2734 4498 Turcis
2766 4444 2865 4516 qui
2906 4447 3213 4505 castellum
3252 4451 3324 4506 de
3353 4449 3585 4508 civitate

1934 4526 2288 4595 munierant,
2303 4527 2566 4586 videntes
2589 4548 2828 4588 suorum
2858 4535 3209 4609 praecipitem
3234 4539 3454 4613 fugam,
3479 4540 3583 4596 de-

1936 4621 2261 4687 sperantes,
2285 4616 2383 4673 alii
2417 4623 2646 4676 tentum
2677 4622 2829 4693 pacti
2861 4623 3040 4681 vitam
3068 4643 3130 4682 se
3149 4627 3367 4684 nostris
3398 4629 3585 4684 reddi-

1933 4704 2168 4771 derunt,
2186 4704 2284 4761 alii
2309 4708 2636 4781 praecipites
2662 4710 2955 4783 fugerunt.
2980 4715 3050 4770 Et
3069 4713 3202 4772 licet
3225 4716 3444 4773 bellum
3470 4717 3583 4776 hoc

1933 4797 2055 4850 tam
2077 4799 2242 4851 atrox
2263 4798 2731 4869 atquejtimidum
2753 4806 2926 4870 esset,
2954 4807 3149 4861 tamen
3171 4806 3341 4878 pauci
3364 4807 3581 4866 milites

1935 4882 2006 4938 de
2040 4882 2307 4941 hostibus
2339 4885 2417 4940 ibi
2450 4886 2805 4957 ceciderunt,
2829 4891 2930 4947 sed
2960 4893 3031 4948 de
3059 4893 3353 4965 peditibus
3377 4914 3581 4955 eorum

1935 4970 2029 5027 vix
2076 4970 2291 5044 aliquis
2349 4975 2549 5031 evasit.
2582 4976 2793 5034 Omnia
2838 4983 3035 5037 autem
3082 4984 3335 5041 tentoria
3379 5003 3580 5045 eorum

1936 5063 2106 5133 capta
2136 5064 2293 5129 sunt,
2319 5066 2377 5118 et
2407 5063 2532 5119 auri
2554 5069 2613 5121 et
2632 5068 2855 5139 argenti
2878 5069 3153 5140 multum,
3178 5076 3235 5129 et
3258 5073 3580 5148 spoliorum

1932 5148 2286 5222 plurimum;
2311 5168 2553 5208 annonae
2575 5171 2705 5211 vero
2725 5160 2782 5212 et
2808 5174 3083 5230 pecorum
3107 5178 3172 5218 ac
3198 5163 3577 5236 camelorum,

1931 5237 2057 5293 sine
2088 5255 2367 5296 mensura
2396 5246 2452 5297 et
2483 5258 2746 5300 numero.
2776 5245 3252 5324 Renovatumque
3293 5257 3383 5312 est
3410 5255 3581 5314 nobis

1931 5326 2077 5383 illud
2111 5328 2410 5398 Samariae,
2448 5331 2517 5387 de
2566 5348 2842 5391 mensura
2888 5337 3241 5413 similaginis
3270 5346 3327 5398 et
3353 5343 3576 5415 hordei,

1932 5431 2057 5488 quae
2098 5434 2201 5489 pro
2253 5423 2468 5477 statere
2497 5422 2949 5495 accipiebantur.
2978 5427 3151 5484 Facta
3197 5435 3337 5486 sunt
3381 5438 3577 5491 autem

1929 5504 2050 5561 haec
2081 5505 2142 5562 in
2166 5506 2364 5581 vigilia
2385 5510 2779 5583 apostolorum
2807 5514 2954 5571 Petri
2975 5520 3032 5573 et
3052 5516 3234 5586 Pauli,
3260 5520 3474 5593 quibus
3493 5521 3579 5578 in-

1930 5595 2350 5660 tercessoribus
2377 5599 2551 5663 Jesus
2578 5600 2844 5664 Christus
2872 5603 3159 5666 Dominus
3189 5614 3404 5684 noster,
3436 5627 3578 5671 cen-

3175 5736 3257 5802 20
