3996 6096
421 331 542 394 619

934 333 1037 394 AD
1081 332 1592 397 GODEFRIDUM
1636 328 1970 396 APPEND.
2018 331 2096 394 ll.
2128 367 2207 377 --
2236 330 2546 397 MONUM.
2594 332 2693 395 DE
2738 328 2984 396 BELLO
3027 333 3300 395 SACRO.

3704 330 3829 394 620

420 467 559 525 tulit
578 466 728 523 hanc
748 466 1047 524 victoriam
1069 467 1383 541 peregrinae
1400 467 1668 524 Ecclesia:
1693 469 2068 533 Francorum,
2094 469 2149 534 Α
2176 467 2470 539 pusculum
2497 484 2678 523 meum
2716 468 2931 539 pulveri
2957 466 3217 523 traditum
3262 473 3357 523 est.
3394 465 3643 523 Reddidit
3683 468 3833 524 mihi

422 558 523 631 qui
548 558 685 613 vivit
712 564 764 612 et
790 565 975 612 manet
994 574 1117 613 cum
1140 559 1313 613 servis
1341 560 1479 621 suis,
1499 560 1772 630 propitius
1803 559 1942 613 Deus
1970 574 2072 630 per

384 670 392 677 ·
423 646 612 703 omnia
637 646 844 704 saecula
869 646 1219 715 saeculorum,
1251 647 1456 701 Amen.

1016 788 1251 845 CAPUT
1290 788 1481 845 XVIII.

500 914 738 970 Factum
764 917 854 971 est
875 917 1069 970 autem
1100 916 1233 987 post
1250 913 1744 987 victoriam,quod
1778 914 2071 988 principes

425 1002 634 1071 nostri,
666 1002 1051 1070 Boimundus,
1084 1006 1142 1060 et
1183 1020 1397 1071 comes,
1426 1008 1483 1060 et
1511 1004 1628 1060 dux
1657 1008 1712 1061 et
1755 1004 2071 1061 Flandren-

422 1091 509 1149 sis
539 1107 755 1161 comes,
791 1092 1182 1148 communiter
1237 1095 1495 1148 castrum
1544 1091 1794 1150 civitatis
1852 1111 2075 1166 recepe-

398 1185 583 1252 runt,
611 1181 713 1237 sed
745 1180 1108 1237 Boimundus
1153 1181 1391 1238 altiores
1418 1187 1611 1239 turres
1643 1184 1920 1256 suscepit,
1943 1186 2071 1256 jam

400 1272 564 1326 tunc
594 1268 928 1343 concipiens
976 1270 1257 1339 dolorem,
1281 1270 1383 1345 qui
1412 1271 1652 1344 protulit
1680 1271 2070 1345 iniquitatem.

422 1357 650 1414 Etenim
668 1362 1095 1431 consequenter
1112 1358 1381 1416 homines
1398 1360 1585 1427 ducis,
1599 1366 1655 1416 et
1674 1360 1851 1417 Fland
1862 1361 2070 1431 rensis,

423 1450 482 1503 et
509 1446 741 1503 comitis
770 1447 969 1504 Sancti
1000 1447 1230 1521 lEgidii,
1251 1448 1532 1505 violenter
1552 1450 1623 1506 de
1644 1450 1879 1508 castello
1901 1469 2075 1525 expu-

423 1534 729 1605 lit,dicens
757 1552 821 1592 se
838 1537 1072 1609 jurasse
1102 1536 1183 1592 illi
1207 1538 1534 1611 Turco,qui
1559 1539 1848 1595 civitatem
1881 1540 2072 1597 reddi-

424 1624 531 1693 dit,
547 1625 701 1698 quod
722 1624 847 1698 ipse
868 1624 1031 1681 solus
1054 1625 1293 1683 haberet
1313 1643 1461 1684 eam.
1486 1628 1571 1683 Ob
1602 1629 1709 1685 hoc
1732 1628 2075 1701 etiam,quia

424 1712 670 1787 impune
698 1713 756 1770 id
786 1715 1181 1783 commiserat,
1214 1716 1455 1772 castella
1491 1718 1761 1785 civitatis,
1793 1724 1849 1775 et
1876 1724 2075 1792 portas

426 1818 576 1874 quas
605 1819 802 1859 comes
832 1806 891 1859 et
917 1803 1227 1877 episcopus
1277 1810 1333 1860 et
1383 1805 1519 1873 dux,
1548 1823 1615 1862 ex
1667 1811 1926 1880 tempore
1955 1824 2072 1880 quo

427 1891 653 1949 obsessi
716 1892 1016 1949 fueramus
1072 1898 1464 1963 servaverant,
1516 1897 1808 1968 requirere
1878 1898 2070 1969 cmpit.

427 1983 851 2038 Concesserunt
877 1982 929 2037 ei
960 1998 1164 2038 omnes
1196 1987 1402 2055 prectcr
1437 1984 1731 2040 comitem.
1765 1985 1864 2041 Ille
1894 1986 2074 2058 enim,

425 2067 564 2125 licet
582 2069 855 2126 infirmus
885 2074 1058 2139 esset,
1081 2074 1278 2126 tamen
1311 2076 1537 2144 portam
1573 2074 1786 2146 pontis,
1810 2092 1916 2131 nec
1947 2092 2075 2147 prc-

427 2174 513 2226 cc,
536 2174 643 2215 nec
672 2158 1001 2231 promissis,
1035 2175 1141 2215 nec
1186 2159 1361 2216 minis
1401 2161 1693 2217 dimittere
1730 2162 1929 2219 voluit.
1961 2165 2076 2220 Nec

428 2245 619 2301 solum
653 2246 946 2319 principes
977 2253 1208 2303 nostros
1238 2266 1303 2303 eo
1336 2254 1594 2322 tempore
1617 2250 1909 2307 discordia
1933 2270 2073 2307 con-

429 2335 636 2402 cussit,
661 2351 859 2390 verum
891 2336 1065 2392 etiam
1099 2337 1295 2410 populi
1325 2338 1572 2409 gratiam
1608 2340 1688 2394 ita
1719 2341 1983 2395 dissolvit
2014 2347 2078 2397 ut

429 2422 599 2495 pauci
631 2423 967 2497 essent,qui
1018 2443 1133 2481 non
1190 2443 1322 2481 cum
1384 2427 1557 2482 sociis
1603 2428 1689 2484 vel
1741 2430 2076 2485 domesticis

429 2511 576 2577 suis,
599 2512 671 2567 de
704 2512 861 2579 furti,
884 2512 971 2569 vel
1004 2515 1218 2587 rapina:
1264 2516 1459 2572 causis
1509 2523 1927 2575 concertarent.
1962 2521 2076 2575 Nec

429 2601 488 2656 in
522 2598 753 2657 civitate
790 2601 976 2673 judex
1021 2602 1235 2674 aliquis
1265 2609 1389 2660 erat
1417 2606 1515 2677 qui
1550 2612 1746 2679 posset
1788 2609 1873 2664 vel
1904 2610 2078 2665 vellet

429 2688 703 2747 dirimere
731 2706 960 2758 causas,
987 2691 1087 2746 sed
1129 2696 1415 2763 quantum
1449 2695 1704 2768 quisque
1734 2701 1976 2769 poterat,
2009 2715 2075 2755 eo

431 2778 642 2835 modus
690 2777 919 2849 injuria:
962 2779 1138 2836 venit.
1164 2780 1370 2837 Comes
1419 2787 1613 2839 autem
1665 2789 1721 2840 et
1767 2786 2077 2859 episcopus

428 2866 595 2924 valde
624 2866 1096 2937 inﬁrmabantur,
1126 2886 1232 2925 nec
1262 2872 1409 2927 tueri
1444 2889 1544 2928 eos
1574 2873 1645 2929 ab
1678 2874 1894 2946 injuria
1920 2880 2077 2949 pote-

429 2955 696 3012 rant.Sed
720 2955 863 3029 quid
890 2972 1111 3012 moram
1148 2957 1205 3012 in
1237 2957 1330 3015 his
1360 2960 1628 3033 agimus?
1649 2963 1869 3036 Quippe
1893 2965 2075 3021 nostri

426 3037 545 3102 otio
575 3048 633 3100 et
662 3042 881 3100 divitiis
912 3045 1164 3113 remissi,
1189 3046 1259 3103 de
1297 3047 1503 3106 itinere
1542 3056 1776 3124 propter
1802 3055 1957 3126 quod
1988 3070 2077 3110 vc-

427 3137 655 3202 nerant,
680 3149 870 3206 usque
908 3134 968 3190 in
1014 3135 1138 3191 Kal.
1170 3136 1446 3206 Novemb,
1471 3144 1675 3196 contra
1722 3141 1821 3197 Dei
1870 3160 2074 3215 praece-

2178 558 2464 623 Dominus,
2490 558 2635 612 inter
2683 559 2801 629 ipsa
2836 558 3189 627 flammarum
3238 555 3510 623 incendia,
3544 558 3834 612 vestimen-

2178 654 2293 702 tum
2343 646 2484 718 quod
2516 646 2680 714 vides,
2704 649 2837 719 quia
2865 662 2991 701 cum
3039 647 3375 719 episcopatus
3404 644 3649 701 ordinem
3704 663 3830 703 sus-

2178 737 2313 808 cepi,
2347 734 2491 792 illud
2538 752 2640 808 pro
2668 736 2775 791 Deo
2812 733 3031 790 cuidam
3059 736 3293 807 pauperi
3348 733 3542 790 tribui.
3576 736 3653 791 lit
3707 735 3839 791 licet

2178 832 2508 882 eamstuaret
2537 824 2805 894 gehenna,
2830 832 2882 878 et
2910 825 3223 879 insanirent
3248 822 3534 879 adversum
3554 839 3641 879 me
3664 824 3837 880 mini-

2177 916 2283 970 stri
2332 914 2578 981 tartarei,
2609 913 2757 968 nihil
2812 920 2991 968 tamen
3020 912 3209 968 subtus
3266 912 3463 969 laedere
3513 920 3828 985 potuerunt.

2184 1005 2377 1059 Tamen
2408 1003 2554 1058 nihil
2576 1001 2642 1057 de
2669 1002 2940 1070 omnibus,
2970 1018 3089 1074 qua:
3115 1001 3181 1056 de
3218 1002 3405 1073 patria
3460 1017 3577 1058 mea
3633 1001 3828 1068 detuli,

2178 1092 2310 1148 adeo
2338 1093 2481 1147 mihi
2529 1093 2742 1163 profuit
2792 1093 2935 1147 sicut
2986 1091 3105 1148 lure
3161 1091 3405 1158 candela,
3439 1107 3603 1162 quam
3661 1091 3834 1146 amici

2178 1183 2290 1237 mei
2316 1181 2406 1237 hic
2431 1197 2530 1253 pro
2561 1197 2646 1236 me
2673 1180 3014 1247 obtulerunt;
3051 1189 3105 1236 et
3134 1181 3225 1235 illi
3253 1189 3362 1236 tres
3409 1179 3646 1247 denarii,
3699 1196 3831 1252 quos

2178 1287 2273 1342 ego
2320 1271 2529 1327 lanceae
2555 1269 2747 1325 obtuli.
2779 1271 2907 1325 Haec
2959 1270 3161 1325 etenim
3210 1285 3297 1324 me
3350 1270 3674 1341 refecerunt,
3706 1284 3832 1324 cum

2177 1375 2345 1431 usque
2397 1358 2467 1414 ad
2521 1366 2749 1413 mortem
2792 1359 3036 1413 esuriens
3064 1357 3130 1414 de
3181 1359 3398 1427 inferno
3451 1356 3828 1429 progrederer.

2178 1450 2437 1506 Dominus
2462 1463 2612 1502 meus
2641 1446 2978 1503 Boimundus
3015 1446 3178 1515 diccit,
3212 1445 3352 1518 quod
3404 1462 3600 1517 corpus
3646 1462 3833 1501 meum

2180 1539 2241 1593 in
2268 1537 2572 1594 Jerusalem
2596 1524 2854 1608 pdrtaret.
2887 1538 2972 1592 Sit
3011 1536 3101 1592 illi
3138 1552 3242 1608 pro
3288 1537 3476 1605 gratia
3519 1551 3620 1591 sua
3650 1551 3720 1590 ne
3744 1551 3834 1591 me

2179 1634 2407 1691 moveat,
2431 1627 2562 1698 quia
2596 1625 2662 1680 de
2701 1626 2974 1694 sanguine
3006 1626 3233 1681 Domini
3276 1624 3454 1679 adhuc
3502 1624 3583 1680 ibi
3608 1631 3707 1694 est,
3738 1626 3836 1680 cui

2178 1732 2265 1770 me
2291 1716 2540 1771 sociavit.
2572 1714 2674 1769 Sed
2703 1716 2756 1769 si
2790 1714 3004 1769 dubitat
3029 1713 3094 1769 de
3134 1715 3221 1768 his
3249 1728 3375 1785 qua:
3403 1713 3506 1769 tibi
3532 1713 3671 1779 dico,
3698 1728 3833 1785 ape-

2183 1806 2295 1859 riat
2327 1804 2639 1875 sepulcrum
2665 1819 2868 1871 meum,
2891 1811 2941 1858 et
2986 1810 3147 1875 caput
3174 1810 3227 1858 et
3251 1804 3451 1874 faciem
3476 1818 3654 1857 meam
3682 1803 3835 1857 vide-

2187 1893 2264 1949 bit
2313 1900 2609 1965 perustum.
2645 1894 2875 1948 Omnino
2917 1907 3034 1948 meo
3086 1892 3275 1948 comiti
3326 1891 3605 1962 familiam
3654 1906 3835 1946 meam

2183 1983 2431 2037 commisi
2442 2002 2461 2047 ;
2492 1983 2797 2053 bene/aetat
2840 1983 2914 2052 ei,
2945 1988 3008 2037 ut
3043 1985 3189 2036 Deus
3232 1981 3404 2052 faciat
3450 1996 3630 2036 secum
3672 1982 3839 2036 mise-

2187 2072 2502 2137 ricordiam,
2525 2080 2575 2127 et
2604 2070 2906 2143 udimpieat
2939 2086 3066 2143 qua?
3112 2071 3203 2126 illi
3244 2072 3520 2143 promisit.
3551 2070 3617 2125 Et
3642 2086 3713 2125 ne
3737 2068 3834 2126 do-

2186 2161 2335 2216 leant
2358 2162 2559 2232 fratres
2604 2160 2716 2214 mei
2742 2161 2793 2214 si
2819 2175 2915 2227 ego
2959 2160 3128 2214 vitam
3156 2159 3336 2229 ﬁnivi,
3377 2158 3637 2230 quoniam
3680 2174 3835 2212 nun-

2184 2267 2349 2321 quam
2383 2257 2593 2304 mntum
2623 2250 2702 2303 eis
2748 2250 2937 2319 profui
2965 2256 3229 2320 quantum
3256 2247 3505 2319 prodere,
3537 2248 3589 2301 si
3630 2261 3839 2319 praece-

2181 2348 2276 2412 pta
2306 2341 2405 2394 Dei
2431 2355 2648 2394 servare
2676 2339 2967 2392 voluerint.
2998 2337 3207 2392 Etenim
3238 2353 3362 2392 cum
3412 2337 3528 2391 illis
3557 2335 3833 2405 habitabo,

2184 2438 2235 2485 et
2280 2445 2461 2485 omnes
2494 2426 2695 2502 fratres
2725 2430 2835 2482 mei
2881 2429 2978 2499 qui
3005 2428 3191 2491 vitam,
3218 2434 3278 2481 ut
3322 2443 3439 2495 ego,
3465 2427 3759 2497 finierunt;
3787 2432 3841 2480 et

2185 2521 2263 2575 eis
2293 2520 2561 2590 apparebo
2589 2525 2642 2572 et
2668 2517 2840 2571 multo
2860 2516 3056 2571 melius
3075 2515 3394 2570 consolabor
3411 2531 3499 2569 eos
3522 2531 3686 2589 quam
3716 2514 3837 2568 hac-

2187 2617 2359 2664 tenus.
2394 2608 2458 2662 Et
2492 2622 2602 2676 vos,
2630 2607 2832 2676 fratres
2881 2605 3010 2667 mei,
3043 2612 3202 2659 estote
3246 2619 3507 2659 memores
3552 2613 3837 2676 poenarum

2188 2699 2414 2769 inferni,
2441 2712 2566 2769 quze
2620 2703 2734 2750 tam
2789 2709 2983 2763 graves
3012 2701 3064 2749 et
3103 2693 3393 2751 horrendae
3449 2702 3598 2749 sunt.
3628 2692 3839 2750 Servite

2186 2789 2367 2858 itaque
2395 2786 2642 2854 Domino,
2673 2785 2771 2856 qui
2822 2800 2910 2839 vos
2968 2782 3204 2838 liberare
3246 2790 3418 2856 potest
3443 2781 3509 2838 de
3539 2782 3645 2851 his,
3679 2789 3841 2855 atque

2183 2877 2313 2931 aliis
2360 2875 2553 2930 malis.
2586 2874 2670 2943 Et,
2703 2889 2733 2929 ο
2762 2889 2926 2945 quam
2957 2872 3087 2927 bene
3132 2881 3314 2939 natus,
3345 2874 3444 2944 qui
3490 2872 3701 2943 inferni
3721 2888 3837 2944 pae-

2182 2982 2284 3020 nas
2316 2963 2612 3033 ignorabit.
2643 2963 2850 3019 Poterit
2892 2963 2991 3018 hoc
3022 2962 3135 3017 illis
3162 2963 3408 3033 conferre
3436 2960 3709 3029 Salvator,
3740 2962 3839 3034 qui

2178 3060 2444 3126 pra’eepta
2498 3053 2615 3124 ejus
2667 3053 3022 3107 servaverint.
3056 3050 3205 3119 Quod
3236 3052 3576 3124 superaverit
3620 3049 3688 3106 de
3734 3050 3837 3105 hac

2185 3142 2411 3198 candela
2443 3143 2503 3196 in
2532 3158 2711 3208 mane,
2735 3156 3010 3197 conserva.
3042 3140 3107 3196 Et
3132 3141 3303 3211 eligat
3329 3155 3522 3206 comes,
3556 3155 3682 3195 cum
3708 3140 3835 3210 qui-

425 3226 615 3295 ptum,
647 3221 1022 3279 distulerunt.
1046 3224 1269 3281 Etenim
1315 3244 1381 3283 eo
1430 3232 1708 3301 tempore,
1733 3230 1815 3285 ita
1860 3209 2074 3289 territae
2102 3209 2144 3275 (ἶ
2184 3233 2279 3287 bus
2310 3233 2423 3304 ipse
2478 3231 2729 3298 voluerit,
2764 3231 3073 3303 episcopum
3103 3209 3227 3285 loco
3272 3230 3403 3301 mei,
3434 3229 3697 3300 quoniam
3718 3209 3831 3283 non

425 3319 600 3384 atque
629 3311 903 3368 confectae
952 3312 1159 3370 timore
1206 3315 1659 3373 Sarracenorum
1710 3319 1973 3378 civitates
2012 3322 2073 3377 in

423 3399 565 3474 fuga
584 3401 909 3457 Turcorum
945 3401 1199 3471 fuerunt,
1225 3407 1288 3459 ut
1318 3404 1365 3460 si
1410 3410 1547 3461 tunc
1578 3408 1940 3479 equitasscnt
1971 3428 2072 3467 no-

423 3489 529 3546 stri
568 3487 794 3556 Franci,
817 3506 931 3545 non
964 3496 1117 3546 esset
1147 3509 1333 3565 usque
1360 3494 1419 3548 in
1453 3494 1811 3553 Hierusalem
1844 3499 2070 3568 civitas,

425 3593 553 3650 quae
585 3576 864 3650 lapidem,
889 3581 953 3633 ut
981 3596 1088 3636 nos
1117 3580 1431 3649 credimus,
1456 3583 1540 3640 eis
1571 3586 1943 3645 ercmittcrct.
1980 3590 2069 3645 In-

424 3668 584 3720 terea
603 3665 878 3722 dominus
915 3667 1241 3725 Adamarus
1272 3671 1581 3745 episcopus
1626 3674 1946 3747 Podicnsis,
1981 3679 2071 3734 di-

422 3752 611 3810 lectus
642 3753 758 3811 Deo
797 3758 854 3811 et
899 3755 1261 3826 hominibus,
1285 3760 1372 3814 vir
1400 3777 1503 3833 per
1548 3763 1747 3820 omnia
1793 3767 2069 3825 omnibus

421 3841 757 3911 charus,die
779 3842 902 3900 Kal.
925 3846 1072 3919 Aug.
1099 3846 1158 3901 in
1181 3864 1321 3919 pace
1343 3850 1615 3923 migravit
1636 3854 1707 3908 ad
1738 3855 2066 3914 Dominum.

420 3931 763 4004 Tantusque
810 3932 1004 3991 luctus
1050 3935 1313 3993 omnium
1345 3938 1809 3998 Christianorum
1842 3943 1919 3999 ibi
1954 3962 2070 4002 mo-

420 4020 680 4077 rantium
711 4020 771 4076 in
803 4028 991 4079 morte
1014 4025 1144 4096 ejus
1167 4025 1277 4082 fuit
1299 4031 1364 4083 ut
1384 4044 1491 4084 nos
1515 4030 1613 4102 qui
1638 4030 1912 4099 vidimus,
1932 4050 2067 4090 cum

420 4125 525 4182 pro
583 4109 989 4183 magnitudine
1048 4130 1241 4170 rerum
1312 4116 1564 4173 scribere
1611 4120 2065 4193 curavissemus,

421 4197 914 4271 comprehendere
965 4200 1336 4274 aliquatenus
1396 4206 1827 4279 nequissemus.
1880 4213 2065 4277 Quam

420 4286 585 4344 utilis
606 4291 798 4344 autem
823 4288 923 4345 Dei
945 4291 1220 4346 exercitui
1241 4298 1296 4348 et
1319 4293 1683 4368 principibus
1707 4298 1909 4368 fuerat,
1937 4306 2068 4374 post

419 4379 667 4432 mortem
697 4377 825 4450 ejus
856 4378 1234 4436 manifestum
1268 4382 1397 4449 fuit,
1421 4399 1553 4439 cum
1590 4386 1739 4441 inter
1786 4404 1848 4443 sc
1897 4389 2066 4446 divisi

417 4464 1119 4538 principes,Boimundus
1149 4468 1209 4524 in
1242 4470 1586 4528 Romaniam
1624 4480 1712 4531 est
1740 4492 2062 4549 regressus,

2182 3328 2261 3376 est
2279 3321 2512 3392 justum,
2546 3327 2605 3375 ut
2651 3321 2704 3374 si
2748 3336 2844 3388 ego
2895 3319 3181 3390 defunctus
3237 3334 3380 3385 sum,
3413 3316 3569 3374 beata
3624 3333 3839 3390 semper

2182 3410 2333 3480 virgo
2357 3408 2534 3464 Maria
2579 3409 2886 3479 episcopum
2914 3423 3025 3463 non
3070 3407 3287 3463 habeat.
3326 3407 3501 3463 Unum
3529 3405 3594 3462 de
3637 3407 3837 3478 palliis

2178 3499 2314 3553 meis
2341 3497 2536 3553 donate
2585 3496 2655 3552 ad
2709 3497 2994 3553 ecclesiam
3049 3497 3192 3552 beati
3237 3495 3480 3551 Andreae.
3510 3494 3579 3550 Et
3625 3494 3834 3551 beatus

2180 3586 2438 3642 Andreas
2471 3583 2821 3658 supplicavit
2868 3585 2940 3640 ei.
2975 3585 3110 3641 Post
3150 3584 3273 3640 hzec
3320 3584 3528 3640 beatus
3571 3584 3834 3639 Andreas

2179 3675 2464 3731 assistens
2503 3674 2764 3747 propius,
2798 3673 2993 3730 taliter
3020 3673 3254 3730 locutus
3282 3678 3372 3730 est
3403 3689 3417 3729 :
3452 3671 3690 3729 Audiam
3715 3688 3833 3728 om-

2178 3781 2291 3831 nes,
2325 3763 2457 3836 quid
2482 3780 2583 3836 per
2611 3780 2695 3819 me
2724 3764 2966 3836 loquitur
3016 3767 3184 3829 Deus,
3216 3763 3402 3818 dicens
3427 3781 3445 3817 :
3469 3761 3669 3817 Memor
3696 3769 3830 3833 esto,

2177 3867 2370 3917 comes,
2405 3852 2561 3907 illius
2589 3852 2740 3921 doni,
2774 3852 2915 3923 quod
2963 3853 3067 3908 tibi
3111 3851 3337 3907 tradidit
3382 3851 3678 3917 Dominus;
3704 3865 3836 3922 qua:

2176 3942 2442 4012 cperaris,
2474 3942 2533 3996 in
2585 3943 2807 3997 nomine
2833 3941 2951 4014 ejus
2980 3957 3225 4013 operare,
3253 3947 3315 3995 ut
3367 3940 3629 3995 Dominus
3683 3941 3831 4010 facta

2175 4044 2227 4084 et
2252 4029 2397 4084 dicta
2425 4036 2518 4084 tua
2566 4029 2792 4098 dirigat,
2815 4036 2869 4085 et
2893 4031 3166 4085 orationes
3214 4036 3338 4084 tuas
3389 4027 3673 4083 exaudiat.
3707 4028 3834 4085 Pri-

2174 4133 2327 4171 mum
2363 4117 2566 4174 donum
2621 4117 2761 4190 quod
2813 4118 2963 4173 vobis
3016 4117 3247 4173 contulit
3302 4117 3588 4184 Dominus,
3617 4116 3835 4172 scilicet

2174 4208 2446 4274 Nive-eam,
2477 4214 2557 4262 est
2583 4224 2776 4262 aversa
2837 4207 2904 4261 ab
2960 4222 3055 4275 eo;
3086 4207 3351 4262 Dominus
3404 4204 3629 4260 donavit
3684 4204 3835 4261 vobis

2174 4297 2448 4351 civitatem
2503 4296 2663 4360 hanc,
2695 4304 2746 4351 et
2775 4295 3002 4351 abstulit
3053 4311 3175 4351 eam
3232 4293 3476 4350 inimicis
3534 4293 3748 4361 vestris,
3782 4299 3837 4349 et

2170 4394 2353 4459 postea
2380 4402 2492 4441 non
2519 4387 2629 4457 fuit
2660 4385 2741 4441 ibi
2789 4387 3063 4455 cognitus.
3096 4386 3163 4440 Et
3189 4385 3242 4440 si
3270 4383 3474 4455 aliquis
3505 4383 3588 4437 ibi
3616 4383 3828 4437 invoca-

2178 4477 2252 4531 vit
2282 4491 2475 4531 nomen
2533 4476 2775 4541 Domini,
2794 4476 3103 4545 flagellatus
3149 4475 3278 4547 fuit,
3311 4480 3362 4529 et
3390 4488 3554 4544 opera
3606 4472 3834 4528 Domini

416 4557 476 4610 et
500 4554 623 4645 dus
653 4555 1037 4645 Lotharingise
1056 4574 1257 4615 versus
1291 4560 1464 4616 Roais
1495 4564 1788 4634 profectus
1820 4572 1926 4622 est.
1960 4568 2066 4624 Se—
2096 4580 2141 4645 ι)
2172 4580 2281 4621 non
2309 4567 2534 4636 fuerunt
2588 4565 2670 4619 ibi
2719 4566 2885 4636 facta.
2916 4564 3023 4621 Sed
3058 4571 3275 4637 propter
3330 4561 3623 4618 bonitatem
3667 4577 3832 4616 suam

415 4642 580 4717 pulto
609 4643 788 4718 igitur
818 4645 1088 4719 episcopo
1118 4647 1176 4703 in
1209 4648 1465 4705 ecclesiae
1501 4651 1657 4707 Beati
1690 4653 1837 4709 Petri
1870 4656 2065 4713 Antio-

415 4730 580 4802 chiae,
607 4734 864 4791 secunda
920 4740 1090 4792 nocte
1144 4736 1329 4793 astitit
1358 4737 1643 4796 Dominus
1699 4742 1893 4812 Jcsus,
1927 4762 2061 4802 cum

414 4818 584 4877 beato
606 4821 832 4878 Andrea
851 4826 908 4878 et
932 4823 1058 4896 ipso
1082 4826 1284 4882 eodem
1308 4827 1599 4901 episcopo,
1625 4829 1788 4887 Petro
1817 4831 1897 4887 illi
1933 4834 2064 4889 Bar-

412 4907 722 4965 tholuman
749 4910 845 4983 qui
878 4911 948 4967 de
976 4912 1177 4969 lancea
1208 4915 1452 4983 dixerat,
1475 4917 1533 4972 in
1557 4918 1777 4991 capella
1808 4923 2059 4992 comitis,

416 4996 515 5051 ubi
549 4996 750 5053 lancea
785 5001 1007 5055 Domini
1040 5006 1180 5057 erat.
1210 5004 1277 5058 Et
1306 5003 1536 5061 locutus
1565 5011 1651 5061 cst
1672 5008 1720 5062 ei
1754 5009 2061 5084 cpiscopus

415 5083 615 5140 dicens
649 5101 663 5139 :
698 5085 914 5142 Gratias
967 5093 1097 5153 Deo,
1134 5100 1184 5146 et
1212 5094 1463 5148 omnibus
1509 5096 1778 5166 fratribus
1824 5083 1981 5171 meis,
2012 5110 2063 5157 et

414 5173 740 5241 Boimundo,
775 5177 875 5246 qui
922 5193 1008 5232 me
1052 5178 1118 5234 de
1172 5181 1388 5252 inferno
1438 5184 1820 5243 liberaverunt.
1849 5189 2064 5247 Etenim

408 5263 631 5334 peccavi
656 5265 898 5333 graviter
920 5274 1209 5339 postquam
1238 5271 1457 5327 Domini
1499 5272 1686 5330 lancea
1726 5286 1940 5347 reperta
1962 5288 2058 5335 est.

414 5349 490 5407 0b
546 5350 646 5407 hoc
701 5353 886 5426 itaque
916 5356 975 5410 in
1006 5358 1283 5428 infernum
1328 5360 1587 5417 deductus
1616 5381 1736 5419 sum
1768 5374 1926 5438 atque
1982 5370 2064 5425 ibi

409 5439 718 5511 flagellatus
765 5446 1063 5513 acerrime;
1093 5455 1145 5503 et
1172 5458 1332 5521 caput
1380 5466 1560 5505 meum
1613 5460 1666 5508 et
1716 5454 1888 5525 facies
1916 5473 2059 5512 com-

414 5528 573 5583 busta
598 5537 749 5599 sunt,
780 5533 925 5589 sicut
959 5534 1142 5593 videre
1163 5545 1331 5610 potes.
1364 5540 1491 5593 Fuit
1515 5547 1695 5596 autem
1748 5544 1830 5599 ibi
1872 5546 2062 5601 anima

409 5632 552 5693 mea,
583 5617 652 5677 ab
677 5621 813 5680 hora
840 5639 949 5701 qua
991 5623 1059 5684 de
1104 5642 1323 5705 corpore
1351 5644 1567 5703 egressa
1598 5638 1696 5702 est,
1728 5631 1897 5691 donec
1940 5652 2058 5695 eor-

2169 4654 2349 4709 noluit
2374 4670 2464 4709 vos
2522 4653 2896 4726 derelinquere
2924 4654 3206 4719 Dominus,
3236 4653 3375 4723 quin
3429 4648 3740 4706 concederet
3766 4664 3833 4706 ea

2172 4743 2321 4798 vobis
2350 4757 2476 4814 qua:
2500 4744 2757 4814 petiislis,
2779 4751 2830 4798 et
2867 4743 2996 4815 plus
3023 4743 3188 4797 etiam
3231 4756 3401 4812 quam
3426 4753 3675 4810 quaerere
3702 4739 3834 4795 ausi

2170 4834 2316 4888 estis.
2349 4832 2449 4886 Ille
2492 4833 2643 4887 enim
2691 4832 2937 4887 lanceam
2990 4831 3220 4889 contulit
3261 4830 3432 4895 vobis,
3465 4842 3590 4900 quae
3636 4844 3832 4901 corpus

2169 4937 2332 4976 suum
2357 4906 2620 4992 ptagavit,
2645 4920 2787 4976 unde
2827 4922 3053 4993 sanguis
3095 4927 3301 4976 nostra?
3331 4917 3718 4989 redemptionis
3746 4919 3833 4989 cf-

2169 5011 2353 5080 fluxit.
2378 5009 2444 5064 Ei
2469 5025 2581 5064 non
2608 5009 2830 5065 donavit
2856 5009 3006 5065 vobis
3046 5010 3123 5064 ita
3156 5008 3337 5080 facere
3363 5004 3428 5061 de
3457 5005 3561 5058 hac
3583 5004 3829 5071 civitate,

2170 5100 2314 5155 sicut
2340 5097 2405 5153 de
2435 5098 2611 5153 altera
2663 5100 2867 5169 fecistis
2898 5116 2915 5152 :
2946 5115 2998 5154 ei
3026 5098 3207 5153 videre
3259 5095 3484 5168 potestis
3539 5093 3674 5164 quia
3725 5109 3833 5164 pro

2169 5189 2382 5244 meritis
2407 5189 2614 5255 vestris,
2638 5204 2747 5244 non
2776 5188 2998 5244 donavit
3025 5203 3145 5242 eam
3165 5184 3315 5242 vobis
3338 5185 3622 5239 Dominus.
3659 5184 3833 5237 Man-

2171 5277 2262 5333 dat
2292 5278 2397 5334 tibi
2422 5278 2703 5345 Dominus,
2738 5294 2766 5334 o
2790 5294 2984 5346 eomes,
3010 5285 3070 5333 ut
3112 5277 3300 5348 sapias
3331 5274 3429 5347 qui
3457 5289 3513 5328 se
3539 5270 3831 5328 dominum

2171 5367 2332 5439 hujus
2361 5367 2598 5422 civitatis
2630 5367 2860 5423 voluerit
2912 5368 3092 5438 facere
3147 5380 3313 5437 super
3365 5363 3527 5433 alios,
3559 5368 3611 5417 et
3637 5376 3833 5432 quaere

2169 5456 2236 5512 ab
2264 5471 2325 5511 eo
2356 5457 2515 5528 quale
2569 5455 2878 5512 dominium
2914 5456 3149 5512 voluerit
3189 5462 3417 5527 portare
3439 5457 3663 5524 propter
3713 5450 3833 5506 Do-

2169 5546 2402 5601 minum.
2439 5543 2587 5612 Quod
2631 5546 2684 5601 si
2711 5553 2770 5601 tu
2799 5553 2849 5601 et
2880 5545 2986 5601 alii
3035 5547 3236 5618 fratres
3264 5543 3371 5611 tui,
3431 5541 3632 5614 quibus
3682 5542 3833 5598 Deus

2170 5634 2314 5694 dedit
2348 5633 2490 5690 hanc
2517 5635 2811 5705 civitatem,
2859 5635 3217 5714 cognoveritis
3246 5631 3387 5711 Quod
3440 5628 3620 5709 ﬁdelis
3648 5630 3744 5707 sit,
3779 5636 3835 5692 et
