3996 6096
202 340 315 402 621

1214 339 1433 402 RAIM.
1479 310 1587 403 nisi
1624 340 1898 402 AGILES
1942 339 2145 404 HIST.
2193 342 2605 408 HIEROSOL.

3493 346 3610 407 622

188 471 475 545 justitiam
502 479 684 528 tenere
708 471 795 528 vel
824 473 1005 544 facere
1032 472 1286 538 voluerit,
1320 473 1513 529 habeat
1546 489 1559 527 :
1594 473 1657 528 Et
1687 473 1741 528 si
1758 472 1853 544 ju-
1883 474 1939 540 Α
1968 472 2191 544 mitem,
2207 476 2306 547 qui
2321 476 2447 547 jam
2471 475 2842 533 convaluerat
2855 494 2925 533 ex
2947 476 3376 549 inﬁrmitate,et
3395 476 3613 534 milites

198 560 409 615 dicium
452 560 538 615 vel
583 561 865 633 justitiam
920 568 1100 617 tenere
1126 560 1209 616 vel
1238 563 1422 633 facere
1476 561 1735 629 noluerit,
1767 559 1861 616 sed

1968 566 2025 617 et
2047 562 2269 635 pedites
2293 580 2432 620 suos
2453 581 2658 622 omnes
2678 578 2784 640 pro
2802 582 2983 623 causa
3002 583 3323 639 pauperum
3345 564 3402 620 in
3428 582 3614 621 unum

191 665 296 721 per
318 655 632 720 potestatem
678 664 842 704 suam
884 649 1002 705 vult
1027 656 1210 705 tenere
1237 650 1536 717 civitatem,
1569 658 1627 706 tu
1671 665 1770 722 per
1811 657 1863 705 te
1968 656 2323 721 evocaverat,
2343 657 2407 708 ut
2436 653 2493 708 in
2516 654 2858 727 Hispaniam
2881 654 3278 728 depraedatum
3298 671 3399 712 eos
3426 654 3617 710 dedu-

195 744 249 793 et
272 753 376 809 per
401 737 603 805 fratres
649 744 767 791 tuos
819 736 1034 807 postula
1063 753 1098 792 a
1126 738 1234 793 Deo
1290 738 1608 806 consilium,
1635 745 1686 793 et
1712 737 1865 794 dabit
1967 744 2140 805 ceret,
2165 739 2421 796 multum
2472 742 2714 815 rogavit,
2745 746 2811 798 ut
2836 742 3044 799 Turcis
3073 742 3173 815 qui
3216 742 3399 799 Deum
3433 741 3614 797 recla-

195 825 302 880 tibi
348 825 506 881 Deus.
537 825 605 879 Et
634 825 725 880 illi
753 825 997 880 homines
1050 826 1149 896 qui
1195 827 1344 891 viam
1400 834 1602 882 rectam
1657 834 1854 892 tenent,

195 915 279 970 vel
309 915 480 970 Deum
523 913 788 983 diligunt,
811 913 914 971 tibi
938 930 1051 969 non
1096 914 1487 986 deﬁcientJlli
1531 921 1715 972 aulem
1761 918 1860 987 qui

190 1004 343 1058 viam
366 1010 570 1059 rectam
620 1010 800 1059 tenere
838 1003 1054 1071 nolunt,
1080 1012 1424 1061 revertantur
1451 1004 1522 1061 ad
1567 1005 1730 1061 illum
1760 1006 1857 1077 qui

178 1092 390 1149 'noluit
425 1099 607 1148 tenere
654 1091 963 1163 justitiam;
993 1099 1045 1148 et
1072 1091 1331 1148 videbunt
1384 1093 1647 1166 quomodo
1705 1096 1853 1150 Deus

188 1181 435 1238 salvabit
463 1182 607 1238 illos.
631 1180 735 1237 Sed
780 1181 1058 1238 habebunt
1098 1181 1559 1251 maledictionem,
1591 1199 1662 1239 ex
1694 1194 1853 1254 parte

191 1272 294 1327 Dei
321 1279 375 1327 et
402 1272 596 1327 matris
623 1271 765 1343 ejus,
814 1271 969 1326 illam
1012 1287 1177 1344 quam
1231 1271 1426 1327 habuit
1454 1272 1674 1344 Lucifer
1727 1288 1853 1328 cum

187 1358 258 1416 de
282 1359 419 1415 creto
476 1359 687 1416 cecidit.
720 1360 786 1415 Et
829 1375 943 1430 vos,
971 1360 1025 1415 si
1060 1361 1348 1416 unanimes
1403 1362 1553 1430 estis,
1579 1358 1863 1433 postulate

186 1448 489 1504 consilium
518 1450 576 1504 in
607 1449 874 1515 oratione,
898 1455 951 1504 et
987 1449 1130 1504 Deus
1158 1448 1311 1504 dabit
1351 1450 1519 1505 vobis.
1545 1449 1610 1505 Et
1637 1450 1690 1505 si
1716 1465 1848 1506 con-

184 1536 380 1595 cordia
431 1538 507 1594 sit
552 1539 699 1595 inter
744 1554 856 1607 vos,
890 1545 1058 1594 tenete
1098 1540 1393 1595 consilium
1421 1539 1487 1594 de
1507 1540 1848 1612 patriarcha,

186 1628 292 1700 qui
318 1628 395 1683 sit
420 1626 487 1683 de
524 1628 640 1697 lege
690 1634 887 1683 vestra.
921 1627 1054 1684 Illos
1105 1636 1289 1684 autem
1335 1627 1580 1684 homines
1636 1629 1735 1700 qui
1784 1628 1850 1685 dc

182 1716 500 1788 captivitate
542 1715 614 1771 ad
659 1732 751 1771 vos
780 1724 1065 1781 venerunt,
1095 1724 1157 1772 ut
1202 1717 1375 1786 legem
1418 1724 1653 1772 vestram
1700 1725 1845 1773 tene-

181 1812 328 1871 rent,
383 1805 554 1862 nolite
597 1805 805 1862 solvere
860 1821 977 1872 eos;
1004 1804 1098 1861 sed
1130 1812 1182 1861 et
1211 1805 1335 1861 illos
1389 1806 1487 1877 qui
1532 1805 1845 1862 ambulave-

181 1901 319 1949 runt
350 1896 409 1949 in
454 1891 842 1959 Corronanam,
872 1900 934 1948 ut
984 1891 1146 1949 deum
1180 1893 1475 1950 Turcorum
1529 1892 1846 1966 adorarent,

176 1983 358 2039 nolite
387 1982 630 2056 recipere
668 1997 774 2051 eos,
807 1980 900 2037 sed
940 1980 1127 2038 habete
1175 1982 1317 2038 sicut
1367 1982 1583 2049 Turcos,
1614 1989 1668 2038 et
1710 1984 1842 2038 mit-

170 2071 279 2127 ‘tite
306 2069 444 2127 duos
472 2071 557 2128 vel
585 2077 693 2127 tres
738 2086 809 2127 ex
848 2071 937 2126 his
965 2072 1025 2126 in
1053 2086 1344 2139 carcerem,
1370 2078 1424 2127 et
1467 2071 1579 2143 ipsi
1622 2070 1849 2128 demon-

174 2161 437 2216 strabunt
482 2161 634 2216 vobis
688 2159 846 2215 alios.
894 2159 1185 2231 Postquam
1241 2160 1349 2214 ista
1374 2176 1408 2214 a
1430 2159 1580 2215 vobis
1627 2160 1846 2231 fuerin-

181 2258 329 2318 acta,
349 2251 516 2323 petite
547 2266 583 2304 a
611 2248 840 2305 Domino
870 2248 1163 2304 consilium
1190 2246 1257 2303 de
1299 2249 1392 2303 via
1429 2264 1531 2320 pro
1560 2264 1668 2320 qua
1697 2250 1845 2304 venit

173 2340 296 2407 stis,
327 2347 382 2395 et
407 2339 504 2394 ille
538 2337 671 2395 bene
713 2338 957 2393 consulet
982 2338 1152 2393 vobis.
1181 2337 1493 2395 Jerusalem
1548 2345 1626 2394 est
1675 2354 1845 2411 prope

180 2445 277 2485 vos
333 2427 516 2483 decem
566 2426 700 2492 dies,
733 2433 786 2482 et
810 2427 864 2481 si
898 2442 1009 2482 non
1062 2426 1229 2482 vultis
1283 2433 1461 2483 tenere
1506 2425 1841 2498 supradicta,

173 2515 244 2572 de
269 2514 452 2571 decem
483 2514 669 2580 annis,
698 2529 812 2569 non
850 2513 1002 2569 ibitis
1053 2514 1113 2568 in
1156 2514 1487 2570 Jerusalem.
1517 2514 1580 2569 Et
1604 2522 1724 2586 post
1749 2513 1842 2571 de-

171 2621 290 2660 cem
343 2618 539 2669 annos,
570 2601 822 2658 reducam
876 2601 1122 2673 infideles
1162 2603 1223 2657 in
1270 2602 1492 2669 honore,
1525 2610 1578 2658 et
1627 2611 1843 2659 centum

170 2693 240 2751 de
270 2693 393 2749 illis
419 2690 806 2765 praevalebunt
842 2689 1101 2746 adversus
1148 2690 1302 2746 mille
1330 2691 1402 2746 de
1430 2692 1600 2747 vobis.
1632 2691 1699 2747 Et
1726 2709 1837 2778 vos,

167 2784 421 2839 homines
479 2780 707 2845 Christi,
737 2780 901 2850 petite
944 2796 979 2833 a
1025 2781 1262 2835 Domino
1311 2780 1627 2851 petitionem
1675 2796 1841 2853 quam

168 2871 404 2946 apostoli
429 2869 743 2942 petierunt;
788 2869 929 2924 sicut
972 2875 1024 2924 et
1080 2868 1195 2923 illis
1223 2867 1471 2936 donavit,
1502 2869 1583 2924 ita
1610 2877 1663 2924 et
1690 2871 1838 2927 vobis

167 2977 321 3017 nunc
369 2959 618 3016 donabit.
653 2956 838 3013 Comes
865 2964 918 3014 et
948 2956 1302 3027 Boimundus,
1340 2958 1414 3013 ite
1444 2957 1515 3012 ad
1558 2958 1838 3015 ecclesiam

166 3052 331 3108 Beati
358 3047 617 3114 Andreae,
648 3054 700 3103 et
757 3046 854 3103 ille
908 3044 1132 3102 donabit
1162 3047 1312 3102 vobis
1340 3047 1605 3118 optimum
1657 3049 1834 3104 consi-

1967 828 2231 892 mabant,
2264 846 2367 901 pro
2417 829 2532 886 Deo
2563 836 2617 886 et
2648 848 2751 903 pro
2782 830 2968 905 gloria
2996 830 3186 904 gentis
3233 831 3610 898 Francorum,

1963 918 2139 988 atque
2168 934 2272 989 pro
2303 935 2368 973 se
2399 926 2782 989 succurreret,
2808 920 3029 977 addens
3061 920 3215 993 quod
3248 924 3453 976 contra
3481 936 3614 975 ma-

1962 1002 2166 1060 chinas
2196 1004 2592 1062 obsidentium
2624 1008 2979 1075 Turcorum,
3014 1008 3237 1065 obsessi
3267 1007 3441 1065 Turci
3475 1024 3613 1064 cru-

1961 1108 2087 1148 cem
2119 1094 2561 1165 praetenderent.
2588 1095 2689 1151 His
2716 1101 2890 1169 atque
2913 1096 3043 1152 aliis
3064 1096 3403 1167 hujusmodi
3432 1096 3613 1170 preci-

1960 1180 2091 1257 bus,
2114 1198 2250 1238 cum
2281 1183 2427 1239 duce
2456 1200 2652 1240 comes
2679 1184 2970 1257 profectus
2995 1190 3105 1242 est.
3131 1184 3259 1241 Haec
3282 1190 3478 1242 autem
3510 1184 3625 1242 ubi‘
3670 1222 3679 1231 -

1959 1288 1995 1326 a
2023 1270 2230 1327 Turcis
2261 1272 2496 1345 cognita
2526 1277 2685 1339 sunt,
2730 1273 2802 1328 ab
2842 1273 3145 1330 obsidione
3175 1274 3504 1353 discedunt.
3538 1273 3612 1330 Ut
3699 1345 3702 1349 ἢ
3768 1310 3775 1317 ο

1956 1376 2089 1416 vero
2120 1361 2193 1416 ad
2221 1360 2339 1416 Asa
2367 1361 2653 1418 exercitus
2676 1366 2871 1418 noster
2898 1362 3178 1435 pervenit,
3203 1362 3463 1436 suscepit
3492 1362 3610 1419 dux

1958 1448 2193 1506 obsides
2215 1450 2285 1505 de
2305 1449 2541 1506 castello
2572 1467 2675 1522 pro
2706 1450 2982 1507 ﬁdelitate
3005 1451 3300 1523 deinceps,
3324 1455 3382 1507 et
3410 1468 3608 1508 comes

1957 1554 2090 1593 cum
2123 1538 2331 1612 grandi
2391 1539 2697 1611 dispendio
2748 1539 2839 1595 sui
2897 1538 3206 1608 exercitus,
3239 1538 3606 1597 Antiochiam

1957 1643 2223 1683 reversus
2280 1631 2387 1683 est.
2423 1628 2650 1684 Rursus
2708 1644 2904 1685 comes
2962 1629 3333 1702 congregavit
3391 1628 3609 1686 milites

1955 1732 2120 1784 suos,
2146 1720 2211 1772 ut
2239 1715 2466 1788 plebem
2500 1733 2821 1790 pauperum
2855 1716 2915 1772 in
2948 1717 3288 1790 Hispaniam
3321 1718 3607 1776 conduce-

1956 1809 2105 1870 rent,
2121 1821 2249 1878 quae
2272 1806 2424 1861 fame
2445 1809 2503 1861 et
2533 1805 2703 1861 taedio
2726 1804 3044 1862 Antiochiae
3065 1805 3389 1863 deﬁciebat.
3414 1808 3606 1880 Appa-

1958 1893 2077 1949 ruit
2106 1897 2302 1949 autem
2334 1898 2576 1950 sanctus
2606 1893 2867 1950 Andreas
2888 1894 3052 1952 Petro
3074 1893 3517 1967 Bartholomaeo,
3538 1912 3606 1953 eo

1956 1987 2217 2055 tempore
2241 1983 2397 2056 apud
2431 1982 2697 2049 Rodiam,
2728 1982 2880 2039 infra
2911 1982 3248 2051 tentorium,
3271 1983 3373 2040 ubi
3404 2000 3607 2042 mane-

1955 2071 2055 2128 bat
2070 2073 2381 2144 episcopus
2396 2071 2714 2139 Atensis,et
2729 2070 3066 2145 capellanus
3080 2071 3315 2130 comitis
3329 2072 3607 2130 Raimun-

1955 2160 2088 2227 dus,
2112 2163 2171 2216 et
2198 2158 2349 2216 alius
2380 2159 2738 2233 capellanus,
2768 2159 3003 2217 nomine
3037 2160 3248 2218 Simon.
3273 2161 3375 2218 [lio
3403 2165 3602 2220 autem

1952 2249 2155 2306 Simon
2188 2248 2435 2305 audiens
2474 2265 2572 2305 eos
2603 2247 2999 2322 colloquentes
3028 2248 3162 2322 sibi,
3195 2248 3419 2307 scilicet
3466 2256 3600 2308 san-

1951 2342 2113 2394 ctum
2133 2338 2250 2394 And
2260 2355 2415 2394 ream
2435 2354 2569 2394 cum
2588 2338 2752 2394 Petro
2772 2337 3214 2411 Bartholomaeo,
3227 2343 3405 2412 caput
3423 2356 3600 2398 suum

1950 2427 2270 2500 cooperuit,
2302 2430 2360 2483 et
2392 2430 2459 2483 ut
2501 2427 2627 2500 ipse
2666 2426 2887 2499 retulit,
2918 2426 3176 2501 plurima
3220 2428 3463 2498 audivit,
3498 2431 3599 2486 sed

1950 2515 2059 2573 hoc
2087 2514 2277 2572 solum
2325 2515 2566 2573 retinuit
2597 2532 2612 2572 :
2647 2517 2889 2583 Domine,
2920 2533 3019 2587 ego
3056 2516 3257 2586 dicam,
3290 2516 3602 2592 episcopus

1948 2604 2175 2662 Atensis
2214 2604 2295 2661 ait
2327 2621 2341 2660 :
2373 2605 2562 2661 Nescio
2613 2614 2802 2661 utrum
2831 2607 2889 2661 in
2920 2607 3127 2663 somnis
3175 2608 3348 2679 fuerit
3390 2624 3597 2677 annon,

1951 2693 2182 2763 Quidam
2238 2710 2405 2750 senex
2444 2695 2593 2750 stetit
2619 2710 2803 2750 coram
2838 2710 2942 2763 me,
2978 2694 3203 2752 indutus
3252 2697 3395 2753 stola
3447 2697 3596 2767 alba,

1945 2791 2105 2855 atque
2152 2785 2213 2838 in
2266 2782 2523 2837 manibus
2552 2783 2669 2838 suis
2698 2783 3040 2838 Dominicam
3095 2783 3341 2840 lanceam
3388 2793 3596 2855 tenens,

1945 2870 2026 2927 ait
2056 2871 2200 2927 mihi
2234 2888 2248 2928 :
2282 2871 2466 2927 Credis
2495 2871 2637 2927 hanc
2665 2872 2908 2927 lanceam
2956 2888 3073 2928 esse
3097 2872 3225 2929 Jesu
3255 2872 3510 2930 Christi?
3538 2879 3598 2931 et

1943 2960 2217 3033 respondi
2251 2977 2264 3016 :
2299 2959 2488 3028 Credo,
2519 2960 2763 3029 Domine,
2806 2960 2986 3032 quue
3037 2977 3172 3017 cum
3204 2960 3287 3017 sic
3335 2963 3594 3019 secundo

1941 3053 1999 3107 et
2028 3049 2198 3106 tertio
2231 3049 2387 3104 idem
2439 3047 2746 3120 quaesisset
2774 3064 2809 3104 a
2838 3064 2951 3117 me,
2975 3048 3093 3104 dixi
3123 3066 3136 3105 :
3180 3053 3382 3105 Revera
3410 3050 3589 3119 credo,

166 3141 310 3197 lium
338 3136 490 3211 apud
532 3137 723 3193 Deum.
754 3135 821 3191 Et
872 3134 1013 3208 quod
1070 3136 1132 3189 in
1185 3134 1342 3191 corde
1374 3143 1544 3191 vestro
1588 3138 1833 3208 posuerit
1870 3208 1885 3211 Α
1938 3138 2174 3207 domine,
2202 3137 2343 3193 hanc
2367 3152 2478 3192 esse
2506 3137 2769 3205 lanceam,
2804 3151 2930 3209 qua
2954 3138 3371 3207 sanguinemde
3420 3139 3590 3197 latere

166 3231 334 3296 Deus,
366 3208 511 3283 illud
537 3226 723 3299 facite.
754 3224 820 3280 Et
858 3231 1146 3296 postquam
1196 3225 1442 3280 visitavit
1488 3240 1581 3281 vos
1639 3226 1827 3282 beatus
1856 3208 1898 3275 (ἶ
1935 3227 2159 3283 Domini
2180 3226 2355 3282 nostri
2379 3228 2515 3283 Jesu
2542 3224 2752 3281 Christi
2777 3208 2988 3292 eduxit,
3009 3224 3155 3280 unde
3182 3240 3365 3281 omnes
3384 3224 3589 3288 redem-

160 3318 438 3383 Andreas,
470 3317 683 3371 visitate
714 3313 906 3380 illum;
963 3320 1014 3368 et
1067 3314 1234 3385 facite
1288 3320 1353 3368 ut
1404 3313 1606 3384 fratres
1663 3316 1827 3372 vestri
1927 3317 2014 3388 pti
2041 3330 2249 3370 sumus.
2283 3313 2353 3369 Et
2399 3316 2532 3385 post
2576 3311 2698 3367 haec
2726 3328 2861 3368 cum
2892 3311 3114 3385 impetu
3164 3329 3257 3369 me
3303 3311 3585 3370 Raimun-

154 3410 396 3466 visitent
452 3405 634 3461 illum.
681 3403 828 3459 Inter
880 3418 992 3469 vos,
1039 3417 1211 3458 comes
1262 3409 1315 3458 et
1368 3402 1725 3470 Boimundus,
1754 3404 1828 3461 sit

153 3494 464 3556 concordia
502 3501 555 3550 et
598 3492 814 3548 dilectio
844 3492 947 3548 Dei
972 3498 1025 3548 et
1045 3492 1309 3563 proximi.
1342 3491 1409 3547 Et
1440 3493 1493 3547 si
1550 3493 1681 3548 bene
1734 3509 1827 3549 vos

152 3584 648 3649 concordaveritis,
696 3580 859 3636 nulla
903 3596 990 3637 res
1034 3581 1236 3652 poterit
1268 3596 1359 3637 vos
1387 3580 1675 3654 dissipare.
1706 3583 1828 3638 Pri-

152 3693 315 3733 mam
364 3673 667 3745 justitiam,
699 3686 865 3743 quam
919 3668 1118 3725 debetis
1172 3670 1372 3741 facere,
1397 3668 1544 3725 decet
1598 3669 1827 3727 demon-

148 3775 332 3823 stare.
354 3762 511 3819 Sicut
536 3767 665 3816 sunt
720 3759 963 3815 homines
990 3757 1056 3814 de
1083 3757 1318 3830 singulis
1346 3759 1634 3831 episcopiis
1685 3761 1826 3829 suis,

144 3855 532 3929 pvoﬁteantur
557 3848 783 3905 divitias
811 3863 972 3916 suos;
1001 3855 1054 3904 et
1079 3846 1338 3918 adjuvent
1360 3863 1624 3919 pauperes
1644 3846 1709 3903 de
1731 3865 1829 3920 pa-

146 3946 269 4001 tria
313 3957 442 4007 sua,
470 3946 636 4012 prout
679 3944 955 4010 poterunt,
986 3944 1041 3993 et
1065 3952 1280 3992 necesse
1303 3936 1495 4007 fuerit.
1526 3936 1678 3993 Alias
1726 3955 1826 3994 au-

144 4050 290 4106 tem,
342 4030 492 4087 sicut
544 4025 1022 4091 coneordaveritis,
1052 4026 1237 4097 facite.
1264 4024 1415 4094 Quod
1468 4026 1523 4081 si
1578 4026 1740 4093 hanc,
1772 4032 1829 4083 et

143 4125 303 4179 alias
339 4119 596 4192 justitias
626 4124 807 4173 tenere
831 4115 1131 4182 noluerint,
1166 4129 1256 4170 vos
1303 4130 1392 4170 eos
1447 4116 1823 4186 constringite.

142 4214 219 4269 ει
246 4212 305 4267 si
350 4208 559 4280 aliquis
599 4206 775 4261 aliam
819 4205 1095 4260 civitatem
1140 4210 1321 4260 tenere
1365 4203 1615 4271 voluerit,
1648 4204 1713 4261 de
1740 4205 1828 4261 his

143 4318 291 4376 quas
320 4298 482 4354 dabit
512 4296 664 4351 vobis
695 4296 863 4359 Deus,
911 4292 1211 4349 secundum
1257 4294 1632 4366 suprascripta
1659 4295 1828 4365 faciet

142 4400 211 4448 ut
238 4406 301 4446 se
332 4386 649 4445 contineat:
683 4383 748 4440 Si
776 4389 957 4439 autem
983 4382 1163 4453 facere
1208 4382 1475 4449 noluerit,
1506 4398 1677 4438 comes
1704 4399 1828 4439 cum

144 4481 291 4553 ﬁliis
317 4478 424 4534 Dei
449 4491 578 4532 eum
630 4472 883 4545 ﬂagellet.
916 4470 1045 4527 Hac
1074 4487 1208 4527 vero
1264 4470 1524 4544 primum
1583 4470 1822 4541 credita,

1933 3404 2098 3470 dum,
2129 3402 2229 3475 qui
2260 3418 2439 3475 prope
2481 3400 2864 3469 dormiebam,
2899 3400 3185 3458 excitavit.
3219 3401 3337 3475 Ego
3385 3406 3583 3460 autem

1934 3491 2324 3559 Raimundus,
2357 3506 2491 3546 cum
2523 3487 2909 3563 evigilassem,
2943 3488 3314 3562 splendorem
3344 3490 3582 3564 quidem

1933 3580 2238 3638 insolitum
2268 3579 2405 3646 vidi,
2439 3583 2498 3634 et
2527 3577 2698 3651 quasi
2740 3578 3059 3651 quamdam
3101 3577 3352 3652 gratiam
3384 3580 3583 3637 animo

1932 3668 2288 3742 concipiens,
2309 3668 2381 3724 ab
2404 3667 2509 3736 eis,
2524 3667 2624 3740 qui
2648 3667 2909 3736 aderant,
2931 3683 3186 3740 quaerere
3216 3667 3363 3741 ccepi
3384 3672 3589 3727 utrum

1933 3758 2237 3832 quiddam,
2269 3755 2439 3829 quasi
2470 3755 2658 3829 plebis
2695 3754 3243 3824 tumultuationem,
3276 3755 3582 3814 sentirent.

1932 3848 2005 3903 Et
2033 3851 2334 3919 coeperunt
2377 3861 2582 3901 omnes
2621 3843 2720 3900 alii
2751 3844 2941 3901 dicere
2974 3861 2987 3899 :
3023 3844 3265 3902 Minime.
3301 3845 3402 3902 Ille
3455 3862 3591 3904 vero

1936 3937 2160 4007 Petrus,
2186 3934 2282 3991 cui
2315 3933 2436 3990 haec
2467 3932 2736 3990 revelatio
2760 3933 2911 3989 facta
2940 3934 3149 4002 fuerat,
3172 3949 3308 3990 cum
3337 3934 3412 3990 ad
3452 3933 3600 3991 invi-

1934 4041 2061 4081 cem
2092 4041 2159 4081 ea
2178 4040 2305 4096 qua
2327 4039 2505 4096 supra
2528 4020 2782 4078 diximus
2805 4038 3220 4094 quaereremus.
3245 4022 3585 4097 respondit:

1932 4115 2000 4170 Et
2022 4114 2215 4169 merito
2243 4112 2556 4183 gratiﬁeum
2582 4111 2922 4184 splendorem
2963 4110 3055 4167 hic
3099 4113 3432 4185 conspicitis,
3464 4129 3591 4170 cum

1933 4203 2030 4259 ille
2057 4204 2221 4259 Pater
2246 4200 2458 4257 diutius
2486 4201 2577 4256 hic
2609 4202 2882 4268 steterit,a
2912 4216 3015 4273 quo
3044 4203 3223 4257 omnis
3251 4203 3434 4273 gratia
3459 4219 3591 4276 pro-

1933 4291 2093 4348 cedit.
2119 4289 2263 4346 Cum
2296 4293 2491 4347 autem
2524 4289 2597 4345 ab
2647 4305 2713 4345 eo
2763 4305 3178 4362 quaereremus,
3204 4294 3267 4345 ut
3297 4307 3424 4364 quas
3474 4291 3588 4348 sibi

1935 4379 2092 4436 dicta
2109 4380 2340 4435 fuerant
2361 4377 2531 4434 nobis
2552 4376 2971 4444 manifestaret,
2987 4377 3107 4434 haec
3124 4378 3322 4434 comiti
3341 4384 3401 4435 et
3420 4379 3592 4438 nobis

1935 4467 2121 4524 dixit:
2146 4472 2266 4525 Hoc
2300 4474 2451 4523 nocte
2478 4468 2626 4522 venit
2655 4466 2744 4522 hic
2772 4466 3027 4522 dominus
3054 4474 3107 4522 et
3135 4467 3319 4524 beatus
3345 4467 3586 4527 Andreas

142 4566 371 4625 deinde
393 4563 579 4621 oblita
597 4565 767 4630 sunt;
790 4558 1010 4617 etenim
1032 4557 1131 4616 alii
1153 4558 1457 4616 dicebant:
1484 4558 1822 4617 Reddamus
1852 4577 1900 4644 ι)
1932 4561 1994 4616 in
2022 4559 2198 4631 specie
2224 4573 2333 4630 qua
2383 4557 2545 4629 prius
2577 4557 2765 4612 venire
2785 4555 2937 4612 soliti
2972 4563 3124 4644 sunt,
3149 4563 3199 4612 et
3246 4559 3441 4613 tertius
3468 4560 3590 4631 qui-

145 4658 457 4715 civitatem
487 4648 858 4726 imperatori;
882 4647 981 4705 alii
1004 4652 1203 4705 autem
1225 4665 1361 4704 non.
1388 4649 1575 4721 Atque
1606 4647 1690 4704 sic
1718 4665 1822 4722 per
1856 4643 1869 4644 ί
1929 4648 2080 4714 dam,
2108 4647 2267 4719 cujus
2293 4652 2504 4701 statura
2530 4651 2649 4701 erat
2662 4661 2858 4716 parva,
2884 4643 3107 4700 indutus
3138 4645 3322 4715 lineis,
3344 4653 3397 4703 et
3425 4647 3594 4705 barba

148 4741 511 4820 hujusmodi
541 4738 869 4797 discordias
909 4740 966 4794 et
1003 4735 1342 4805 seditiones,
1368 4753 1460 4793 res
1500 4753 1823 4810 pauperum

153 4833 486 4894 annullatze
515 4835 675 4887 sunt.
701 4828 782 4885 De
813 4826 1057 4884 consilio
1083 4829 1278 4882 autem
1313 4825 1469 4899 quod
1500 4827 1656 4899 apud
1688 4827 1831 4883 San'

155 4930 325 4983 ctum
357 4920 654 4979 Andream
687 4917 947 4991 accipere
976 4914 1272 4990 principes
1301 4915 1652 4983 debuerunt,
1679 4914 1826 4971 nihil

157 5016 297 5073 fuit.

792 5094 1023 5153 CAPUT
1060 5094 1208 5152 XIX.

241 5194 411 5251 Inter
437 5188 561 5246 bac
591 5185 767 5245 Turci
799 5185 870 5243 de
899 5183 1094 5258 Calep,
1117 5183 1411 5257 quoddam
1445 5187 1703 5240 castrum
1734 5184 1836 5241 ob-

166 5283 483 5342 sederunt.
504 5275 721 5335 Afﬂicti
751 5276 931 5351 igitur
957 5272 1131 5331 Turci
1153 5272 1254 5346 qui
1275 5271 1438 5328 intus
1466 5276 1656 5345 erant,
1679 5290 1840 5330 man-

166 5373 471 5430 daverunt
498 5366 656 5436 duci,
678 5364 779 5440 qui
824 5364 885 5421 in
934 5363 1055 5420 illis
1084 5361 1425 5435 regionibus
1473 5366 1617 5429 erat,
1648 5366 1714 5418 ut
1743 5357 1837 5420 ca-

168 5468 372 5519 atrum
402 5459 669 5533 ipsorum
701 5452 1160 5528 reciperet,quia
1189 5450 1484 5523 deinceps,
1510 5468 1625 5508 non
1656 5449 1837 5509 alium

171 5550 293 5611 nisi
323 5549 399 5606 de
427 5562 641 5624 genere
691 5545 1051 5602 Francorum
1098 5538 1406 5596 dominum
1436 5538 1653 5597 habere
1680 5539 1839 5599 vole-

168 5638 345 5701 bant.
377 5635 464 5698 0b
495 5634 607 5696 hoc
636 5631 838 5710 itaque
866 5630 986 5689 dux
1022 5624 1388 5688 Antiochiam
1418 5642 1707 5703 reversus,
1744 5644 1841 5691 co.

1938 4737 2276 4809 longissima.
2303 4734 2369 4791 Et
2396 4735 2755 4790 comminatus
2813 4739 2894 4789 est
2945 4733 3092 4789 mihi
3142 4734 3380 4791 multum
3414 4735 3611 4802 beatus

1936 4825 2207 4893 Andreas,
2236 4840 2297 4881 eo
2346 4821 2486 4895 quod
2526 4822 2794 4895 reliquias
2823 4824 3062 4894 corporis
3100 4823 3272 4896 ipsius
3318 4824 3465 4897 apud
3490 4824 3575 4880 An

1938 4913 2205 4971 tiochiam
2258 4918 2497 4984 repertas
2528 4912 2589 4967 in
2617 4912 2841 4968 ecclesia
2895 4912 3092 4984 ipsius,
3127 4913 3191 4967 in
3220 4912 3452 4984 quodam
3479 4913 3593 4971 loco

1934 5002 2161 5075 indigno
2216 5002 2562 5058 demiserunt.
2619 5000 2690 5056 Et
2745 4999 2890 5056 dixit
2942 5016 2956 5055 :
3015 5003 3155 5058 Cum
3206 5002 3586 5073 prtecipitatus

1941 5107 2114 5149 essem
2139 5089 2206 5147 de
2249 5088 2482 5163 quodam
2507 5096 2687 5145 monte
2730 5090 2799 5144 ab
2848 5087 3182 5161 inﬁdelibus,
3215 5088 3350 5146 duos
3399 5089 3572 5163 digito

1943 5182 2086 5237 mihi
2112 5179 2391 5253 confregi;
2440 5187 2599 5252 atque
2625 5186 2744 5253 post
2769 5186 2993 5236 mortem
3022 5195 3203 5235 meam
3246 5178 3337 5235 hic
3378 5181 3468 5236 vir
3514 5194 3605 5237 eos

1947 5271 2168 5343 accepit,
2192 5277 2245 5326 et
2282 5269 2633 5325 .4ntiochiam
2681 5268 2896 5335 detulit,
2931 5275 2982 5324 et
3009 5275 3069 5324 tu
3095 5284 3221 5323 cum
3238 5284 3324 5325 eos
3357 5269 3603 5326 invenis-

1945 5376 2048 5428 ses,
2080 5359 2421 5431 negligenter
2445 5359 2693 5414 habuisti
2721 5375 2740 5413 :
2769 5358 3007 5415 alterum
3030 5373 3224 5430 passus
3252 5373 3308 5413 es
3345 5357 3447 5414 tibi
3474 5355 3580 5413 sub
3597 5393 3622 5407 .

1946 5449 2089 5523 ripi;
2119 5449 2357 5506 alterum
2386 5450 2470 5505 ibi
2498 5448 2725 5518 indigne
2752 5447 3042 5504 dimisisti.
3074 5446 3145 5503 Et
3173 5445 3428 5503 ostendit
3457 5442 3605 5502 mihi

1948 5554 2217 5606 manum,
2244 5536 2373 5594 sine
2403 5538 2637 5596 duobus
2667 5535 2889 5610 digitis.
2911 5535 3114 5594 Deinde
3140 5534 3206 5591 de
3249 5540 3317 5602 te,
3351 5551 3382 5592 ο
3412 5545 3613 5597 comes:

1947 5626 2188 5693 multum
2218 5634 2544 5709 conquestus
2587 5631 2687 5689 est.
2717 5627 2864 5687 Nam
2892 5641 3019 5689 cum
3064 5623 3380 5688 venerabile
3407 5628 3637 5686 manus:
