3996 6096
364 404 483 471 623

869 411 973 472 AD
1019 409 1532 473 GODEFRIDUM
1578 406 1912 471 APPEND.
1958 374 2036 466 Il.
2074 439 2140 450 --
2178 404 2488 469 MONUM.
2536 407 2640 467 DE
2684 406 2934 468 BELLU
2981 406 3256 467 SACRO.
3657 400 3769 465 621

365 544 618 617 nullique
643 543 749 600 alii
775 558 808 600 a
839 546 1073 600 Domino
1115 558 1423 600 concessum
1459 543 1749 613 acceperis,
1781 542 2019 613 graviter
2045 540 2102 606 Α
2130 539 2278 594 mori
2310 556 2489 612 quam
2529 538 2858 613 relinquere
2904 538 3195 596 civitatem
3242 536 3425 593 illam.
3458 539 3593 605 Quae
3641 550 3770 594 cum

365 639 417 690 et
444 633 696 706 nequiter
716 648 939 705 peccare
969 633 1028 688 in
1075 639 1355 704 conspectu
1387 630 1610 687 Domini
1638 646 1747 685 non
1791 630 2016 685 vereris.

373 718 520 780 Unde
545 721 923 779 tibiDominus
951 722 1048 778 hoc
1072 722 1293 791 signum
1310 721 1715 777 demonstravit.
1739 718 1875 773 Nam
1898 724 2026 773 ante

368 812 626 885 quintum
656 811 803 868 diem
849 826 972 867 cum
1002 812 1061 867 in
1088 812 1378 883 festivitate
1428 812 1601 866 beatae
1634 808 1784 865 Fidis
1829 807 2024 864 cande-

371 898 484 956 lam
539 917 803 971 magnam
858 900 1163 968 obtulisses,
1194 907 1257 956 ut
1281 916 1378 972 per
1406 907 1511 955 tres
1540 898 1654 953 dies
1706 905 1757 954 et
1810 897 2029 953 totidem

370 996 551 1046 noctes
576 988 779 1045 durare
800 991 1084 1062 potuisset,
1114 986 1335 1044 nullum
1367 987 1585 1060 quidem
1637 986 1735 1043 illa
1779 987 2026 1059 splendo-

376 1093 493 1135 rem
520 1076 697 1148 dedit;
725 1078 818 1133 sed
845 1079 1035 1134 statim
1082 1078 1392 1150 liquefacta,
1428 1078 1486 1132 in
1542 1084 1743 1132 terram
1800 1077 2025 1132 corruit.

374 1167 440 1225 In
486 1160 588 1224 hac
643 1174 825 1223 autem
876 1174 1030 1223 nocte
1082 1182 1207 1222 cum
1259 1182 1491 1239 parvam
1542 1164 1826 1221 candelam
1875 1164 2027 1221 obtu-

380 1255 551 1323 lisses,
583 1254 715 1312 adeo
771 1263 833 1312 ut
887 1256 985 1312 vix
1014 1271 1183 1328 usque
1234 1254 1306 1310 ad
1360 1254 1502 1324 galli
1556 1261 1777 1310 cantum
1830 1254 2032 1309 durare

373 1352 570 1417 posset,
602 1351 665 1400 ut
690 1343 807 1400 dies
858 1350 940 1400 est
965 1336 1027 1400 et“
1043 1344 1207 1400 durat
1258 1344 1435 1400 adhuc
1487 1360 1587 1400 nec
1614 1345 1779 1399 tertia
1804 1360 1934 1416 pars
1961 1359 2032 1400 ex

381 1449 447 1490 ea
494 1435 773 1490 combusta
826 1440 922 1490 est.
977 1436 1272 1506 Propterea
1295 1434 1414 1489 haec
1441 1433 1545 1488 tibi
1569 1432 1795 1489 mandat
1845 1434 2031 1489 Domi-

381 1539 489 1579 nus
519 1541 539 1578 :
567 1520 723 1579 Nihil
754 1522 1009 1595 incipias,
1041 1524 1157 1579 nisi
1205 1524 1365 1595 prius
1402 1524 1778 1595 paenitentiam
1833 1522 2030 1591 egeris.

376 1610 654 1684 Alioquin
684 1619 744 1668 tu
774 1618 827 1668 et
852 1612 1117 1685 quidquid
1143 1613 1337 1681 egeris,
1371 1619 1431 1666 ut
1459 1611 1687 1666 candela
1716 1612 2029 1683 liquefacta,

378 1700 441 1755 in
470 1706 676 1757 terram
702 1709 942 1757 corrues.
968 1697 1117 1767 Quod
1145 1700 1196 1755 si
1237 1700 1622 1771 paenitentiam
1649 1700 1845 1768 egeris,
1877 1697 2035 1772 quid-

378 1782 511 1861 quid
540 1790 827 1862 incteperis
875 1790 934 1843 in
982 1790 1202 1844 nomine
1233 1789 1473 1855 Domini,
1500 1789 1640 1844 Deus
1690 1789 1953 1860 perﬁciet,
1986 1795 2037 1844 ct

379 1870 796 1949 consunimabit,
829 1885 889 1933 ut
935 1885 988 1933 ct
1031 1877 1313 1933 candelam
1342 1877 1489 1933 vides
1537 1876 1739 1932 durare
1784 1893 2033 1949 parvam,
2066 1909 2111 1974 Β

377 1964 457 2022 sic
481 1968 648 2039 faciet
673 1966 937 2023 Dominus
981 1983 1268 2037 magnum,
1299 1964 1565 2038 quidquid
1593 1967 1836 2038 ca’peris,
1867 1967 2033 2021 etiam

378 2056 433 2111 si
452 2068 688 2128 parvum
730 2056 820 2111 sit.
854 2048 1118 2128 Cumque
1149 2071 1365 2123 comes,
1400 2070 1463 2109 se
1504 2054 1584 2109 ita
1614 2054 1865 2128 graviter
1895 2070 2032 2127 pee-

382 2159 547 2200 casse
575 2147 897 2210 excusaret,
919 2148 1060 2200 tunc
1091 2143 1315 2213 Petrus,
1339 2149 1396 2199 et
1425 2147 1728 2215 peccatum
1762 2142 1874 2200 sibi
1906 2160 2034 2198 nar-

388 2232 557 2300 ravit,
590 2234 648 2288 et
675 2238 872 2289 comes
920 2232 1003 2288 ita
1049 2232 1351 2289 confessus
1391 2235 1499 2299 est,
1532 2234 1589 2288 et
1639 2231 2031 2305 paenitentiam

384 2318 521 2394 egit.
545 2320 615 2377 Et
635 2337 873 2377 rursum
896 2319 1041 2376 dixit
1060 2319 1263 2378 Petrus
1297 2320 1371 2377 ad
1412 2320 1682 2377 comitem
1705 2337 1719 2377 :
1744 2320 2036 2393 Conqueri-

385 2417 496 2477 tur,
528 2426 559 2466 ο
586 2422 785 2478 comes,
814 2409 880 2466 de
907 2410 1242 2466 consiliariis
1287 2411 1394 2466 tuis
1446 2412 1629 2466 beatus
1678 2410 1941 2476 Andreas,
1973 2426 2035 2467 eo

382 2498 525 2571 quod
552 2496 728 2555 multa
754 2499 905 2555 mala
933 2499 1039 2554 tibi
1064 2501 1297 2555 scienter
1323 2500 1703 2555 consilientur.
1728 2499 1905 2568 Quare
1932 2500 2036 2556 tibi

377 2588 708 2661 pracipitur
734 2595 797 2644 ut
822 2586 948 2644 illos
993 2587 1066 2643 ad
1093 2588 1387 2644 consilium
1416 2596 1574 2644 tuum
1613 2604 1725 2644 non
1752 2587 2030 2657 admittas,

381 2678 499 2732 nisi
524 2678 685 2749 prius
712 2677 818 2733 tibi
833 2677 1029 2749 jurent
1057 2676 1196 2749 quod
1224 2678 1461 2733 scienter
1485 2679 1590 2733 tibi
1604 2677 1753 2733 mala
1782 2694 1891 2733 non
1915 2694 2037 2733 con-

382 2764 660 2822 silientur.
693 2765 848 2822 Audi
893 2765 1089 2834 adhuc,
1121 2782 1292 2823 comes
1321 2784 1339 2822 :
1370 2765 1587 2822 Mandat
1633 2766 1738 2822 tibi
1772 2767 2034 2822 Dominus

383 2863 454 2911 ne“
480 2852 693 2911 diutius
721 2871 931 2911 moram
967 2856 1159 2926 facias,
1195 2857 1325 2928 quia
1368 2856 1483 2911 nisi
1528 2857 1688 2928 prius
1733 2856 2035 2912 Jerusalem

381 2950 539 3016 capta
566 2944 757 3015 fuerit,
788 2960 1108 3000 succursum
1147 2945 1366 3000 nullum
1395 2945 1640 3001 habebis.
1674 2946 1808 3001 Cum
1854 2952 2035 3001 autem

378 3047 550 3104 prope
599 3031 909 3089 Jerusalem
961 3034 1158 3105 lueris,
1188 3034 1379 3089 nullus
1414 3050 1515 3106 per
1541 3033 1679 3089 duas
1734 3034 1921 3104 leugas
1953 3034 2034 3089 ibi

384 3118 604 3193 equitet.
640 3119 788 3188 Quod
814 3122 869 3177 si
899 3122 977 3177 ita
1004 3122 1268 3193 feceritis,
1301 3123 1575 3179 civitatem
1614 3137 1774 3177 suam
1810 3119 2035 3178 donabit

380 3208 531 3265 vobis
558 3210 844 3267 Dominus.
874 3209 1010 3266 Post
1039 3209 1160 3266 haec
1181 3209 1397 3267 multas
1417 3209 1639 3285 gratias
1670 3209 1867 3266 retulit
1889 3209 2033 3266 mihi

2131 629 2522 702 profiteretur,
2560 628 2918 685 unanimiter
2945 627 3204 684 laudavit
3233 644 3366 684 eum
3402 626 3674 700 populus,
3698 630 3773 683 at-

2134 734 2247 790 que
2277 718 2392 774 Deo
2426 716 2643 774 multas
2672 717 2891 790 gratias
2913 716 3053 790 egit,
3074 718 3174 790 qui
3202 716 3543 790 episcopum
3576 718 3777 774 Itoma-

2134 824 2276 862 num
2309 806 2367 862 in
2400 804 2664 863 orientali
2689 806 2945 863 Ecclesia
2965 806 3179 863 habere
3203 804 3407 872 voluit,
3428 823 3531 879 pro
3564 805 3655 863 sui
3684 806 3778 863 ad-

2135 894 2911 952 ministratione.Coneessit
2946 894 3217 969 episcOpo
3264 912 3459 951 comes
3511 895 3778 952 medieta-

2136 989 2255 1041 tem
2279 983 2549 1041 civitatis‘
2578 989 2633 1040 ct
2664 984 3169 1041 totius‘territorii.
3193 985 3331 1040 Erat
3356 989 3551 1039 autem
3582 985 3777 1053 Barra,

2138 1075 2209 1131 ab
2239 1072 2545 1130 Antiochia
2571 1073 2742 1148 longe
2774 1092 2877 1147 per
2895 1074 3043 1130 duos
3074 1073 3199 1131 dies
3221 1073 3374 1129 ultra
3391 1074 3777 1132 Antiochiam.

2137 1165 2206 1220 Et
2236 1163 2361 1235 j~m
2409 1162 2709 1219 instabant
2757 1163 2880 1220 Kal.
2913 1163 3191 1220 Novemb.
3224 1161 3285 1219 in
3314 1162 3532 1235 quibus
3579 1166 3781 1221 omnes

2138 1251 2430 1326 principes
2481 1251 2785 1309 convenire
2843 1252 3204 1309 Antiochiam
3263 1252 3673 1326 promiserant,
3725 1257 3782 1309 et

2140 1342 2396 1415 incipere
2424 1341 2534 1397 iter
2564 1344 2798 1414 propter
2829 1342 2983 1415 quod
3022 1345 3318 1397 venerant.
3351 1342 3538 1415 Igitur
3566 1360 3782 1413 eomes,

2140 1430 2339 1487 relicto
2370 1429 2623 1486 exercitu
2657 1448 2763 1486 suo
2790 1430 2944 1503 apud
2986 1430 3225 1487 Barram
3278 1447 3413 1487 cum
3445 1428 3624 1487 electo
3654 1450 3782 1501 suo,

2141 1524 2199 1576 et
2228 1518 2434 1577 multis
2477 1518 2741 1591 captivis,
2774 1523 2832 1574 et
2877 1518 3083 1593 spoliis
3129 1519 3380 1591 magnis,
3412 1536 3547 1576 cum
3578 1518 3784 1594 grandi

2141 1607 2528 1666 exsultatione
2554 1608 2922 1664 Antiochiam
2956 1625 3222 1664 reversus
3264 1612 3372 1664 est.
3396 1610 3788 1666 Convenerant

2142 1697 2299 1754 enim
2330 1696 2412 1753 ibi
2441 1714 2646 1754 omnes
2695 1696 3009 1771 principes,
3035 1702 3242 1771 praeter
3272 1696 3626 1754 Balduinum
3676 1699 3788 1756 fra-

2142 1790 2289 1843 trem
2333 1784 2517 1842 ducis.
2544 1785 2645 1841 llic
2675 1803 2809 1842 vero
2858 1785 3182 1842 Balduinus
3229 1791 3363 1843 ante
3408 1790 3638 1861 captam
3669 1789 3792 1844 An-

2142 1873 2419 1931 tiochiam
2477 1891 2680 1931 versus
2739 1872 3093 1947 Euphratem
3148 1874 3444 1949 profectus
3472 1876 3666 1944 Roais,
3700 1877 3791 1931 di-

2140 1962 2433 2020 tissimam
2464 1963 2756 2019 civitatem
2797 1968 2973 2037 atque
3018 1962 3474 2022 famosissimam
3522 1964 3790 2023 obtinue-

2144 2057 2253 2121 rat,
2284 2058 2340 2109 et
2371 2051 2558 2110 multa
2596 2051 2793 2125 praelia
2824 2069 2957 2108 cum
2996 2052 3204 2108 Turcis
3238 2052 3480 2109 feliciter
3505 2056 3788 2128 gesserat.

2143 2142 2251 2198 Sed
2285 2145 2601 2214 antequam
2632 2142 2704 2197 ad
2752 2141 2976 2214 reliqua
3006 2142 3432 2216 perveniamus,
3466 2143 3575 2200 hoc
3603 2161 3789 2201 unum

2143 2228 2609 2304 praetereundum
2641 2247 2755 2286 non
2786 2229 3016 2286 videtur
3055 2232 3126 2287 de
3166 2230 3313 2287 duce
3352 2231 3740 2307 Lotharingize
3773 2250 3787 2290 :

2142 2318 2245 2393 qui
2292 2336 2428 2374 eum
2486 2318 2854 2375 Antiochiam
2886 2337 2952 2377 eo
2994 2323 3431 2393 tempore,cum
3483 2321 3790 2379 duodecim

2142 2406 2430 2464 militibus
2455 2407 2695 2476 veniret,
2731 2412 2965 2464 centum
2997 2409 3425 2482 quinquaginta
3446 2411 3669 2468 Turcos
3697 2408 3825 2484 οὒκ

2140 2496 2294 2552 viam
2326 2495 2551 2552 habuit.
2575 2497 2738 2552 Tunc
2771 2496 3094 2570 assumptis
3137 2497 3341 2567 armis,
3373 2503 3432 2555 et
3457 2499 3794 2557 cohortatus

2142 2585 2361 2642 milites
2391 2602 2551 2653 suos,
2594 2584 2839 2642 viriliter
2883 2585 3084 2643 hostes
3131 2604 3446 2662 aggressus
3476 2592 3583 2645 est.
3617 2590 3791 2645 Turci

2143 2678 2362 2740 autem,
2392 2679 2458 2730 ut
2486 2674 2757 2731 viderunt
2787 2676 2927 2747 quia
2958 2675 3161 2732 Franci
3193 2682 3437 2733 mortem
3472 2679 3661 2754 magis
3692 2696 3797 2752 pu-

2142 2765 2373 2836 gnando
2394 2780 2572 2836 quam
2598 2764 2795 2836 fugam
2818 2781 2952 2820 cum
2984 2764 3171 2822 salute
3201 2765 3497 2840 eligerent,
3520 2767 3792 2840 quedam

2142 2869 2278 2925 pars
2308 2852 2633 2908 Turcorum
2684 2853 3003 2920 descendit,
3038 2858 3101 2909 ut
3130 2854 3311 2910 aitera
3342 2872 3478 2928 pars
3526 2856 3794 2914 securius

2142 2946 2449 3014 pugnaret,
2474 2957 2607 2996 cum
2638 2941 2855 2997 scirent
2879 2940 3069 2998 socios
3100 2960 3241 2999 suos
3270 2960 3304 2998 a
3332 2943 3504 3011 bello,
3529 2944 3794 3003 dimissis

2142 3029 2309 3101 cquis
2341 3028 2485 3100 suis,
2509 3047 2623 3085 non
2676 3030 3029 3087 dicessuros.
3053 3031 3147 3087 Sic
3194 3031 3392 3105 itaque
3439 3033 3661 3090 bellum
3710 3034 3795 3091 in-

2143 3122 2395 3191 coeptum
2423 3135 2555 3173 cum
2580 3118 2680 3173 diu
2708 3118 3074 3192 graviterque
3104 3121 3360 3189 duraret,
3383 3123 3691 3179 eonfortati
3718 3122 3793 3181 ad

2139 3204 2388 3262 invicem
2419 3205 2635 3263 milites
2656 3207 2844 3275 ducis,
2870 3208 3023 3281 quod
3055 3213 3112 3264 et
3144 3226 3455 3265 numerum
3482 3211 3793 3269 duodecim

382 3301 626 3357 sanctus
653 3299 936 3366 Andreas,
961 3300 1115 3372 quod
1146 3298 1471 3367 ecclesiam,
1498 3317 1626 3372 quae
1657 3316 1762 3356 suo
1795 3299 2032 3355 nomine
2062 3280 2104 3347 (ἶ
2143 3295 2540 3369 apostolorum
2571 3296 2964 3367 continerent;
2997 3302 3055 3354 et
3084 3298 3390 3354 dominum
3421 3317 3597 3356 suum
3624 3298 3795 3374 quasi

382 3382 665 3443 fabricata
695 3386 902 3456 fuerat,
924 3388 1080 3461 apud
1118 3387 1487 3444 Antiochiam
1518 3388 1843 3444 consecrari
1886 3386 2033 3444 fece-

383 3490 532 3530 ram.
564 3474 690 3530 llmc
717 3479 775 3530 et
805 3474 918 3531 alia
940 3474 1083 3531 mihi
1113 3474 1347 3532 locutus
1366 3481 1455 3532 est
1481 3480 1724 3532 sanctus
1750 3477 2031 3545 Andreas,

384 3560 456 3620 de
489 3562 704 3637 quibus
734 3581 891 3620 nunc
927 3581 1042 3621 non
1093 3568 1185 3621 est
1233 3563 1399 3621 locus
1450 3563 1703 3633 dicendi,
1735 3568 1791 3620 et
1820 3564 2037 3621 sublati

382 3654 544 3722 sunt,
578 3652 704 3725 ipse
736 3656 794 3710 et
823 3651 963 3709 socii
994 3654 1143 3726 ejus.

1014 3740 1245 3799 CAPUT
1284 3741 1397 3798 XX.

452 3829 641 3904 Igitur
660 3847 854 3888 comes
871 3847 1005 3888 cum
1029 3830 1244 3904 populo
1265 3848 1611 3905 pauperum,
1628 3836 1685 3890 et
1705 3833 1908 3906 paucis
1934 3832 2037 3888 mi-

378 3916 585 3977 litibus
615 3919 675 3975 in
699 3918 925 3993 Syriam
964 3919 1281 3993 profectus,
1309 3919 1559 3994 primam
1586 3922 1877 3979 civitatem
1910 3923 2037 3979 Sar-

385 4023 753 4077 racenorum,
797 4008 1035 4065 Barram
1081 4009 1335 4079 nomine,
1356 4010 1601 4067 viriliter
1648 4013 2032 4085 expugnavit;

376 4098 435 4152 et
473 4095 662 4154 multa
683 4095 867 4153 millia
888 4098 1339 4155 Sarracenorum
1379 4097 1459 4155 ibi
1486 4098 1795 4167 interfecit,
1814 4104 1871 4158 et
1892 4102 2039 4157 mul‘

387 4184 449 4240 ta
471 4182 659 4241 millia
681 4182 754 4242 ad
780 4186 1142 4243 Antiochiam
1174 4188 1397 4245 reducti
1426 4190 1743 4246 venundati
1776 4195 1933 4246 sunt.
1967 4190 2038 4248 Et

384 4268 520 4331 illos
550 4272 672 4348 qui,
698 4275 838 4331 dum
885 4282 1384 4350 oppugnarentur,
1415 4277 1624 4335 timore
1662 4279 1867 4335 mortis
1897 4297 1957 4336 se
1983 4279 2036 4336 ei

387 4361 790 4431 reddiderunt,
811 4361 1027 4421 liberos
1050 4364 1209 4421 abire
1229 4365 1512 4438 permisit.
1538 4366 1806 4435 Demum,
1834 4366 2035 4424 habito

379 4450 627 4508 consilio
672 4468 808 4508 cum
859 4451 1179 4526 capellanis
1208 4458 1265 4510 et
1298 4452 1665 4527 principibus
1713 4454 1857 4522 suis,
1890 4454 2035 4513 satis

381 4534 759 4597 laudabiliter
786 4544 843 4597 et
871 4541 1113 4599 honeste
1162 4544 1474 4614 quemdam
1526 4545 1881 4601 sacerdotem
1913 4545 2034 4618 epi-

383 4646 628 4702 scopum
663 4628 744 4686 ibi
777 4628 970 4704 elegit.
998 4630 1225 4687 Etenim
1256 4632 1585 4689 convoeatis
1615 4633 1912 4702 omnibus,
1935 4630 2035 4707 qui
2064 4646 2110 4719 D

381 4715 465 4773 ibi
495 4734 693 4774 secum
726 4719 988 4788 aderant,
1015 4720 1259 4792 quidam
1290 4719 1522 4777 comitis
1552 4721 1909 4795 eapellanus,
1939 4740 2038 4796 pa-

376 4802 582 4863 rietem
614 4809 930 4880 quemdam
964 4809 1248 4876 ascendit,
1273 4813 1446 4882 atque
1488 4810 1646 4867 omni
1697 4811 2026 4881 conventui,

374 4894 606 4950 comitis
639 4895 995 4953 desiderium
1043 4897 1457 4955 manifestavit.
1486 4901 1747 4972 Cumque
1778 4899 2030 4973 populus

374 4982 627 5037 multum
662 4981 905 5040 instaret
935 4990 1001 5040 ut
1032 4985 1236 5042 electio
1268 4986 1450 5053 ﬁeret,
1485 4987 1639 5042 idem
1674 4988 1905 5044 comitis
1934 5006 2026 5045 ca-

373 5070 640 5142 pellanus
671 5088 907 5127 rursum
939 5074 1112 5146 ϐ·ῗὲρῆ
1141 5092 1418 5147 quaerere,
1447 5076 1493 5130 si
1520 5081 1674 5133 esset
1703 5077 1782 5132 ibi
1815 5077 2027 5151 aliquis

374 5156 445 5213 de
475 5156 647 5227 clero,
674 5160 774 5231 qui
808 5160 1069 5217 fidelium
1102 5168 1231 5218 vota
1265 5163 1605 5237 susciperet,
1634 5169 1714 5233 et,
1739 5172 2027 5239 quantum

372 5252 591 5321 posset,
617 5248 861 5321 paganis
894 5250 1237 5317 resistendo,
1266 5252 1380 5307 Deo
1403 5258 1461 5309 et
1490 5254 1770 5311 fratribus
1800 5254 1879 5311 ibi
1912 5273 2029 5312 ser-

371 5335 538 5391 viret.
564 5336 826 5408 Cumque
868 5356 1071 5395 omnes
1112 5345 1387 5408 tacerent,
1422 5342 1653 5397 Petrum
1687 5344 2023 5417 quemdam,

370 5420 809 5482 Narbonensem
831 5428 1503 5500 genere,advoeavimus,
1520 5431 1612 5487 cui
1639 5431 1696 5487 in
1719 5434 2026 5505 praesentia

371 5512 555 5570 totius
577 5515 827 5585 consilii,
853 5512 1110 5573 laborem
1135 5517 1508 5591 episcopatus
1534 5521 1921 5591 ostendimus,
1940 5539 2027 5579 ro-

368 5604 577 5677 gantes
596 5609 663 5663 ut
691 5622 795 5680 pro
834 5605 950 5664 Deo
981 5610 1038 5662 et
1067 5623 1172 5680 pro
1217 5607 1495 5664 fratribus
1526 5607 1693 5666 illum
1726 5611 2025 5684 suscipere

366 5700 483 5751 non
514 5690 827 5768 dubitaret,
859 5694 909 5755 si
961 5694 1072 5755 hoc
1102 5694 1162 5755 in
1195 5696 1392 5756 animo
1442 5696 1698 5771 haberet,
1726 5702 1792 5756 ut
1821 5699 2024 5758 mallet

2141 3384 2423 3442 vicarium
2482 3384 2693 3441 Christi
2753 3385 3064 3454 haberent,
3124 3386 3497 3461 imperterriti
3557 3391 3799 3463 agmina

2144 3474 2469 3530 Turcorum
2497 3474 2800 3530 invadunt.
2823 3475 3083 3532 Contulit
3121 3476 3203 3533 ibi
3251 3481 3405 3534 Deus
3454 3482 3679 3535 tantam
3713 3478 3796 3535 vi-

2145 3562 2386 3618 ctoriam
2419 3561 2553 3619 duei
2584 3568 2648 3618 ut
2678 3580 2864 3636 usque
2894 3564 2968 3620 ad
2998 3564 3240 3639 triginta
3271 3583 3337 3621 ex
3368 3566 3453 3622 eis
3482 3567 3795 3638 occideret,

2145 3655 2201 3708 et
2222 3650 2462 3708 totidem
2486 3655 2740 3725 caperet;
2762 3651 3017 3727 reliquos
3031 3660 3374 3727 persecutus
3398 3654 3456 3711 in
3479 3654 3801 3728 paludibus

2145 3744 2203 3797 et
2224 3740 2616 3813 ﬂumine,quae
2642 3740 2830 3797 vicina
2852 3746 3037 3812 erant,
3059 3740 3204 3799 alios
3236 3743 3450 3809 necari,
3474 3743 3623 3801 alios
3654 3746 3800 3803 sub-

2145 3830 2328 3904 mergi
2350 3829 2558 3903 coegit.
2580 3830 2647 3885 Et
2668 3829 2751 3886 sic
2772 3847 2906 3887 cum
2932 3848 3145 3905 magna
3160 3831 3405 3889 victoria
3422 3833 3800 3892 Antiochiam

2143 3919 2328 3986 venit;
2360 3918 2607 3975 faciebat
2631 3919 2787 3975 enim
2815 3920 3005 3993 capita
3035 3938 3316 3978 caesorum
3338 3922 3410 3978 ab
3437 3921 3565 3979 aliis
3586 3924 3803 3982 Turcis

2142 4006 2288 4064 vivis
2316 4007 2524 4065 deferri
2551 4025 2564 4065 :
2594 4009 2749 4081 quod
2779 4008 2995 4065 nostris
3024 4009 3167 4067 satis
3190 4010 3521 4082 jucundum
3553 4012 3685 4068 fuit.

2879 4097 3111 4156 CAPUT
3162 4098 3302 4156 XXI.

2218 4187 2421 4260 Itaque
2451 4204 2586 4242 cum
2619 4203 2824 4244 omnes
2854 4186 3147 4261 principes
3181 4188 3590 4246 convenissent
3616 4190 3679 4246 in
3712 4206 3806 4247 ec-

2145 4275 2323 4333 clesia
2350 4276 2411 4332 B.
2446 4275 2617 4343 Petri,
2642 4276 2711 4332 de
2741 4275 2948 4332 itinere
3000 4282 3196 4333 nostro
3245 4294 3416 4351 agere
3469 4284 3802 4353 coeperunt.

2144 4367 2310 4422 Tunc
2341 4365 2579 4438 quidam
2613 4364 2713 4438 qui
2746 4364 2984 4421 castella
3004 4369 3061 4422 et
3080 4366 3304 4423 reditus
3334 4368 3393 4424 in
3417 4368 3671 4440 regione.
3695 4372 3809 4426 An-

2144 4454 2372 4511 tiochiae
2402 4452 2716 4520 habebant,
2740 4454 3011 4510 dixerunt
3036 4472 3051 4510 :
3086 4455 3229 4524 Quid
3254 4457 3346 4527 fiet
3373 4456 3437 4513 de
3466 4456 3808 4515 Antiochia?

2147 4544 2279 4614 Quis
2306 4542 2543 4599 servabit
2566 4542 2728 4599 eam?
2760 4547 3064 4616 Imperator
3090 4561 3201 4601 non
3228 4547 3422 4602 veniet.
3455 4546 3673 4603 Etenim
3702 4563 3807 4603 ac-

2142 4643 2288 4706 cepto
2316 4634 2512 4689 nuntio
2542 4631 2681 4705 quod
2715 4634 2875 4689 Turci
2899 4632 3208 4690 obsiderent
3232 4650 3351 4700 nos,
3381 4651 3489 4691 non
3520 4636 3806 4708 conﬁdens

2142 4724 2337 4781 virtuti
2380 4737 2515 4790 suae,
2543 4729 2594 4778 et
2649 4721 2936 4778 hominum
2990 4723 3357 4790 multitudini,
3390 4740 3556 4797 quam
3610 4741 3808 4783 secum

2137 4812 2390 4880 habebat,
2448 4812 2686 4884 aufugit.
2746 4811 2829 4867 An
2893 4810 3070 4867 adhuc
3133 4814 3564 4885 exspectabimus
3622 4813 3808 4870 eum?

2139 4900 2289 4957 Certe
2312 4917 2421 4956 non
2464 4902 2643 4957 veniet
2694 4902 2755 4956 in
2809 4901 3091 4957 auxilium
3145 4910 3413 4965 nostrum,
3445 4903 3544 4974 qui
3589 4903 3809 4973 fratres

2137 4998 2347 5046 nostros
2375 4988 2446 5045 ad
2494 4989 2779 5045 auxilium
2823 4990 2922 5046 Dei
2965 4991 3255 5057 venientes,
3288 4998 3350 5047 ut
3394 4998 3810 5048 reverterentur

2136 5081 2325 5148 coegit.
2356 5079 2421 5135 Et
2450 5080 2502 5134 si
2530 5078 2858 5135 dimittimus
2885 5079 3028 5134 hanc
3055 5081 3350 5148 civitatem,
3373 5089 3425 5136 et
3457 5081 3615 5136 Turci
3644 5096 3811 5137 occu-

2131 5176 2263 5240 pent
2301 5184 2440 5236 eam,
2473 5174 2637 5223 erunt
2676 5169 2875 5224 ultima
2901 5170 3089 5242 pejora
3116 5169 3415 5242 prioribus.
3449 5169 3552 5225 Sed
3607 5185 3811 5227 omnes

2134 5256 2428 5312 concedant
2455 5274 2575 5312 eam
2627 5257 2951 5324 Boimundo,
2983 5259 3243 5330 quoniam
3298 5266 3351 5316 et
3409 5260 3524 5331 ipse
3573 5261 3811 5331 sapiens

2133 5352 2229 5413 est,
2263 5354 2316 5401 et
2357 5347 2556 5418 optime
2581 5346 2824 5403 servabit
2851 5363 2971 5402 eam
2981 5368 3002 5415 ;
3031 5354 3083 5404 et
3109 5364 3307 5405 nomen
3362 5349 3483 5419 ejus
3527 5362 3812 5417 magnum

2133 5441 2212 5490 est
2253 5435 2399 5492 inter
2450 5452 2710 5507 paganos.
2743 5436 2816 5491 At
2871 5453 3067 5493 comes
3118 5436 3508 5503 Raimundus,
3543 5439 3601 5492 et
3633 5435 3740 5492 alii
3777 5451 3812 5492 θ

2134 5528 2339 5580 contra
2369 5523 2642 5581 dicebant
2674 5541 2687 5580 :
2720 5512 3386 5598 Imperatori'juravimus
3414 5542 3578 5599 super
3604 5525 3811 5583 Domi-

2133 5615 2315 5669 nicam
2343 5629 2578 5682 crucem,
2599 5620 2651 5669 et
2699 5614 2947 5686 spineam
2992 5630 3271 5685 coronam,
3302 5624 3354 5672 et
3404 5630 3569 5689 super
3617 5614 3813 5672 multa

2133 5703 2244 5762 alia
2303 5710 2492 5761 sancta
2550 5702 2691 5780 quod
2743 5719 2843 5762 nec
2892 5704 3185 5778 civitatem,
3236 5721 3334 5766 nec
3390 5702 3703 5775 castellum,
3736 5702 3814 5764 de
