3994 6082
243 342 344 412 625
1207 350 1427 416 ΒΑΙΜ.
1476 354 1578 417 DE
1620 356 1820 420 AGIL]

2031 360 2144 422 ST.
2193 363 2606 428 HIEROSOL.
3489 373 3608 440 696

234 477 460 538 omnibus
481 479 878 554 pertinentibus
907 481 978 539 ad
999 483 1295 557 imperium
1324 487 1461 561 ejus,
1493 489 1852 548 retineremus
1882 491 1938 562 Α
1966 493 2245 565 virorum,
2280 513 2384 569 per
2412 502 2559 570 sata,
2591 516 2750 558 more
2778 501 3094 575 pecudum,
3125 501 3208 561 ire
3236 501 3483 579 videres,
3517 507 3603 568 fo-

231 570 340 667 sine
361 569 477 667 ejus
499 571 889 667 voluntate.Sic
907 571 1103 667 itaque
1125 573 1254 630 aliis
1285 577 1845 648 contradicentibus,
1959 583 2192 652 diendo,
2224 589 2281 642 et
2308 569 2710 662 investigando
2743 569 2799 646 si
2823 591 2972 648 forte
3019 569 3218 666 aliqua
3269 569 3606 667 grana’fru-

230 658 326 718 hoc
355 659 514 714 modo
527 659 709 716 etalio
727 661 1226 729 modo,intantam
1245 665 1594 723 discordiam
1618 685 1850 726 conver—
1926 675 2162 755 'menti,
2195 673 2283 730 vel
2315 658 2548 746 hordei,
2570 679 2656 735 vel
2695 679 2989 750 fabae,sive
3015 658 3605 758 alio-ujus‘lcguminis

228 751 404 806 terunt
432 748 720 823 principes
753 752 934 808 nostri
967 757 1032 808 ut
1062 771 1208 826 pene
1239 755 1310 810 ad
1361 772 1528 812 arma
1558 757 1841 814 venirent.
1926 748 2294 835 'reperirent.
2338 764 2582 833 Interea,
2615 766 2751 824 licet
2797 748 3209 842 comparentur
3256 748 3384 845 qua:
3426 790 3606 846 supra

226 837 428 896 Etenim
458 838 570 895 dux
599 844 657 895 et
702 855 898 897 comes
946 841 1340 913 Flandrensis,
1373 843 1573 902 leviter
1602 847 1672 903 de
1701 847 1842 904 civi-
1953 852 2302 934 diximusad
2326 857 2784 928 oppugnandum
2809 837 3113 928 mae—binae,
3139 837 3335 917 tamen
3363 837 3601 934 quidam

225 931 328 984 tate
349 927 654 984 Antiochiae
685 928 997 999 habebant,
1043 937 1368 1006 prepterea,
1411 933 1548 990 licet
1605 937 1674 993 de
1715 937 1840 992 Boi-
1951 933 2021 988 dc
2054 933 2271 990 nostris
2299 927 2547 990 videndo
2579 937 2877 994 miseriam
2900 927 3106 1012 populi
3124 940 3306 996 nostri
3337 927 3398 998 et
3425 943 3602 999 auda-

222 1016 420 1073 mundo
448 1015 682 1086 vellent,
702 1019 857 1091 quod
878 1019 1120 1077 haberet
1140 1038 1290 1089 eam,
1315 1026 1508 1080 tamen
1529 1042 1644 1080 non
1667 1026 1843 1082 aude-
1949 1021 2100 1078 ciam
2132 1024 2605 1094 Sarracenorum,
2639 1027 3018 1100 desperantes
3051 1029 3119 1085 de
3142 1029 3243 1086 Dei
3275 1029 3597 1089 misericor-

222 1103 346 1164 bant
372 1103 604 1162 laudare
637 1106 709 1174 ei,
760 1113 1086 1165 metuentes
1134 1109 1432 1168 incurrere
1481 1113 1720 1186 perjurii
1747 1113 1840 1170 in-
1947 1111 2064 1178 dia,
2097 1113 2498 1186 aufugiebant.
2533 1115 2644 1170 Sed
2668 1115 2842 1183 Deus,
2868 1117 2960 1172 cui
2986 1134 3128 1174 cura
3155 1119 3336 1178 estde
3359 1119 3594 1179 famulis

219 1192 454 1250 iamiam.
478 1195 596 1252 Hoc
622 1196 805 1269 igitur
833 1199 1005 1255 modo
1036 1201 1108 1256 de
1137 1200 1365 1268 itinere,
1395 1205 1453 1258 et
1481 1203 1551 1258 de
1582 1202 1712 1259 aliis
1743 1221 1836 1260 re-
1947 1197 2350 1266 suis,ulterius
2371 1201 2634 1258 misereri
2657 1203 2870 1276 populo
2893 1221 2998 1260 suo
3017 1223 3132 1262 non
3158 1206 3590 1288 distulit,quem

218 1283 332 1351 bus,
363 1301 484 1356 quae
518 1283 713 1342 itineri
744 1290 801 1343 et
847 1289 1206 1362 pauperibus
1253 1291 1386 1348 usui
1436 1292 1646 1360 forent,
1679 1293 1838 1350 diffe-
1945 1287 2004 1343 in
2039 1285 2265 1344 ultimis
2295 1287 2778 1348 tribulationibus
2809 1293 3067 1366 positum
3096 1283 3467 1370 vidiLItaque
3487 1315 3592 1372 per

212 1372 445 1432 rebatur.
483 1375 608 1432 "(eo
627 1378 820 1432 autem
845 1394 976 1434 cum
1001 1377 1256 1452 pepulus
1279 1380 1717 1455 vidisset,cmpit
1745 1383 1835 1438 di-
1943 1377 2145 1433 beatos
2177 1377 2472 1450 apostolos
2503 1379 2736 1436 Petrum
2767 1385 2825 1438 et
2853 1383 3142 1440 Andream
3165 1384 3334 1442 nobis
3356 1387 3593 1444 manda-

210 1463 576 1538 cerequisquc
591 1465 667 1522 ad
681 1465 1830 1542 sociumsuum,dcindepalamomnibus:
1939 1465 2041 1534 vit,
2076 1483 2179 1538 per
2209 1483 2354 1538 quos
2375 1465 2735 1524 voluntatem
2754 1471 2882 1542 ejus
2903 1470 3274 1539 sciremus,et
3289 1472 3438 1530 iram
3459 1475 3589 1548 ejus

209 1551 454 1622 Quoniam
477 1557 780 1628 principes,
816 1557 896 1614 υθι
928 1567 1152 1631 propter
1197 1561 1447 1616 timorem
1493 1562 1576 1617 υει
1613 1571 1834 1634 propter
1939 1571 2176 1630 gravem
2207 1571 2343 1627 erga
2374 1573 2480 1610 nos
2511 1555 2740 1628 placare
2769 1558 3195 1630 possemus.llli
3216 1560 3397 1636 igitur
3417 1563 3476 1620 in
3499 1579 3590 1620 ca-

200 1642 495 1713 juramenta
526 1660 654 1718 quae
683 1648 1006 1718 imperatori
1021 1651 1390 1720 fecerunt,nos
1414 1652 1472 1705 in
1492 1651 1777 1707 Ilierusale

2013 1643 2152 1700 llam
2185 1643 2416 1700 comitis
2454 1644 2770 1714 venientes,
2805 1664 2908 1720 per
2951 1648 3136 1705 noctis
3169 1651 3448 1720 medium,
3482 1657 3587 1710 Pe-

206 1729 378 1788 ducere
402 1735 620 1801 nolunt,
652 1736 923 1804 eligamus
951 1737 1016 1792 de
1043 1739 1583 1811 militibus,aliquem
1610 1743 1831 1812 fortem,
1937 1739 2115 1800 trum,
2151 1734 2243 1790 cui
2264 1733 2526 1790 lanceam
2555 1736 2949 1806 ostenderant,
2983 1737 3398 1796 excitaverunt.
3424 1743 3587 1799 Tunc

204 1821 283 1877 cui
305 1819 538 1892 ﬁdeliter
580 1824 884 1894 serviendo,
931 1835 983 1881 et
1038 1829 1147 1883 tuti
1174 1844 1288 1884 esse
1337 1830 1649 1900 possimus,-
1679 1837 1750 1897 ει,
1781 1831 1831 1884 si
1857 1869 1905 1938 Β
1937 1822 2036 1879 ille
2069 1822 2493 1889 subito,videns
2523 1841 2621 1879 eos
2651 1823 2894 1881 deformi
2917 1831 3074 1883 veste
3102 1830 3159 1883 et
3179 1828 3587 1887 sordidissima

207 1912 360 1938 ,ιιι-κι-
394 1911 486 1938 n..'
519 1920 590 1938 ..-ι
645 1912 816 1938 -AJ...”
867 1915 1041 1938 -_:I.'n-
1094 1915 1223 1938 J-.--
1272 1918 1321 1938 .'__
1390 1918 1667 1938 !____-_l-._,
1711 1935 1797 1938 “id
1941 1913 2174 1938 :....J..l.....
2230 1912 2460 1938 ...ι-....ζ..ζῖ.⁸
2494 1913 2592 1938 --ιηε
2645 1912 2900 1938 ..-ἱέκηὲμ
2941 1917 3253 1938 υ-..-ι.-..ι
3294 1917 3509 1938 _-_!-1_,
3542 1921 3558 1938 ι

201 1912 362 1984 gratia
387 1911 486 1968 Dei
512 1920 610 1978 est,
637 1912 822 1970 eodem
866 1915 1041 1970 milite
1087 1915 1224 1972 duce
1267 1918 1327 1972 in
1375 1918 1674 1974 Jerusalem
1699 1935 1826 1990 per-
1857 1911 1905 1938 ”
1940 1913 2196 1980 indutos,
2228 1912 2462 1969 scriniis
2494 1913 2594 1968 ubi
2645 1912 2904 1986 reliquiae
2941 1917 3257 1974 manebant
3287 1917 3581 1988 assistere,

202 2001 478 2058 veniamus.
512 2003 695 2060 Helio!
726 2020 834 2058 non
861 2006 1067 2076 sufﬁcit
1087 2007 1432 2078 principibus
1470 2009 1667 2064 nostris
1689 2007 1828 2080 quod
1935 2018 2222 2075 pauperes
2251 2019 2380 2058 esse
2408 2002 2636 2076 aliquos
2665 2003 3036 2078 credidit,qui
3068 2005 3289 2082 aliquid
3311 2007 3383 2064 de
3401 2013 3585 2066 tento-

202 2089 279 2147 hic
321 2107 417 2164 per
461 2109 676 2148 annum
719 2093 949 2165 fuimus,
1008 2101 1060 2150 et
1107 2094 1338 2151 ducenta
1393 2097 1578 2152 millia
1635 2115 1826 2152 arma-
1936 2091 2020 2148 rio
2054 2091 2265 2148 vellent
2295 2093 2618 2166 subripere.
2661 2093 2796 2150 Erat
2826 2094 2982 2152 enim
3034 2101 3276 2158 sanctus
3321 2099 3581 2158 Andreas

199 2187 360 2236 torum
383 2183 472 2237 hic
499 2191 820 2255 consumpta
861 2187 1036 2240 sunt?
1081 2185 1325 2241 Habeant
1369 2187 1468 2258 qui
1503 2187 1776 2256 voluntas

2000 2181 2177 2237 dutus
2208 2181 2408 2238 tunica
2436 2181 2636 2248 veteri.
2668 2187 2725 2238 et
2755 2183 2825 2240 ad
2857 2182 3135 2241 humeros
3155 2185 3412 2259 dirupta,
3431 2192 3490 2244 et
3519 2187 3577 2244 in

200 2286 310 2325 rum
335 2272 697 2344 imperatoris,
756 2281 807 2328 et
853 2275 953 2344 qui
997 2274 1185 2329 volunt
1231 2275 1477 2330 redditus
1521 2275 1828 2338 Antiochia
1935 2269 2219 2326 foramine
2247 2269 2470 2326 sinistri
2502 2270 2732 2328 humeri
2787 2289 3021 2347 pannus
3078 2273 3314 2332 insutus
3341 2283 3485 2346 erat,
3517 2277 3578 2334 in

199 2357 428 2416 habeant.
459 2361 570 2418 Nos
599 2369 800 2425 autem,
832 2361 1045 2418 Christo
1088 2381 1190 2436 pro
1237 2380 1342 2436 quo
1387 2366 1636 2421 venimus
1667 2366 1820 2433 duce,
1934 2359 2134 2415 dextro
2166 2359 2334 2426 nihil,
2369 2365 2426 2415 et
2455 2360 2645 2415 vilitcr
2681 2360 2973 2418 calceatus
3022 2367 3180 2432 erat;
3216 2364 3420 2421 beatus
3443 2382 3578 2424 vero

144 2453 152 2465 '
193 2451 286 2506 iter
309 2459 551 2506 nostrum
585 2451 996 2520 aggrediamur.
1036 2455 1268 2508 Pereunt
1313 2455 1459 2509 male
1512 2455 1610 2526 qui
1638 2455 1824 2510 volunt
1935 2448 2160 2516 Pclrus,
2195 2448 2439 2506 camisia
2467 2455 2756 2523 grossa,ct
2785 2449 2957 2524 longa
2989 2469 3177 2525 usque
3209 2453 3281 2508 ad
3309 2454 3458 2514 talos
3488 2453 3578 2514 in-

195 2535 424 2595 habitare
451 2541 939 2606 Antiochize,sicut
959 2559 1134 2615 nuper
1151 2542 1486 2599 habitatores
1505 2546 1622 2617 ejus
1638 2546 1772 2616 perit

1998 2543 2110 2593 itus
2139 2543 2281 2594 erat.
2311 2540 2476 2594 Tunc
2509 2537 2590 2594 ait
2619 2539 2690 2595 ad
2722 2557 2820 2595 cos
2847 2537 3053 2598 Petrus
3087 2541 3575 2605 Bartholomaaus:

198 2635 325 2694 runt,
361 2629 506 2698 Quod
557 2631 612 2685 .ςί
666 2629 785 2688 hac
837 2637 992 2687 tanta
1048 2633 1117 2688 lis
1163 2632 1393 2701 diutius,
1438 2642 1662 2706 propter
1705 2634 1820 2688 An-
1933 2628 2038 2696 Qui
2064 2629 2210 2693 estis,
2251 2630 2496 2696 Domini,
2532 2629 2614 2683 vel
2644 2629 2775 2700 quid
2823 2631 3226 2700 quaeritisiﬂt
3282 2633 3584 2712 respondit

193 2718 447 2790 liocliiam,
476 2719 668 2788 datur,
700 2720 991 2776 diruemus
1037 2738 1223 2778 muros
1274 2722 1412 2792 ejus,
1462 2731 1514 2778 et
1557 2739 1671 2795 pax
1697 2739 1824 2794 qum
1930 2716 2137 2774 beatus
2169 2716 2372 2772 Petrus
2397 2759 2409 2771 .
2439 2718 2626 2787 Legati
2669 2734 2858 2773 sumus
2888 2719 3004 2774 Dei.
3055 2721 3164 2791 Ego
3211 2736 3336 2776 sum
3362 2723 3581 2791 Petrus,

191 2813 302 2862 ante
345 2817 561 2880 captam
613 2810 892 2866 civitatem
942 2812 1219 2883 principes
1294 2813 1490 2882 tenuit,
1549 2811 1822 2868 destructa
1929 2814 1980 2863 et
2012 2807 2109 2861 iste
2136 2813 2212 2860 est
2239 2805 2498 2862 Andreas.
2554 2804 2658 2860 Sed
2691 2807 2961 2862 voluimus
3010 2809 3117 2864 tibi
3165 2810 3222 2864 in
3266 2810 3364 2866 hoc
3392 2810 3585 2869 habitu

193 2895 392 2952 civitate
438 2897 654 2954 eosdem
709 2901 931 2956 tenebit.
991 2900 1271 2972 Alioquin,
1331 2909 1622 2972 antequam
1676 2903 1822 2974 fume
1930 2911 2211 2967 apparere,
2241 2903 2300 2950 ut
2328 2912 2615 2966 cognoscas
2635 2904 2901 2968 quantum
2933 2899 3152 2969 proﬁcit
3204 2900 3303 2972 qui
3349 2904 3459 2956 Deo
3489 2901 3584 2960 de-

193 2987 392 3042 omnino
418 2995 469 3043 et
509 2987 678 3045 ardia
725 2988 817 3044 hic
869 2988 1210 3062 deﬁciamus,
1251 2991 1322 3046 ad
1357 2993 1586 3062 propria
1625 2992 1824 3048 reuerti
1928 2991 2044 3040 vote
2070 2987 2279 3052 servit;
2309 2984 2409 3039 hac
2441 2987 2500 3040 in
2527 2992 2688 3042 wtate
2715 2993 2766 3040 et
2813 2986 3025 3055 habitu,
3057 2987 3244 3060 quales
3273 3005 3370 3045 nos
3409 2989 3575 3060 vides,

193 3069 545 3132 debemusHis
577 3081 752 3150 atque
784 3076 916 3134 aliis
941 3077 1012 3134 de
1041 3078 1235 3134 causis
1265 3080 1593 3136 discordem
1618 3096 1820 3152 pacem
1927 3073 1998 3130 ad
2016 3075 2186 3130 Deum
2219 3073 2479 3142 venimus,
2513 3082 2564 3130 et
2583 3074 2718 3130 tales
2745 3091 2954 3132 sumus.
2988 3077 3058 3132 Et
3106 3075 3215 3133 hoc
3245 3076 3400 3135 dicto
3429 3077 3574 3136 tales

195 3177 371 3220 comes
395 3170 450 3221 et
479 3167 848 3222 Boimundus
880 3167 1032 3223 inter
1052 3185 1114 3223 se
1137 3169 1612 3242 fecerunt.lgitur
1631 3169 1823 3224 termi-
1862 3241 1872 3242 ί
1929 3163 2164 3218 fuerunt
2185 3167 2251 3217 ut
2280 3161 2426 3218 nihil
2459 3162 2542 3218 eis
2573 3161 2810 3234 clarius,
2844 3162 2990 3219 nihil
3019 3163 3342 3238 pulchrius.
3368 3165 3572 3224 Petrus

191 3257 310 3308 nato
337 3253 444 3324 dic,
469 3256 721 3327 jubetur
749 3255 1004 3329 populus
1053 3259 1365 3330 prmparari
1424 3241 1494 3314 ad
1539 3259 1810 3314 devotum
1845 3241 1887 3308 C
1925 3268 2057 3307 vero
2089 3250 2188 3324 qui
2218 3251 2339 3307 haec
2369 3251 2623 3320 videbat,
2654 3252 2849 3308 subita
2895 3252 3156 3310 claritate
3202 3253 3567 3330 perterritus,

191 3338 307 3397 iter.
1922 3341 2098 3399 veluti
2133 3347 2402 3398 mortuus
2433 3341 2642 3398 cecidit
2675 3341 2733 3397 in
2765 3346 3074 3410 terram,et
3101 3361 3217 3416 prae
3250 3343 3433 3400 nimia
3459 3361 3568 3401 an-

770 3435 1002 3492 CAPUT
1040 3437 1207 3494 XXII.
1547 3499 1558 3506 _
1923 3431 2117 3504 gustia
2147 3431 2392 3496 sudans,
2425 3435 2645 3486 nattam
2670 3448 2846 3506 super
2865 3449 3042 3505 quam
3061 3433 3348 3490 ceciderat
3365 3432 3570 3498 hume-

249 3522 586 3596 Praparatis
617 3524 793 3597 igitur
823 3525 1185 3595 necessariis,
1219 3527 1312 3582 die
1342 3527 1816 3599 constituta,pro-
1923 3520 2076 3577 fecit.
2111 3521 2274 3576 Tunc
2303 3519 2545 3576 elevavit
2572 3537 2706 3576 eum
2739 3521 2946 3578 beatus
2976 3522 3198 3592 Petrus,
3224 3526 3281 3580 et
3311 3521 3456 3580 dixit
3473 3522 3564 3582 ei:

189 3611 354 3670 iectus
379 3620 470 3670 est
499 3630 700 3670 comes
729 3614 925 3670 Sancti
951 3614 1183 3688 .‘Egidii,
1217 3620 1483 3672 ctcomes
1503 3615 1766 3672 Flandrel

1987 3612 2134 3665 'viter
2161 3609 2421 3666 cecidisti.
2455 3611 2522 3664 Et
2552 3609 2648 3666 ille
2706 3609 3044 3684 reSpondit:
3077 3613 3159 3668 Ita
3187 3619 3285 3679 est,
3329 3611 3564 3670 domine.

187 3700 260 3758 sis
288 3703 342 3757 in
357 3703 589 3776 Syriam
609 3703 824 3775 ;ibique
845 3703 1479 3771 Marram,ditissimam
1498 3706 1814 3774 civitatem,
1924 3699 1994 3754 Et
2025 3715 2230 3754 rursus
2263 3699 2467 3754 beatus
2482 3699 2685 3754 Petrus
2709 3699 2821 3754 :Sic
2847 3700 3041 3756 cadent
3068 3717 3252 3757 omnes
3283 3702 3380 3774 qui
3399 3702 3458 3757 in
3481 3704 3568 3758 in-

191 3794 240 3844 et
259 3791 597 3864 populosam
615 3792 1136 3850 obsederunt.Erat
1153 3801 1348 3851 autem
1375 3793 1565 3850 Merra
1586 3812 1620 3850 θ,
1640 3795 1817 3850 Barra
1923 3787 2243 3843 credulitate
2274 3789 2353 3842 vel
2393 3791 2822 3858 transgressione
2873 3790 3260 3846 mandatorum
3297 3793 3401 3846 Dei
3419 3799 3568 3851 sunt.

189 3876 340 3953 longe
366 3887 492 3938 octo
525 3879 898 3938 milliaribus.
925 3882 994 3938 Et
1022 3887 1188 3952 erant
1206 3883 1359 3939 cives
1383 3883 1585 3939 Marrae
1616 3882 1697 3939 ita
1721 3901 1766 3939 SI

1998 3877 2029 3933 d
2057 3877 2110 3933 si
2131 3879 2390 3949 pteniteat
2443 3894 2530 3933 eos
2577 3877 2641 3933 de
2689 3879 2996 3950 malefactis
3040 3880 3178 3945 suis,
3207 3887 3259 3934 et
3301 3879 3372 3934 ad
3405 3885 3575 3936 Deum

191 3969 353 4038 perbi,
384 3971 522 4043 quia
551 3970 810 4042 quodam
840 3975 1102 4044 tempore
1133 3972 1191 4026 in
1233 3973 1484 4044 quadam
1519 3990 1716 4046 pugna
1746 3974 1818 4031 de
1924 3968 2178 4032 clament,
2208 3968 2373 4034 erigit
2400 3981 2486 4021 eos
2519 3967 2805 4034 Dominus,
2836 3969 2980 4023 sicut
3008 3984 3105 4037 ego
3142 3984 3268 4024 cum
3293 3968 3573 4026 cecidisses

191 4058 384 4115 nostris
417 4059 638 4116 multos
667 4060 1020 4129 occiderant,
1047 4066 1103 4117 et
1123 4061 1397 4118 exercitui
1423 4066 1620 4118 nostro
1643 4062 1816 4119 male.
1923 4065 1972 4112 te
2001 4057 2172 4112 erexi.
2207 4056 2271 4110 Et
2298 4057 2437 4110 sicut
2465 4055 2630 4111 sudor
2659 4063 2783 4111 tuus
2835 4057 2916 4112 ibi
2959 4073 3124 4129 super
3169 4064 3359 4114 natam
3381 4057 3573 4115 cecidit

189 4144 455 4214 dicebant,
485 4153 546 4206 et
577 4148 1076 4217 conviciabantur,
1097 4153 1238 4206 etut
1269 4151 1519 4207 maxime
1549 4169 1656 4207 nos
1683 4169 1815 4224 pro-
1922 4153 1973 4202 et
2005 4146 2286 4210 remansit,
2317 4146 2398 4200 sic
2417 4152 2634 4216 peccata
2665 4144 2735 4200 ad
2762 4161 2817 4200 se
2863 4146 3222 4201 clamantium
3252 4147 3395 4202 tollit
3427 4151 3570 4203 Deus

191 4242 454 4304 vocarent,
487 4253 695 4294 cruces
721 4253 900 4308 super
927 4254 1132 4294 muros
1161 4243 1462 4310 ponentes,
1496 4237 1698 4295 multis
1725 4237 1815 4294 in-
1921 4243 1972 4292 et
1999 4237 2200 4306 aufert.
2233 4235 2332 4289 Dic
2358 4233 2502 4288 mihi
2553 4234 2813 4305 quomodo
2843 4251 2898 4290 se
2952 4235 3111 4291 habet
3151 4234 3471 4292 exercitus?
3498 4236 3570 4292 Et

187 4323 342 4394 juriia
367 4342 465 4382 eas
494 4325 852 4382 afﬁciebant.
884 4327 996 4382 [lac
1019 4325 1216 4399 itaque
1239 4327 1308 4382 de
1337 4344 1535 4395 causa,
1559 4329 1816 4384 secunda
1923 4323 2224 4396 respondit
2255 4321 2348 4378 ille
2373 4339 2385 4378 :
2423 4322 2590 4393 Certe,
2639 4322 2876 4390 domine,
2919 4325 2979 4378 in
3025 4341 3222 4396 magno
3269 4326 3462 4382 timore
3489 4327 3570 4397 fa-

189 4411 576 4470 dieadventus
605 4413 810 4481 nostri,
837 4414 918 4470 ita
943 4415 1154 4470 acriter
1199 4433 1296 4471 cos
1347 4417 1815 4488 oppugnavimus
1920 4415 2026 4468 mis
2067 4421 2118 4468 et
2146 4415 2306 4468 totius
2353 4413 2594 4469 miseriae
2647 4420 2794 4468 sunt.
2857 4413 2925 4468 Et
2975 4412 3182 4468 beatus
3240 4412 3472 4470 Petrus:
3505 4415 3570 4472 Et

196 4505 254 4555 ut
279 4500 324 4556 si
352 4507 604 4574 quatuor
631 4502 822 4560 scalas
854 4508 988 4576 plus
1020 4502 1637 4577 habuissemus,capta
1660 4511 1815 4562 esset
1920 4518 2109 4559 revera
2135 4504 2194 4558 in
2224 4519 2420 4574 magno
2449 4503 2644 4557 timore
2689 4517 2800 4557 esse
2841 4510 3085 4573 possunt,
3136 4504 3235 4575 qui
3262 4503 3433 4558 Deum
3459 4520 3569 4560 om-

195 4586 394 4660 civitas,
425 4591 526 4648 sed
558 4591 838 4664 quoniam
853 4607 967 4648 non
981 4591 1298 4648 habuimus
1311 4593 1420 4648 nisi
1440 4593 1813 4663 duas,etillas
1844 4616 1888 4682 ι)
1921 4593 2248 4664 ηἱροιθηιεηι
2273 4591 2648 4659 deseruerunt,
2716 4607 2814 4646 nec
2857 4591 3229 4662 periculorum
3270 4591 3335 4648 de
3372 4593 3566 4665 quibus

195 4679 404 4736 easdem
437 4681 642 4736 breves
669 4684 728 4736 et
755 4679 1008 4754 fragiles,
1037 4681 1180 4738 adeo
1201 4686 1266 4737 ut
1285 4683 1488 4737 timide
1519 4701 1696 4756 super
1715 4699 1813 4740 eas
1846 4679 1877 4682 ’⁷
1921 4682 2068 4736 eruit
2085 4698 2171 4737 eos
2199 4680 2572 4746 recordentur,
2606 4688 2665 4736 ut
2694 4681 2943 4752 aliquam
2966 4681 3210 4748 gratiam
3231 4681 3286 4737 ei
3303 4682 3564 4752 referant.

196 4769 481 4826 ascendere
511 4769 888 4837 timebamus,
919 4771 1252 4826 consultum
1274 4776 1362 4826 est
1387 4777 1452 4827 ut
1473 4773 1678 4828 ﬁerent
1695 4789 1814 4828 ma-
1921 4771 2136 4826 Etenim
2165 4787 2285 4824 cum
2320 4771 2436 4825 illic
2465 4770 2641 4825 essetis
2677 4785 2882 4834 omnes,
2914 4770 3046 4824 victi
3070 4777 3121 4824 et
3167 4769 3452 4825 humiliati
3478 4771 3566 4826 in-

196 4853 358 4913 chinss
385 4863 442 4913 ct
469 4865 680 4927 crates,
703 4859 1670 4932 etaggeres,quibusimpclleretur
1691 4878 1814 4916 mu-
1920 4862 2009 4932 [να
2039 4860 2400 4927 Antiochiam,
2441 4860 2573 4931 quia
2619 4859 2897 4914 clamastis
2943 4857 3014 4913 ad
3071 4859 3369 4914 Dominum
3412 4859 3564 4930 adeo,

197 4959 303 5010 rus,
331 4949 386 5002 et
412 4947 780 5015 cll‘oderetur,
812 4952 869 5004 ct
911 4953 1329 5021 coaequaretur.
1393 4950 1620 5005 Interea
1662 4951 1816 5007 venit
1923 4958 1982 5004 ut
2009 4966 2107 5004 nos
2137 4950 2235 5020 qui
2265 4950 2321 5004 in
2342 4949 2469 5003 cazlo
2509 4964 2730 5003 eramus
2778 4964 2962 5003 omnes
3009 4947 3346 5016 audiremus,
3395 4965 3566 5004 exau-

193 5030 534 5092 Boimundus
563 5053 698 5092 cum
719 5036 971 5094 exercitu
995 5053 1126 5104 suo,
1147 5040 1205 5092 et
1226 5036 1453 5092 obsedit
1473 5055 1600 5093 eam
1615 5054 1683 5093 ex
1702 5037 1817 5095 alia
1923 5039 2060 5094 dicit
2089 5055 2179 5094 vos
2211 5039 2494 5105 Dominus,
2529 5045 2579 5092 et
2611 5037 2857 5093 lanceam
2884 5053 3045 5092 suam
3073 5038 3233 5109 quasi
3255 5037 3458 5110 pignus
3486 5039 3569 5093 vi-

197 5124 368 5191 parte;
397 5141 601 5181 rursus
631 5141 746 5182 non
774 5126 1132 5198 comparatis
1163 5127 1541 5182 armamentis
1563 5145 1691 5200 qua:
1723 5145 1817 5184 su-
1922 5129 2113 5184 ctoriw
2145 5127 2292 5182 vobis
2319 5127 2548 5183 contulit
2617 5125 2812 5181 deinde
2869 5127 3101 5198 miriﬁce
3155 5133 3207 5182 et
3246 5126 3480 5196 gloriose
3507 5126 3571 5183 de

195 5223 290 5280 pra
315 5211 584 5282 diximus,
615 5213 784 5286 quasi
831 5232 935 5288 per
989 5215 1448 5272 cohortationem
1506 5215 1817 5272 Boimundi
1926 5217 2169 5272 inimicis
2201 5217 2408 5283 vestris,
2441 5217 2538 5288 qui
2567 5233 2656 5272 vos
2687 5215 3022 5283 obsederant,
3053 5215 3391 5289 triumphare
3419 5217 3568 5287 fecit.

197 5297 284 5366 qui
315 5299 483 5371 priori
513 5304 932 5376 oppugnationi
957 5321 1068 5360 non
1093 5303 1682 5370 adfuerat,voluimua
1702 5304 1818 5361 val-
1923 5306 1988 5362 Et
2017 5322 2164 5361 nunc
2211 5304 2473 5378 quomodo
2520 5305 2742 5361 creditis
2789 5322 2878 5360 vos
2907 5323 3017 5362 esse
3061 5313 3224 5374 tutos,
3273 5306 3374 5382 qui
3401 5306 3572 5364 Deum

192 5381 306 5441 lum
323 5389 684 5462 complendo,
718 5393 989 5450 invadere
1019 5411 1277 5450 murum.
1315 5395 1425 5450 Sed
1460 5393 1568 5450 hoc
1600 5397 1819 5450 frustra
1925 5397 2167 5464 graviter
2193 5395 2535 5466 offendistis?
2561 5396 2822 5450 Poterant
2854 5411 2940 5450 vos
2987 5403 3194 5451 montes
3240 5395 3461 5461 excelsi,
3488 5395 3572 5451 vel

195 5472 324 5542 fuit;
357 5495 489 5534 nam
519 5481 702 5538 multo
729 5483 986 5539 deterius
1006 5500 1183 5555 quam
1217 5487 1554 5548 antea,tunc
1583 5501 1812 5557 pugna-
1925 5491 2087 5539 antra
2118 5485 2306 5540 tueri?
2335 5484 2545 5539 Etenim
2567 5485 2621 5539 si
2649 5485 2830 5539 essetis
2869 5485 2930 5538 in
2979 5485 3164 5556 aliquo
3195 5484 3307 5539 loco
3335 5484 3566 5552 excelso,

197 5565 308 5622 tum
337 5571 442 5624 est.
475 5567 606 5626 Post
634 5571 757 5627 hanc
787 5576 950 5628 tanta
999 5572 1183 5628 fames
1241 5573 1299 5628 in
1330 5573 1584 5628 exercitu
1618 5574 1725 5628 fuit
1757 5577 1820 5629 ut
1925 5582 1978 5632 et
2000 5575 2334 5644 ﬁrmissimo,
2367 5581 2417 5628 et
2466 5572 2820 5629 abundaretis
2849 5573 3100 5628 omnibus
3146 5574 3278 5631 vita?
3324 5589 3570 5630 necessa-

199 5655 338 5723 quod
371 5656 523 5714 dictu
559 5664 643 5716 est
673 5659 1170 5734 miserabile,plus
1199 5679 1376 5734 quam
1409 5663 1610 5718 decem
1635 5662 1818 5719 millia
1930 5666 2050 5731 riis,
2084 5679 2191 5718 non
2221 5671 2398 5719 tanta:
2427 5664 2609 5718 securi
2631 5663 2857 5733 possetis
2886 5678 3019 5730 esse,
3049 5679 3173 5718 cum
3190 5664 3487 5734 unicuique
3505 5660 3571 5715 de
