3996 6096
380 341 496 405 627

885 340 989 404 AD
1022 284 1547 405 DODEFRIDUM
1591 337 1931 401 APPEND.
1975 336 2055 400 Il.
2087 369 2166 382 -
2195 333 2508 400 MONUM.
2555 336 2658 399 DE
2698 336 2950 401 BELLO
2994 336 3271 401 SACRO.

3656 334 3777 400 628

378 478 529 533 vobis
556 482 773 533 centum
796 475 983 531 millia
1011 474 1449 531 adversariorum
1478 475 1845 530 imminerent.
1878 475 2023 529 Inter
2049 470 2105 538 Α
2132 474 2292 528 extra
2323 470 2763 544 muros.Sicque
2779 489 2894 528 non
2928 472 3116 529 multa
3144 471 3334 547 spolia
3352 477 3521 547 capta
3540 472 3781 531 fuerunt

378 583 469 623 vos
497 565 670 624 caedes
698 574 748 623 et
777 567 995 639 rapinae
1038 572 1183 632 sunt,
1225 572 1276 620 et
1301 566 1474 637 furta,
1520 565 1677 619 nulla
1697 563 1940 636 justitia,
1975 570 2028 618 et

383 657 633 729 plurima
664 654 956 721 adulteria,
990 670 1115 709 cum
1141 655 1246 709 Deo
1271 654 1543 725 placitum
1587 654 1680 719 sit,
1734 653 1785 707 si
1826 668 2025 708 uxores

379 762 472 802 vos
497 762 678 802 omnes
705 745 932 801 ducetis.
968 748 1045 800 De
1081 744 1303 815 justitia
1344 758 1489 808 vero,
1520 743 1601 799 sic
1645 743 1900 814 pracipit
1922 742 2025 797 Do-

308 874 325 885 ,
380 836 587 901 minus,
633 842 695 890 ut
739 836 1050 906 quicunque
1093 834 1329 904 pauperi
1385 832 1702 887 violentiam
1754 832 2025 897 intulerit,

384 922 650 998 quidquid
673 931 750 979 est
780 925 840 979 in
868 922 1025 978 domo
1072 923 1422 993 oppressoris,
1467 921 1794 993 publicetur.
1844 923 1919 977 De
1937 920 2028 977 de-

383 1014 541 1070 cimis
570 1021 752 1069 autem
769 1012 908 1069 dico.
944 1012 1083 1085 quod
1111 1013 1165 1067 si
1190 1028 1280 1067 eas
1310 1010 1567 1078 reddatis,
1591 1010 1855 1083 quidquid
1885 1011 2032 1067 vobis

383 1118 595 1159 necesse
638 1102 829 1174 fuerit,
887 1100 1093 1156 donare
1141 1108 1369 1173 paratus
1421 1107 1518 1157 est.
1578 1101 1861 1156 Civitatem
1908 1114 2032 1155 vero

385 1191 563 1258 istam,
590 1207 694 1263 pro
721 1206 823 1246 sua
868 1188 1268 1258 misericordia,
1301 1195 1353 1245 et
1388 1205 1502 1245 non
1545 1204 1646 1261 pro
1692 1189 1904 1244 meritis
1952 1203 2035 1243 ve-

386 1281 535 1347 stris,
567 1278 789 1335 donabit
817 1279 987 1334 vobis.
1020 1277 1166 1333 Cum
1218 1281 1416 1333 autem
1465 1277 1587 1333 haec
1634 1293 1805 1332 mane
1836 1275 2035 1332 comiti

391 1368 723 1425 nuntiasset
752 1368 978 1434 Petrus,
1010 1366 1344 1423 convocavit
1394 1365 1677 1440 populum
1725 1365 2035 1439 episcopus

390 1457 798 1515 Aurasicensis
827 1461 884 1512 et
914 1458 1126 1522 Barrte,
1157 1459 1211 1512 et
1233 1473 1412 1528 supra
1432 1455 1649 1529 scripta
1670 1455 1755 1512 eis
1775 1455 2037 1528 exposui-

392 1564 549 1604 mus.
580 1545 830 1603 Adducti
862 1545 1045 1620 igitur
1076 1544 1278 1601 fideles
1310 1545 1369 1600 in
1421 1561 1695 1618 magnam
1745 1562 1909 1618 spem
1941 1561 2035 1600 ca-

390 1636 615 1710 piendae
649 1635 923 1701 civitatis,
946 1633 1313 1707 largissimas
1363 1633 1783 1707 eleemosynas,
1817 1637 1872 1690 et
1902 1651 2037 1690 ora-

388 1725 576 1782 tiones
605 1725 722 1782 Deo
755 1723 1136 1796 omnipotenti
1165 1723 1505 1791 offerebant,
1536 1727 1602 1778 ut
1631 1722 1858 1795 plebem
1890 1740 2035 1795 pau-

2135 561 2195 616 in
2228 559 2477 617 civitate.
2511 562 2737 618 Interea
2765 562 3311 628 ortaest,contentio
3330 562 3483 620 inter
3511 563 3780 620 homines

2134 648 2444 706 Boimundi
2476 655 2533 706 et
2562 649 2811 719 comitis,
2845 651 2918 707 ob
2939 651 3069 719 hoc,
3103 652 3243 725 quia
3263 669 3397 709 cum
3419 652 3637 710 milites
3658 653 3782 710 Boi-

2136 738 2343 795 mundi
2365 740 2788 813 oppugnationi
2811 757 2928 796 non
2947 740 3200 797 multum
3226 741 3785 815 institissent,pluri-

2138 844 2301 884 mum
2334 832 2526 884 turres
2556 832 2613 884 et
2641 829 2868 897 domos,
2900 834 2959 885 et
2987 831 3245 904 captivos
3276 831 3639 909 ~obtinerent.
3674 830 3785 888 Mi-

2138 916 2321 973 rabile
2352 917 2645 990 quoddam
2676 917 2890 974 fecerat
2917 918 2997 975 ibi
3029 919 3333 976 Dominus.
3364 920 3614 987 Etenim,
3646 937 3784 977 cum

2140 1010 2274 1061 ante
2303 1010 2534 1080 captam
2558 1007 2809 1064 Murram
2842 1012 3129 1082 praecepta
3144 1014 3481 1065 sanctorum
3500 1008 3788 1082 apostolo-

2141 1112 2272 1151 rum
2303 1095 2454 1151 Petri
2484 1100 2542 1152 et
2569 1097 2835 1167 Andreae,
2868 1096 3021 1154 sicut
3049 1115 3228 1171 supra
3258 1098 3544 1172 scriptum
3574 1102 3683 1166 est,
3710 1099 3784 1155 ad

2142 1184 2424 1258 populum
2451 1202 2899 1258 exponeremus,
2932 1187 3114 1243 irrisit
3158 1204 3268 1244 nos
3315 1188 3698 1255 Boimundus,
3729 1192 3790 1245 et

2143 1274 2284 1331 socii
2315 1276 2461 1347 ejus.
2498 1276 2700 1348 Itaque
2739 1293 2845 1332 nec
2875 1277 3003 1350 ipse
3032 1293 3137 1333 nec
3177 1275 3277 1350 qui
3309 1294 3444 1333 cum
3497 1293 3564 1334 eo
3595 1282 3785 1344 erant,

2144 1380 2353 1437 pugnas
2376 1364 2846 1437 profuerunt,sed
2872 1365 3068 1439 potius
3089 1366 3427 1423 oberant.Et
3453 1383 3591 1423 cum
3614 1367 3789 1424 modo

2145 1451 2402 1524 plurima
2429 1452 2712 1510 baberent
2732 1454 3186 1527 spolia,quidam
3216 1455 3291 1512 de
3312 1454 3537 1512 familia
3554 1455 3791 1514 comitis

2143 1540 2383 1614 indigne
2412 1543 2691 1599 ferebant.
2724 1545 2945 1599 Tamen
2975 1543 3128 1600 inter
3157 1545 3317 1618 ipsos
3345 1544 3617 1602 dominos
3638 1544 3791 1603 male

2145 1631 2588 1697 conveniebant,
2619 1632 2692 1688 ob
2723 1631 2833 1689 hoc
2862 1634 3017 1706 quod
3040 1650 3236 1689 comes
3256 1633 3485 1690 volebat
3499 1635 3639 1691 dare
3656 1634 3791 1692 civi-

2144 1724 2324 1776 tatem
2355 1720 2627 1794 episcopo
2678 1721 3000 1779 Albariensi
3025 1740 3038 1791 ;
3069 1727 3126 1778 et
3156 1721 3521 1780 Boimundus
3551 1723 3790 1781 nolebat

389 1832 595 1889 perum
627 1830 1000 1887 suorum,pro
1022 1812 1146 1870 solo
1167 1812 1403 1869 nomine
1427 1830 1534 1869 suo
1564 1811 2037 1869 liberaret.Fiunt
2065 1839 2112 1907 Β
2149 1808 2442 1907 dimittere
2467 1811 2751 1907 quasdam
2780 1815 2993 1880 turres,
3027 1829 3155 1885 quas
3196 1829 3259 1869 se
3288 1812 3340 1869 ei
3363 1813 3666 1907 dederant,
3699 1812 3789 1870 di-

387 1902 588 1978 itaque
618 1908 749 1978 post
778 1902 900 1960 haec
928 1902 1201 1959 velociter
1229 1901 1417 1971 scalas,
1448 1906 1506 1959 et
1534 1901 1926 1976 turrislignea
1946 1919 2037 1958 ex-

389 1994 721 2062 struitur,et
749 1997 936 2049 crates
951 1992 1368 2066 junguntur,et
1385 1991 1700 2048 terminata
1724 1991 1816 2047 die
1837 2007 2036 2065 pugna

388 2083 686 2157 incipitur.
716 2084 789 2139 At
815 2098 949 2139 vero
980 2079 1061 2137 illi
1091 2081 1190 2154 qui
1221 2080 1373 2137 infra
1421 2080 1715 2137 civitatem
1755 2083 1939 2148 erant,
1972 2079 2035 2136 in

390 2176 638 2242 nostros,
672 2171 772 2244 qui
803 2187 1040 2227 murum
1072 2169 1482 2237 suffodiebant,
1506 2167 1731 2242 lapides
1756 2186 1890 2225 eum
1921 2173 2035 2225 tor-

390 2263 626 2328 mentis,
659 2266 716 2316 et
743 2259 879 2327 tela,
910 2263 968 2315 et
998 2259 1215 2332 ignem,
1246 2263 1304 2315 et
1332 2258 1514 2331 ligna.
1545 2262 1603 2315 et
1623 2257 1871 2314 alvearia
1897 2275 2033 2314 cum

390 2351 601 2424 apibus
659 2353 717 2406 et
762 2349 979 2405 calcem
1029 2348 1353 2421 permistim
1395 2346 1712 2419 jaciebant.
1765 2347 1899 2415 Sed,
1932 2347 2031 2404 Dei

387 2440 601 2496 virtute
630 2444 688 2496 et
708 2436 1362 2505 misericordia,nullum
1382 2435 1467 2492 vel
1485 2453 1701 2509 paucos
1723 2437 1795 2492 de
1816 2437 2034 2493 nostris

389 2528 502 2585 ista
531 2528 839 2585 lzedebant.
872 2528 1065 2583 Nostri
1104 2543 1238 2582 vero
1269 2543 1403 2582 cum
1452 2523 1724 2597 petrariis
1770 2530 1827 2581 et
1857 2524 2032 2581 scalis

389 2635 627 2676 murum
657 2617 1029 2689 imperterriti
1060 2615 1569 2691 aggrediebantur.
1601 2613 1816 2670 Tenuit
1836 2620 2031 2671 autem

387 2707 514 2764 haec
544 2722 742 2780 pugna
771 2707 842 2763 ab
874 2709 1004 2761 ortu
1036 2704 1179 2761 solis
1212 2721 1400 2776 usque
1430 2703 1501 2759 ad
1525 2702 1909 2771 occasum,ita
1930 2702 2035 2759 mi-

382 2795 648 2853 rabiliter
675 2799 742 2851 ut
774 2794 918 2851 nulli
958 2811 1221 2867 unquam
1253 2793 1482 2866 requies
1509 2794 2034 2862 concederetur;et

388 2885 580 2941 adhuc
612 2885 684 2940 de
707 2884 951 2940 victoria
981 2882 1650 2940 dubitabatur.Tandem
1684 2880 2034 2938 exclamave-

389 2979 529 3030 runt
558 2973 915 3031 unanimiter
944 2990 1150 3030 omncs
1179 2973 1251 3028 ad
1283 2970 1621 3041 Dominum,
1640 2975 1705 3025 ut
1733 2969 1885 3043 plebi
1912 2987 2030 3026 suae

388 3063 678 3138 propitius
709 3064 893 3129 fieret,
926 3067 984 3119 et
1013 3060 1410 3136 apostolorum
1468 3076 1711 3116 suorum
1742 3058 2033 3131 promissa

386 3152 751 3226 adimpleret.
783 3151 982 3209 Adfuit
1012 3150 1165 3207 illico
1194 3149 1500 3217 Dominus,
1532 3153 1589 3205 et
1617 3147 2027 3215 civitatem,se-

2140 1915 2316 1955 cens:
2352 1899 2472 1955 Nisi
2498 1916 2671 1956 comes
2711 1900 2986 1957 dimiserit
3035 1903 3181 1958 mihi
3226 1909 3407 1959 turres
3461 1902 3790 1970 Antiochiae,

2138 2004 2248 2045 non
2278 1989 2332 2044 ei
2358 1991 2689 2046 ementium
2718 1992 2779 2047 in
2807 1991 3016 2064 aliqua,

2743 2079 2974 2138 CAPUT
3011 2080 3204 2138 XXIII.

2213 2168 2438 2224 Interea
2467 2167 2540 2223 de
2567 2166 2773 2225 itinere
2803 2168 3020 2226 milites
3049 2173 3107 2226 et
3127 2170 3381 2244 populus
3401 2188 3660 2245 quaerere
3681 2189 3793 2230 cce-

2143 2260 2373 2329 perunt,
2405 2258 2638 2330 quando
2663 2256 3022 2331 principibus
3046 2258 3298 2332 placeret
3315 2265 3380 2316 ut
3408 2261 3789 2335 inciperetur.

2142 2345 2367 2402 Etenim
2393 2344 2527 2402 licet
2551 2362 2618 2402 ex
2649 2345 2821 2419 longe
2851 2352 3112 2421 tempore
3132 2348 3452 2423 inemptum
3483 2355 3639 2407 esset
3661 2352 3789 2420 iter,

2140 2440 2336 2491 tamen
2369 2435 2629 2507 quotidie
2672 2435 2979 2493 videbatur
3022 2437 3192 2494 nobis
3248 2437 3446 2511 incipi,
3504 2457 3640 2496 cum
3679 2440 3795 2498 iter

2141 2541 2468 2598 ageremus,
2503 2524 2645 2598 quia
2696 2526 2958 2582 nondum
3010 2527 3199 2584 fuerat
3246 2528 3624 2602 completum.
3658 2531 3793 2586 Boi-

2142 2614 2400 2670 mundus
2429 2614 2660 2669 dicebat
2683 2616 2840 2687 quod
2874 2632 3061 2689 usque
3090 2615 3150 2672 in
3184 2617 3408 2674 Pascha
3434 2617 3788 2676 differretur.

2140 2703 2211 2758 Et
2241 2707 2383 2759 tunc
2406 2706 2530 2760 erat
2549 2708 2785 2777 tempus
2820 2704 3129 2761 Dominicas
3150 2706 3791 2781 Nativitatis.Despera-

2140 2793 2282 2848 bant
2303 2793 2478 2849 etiam
2511 2791 2777 2860 multi,oo
2800 2794 2955 2866 quod
2976 2795 3147 2868 pauci
3176 2799 3376 2852 essent
3395 2796 3528 2870 equi
3552 2797 3613 2852 in
3632 2814 3793 2855 exet»

2140 2881 2280 2948 citu,
2314 2884 2371 2938 et
2398 2882 2516 2937 dux
2545 2882 2765 2949 aberat,
2799 2887 2855 2938 et
2885 2883 3055 2939 multi
3101 2885 3170 2941 de
3202 2884 3492 2943 militibus
3523 2886 3793 2944 abierant

2139 2971 2209 3026 ad
2245 2970 2593 3026 Balduinum
2607 2971 2678 3027 de
2699 2972 3102 3045 Roais.ltaque
3123 2974 3289 3030 multi
3322 2976 3783 3033 revertebantur.

2139 3059 2402 3115 Tandem
2431 3065 2828 3117 convenerunt
2850 3061 3162 3135 episcopus
3185 3063 3627 3136 Albariensis,et
3649 3066 3788 3139 qui-

2138 3149 2273 3205 dam
2306 3148 2530 3206 nobiles
2578 3166 2713 3205 cum
2765 3150 2980 3224 populo
3029 3169 3376 3225 pauperum,
3403 3159 3462 3210 et
3507 3154 3786 3211 comitem

386 3213 645 3297 cundum
677 3240 1072 3313 apostolorum
1097 3238 1271 3301 dicta,
1305 3236 1474 3292 nobis
1496 3235 2030 3291 donavit.Ascendit
2058 3213 2102 3282 Ο
2138 3243 2540 3294 evocaverunt.
2600 3240 2862 3312 Cumque
2927 3240 3237 3315 episcopus
3311 3242 3786 3316 praedicationem

387 3336 520 3386 ante
550 3348 754 3386 omnes
775 3328 1062 3385 Goll'erius
1085 3327 1155 3381 de
1184 3325 1472 3381 Turribus
1493 3342 1695 3395 ;quem
1730 3324 2027 3380 subsecuti

386 3423 526 3475 sunt
555 3419 771 3493 plures,
805 3417 903 3490 qui
930 3432 1162 3471 murum
1187 3417 1245 3471 et
1262 3414 1545 3487 quasdam
1570 3417 1760 3468 turres
1780 3412 2029 3491 civitatis

389 3507 742 3563 invaserunt.
776 3507 848 3562 Et
879 3524 989 3561 nox
1019 3501 1456 3576 superveniens,
1491 3518 1745 3575 pugnum
1769 3502 2023 3557 diremit.

382 3596 731 3652 Retinebant
778 3594 969 3650 adhuc
1028 3590 1331 3649 Sarraceni
1379 3590 1665 3663 quasdam
1720 3595 1930 3658 turres,
1967 3596 2027 3647 et

380 3690 604 3758 partem
634 3684 887 3740 civitatis
940 3684 1026 3739 Ob
1054 3681 1163 3738 hoc
1211 3681 1409 3753 itaque
1457 3684 1759 3752 sperantes
1808 3680 2024 3736 milites

378 3775 532 3847 quod
562 3790 750 3847 usque
779 3773 837 3827 in
873 3789 1068 3838 mane,
1100 3788 1163 3827 se
1210 3769 1512 3825 Sarraceni
1548 3786 1661 3824 non
1697 3769 2019 3838 dedissent,

375 3869 539 3920 extra
570 3881 770 3919 muros
800 3861 1053 3918 civitatis
1076 3859 1501 3925 custodiebant,
1536 3875 1607 3914 ne
1637 3858 1849 3931 aliquis
1882 3860 2019 3915 sub-

373 3940 706 4027 terfugeret.
737 3953 810 4007 At
840 3968 972 4007 vero
1001 3949 1039 4005 ii
1070 3949 1287 4022 quibus
1314 3965 1424 4005 sua
1468 3947 1587 4003 vita
1618 3965 1732 4003 non
1765 3947 2017 4005 multum

372 4042 550 4098 chara
576 4042 782 4110 fuerat,
815 4056 967 4112 quos
997 4038 1172 4111 longa
1193 4036 1425 4109 jejunis.
1461 4035 1519 4092 in
1553 4036 1644 4093 sui
1676 4037 2017 4109 despectum

372 4131 752 4197 deduxerant,
784 4146 887 4203 per
906 4128 1095 4184 noctis
1115 4127 1389 4184 tenebras
1420 4125 1631 4182 inferre
1651 4124 1804 4182 bella
1824 4126 2019 4182 Sarra-

372 4220 530 4277 cenis
562 4236 677 4275 non
710 4217 1123 4275 formidabant.
1158 4217 1344 4288 Atque
1374 4215 1459 4271 sic
1484 4231 1790 4288 pauperes,
1812 4218 1870 4271 et
1889 4232 2019 4287 spo-

370 4308 451 4364 lia
480 4308 816 4378 civitatis,et
835 4308 1041 4364 domos
1069 4303 1599 4361 habuerunt.Mane
1622 4308 1819 4359 autem
1839 4304 2012 4374 facto,

370 4397 618 4471 ingressi
652 4397 870 4453 milites
898 4395 1211 4462 civitatem,
1244 4411 1372 4466 qua:
1393 4392 1507 4449 sibi
1537 4391 1809 4448 tollerent
1830 4410 2015 4466 pauca

369 4486 736 4543 invenerunt.
768 4483 1069 4543 Sarraceni
1102 4500 1233 4539 vero
1262 4481 1669 4538 concluserant
1705 4497 1769 4537 se
1790 4480 1850 4536 in
1882 4498 2011 4553 spe-

2139 3344 2305 3381 suam
2333 3326 2760 3399 complevisset.
2793 3329 3232 3400 procubuerunt
3259 3331 3562 3399 milites,et
3589 3333 3788 3390 omnis

2136 3415 2389 3487 populus
2419 3421 2551 3471 ante
2583 3416 2855 3473 comitem
2880 3433 2894 3483 ;
2928 3422 3138 3474 etcum
3162 3419 3436 3493 lacrymis
3458 3421 3662 3478 multis
3689 3424 3789 3479 de-

2136 3505 2526 3575 precabantur
2542 3522 2699 3574 cum,
2722 3514 2783 3562 ut
2803 3508 2934 3577 ipse,
2966 3510 3058 3563 cui
3078 3509 3325 3565 lanceam
3343 3526 3501 3566 suam
3520 3513 3787 3569 Dominus

2132 3594 2452 3660 contulerat,
2483 3595 2673 3650 ductor
2720 3602 2771 3651 et
2801 3595 3058 3652 dominus
3103 3600 3372 3655 exercitus
3412 3600 3654 3672 ejusdem
3681 3593 3783 3672 lie:

2133 3690 2231 3749 rct,
2264 3682 2515 3739 addentes
2545 3683 2685 3757 quod
2713 3684 2779 3741 ob
2814 3675 2915 3741 hoc
2966 3686 3215 3743 lanceam
3263 3691 3607 3747 Dominicam
3656 3707 3784 3763 pro-

2129 3773 2433 3840 meruisset,
2467 3781 2528 3828 ut
2570 3775 2624 3829 si
2663 3775 2770 3829 alii
2809 3777 3089 3849 principes
3134 3776 3470 3849 defecissent,
3521 3781 3636 3853 ipse
3680 3784 3782 3839 ob-

2129 3861 2329 3916 noxius
2359 3868 2510 3918 tanto
2561 3864 2817 3934 beneﬁcio
2863 3865 3102 3933 Domini,
3153 3883 3372 3924 securus
3425 3885 3551 3925 cum
3574 3873 3783 3944 populo

2123 3964 2358 4022 pergere
2402 3967 2514 4007 non
2557 3952 2903 4024 fonnidarel,
2951 3954 3229 4027 Alioquin,
3260 3957 3499 4015 traderet
3528 3960 3783 4019 lanceam

2123 4039 2345 4110 populo,
2374 4046 2426 4095 et
2470 4041 2577 4096 iret
2628 4041 2863 4113 populus
2908 4045 2969 4097 in
3009 4045 3333 4115 Jerusalem,
3376 4048 3491 4119 ipso
3544 4049 3781 4109 Domino

2123 4125 2277 4183 duce.
2318 4127 2629 4184 Dubitabat
2648 4134 2843 4186 autem
2867 4137 3327 4206 comes,propter
3345 4135 3593 4193 aliorum
3616 4140 3779 4212 prin-

2124 4214 2322 4288 cipum
2353 4216 2977 4284 absentiam,metuens
3008 4223 3163 4294 quod
3193 4222 3243 4279 si
3266 4224 3390 4297 ipse
3418 4225 3583 4283 solus
3604 4228 3777 4287 diem

2123 4303 2350 4361 itineris
2379 4304 2738 4373 terminaret,
2769 4308 2842 4363 ob
2874 4306 3153 4367 invidiam
3180 4311 3273 4367 sui
3323 4315 3512 4371 caeteri
3539 4332 3656 4372 non
3690 4317 3777 4374 is-

2121 4397 2270 4449 sent.
2306 4393 2450 4460 Quid
2487 4394 2713 4451 multa?
2740 4395 3012 4454 Vincitur
3026 4416 3221 4457 comes
3251 4400 3525 4477 lacrymis
3556 4421 3778 4478 paupe-

2122 4497 2273 4550 rum,
2307 4486 2365 4538 et
2393 4481 2547 4539 diem
2580 4484 2857 4555 quintnm
2879 4486 3173 4544 decimum
3196 4490 3268 4547 ad
3290 4489 3402 4547 iter
3420 4493 3771 4552 nominavit.

366 4593 470 4632 cus
501 4576 952 4643 subterraneos;
986 4579 1043 4630 et
1074 4572 1241 4641 nulli,
1272 4570 1359 4626 vel
1412 4568 1583 4642 pauci
1632 4569 2010 4641 apparebant.
2042 4584 2090 4650 ι)
2122 4571 2305 4636 Quam
2331 4571 2403 4627 ob
2427 4588 2547 4627 rem
2566 4571 2907 4646 indignatus
2926 4575 3771 4653 Boimundus,diemquintum

364 4669 627 4739 Cumque
655 4663 840 4722 nostri
864 4662 1062 4720 omnia
1077 4678 1204 4734 quae
1227 4676 1406 4731 super
1432 4663 1647 4714 terram
1675 4663 2012 4729 repererunt

363 4753 764 4821 sustulissent,
796 4750 1061 4809 arbitrati
1093 4746 1293 4804 omnia
1323 4762 1451 4802 esse
1480 4761 1612 4801 cum
1646 4745 2006 4815 Sarracenis,

360 4843 495 4917 igne
523 4849 581 4900 et
610 4844 770 4900 fumo
803 4840 1120 4914 sulphureo
1151 4841 1320 4893 antra
1351 4834 1848 4908 perquirebant,et
1869 4835 2008 4907 quia

359 4950 473 4989 non
507 4931 696 4989 multa
719 4928 1002 5005 spoliaibi
1035 4925 1419 4999 reperiebant,
1447 4940 1594 4997 quos
1625 4923 2004 4996 potoruntin-

354 5023 552 5078 venire
583 5022 654 5077 de
686 5017 1044 5082 Sarracenis,
1078 5017 1261 5072 donec
1284 5014 1354 5070 ad
1390 5017 1770 5085 mortem,pro
1801 5012 2004 5084 spoliis

357 5110 711 5168 afﬁciebant.
744 5105 1002 5179 Contigit
1046 5108 1240 5160 autem
1272 5101 1626 5175 quibusdam
1659 5101 1730 5157 de
1760 5101 2001 5169 nostris,

355 5205 421 5255 ut
451 5215 583 5254 cum
612 5198 964 5254 Sarracenos
1001 5210 1104 5266 pro
1136 5191 1339 5265 spoliis
1368 5207 1471 5263 per
1498 5189 1788 5245 civitatem
1820 5190 2001 5246 duce--

353 5291 504 5354 rent,
539 5302 725 5359 usque
755 5284 827 5341 ad
859 5288 1064 5357 puteos
1107 5279 1409 5336 Sarraceni
1459 5282 1689 5334 nostros
1719 5279 1999 5350 perduce-

351 5374 495 5427 bant
517 5378 716 5447 ;atque
747 5390 809 5429 se
840 5390 888 5427 su
916 5372 1034 5427 bito
1056 5371 1217 5426 intus
1240 5366 2000 5441 praacipitabant,eligentes

349 5460 540 5530 magis
573 5461 778 5519 mortis
809 5459 1220 5534 compendium
1248 5473 1424 5530 quam
1457 5473 1565 5513 sua
1584 5455 1886 5529 velaliqua
1905 5458 1998 5514 de-

348 5554 678 5609 monstrare
708 5551 935 5609 vellent.
973 5551 1336 5621 Quapropter
1365 5561 1569 5602 omnes
1599 5545 1774 5600 morti
1795 5546 1996 5617 subja-

2121 4662 2222 4714 aut
2251 4663 2479 4715 sextum
2513 4660 2843 4719 obclamare
2871 4663 3063 4721 itineri
3116 4683 3219 4740 per
3245 4668 3537 4726 civitatem
3559 4673 3769 4744 jussit,

2115 4751 2173 4803 et
2202 4747 2506 4820 posthaec,
2549 4750 2919 4809 Antiochiam
2977 4771 3244 4813 reversus
3301 4763 3408 4815 est.
3460 4762 3773 4827 Quaerebat

2115 4851 2311 4893 comes
2343 4853 2475 4893 cum
2508 4838 2801 4912 episcopo,
2832 4844 3126 4914 quomodo
3151 4845 3442 4904 civitatem
3474 4850 3773 4922 potuisset

2115 4925 2364 4981 retinere
2388 4942 2401 4994 ;
2435 4929 2492 4982 et
2519 4943 2688 4999 quos,
2710 4934 2768 4986 et
2797 4935 3048 5003 quantos
3066 4932 3242 5000 viros,
3268 4952 3371 5008 pro
3391 4938 3660 4995 custodia
3682 4941 3769 4998 ibi

2114 5013 2407 5071 dimittere
2436 5022 2692 5088 possent.
2723 5018 2946 5077 Interea
2968 5022 3266 5080 mandavit
3290 5042 3487 5083 comes
3506 5027 3645 5083 duci
3663 5030 3773 5087 Lo-

2110 5101 2415 5177 tharingim
2446 5109 2503 5160 et
2534 5106 2607 5161 ad
2638 5106 2786 5164 alios
2817 5108 2919 5181 qui
2951 5109 3155 5168 Marra:
3204 5130 3319 5170 non
3352 5115 3764 5186 interfuerant,

2112 5196 2178 5247 ut
2207 5199 2702 5266 congregarentur
2750 5196 2813 5252 in
2845 5215 3029 5255 unum
3078 5199 3296 5267 locum,
3329 5208 3506 5278 atque
3538 5206 3612 5262 de
3638 5207 3764 5277 his,

2109 5296 2238 5352 qua:
2255 5280 2448 5337 itineri
2473 5281 2643 5340 utilia
2665 5284 2853 5342 forent
2874 5293 2931 5343 et
2954 5289 3169 5363 populo
3182 5292 3762 5365 Dei,pertractarent.

2108 5366 2299 5442 Atque
2329 5368 2412 5425 sic
2445 5379 2844 5430 convenerunt
2872 5379 3027 5449 apud
3062 5379 3289 5449 Roiam,
3313 5398 3443 5454 quas
3473 5382 3630 5440 inter
3648 5388 3770 5444 An-

2107 5457 2386 5514 tiochiam
2419 5465 2477 5515 et
2508 5460 2758 5518 Murram
2793 5467 2961 5536 quasi
2982 5468 3173 5525 media
3201 5472 3520 5546 est.lbique
3551 5490 3766 5533 omnes

2106 5546 2399 5619 principes
2430 5547 2630 5605 habito
2661 5551 2973 5626 colloquio,
2991 5555 3053 5613 in
3077 5558 3336 5617 deterius
3355 5562 3759 5621 vertebantur.

342 5644 615 5711 cuerunt,
646 5647 703 5700 et
748 5641 991 5715 projecti
1031 5641 1190 5705 sunt,
1243 5652 1344 5711 per
1379 5633 1622 5708 paludes
1651 5631 1901 5691 civitatis
1932 5640 1989 5691 et
2100 5636 2327 5693 Etenim
2359 5635 2653 5711 principes
2683 5656 2747 5697 se
2777 5643 2850 5699 ab
2879 5643 3084 5705 itinere
3106 5650 3550 5720 excusabant,et
3573 5667 3762 5713 causa
