  <div class='ocr_page' id='page_1' title='image "/cluster/home/n/w/nwhite01/storage/ocr_20150623/155/hvd.32044054760137/318.png"; bbox 0 0 3994 6082; ppageno 0'>
   <div class='ocr_carea' id='block_1_1' title="bbox 204 311 325 375">
    <p class='ocr_par' dir='ltr' id='par_1_1' title="bbox 204 311 325 375">
     <span class='ocr_line' id='line_1_1' title="bbox 204 311 325 375; baseline 0 -1"><span class='ocrx_word' id='word_1_1' title='bbox 204 311 325 375; x_wconf 77' lang='lat'>629</span> 
     </span>
    </p>
   </div>
   <div class='ocr_carea' id='block_1_2' title="bbox 1214 311 2633 380">
    <p class='ocr_par' dir='ltr' id='par_1_2' title="bbox 1214 311 2633 380">
     <span class='ocr_line' id='line_1_2' title="bbox 1214 311 2633 380; baseline 0.004 -7"><span class='ocrx_word' id='word_1_2' title='bbox 1214 311 1439 376; x_wconf 80' lang='lat' dir='ltr'>RAIM.</span> <span class='ocrx_word' id='word_1_3' title='bbox 1488 313 1590 376; x_wconf 85' lang='lat' dir='ltr'>DE</span> <span class='ocrx_word' id='word_1_4' title='bbox 1635 312 1920 377; x_wconf 85' lang='lat' dir='ltr'>AGILES</span> <span class='ocrx_word' id='word_1_5' title='bbox 1963 312 2166 375; x_wconf 84' lang='lat' dir='ltr'>HIST.</span> <span class='ocrx_word' id='word_1_6' title='bbox 2215 314 2633 380; x_wconf 81' lang='lat' dir='ltr'>HIEROSOL.</span> 
     </span>
    </p>
   </div>
   <div class='ocr_carea' id='block_1_3' title="bbox 3513 314 3635 384">
    <p class='ocr_par' dir='ltr' id='par_1_3' title="bbox 3513 314 3635 384">
     <span class='ocr_line' id='line_1_3' title="bbox 3513 314 3635 384; baseline -0.016 0"><span class='ocrx_word' id='word_1_7' title='bbox 3513 314 3635 384; x_wconf 88' lang='lat'>630</span> 
     </span>
    </p>
   </div>
   <div class='ocr_carea' id='block_1_4' title="bbox 200 440 3634 525">
    <p class='ocr_par' dir='ltr' id='par_1_4' title="bbox 200 440 3634 525">
     <span class='ocr_line' id='line_1_4' title="bbox 200 440 3634 525; baseline 0.002 -21"><span class='ocrx_word' id='word_1_8' title='bbox 200 460 427 512; x_wconf 86' lang='lat' dir='ltr'>eorum,</span> <span class='ocrx_word' id='word_1_9' title='bbox 459 442 560 502; x_wconf 84' lang='lat' dir='ltr'>alii</span> <span class='ocrx_word' id='word_1_10' title='bbox 591 440 781 501; x_wconf 91' lang='lat' dir='ltr'>multi.</span> <span class='ocrx_word' id='word_1_11' title='bbox 804 442 1051 502; x_wconf 79' lang='lat' dir='ltr'>Volebat</span> <span class='ocrx_word' id='word_1_12' title='bbox 1080 448 1219 502; x_wconf 89' lang='lat' dir='ltr'>tunc</span> <span class='ocrx_word' id='word_1_13' title='bbox 1250 462 1444 504; x_wconf 88' lang='lat' dir='ltr'>comes</span> <span class='ocrx_word' id='word_1_14' title='bbox 1479 446 1611 503; x_wconf 86' lang='lat' dir='ltr'>duci</span> <span class='ocrx_word' id='word_1_15' title='bbox 1638 447 1856 504; x_wconf 85' lang='lat' dir='ltr'>donare</span> <span class='ocrx_word' id='word_1_16' title='bbox 1884 447 1941 515; x_wconf 85' lang='grc' dir='ltr'><strong>Α</strong></span> <span class='ocrx_word' id='word_1_17' title='bbox 1972 466 2095 505; x_wconf 82' lang='lat' dir='ltr'>rum</span> <span class='ocrx_word' id='word_1_18' title='bbox 2147 459 2488 507; x_wconf 85' lang='lat' dir='ltr'>armatorum</span> <span class='ocrx_word' id='word_1_19' title='bbox 2534 468 2645 507; x_wconf 86' lang='lat' dir='ltr'>non</span> <span class='ocrx_word' id='word_1_20' title='bbox 2694 458 2772 508; x_wconf 86' lang='lat' dir='ltr'>est</span> <span class='ocrx_word' id='word_1_21' title='bbox 2817 450 3044 525; x_wconf 77' lang='lat' dir='ltr'>grandis</span> <span class='ocrx_word' id='word_1_22' title='bbox 3106 467 3386 518; x_wconf 86' lang='lat' dir='ltr'>numerus,</span> <span class='ocrx_word' id='word_1_23' title='bbox 3427 460 3478 510; x_wconf 92' lang='lat' dir='ltr'>et</span> <span class='ocrx_word' id='word_1_24' title='bbox 3525 453 3634 511; x_wconf 86' lang='lat' dir='ltr'>alii</span> 
     </span>
    </p>
   </div>
   <div class='ocr_carea' id='block_1_5' title="bbox 199 534 1860 593">
    <p class='ocr_par' dir='ltr' id='par_1_5' title="bbox 199 534 1860 593">
     <span class='ocr_line' id='line_1_5' title="bbox 199 534 1860 593; baseline 0 -1"><span class='ocrx_word' id='word_1_25' title='bbox 199 536 404 592; x_wconf 84' lang='lat' dir='ltr'><strong>decem</strong></span> <span class='ocrx_word' id='word_1_26' title='bbox 437 535 622 591; x_wconf 79' lang='lat' dir='ltr'>millia</span> <span class='ocrx_word' id='word_1_27' title='bbox 652 534 976 592; x_wconf 87' lang='lat' dir='ltr'>solidorum</span> <span class='ocrx_word' id='word_1_28' title='bbox 1008 540 1064 591; x_wconf 86' lang='lat' dir='ltr'>et</span> <span class='ocrx_word' id='word_1_29' title='bbox 1098 536 1369 592; x_wconf 79' lang='lat' dir='ltr'>Botberto</span> <span class='ocrx_word' id='word_1_30' title='bbox 1422 537 1860 593; x_wconf 68' lang='lat' dir='ltr'>Northmannias</span> 
     </span>
    </p>
   </div>
   <div class='ocr_carea' id='block_1_6' title="bbox 200 624 1863 694">
    <p class='ocr_par' dir='ltr' id='par_1_6' title="bbox 200 624 1863 694">
     <span class='ocr_line' id='line_1_6' title="bbox 200 624 1863 694; baseline 0.001 -13"><span class='ocrx_word' id='word_1_31' title='bbox 200 624 402 681; x_wconf 89' lang='lat' dir='ltr'>comiti</span> <span class='ocrx_word' id='word_1_32' title='bbox 429 625 692 689; x_wconf 90' lang='lat' dir='ltr'>totidem,</span> <span class='ocrx_word' id='word_1_33' title='bbox 727 628 784 679; x_wconf 91' lang='lat' dir='ltr'>et</span> <span class='ocrx_word' id='word_1_34' title='bbox 813 641 915 680; x_wconf 90' lang='lat' dir='ltr'>sex</span> <span class='ocrx_word' id='word_1_35' title='bbox 948 624 1136 680; x_wconf 82' lang='lat' dir='ltr'>millia</span> <span class='ocrx_word' id='word_1_36' title='bbox 1157 625 1355 681; x_wconf 83' lang='lat' dir='ltr'>comiti</span> <span class='ocrx_word' id='word_1_37' title='bbox 1406 626 1770 694; x_wconf 90' lang='lat' dir='ltr'>Flandrensi,</span> <span class='ocrx_word' id='word_1_38' title='bbox 1805 632 1863 683; x_wconf 90' lang='lat' dir='ltr'>et</span> 
     </span>
    </p>
   </div>
   <div class='ocr_carea' id='block_1_7' title="bbox 201 713 1866 788">
    <p class='ocr_par' dir='ltr' id='par_1_7' title="bbox 201 713 1866 788">
     <span class='ocr_line' id='line_1_7' title="bbox 201 713 1866 788; baseline 0 -17"><span class='ocrx_word' id='word_1_39' title='bbox 201 715 508 771; x_wconf 87' lang='lat' dir='ltr'>Tancredo</span> <span class='ocrx_word' id='word_1_40' title='bbox 531 713 792 787; x_wconf 90' lang='lat' dir='ltr'>quinque</span> <span class='ocrx_word' id='word_1_41' title='bbox 823 713 1038 782; x_wconf 83' lang='lat' dir='ltr'>millia;</span> <span class='ocrx_word' id='word_1_42' title='bbox 1065 719 1123 769; x_wconf 87' lang='lat' dir='ltr'>et</span> <span class='ocrx_word' id='word_1_43' title='bbox 1149 713 1279 770; x_wconf 89' lang='lat' dir='ltr'>aliis</span> <span class='ocrx_word' id='word_1_44' title='bbox 1303 715 1866 788; x_wconf 88' lang='lat' dir='ltr'>principibus,prout</span> 
     </span>
    </p>
   </div>
   <div class='ocr_carea' id='block_1_8' title="bbox 202 803 1862 877">
    <p class='ocr_par' dir='ltr' id='par_1_8' title="bbox 202 803 1862 877">
     <span class='ocr_line' id='line_1_8' title="bbox 202 803 1862 877; baseline 0.002 -20"><span class='ocrx_word' id='word_1_45' title='bbox 202 808 393 858; x_wconf 87' lang='lat' dir='ltr'>erant.</span> <span class='ocrx_word' id='word_1_46' title='bbox 412 805 569 858; x_wconf 97' lang='lat' dir='ltr'>Inter</span> <span class='ocrx_word' id='word_1_47' title='bbox 589 803 875 871; x_wconf 50' lang='lat' dir='ltr'>hac,cum</span> <span class='ocrx_word' id='word_1_48' title='bbox 898 804 969 858; x_wconf 90' lang='lat' dir='ltr'>ad</span> <span class='ocrx_word' id='word_1_49' title='bbox 996 820 1301 875; x_wconf 88' lang='lat' dir='ltr'>pauperes,</span> <span class='ocrx_word' id='word_1_50' title='bbox 1318 804 1411 858; x_wconf 92' lang='lat' dir='ltr'>cui</span> <span class='ocrx_word' id='word_1_51' title='bbox 1435 805 1586 877; x_wconf 88' lang='lat' dir='ltr'>apud</span> <span class='ocrx_word' id='word_1_52' title='bbox 1608 805 1862 860; x_wconf 90' lang='lat' dir='ltr'>Marram</span> 
     </span>
    </p>
   </div>
   <div class='ocr_carea' id='block_1_9' title="bbox 202 890 1869 965">
    <p class='ocr_par' dir='ltr' id='par_1_9' title="bbox 202 890 1869 965">
     <span class='ocr_line' id='line_1_9' title="bbox 202 890 1869 965; baseline 0 -18"><span class='ocrx_word' id='word_1_53' title='bbox 202 896 632 959; x_wconf 78' lang='lat' dir='ltr'>remanserant,</span> <span class='ocrx_word' id='word_1_54' title='bbox 669 890 1010 965; x_wconf 77' lang='lat' dir='ltr'>perventum</span> <span class='ocrx_word' id='word_1_55' title='bbox 1043 897 1217 959; x_wconf 85' lang='lat' dir='ltr'>esset,</span> <span class='ocrx_word' id='word_1_56' title='bbox 1240 894 1391 965; x_wconf 91' lang='lat' dir='ltr'>quod</span> <span class='ocrx_word' id='word_1_57' title='bbox 1417 909 1612 948; x_wconf 87' lang='lat' dir='ltr'>comes</span> <span class='ocrx_word' id='word_1_58' title='bbox 1644 893 1703 947; x_wconf 91' lang='lat' dir='ltr'>in</span> <span class='ocrx_word' id='word_1_59' title='bbox 1736 892 1869 947; x_wconf 92' lang='lat' dir='ltr'>civi-</span> 
     </span>
    </p>
   </div>
   <div class='ocr_carea' id='block_1_10' title="bbox 200 980 1864 1052">
    <p class='ocr_par' dir='ltr' id='par_1_10' title="bbox 200 980 1864 1052">
     <span class='ocr_line' id='line_1_10' title="bbox 200 980 1864 1052; baseline 0.001 -17"><span class='ocrx_word' id='word_1_60' title='bbox 200 985 322 1035; x_wconf 82' lang='lat' dir='ltr'>tate</span> <span class='ocrx_word' id='word_1_61' title='bbox 354 980 580 1046; x_wconf 70' lang='lat' dir='ltr'>Merrae,</span> <span class='ocrx_word' id='word_1_62' title='bbox 615 980 835 1036; x_wconf 88' lang='lat' dir='ltr'>multos</span> <span class='ocrx_word' id='word_1_63' title='bbox 868 980 1082 1036; x_wconf 86' lang='lat' dir='ltr'>milites</span> <span class='ocrx_word' id='word_1_64' title='bbox 1131 987 1189 1036; x_wconf 91' lang='lat' dir='ltr'>et</span> <span class='ocrx_word' id='word_1_65' title='bbox 1239 981 1464 1052; x_wconf 82' lang='lat' dir='ltr'>pedites</span> <span class='ocrx_word' id='word_1_66' title='bbox 1510 983 1580 1037; x_wconf 87' lang='lat' dir='ltr'>de</span> <span class='ocrx_word' id='word_1_67' title='bbox 1611 981 1864 1037; x_wconf 88' lang='lat' dir='ltr'>exercitu</span> 
     </span>
    </p>
   </div>
   <div class='ocr_carea' id='block_1_11' title="bbox 204 1069 1862 1143">
    <p class='ocr_par' dir='ltr' id='par_1_11' title="bbox 204 1069 1862 1143">
     <span class='ocr_line' id='line_1_11' title="bbox 204 1069 1862 1143; baseline 0.002 -19"><span class='ocrx_word' id='word_1_68' title='bbox 204 1087 312 1143; x_wconf 86' lang='lat' dir='ltr'>pro</span> <span class='ocrx_word' id='word_1_69' title='bbox 339 1069 609 1125; x_wconf 89' lang='lat' dir='ltr'>custodia</span> <span class='ocrx_word' id='word_1_70' title='bbox 639 1069 933 1124; x_wconf 73' lang='lat' dir='ltr'>dimittere</span> <span class='ocrx_word' id='word_1_71' title='bbox 965 1069 1446 1135; x_wconf 87' lang='lat' dir='ltr'>vellet,dixerunt</span> <span class='ocrx_word' id='word_1_72' title='bbox 1469 1071 1540 1125; x_wconf 90' lang='lat' dir='ltr'>ad</span> <span class='ocrx_word' id='word_1_73' title='bbox 1565 1071 1811 1127; x_wconf 75' lang='lat' dir='ltr'>invicem</span> <span class='ocrx_word' id='word_1_74' title='bbox 1850 1089 1862 1126; x_wconf 87' lang='lat'><strong>:</strong></span> 
     </span>
    </p>
   </div>
   <div class='ocr_carea' id='block_1_12' title="bbox 201 1159 1869 1231">
    <p class='ocr_par' dir='ltr' id='par_1_12' title="bbox 201 1159 1869 1231">
     <span class='ocr_line' id='line_1_12' title="bbox 201 1159 1869 1231; baseline 0 -16"><span class='ocrx_word' id='word_1_75' title='bbox 201 1159 347 1215; x_wconf 78' lang='lat' dir='ltr'>Eho!</span> <span class='ocrx_word' id='word_1_76' title='bbox 376 1168 429 1214; x_wconf 90' lang='lat' dir='ltr'>et</span> <span class='ocrx_word' id='word_1_77' title='bbox 452 1168 677 1230; x_wconf 76' lang='lat' dir='ltr'>propter</span> <span class='ocrx_word' id='word_1_78' title='bbox 705 1159 1065 1214; x_wconf 70' lang='lat' dir='ltr'>Antiochiam</span> <span class='ocrx_word' id='word_1_79' title='bbox 1094 1160 1235 1226; x_wconf 86' lang='lat' dir='ltr'>lites,</span> <span class='ocrx_word' id='word_1_80' title='bbox 1269 1167 1321 1215; x_wconf 88' lang='lat' dir='ltr'>et</span> <span class='ocrx_word' id='word_1_81' title='bbox 1363 1168 1584 1231; x_wconf 82' lang='lat' dir='ltr'>propter</span> <span class='ocrx_word' id='word_1_82' title='bbox 1628 1161 1869 1215; x_wconf 80' lang='lat' dir='ltr'>Murram</span> 
     </span>
    </p>
   </div>
   <div class='ocr_carea' id='block_1_13' title="bbox 198 1248 1867 1322">
    <p class='ocr_par' dir='ltr' id='par_1_13' title="bbox 198 1248 1867 1322">
     <span class='ocr_line' id='line_1_13' title="bbox 198 1248 1867 1322; baseline 0.001 -18"><span class='ocrx_word' id='word_1_83' title='bbox 198 1250 357 1320; x_wconf 65' lang='lat' dir='ltr'>lites;</span> <span class='ocrx_word' id='word_1_84' title='bbox 387 1256 436 1303; x_wconf 87' lang='lat' dir='ltr'>ct</span> <span class='ocrx_word' id='word_1_85' title='bbox 467 1249 523 1303; x_wconf 89' lang='lat' dir='ltr'>in</span> <span class='ocrx_word' id='word_1_86' title='bbox 555 1249 710 1303; x_wconf 88' lang='lat' dir='ltr'>omni</span> <span class='ocrx_word' id='word_1_87' title='bbox 739 1248 851 1303; x_wconf 84' lang='lat' dir='ltr'>loco</span> <span class='ocrx_word' id='word_1_88' title='bbox 883 1254 1040 1319; x_wconf 82' lang='lat' dir='ltr'>quem</span> <span class='ocrx_word' id='word_1_89' title='bbox 1068 1249 1206 1303; x_wconf 83' lang='lat' dir='ltr'>Deus</span> <span class='ocrx_word' id='word_1_90' title='bbox 1243 1248 1450 1304; x_wconf 75' lang='lat' dir='ltr'>dederit</span> <span class='ocrx_word' id='word_1_91' title='bbox 1494 1251 1672 1317; x_wconf 85' lang='lat' dir='ltr'>nobis,</span> <span class='ocrx_word' id='word_1_92' title='bbox 1702 1252 1867 1322; x_wconf 84' lang='lat' dir='ltr'>prin-</span> 
     </span>
    </p>
   </div>
   <div class='ocr_carea' id='block_1_14' title="bbox 233 1337 1871 1410">
    <p class='ocr_par' dir='ltr' id='par_1_14' title="bbox 233 1337 1871 1410">
     <span class='ocr_line' id='line_1_14' title="bbox 233 1337 1871 1410; baseline 0.001 -17"><span class='ocrx_word' id='word_1_93' title='bbox 233 1339 397 1410; x_wconf 84' lang='lat' dir='ltr'>ipum</span> <span class='ocrx_word' id='word_1_94' title='bbox 443 1339 765 1402; x_wconf 83' lang='lat' dir='ltr'>certamina,</span> <span class='ocrx_word' id='word_1_95' title='bbox 797 1345 848 1393; x_wconf 91' lang='lat' dir='ltr'>et</span> <span class='ocrx_word' id='word_1_96' title='bbox 898 1337 1215 1394; x_wconf 85' lang='lat' dir='ltr'>imminutio</span> <span class='ocrx_word' id='word_1_97' title='bbox 1262 1339 1534 1395; x_wconf 69' lang='lat' dir='ltr'>exercitus</span> <span class='ocrx_word' id='word_1_98' title='bbox 1581 1341 1682 1395; x_wconf 83' lang='lat' dir='ltr'>Dei</span> <span class='ocrx_word' id='word_1_99' title='bbox 1727 1340 1871 1395; x_wconf 75' lang='lat' dir='ltr'>erit?</span> 
     </span>
    </p>
   </div>
   <div class='ocr_carea' id='block_1_15' title="bbox 202 1427 1868 1499">
    <p class='ocr_par' dir='ltr' id='par_1_15' title="bbox 202 1427 1868 1499">
     <span class='ocr_line' id='line_1_15' title="bbox 202 1427 1868 1499; baseline 0.001 -17"><span class='ocrx_word' id='word_1_100' title='bbox 202 1429 390 1494; x_wconf 82' lang='lat' dir='ltr'>Certe,</span> <span class='ocrx_word' id='word_1_101' title='bbox 418 1435 643 1499; x_wconf 81' lang='lat' dir='ltr'>propter</span> <span class='ocrx_word' id='word_1_102' title='bbox 670 1427 813 1481; x_wconf 83' lang='lat' dir='ltr'>hanc</span> <span class='ocrx_word' id='word_1_103' title='bbox 841 1428 1115 1481; x_wconf 86' lang='lat' dir='ltr'>civitatem</span> <span class='ocrx_word' id='word_1_104' title='bbox 1144 1427 1379 1482; x_wconf 81' lang='lat' dir='ltr'>ulterius</span> <span class='ocrx_word' id='word_1_105' title='bbox 1410 1429 1527 1484; x_wconf 85' lang='lat' dir='ltr'>lites</span> <span class='ocrx_word' id='word_1_106' title='bbox 1559 1446 1667 1484; x_wconf 86' lang='lat' dir='ltr'>non</span> <span class='ocrx_word' id='word_1_107' title='bbox 1705 1429 1868 1484; x_wconf 84' lang='lat' dir='ltr'>habe-</span> 
     </span>
    </p>
   </div>
   <div class='ocr_carea' id='block_1_16' title="bbox 200 1515 1871 1589">
    <p class='ocr_par' dir='ltr' id='par_1_16' title="bbox 200 1515 1871 1589">
     <span class='ocr_line' id='line_1_16' title="bbox 200 1515 1871 1589; baseline 0.001 -17"><span class='ocrx_word' id='word_1_108' title='bbox 200 1516 429 1572; x_wconf 85' lang='lat' dir='ltr'>buntur.</span> <span class='ocrx_word' id='word_1_109' title='bbox 464 1516 665 1582; x_wconf 80' lang='lat' dir='ltr'>Venite,</span> <span class='ocrx_word' id='word_1_110' title='bbox 699 1523 751 1570; x_wconf 88' lang='lat' dir='ltr'>et</span> <span class='ocrx_word' id='word_1_111' title='bbox 778 1515 1069 1570; x_wconf 73' lang='lat' dir='ltr'>diruemus</span> <span class='ocrx_word' id='word_1_112' title='bbox 1117 1532 1301 1571; x_wconf 85' lang='lat' dir='ltr'>muros</span> <span class='ocrx_word' id='word_1_113' title='bbox 1349 1517 1496 1587; x_wconf 81' lang='lat' dir='ltr'>eius;</span> <span class='ocrx_word' id='word_1_114' title='bbox 1529 1526 1582 1573; x_wconf 90' lang='lat' dir='ltr'>et</span> <span class='ocrx_word' id='word_1_115' title='bbox 1628 1520 1720 1589; x_wconf 86' lang='lat' dir='ltr'>ﬁet</span> <span class='ocrx_word' id='word_1_116' title='bbox 1760 1536 1871 1589; x_wconf 68' lang='lat' dir='ltr'>pax</span> 
     </span>
    </p>
   </div>
   <div class='ocr_carea' id='block_1_17' title="bbox 200 1605 1866 1678">
    <p class='ocr_par' dir='ltr' id='par_1_17' title="bbox 200 1605 1866 1678">
     <span class='ocr_line' id='line_1_17' title="bbox 200 1605 1866 1678; baseline -0.002 -18"><span class='ocrx_word' id='word_1_117' title='bbox 200 1606 350 1660; x_wconf 72' lang='lat' dir='ltr'>inter</span> <span class='ocrx_word' id='word_1_118' title='bbox 375 1605 677 1677; x_wconf 81' lang='lat' dir='ltr'>principes,</span> <span class='ocrx_word' id='word_1_119' title='bbox 710 1611 761 1659; x_wconf 88' lang='lat' dir='ltr'>et</span> <span class='ocrx_word' id='word_1_120' title='bbox 806 1605 996 1659; x_wconf 86' lang='lat' dir='ltr'>comiti</span> <span class='ocrx_word' id='word_1_121' title='bbox 1036 1606 1327 1670; x_wconf 78' lang='lat' dir='ltr'>securitas,</span> <span class='ocrx_word' id='word_1_122' title='bbox 1372 1622 1439 1661; x_wconf 86' lang='lat' dir='ltr'>ne</span> <span class='ocrx_word' id='word_1_123' title='bbox 1481 1607 1677 1678; x_wconf 81' lang='lat' dir='ltr'>perdat</span> <span class='ocrx_word' id='word_1_124' title='bbox 1721 1624 1866 1663; x_wconf 89' lang='lat' dir='ltr'>eam.</span> 
     </span>
    </p>
   </div>
   <div class='ocr_carea' id='block_1_18' title="bbox 201 1692 1870 1766">
    <p class='ocr_par' dir='ltr' id='par_1_18' title="bbox 201 1692 1870 1766">
     <span class='ocr_line' id='line_1_18' title="bbox 201 1692 1870 1766; baseline 0.001 -16"><span class='ocrx_word' id='word_1_125' title='bbox 201 1696 527 1766; x_wconf 86' lang='lat' dir='ltr'>Surgentes</span> <span class='ocrx_word' id='word_1_126' title='bbox 556 1693 756 1765; x_wconf 89' lang='lat' dir='ltr'>itaque</span> <span class='ocrx_word' id='word_1_127' title='bbox 807 1692 1029 1748; x_wconf 88' lang='lat' dir='ltr'>debiles</span> <span class='ocrx_word' id='word_1_128' title='bbox 1079 1697 1136 1748; x_wconf 89' lang='lat' dir='ltr'>et</span> <span class='ocrx_word' id='word_1_129' title='bbox 1183 1693 1402 1748; x_wconf 85' lang='lat' dir='ltr'>infirmi</span> <span class='ocrx_word' id='word_1_130' title='bbox 1458 1696 1528 1750; x_wconf 91' lang='lat' dir='ltr'>de</span> <span class='ocrx_word' id='word_1_131' title='bbox 1577 1696 1870 1753; x_wconf 84' lang='lat' dir='ltr'>cubilibus</span> 
     </span>
    </p>
   </div>
   <div class='ocr_carea' id='block_1_19' title="bbox 198 1781 1863 1857">
    <p class='ocr_par' dir='ltr' id='par_1_19' title="bbox 198 1781 1863 1857">
     <span class='ocr_line' id='line_1_19' title="bbox 198 1781 1863 1857; baseline 0 -16"><span class='ocrx_word' id='word_1_132' title='bbox 198 1782 354 1845; x_wconf 83' lang='lat' dir='ltr'>suis.</span> <span class='ocrx_word' id='word_1_133' title='bbox 386 1782 570 1837; x_wconf 81' lang='lat' dir='ltr'>innixi</span> <span class='ocrx_word' id='word_1_134' title='bbox 606 1781 852 1849; x_wconf 85' lang='lat' dir='ltr'>baculis,</span> <span class='ocrx_word' id='word_1_135' title='bbox 883 1781 955 1837; x_wconf 91' lang='lat' dir='ltr'>ad</span> <span class='ocrx_word' id='word_1_136' title='bbox 980 1798 1181 1838; x_wconf 90' lang='lat' dir='ltr'>muros</span> <span class='ocrx_word' id='word_1_137' title='bbox 1213 1801 1400 1856; x_wconf 90' lang='lat' dir='ltr'>usque</span> <span class='ocrx_word' id='word_1_138' title='bbox 1431 1786 1863 1857; x_wconf 78' lang='lat' dir='ltr'>perveniebant,</span> 
     </span>
    </p>
   </div>
   <div class='ocr_carea' id='block_1_20' title="bbox 199 1870 1867 1947">
    <p class='ocr_par' dir='ltr' id='par_1_20' title="bbox 199 1870 1867 1947">
     <span class='ocr_line' id='line_1_20' title="bbox 199 1870 1867 1947; baseline 0.001 -17"><span class='ocrx_word' id='word_1_139' title='bbox 199 1878 261 1930; x_wconf 84' lang='lat' dir='ltr'>et</span> <span class='ocrx_word' id='word_1_140' title='bbox 318 1871 453 1927; x_wconf 89' lang='lat' dir='ltr'>illos</span> <span class='ocrx_word' id='word_1_141' title='bbox 510 1870 737 1943; x_wconf 86' lang='lat' dir='ltr'>lapides</span> <span class='ocrx_word' id='word_1_142' title='bbox 795 1888 944 1943; x_wconf 90' lang='lat' dir='ltr'>quos</span> <span class='ocrx_word' id='word_1_143' title='bbox 990 1872 1083 1926; x_wconf 88' lang='lat' dir='ltr'>vix</span> <span class='ocrx_word' id='word_1_144' title='bbox 1132 1873 1245 1928; x_wconf 84' lang='lat' dir='ltr'>tria</span> <span class='ocrx_word' id='word_1_145' title='bbox 1289 1873 1378 1929; x_wconf 88' lang='lat' dir='ltr'>vel</span> <span class='ocrx_word' id='word_1_146' title='bbox 1422 1878 1674 1946; x_wconf 83' lang='lat' dir='ltr'>quatuor</span> <span class='ocrx_word' id='word_1_147' title='bbox 1703 1876 1867 1947; x_wconf 89' lang='lat' dir='ltr'>paria</span> 
     </span>
    </p>
   </div>
   <div class='ocr_carea' id='block_1_21' title="bbox 200 1960 1869 2032">
    <p class='ocr_par' dir='ltr' id='par_1_21' title="bbox 200 1960 1869 2032">
     <span class='ocr_line' id='line_1_21' title="bbox 200 1960 1869 2032; baseline 0.001 -14"><span class='ocrx_word' id='word_1_148' title='bbox 200 1963 387 2018; x_wconf 87' lang='lat' dir='ltr'>boum</span> <span class='ocrx_word' id='word_1_149' title='bbox 420 1960 652 2016; x_wconf 89' lang='lat' dir='ltr'>trahere</span> <span class='ocrx_word' id='word_1_150' title='bbox 680 1964 938 2032; x_wconf 85' lang='lat' dir='ltr'>possent,</span> <span class='ocrx_word' id='word_1_151' title='bbox 974 1960 1143 2016; x_wconf 83' lang='lat' dir='ltr'>facile</span> <span class='ocrx_word' id='word_1_152' title='bbox 1173 1962 1416 2032; x_wconf 89' lang='lat' dir='ltr'>quidam</span> <span class='ocrx_word' id='word_1_153' title='bbox 1448 1963 1753 2020; x_wconf 77' lang='lat' dir='ltr'>famelicus</span> <span class='ocrx_word' id='word_1_154' title='bbox 1784 1982 1869 2020; x_wconf 90' lang='lat' dir='ltr'>re-</span> 
     </span>
    </p>
   </div>
   <div class='ocr_carea' id='block_1_22' title="bbox 198 2048 1894 2125">
    <p class='ocr_par' dir='ltr' id='par_1_22' title="bbox 198 2048 1894 2125">
     <span class='ocr_line' id='line_1_22' title="bbox 198 2048 1894 2125; baseline 0.002 -19"><span class='ocrx_word' id='word_1_155' title='bbox 198 2050 435 2107; x_wconf 87' lang='lat' dir='ltr'>volutos</span> <span class='ocrx_word' id='word_1_156' title='bbox 485 2067 521 2105; x_wconf 86' lang='lat' dir='ltr'>a</span> <span class='ocrx_word' id='word_1_157' title='bbox 552 2066 720 2104; x_wconf 91' lang='lat' dir='ltr'>muro</span> <span class='ocrx_word' id='word_1_158' title='bbox 767 2048 937 2122; x_wconf 87' lang='lat' dir='ltr'>longe</span> <span class='ocrx_word' id='word_1_159' title='bbox 969 2049 1332 2122; x_wconf 85' lang='lat' dir='ltr'>projiciehat.</span> <span class='ocrx_word' id='word_1_160' title='bbox 1367 2053 1690 2125; x_wconf 87' lang='lat' dir='ltr'>Episcopus</span> <span class='ocrx_word' id='word_1_161' title='bbox 1732 2056 1894 2110; x_wconf 84' lang='lat' dir='ltr'>vero‘</span> 
     </span>
    </p>
   </div>
   <div class='ocr_carea' id='block_1_23' title="bbox 198 2138 1865 2207">
    <p class='ocr_par' dir='ltr' id='par_1_23' title="bbox 198 2138 1865 2207">
     <span class='ocr_line' id='line_1_23' title="bbox 198 2138 1865 2207; baseline 0.001 -10"><span class='ocrx_word' id='word_1_162' title='bbox 198 2138 587 2207; x_wconf 82' lang='lat' dir='ltr'>Albariensis,</span> <span class='ocrx_word' id='word_1_163' title='bbox 622 2138 920 2195; x_wconf 83' lang='lat' dir='ltr'>causando</span> <span class='ocrx_word' id='word_1_164' title='bbox 949 2144 1006 2193; x_wconf 89' lang='lat' dir='ltr'>et</span> <span class='ocrx_word' id='word_1_165' title='bbox 1055 2140 1452 2197; x_wconf 84' lang='lat' dir='ltr'>interdicendo</span> <span class='ocrx_word' id='word_1_166' title='bbox 1495 2159 1569 2198; x_wconf 90' lang='lat' dir='ltr'>ne</span> <span class='ocrx_word' id='word_1_167' title='bbox 1598 2143 1707 2198; x_wconf 93' lang='lat' dir='ltr'>hoc</span> <span class='ocrx_word' id='word_1_168' title='bbox 1747 2142 1865 2199; x_wconf 89' lang='lat' dir='ltr'>ullo</span> 
     </span>
    </p>
   </div>
   <div class='ocr_carea' id='block_1_24' title="bbox 199 2226 1865 2304">
    <p class='ocr_par' dir='ltr' id='par_1_24' title="bbox 199 2226 1865 2304">
     <span class='ocr_line' id='line_1_24' title="bbox 199 2226 1865 2304; baseline 0.001 -17"><span class='ocrx_word' id='word_1_169' title='bbox 199 2231 383 2287; x_wconf 86' lang='lat' dir='ltr'>modo</span> <span class='ocrx_word' id='word_1_170' title='bbox 418 2230 600 2297; x_wconf 83' lang='lat' dir='ltr'>ﬁeret,</span> <span class='ocrx_word' id='word_1_171' title='bbox 632 2226 918 2283; x_wconf 88' lang='lat' dir='ltr'>circuibat</span> <span class='ocrx_word' id='word_1_172' title='bbox 953 2227 1266 2297; x_wconf 87' lang='lat' dir='ltr'>civitatem,</span> <span class='ocrx_word' id='word_1_173' title='bbox 1291 2235 1346 2285; x_wconf 88' lang='lat' dir='ltr'>et</span> <span class='ocrx_word' id='word_1_174' title='bbox 1390 2232 1607 2304; x_wconf 88' lang='lat' dir='ltr'>pariter</span> <span class='ocrx_word' id='word_1_175' title='bbox 1635 2233 1865 2288; x_wconf 85' lang='lat' dir='ltr'>comitis</span> 
     </span>
    </p>
   </div>
   <div class='ocr_carea' id='block_1_25' title="bbox 199 2319 1865 2393">
    <p class='ocr_par' dir='ltr' id='par_1_25' title="bbox 199 2319 1865 2393">
     <span class='ocr_line' id='line_1_25' title="bbox 199 2319 1865 2393; baseline 0.001 -17"><span class='ocrx_word' id='word_1_176' title='bbox 199 2319 711 2376; x_wconf 81' lang='lat' dir='ltr'>familiares.Cun1</span> <span class='ocrx_word' id='word_1_177' title='bbox 742 2322 937 2372; x_wconf 88' lang='lat' dir='ltr'>autem</span> <span class='ocrx_word' id='word_1_178' title='bbox 958 2319 1415 2389; x_wconf 88' lang='lat' dir='ltr'>pertransissent</span> <span class='ocrx_word' id='word_1_179' title='bbox 1440 2322 1714 2377; x_wconf 90' lang='lat' dir='ltr'>custodes</span> <span class='ocrx_word' id='word_1_180' title='bbox 1744 2321 1865 2393; x_wconf 91' lang='lat' dir='ltr'>isti,</span> 
     </span>
    </p>
   </div>
   <div class='ocr_carea' id='block_1_26' title="bbox 201 2406 1868 2482">
    <p class='ocr_par' dir='ltr' id='par_1_26' title="bbox 201 2406 1868 2482">
     <span class='ocr_line' id='line_1_26' title="bbox 201 2406 1868 2482; baseline 0.001 -17"><span class='ocrx_word' id='word_1_181' title='bbox 201 2409 415 2465; x_wconf 84' lang='lat' dir='ltr'>statim</span> <span class='ocrx_word' id='word_1_182' title='bbox 447 2407 891 2462; x_wconf 80' lang='lat' dir='ltr'>revertebantur</span> <span class='ocrx_word' id='word_1_183' title='bbox 921 2408 993 2461; x_wconf 88' lang='lat' dir='ltr'>ad</span> <span class='ocrx_word' id='word_1_184' title='bbox 1024 2406 1344 2480; x_wconf 88' lang='lat' dir='ltr'>incoeptum</span> <span class='ocrx_word' id='word_1_185' title='bbox 1376 2411 1653 2482; x_wconf 90' lang='lat' dir='ltr'>opus,qui</span> <span class='ocrx_word' id='word_1_186' title='bbox 1688 2428 1747 2466; x_wconf 90' lang='lat' dir='ltr'>se</span> <span class='ocrx_word' id='word_1_187' title='bbox 1779 2428 1868 2467; x_wconf 88' lang='lat' dir='ltr'>oc-</span> 
     </span>
    </p>
   </div>
   <div class='ocr_carea' id='block_1_27' title="bbox 202 2486 1868 2573">
    <p class='ocr_par' dir='ltr' id='par_1_27' title="bbox 202 2486 1868 2573">
     <span class='ocr_line' id='line_1_27' title="bbox 202 2486 1868 2573; baseline 0 -19"><span class='ocrx_word' id='word_1_188' title='bbox 202 2498 575 2555; x_wconf 86' lang='lat' dir='ltr'>cultaverant</span> <span class='ocrx_word' id='word_1_189' title='bbox 605 2501 663 2552; x_wconf 89' lang='lat' dir='ltr'>et</span> <span class='ocrx_word' id='word_1_190' title='bbox 693 2495 793 2567; x_wconf 89' lang='lat' dir='ltr'>qui</span> <span class='ocrx_word' id='word_1_191' title='bbox 825 2495 1258 2553; x_wconf 76' lang='lat' dir='ltr'>declinaverant</span> <span class='ocrx_word' id='word_1_192' title='bbox 1289 2499 1362 2554; x_wconf 89' lang='lat' dir='ltr'>ad</span> <span class='ocrx_word' id='word_1_193' title='bbox 1393 2500 1706 2555; x_wconf 87' lang='lat' dir='ltr'>adventum</span> <span class='ocrx_word' id='word_1_194' title='bbox 1745 2486 1868 2573; x_wconf 85' lang='lat' dir='ltr'>epi-</span> 
     </span>
    </p>
   </div>
   <div class='ocr_carea' id='block_1_28' title="bbox 203 2584 1869 2661">
    <p class='ocr_par' dir='ltr' id='par_1_28' title="bbox 203 2584 1869 2661">
     <span class='ocr_line' id='line_1_28' title="bbox 203 2584 1869 2661; baseline 0 -17"><span class='ocrx_word' id='word_1_195' title='bbox 203 2587 373 2659; x_wconf 84' lang='lat' dir='ltr'>scopi</span> <span class='ocrx_word' id='word_1_196' title='bbox 404 2592 462 2642; x_wconf 90' lang='lat' dir='ltr'>et</span> <span class='ocrx_word' id='word_1_197' title='bbox 490 2584 786 2640; x_wconf 86' lang='lat' dir='ltr'>sociorum</span> <span class='ocrx_word' id='word_1_198' title='bbox 816 2585 965 2656; x_wconf 85' lang='lat' dir='ltr'>ejus.</span> <span class='ocrx_word' id='word_1_199' title='bbox 1000 2586 1070 2640; x_wconf 88' lang='lat' dir='ltr'>Et</span> <span class='ocrx_word' id='word_1_200' title='bbox 1117 2587 1216 2658; x_wconf 90' lang='lat' dir='ltr'>qui</span> <span class='ocrx_word' id='word_1_201' title='bbox 1270 2605 1381 2643; x_wconf 90' lang='lat' dir='ltr'>non</span> <span class='ocrx_word' id='word_1_202' title='bbox 1434 2589 1726 2644; x_wconf 88' lang='lat' dir='ltr'>audebant</span> <span class='ocrx_word' id='word_1_203' title='bbox 1767 2607 1869 2661; x_wconf 90' lang='lat' dir='ltr'>per</span> 
     </span>
    </p>
   </div>
   <div class='ocr_carea' id='block_1_29' title="bbox 188 2673 1870 2750">
    <p class='ocr_par' dir='ltr' id='par_1_29' title="bbox 188 2673 1870 2750">
     <span class='ocr_line' id='line_1_29' title="bbox 188 2673 1870 2750; baseline 0 -17"><span class='ocrx_word' id='word_1_204' title='bbox 188 2677 368 2733; x_wconf 79' lang='lat' dir='ltr'>diem</span> <span class='ocrx_word' id='word_1_205' title='bbox 420 2675 674 2745; x_wconf 86' lang='lat' dir='ltr'>diruere,</span> <span class='ocrx_word' id='word_1_206' title='bbox 702 2673 790 2730; x_wconf 88' lang='lat' dir='ltr'>vel</span> <span class='ocrx_word' id='word_1_207' title='bbox 849 2691 965 2730; x_wconf 89' lang='lat' dir='ltr'>non</span> <span class='ocrx_word' id='word_1_208' title='bbox 1014 2679 1282 2746; x_wconf 81' lang='lat' dir='ltr'>poterant</span> <span class='ocrx_word' id='word_1_209' title='bbox 1328 2676 1458 2731; x_wconf 88' lang='lat' dir='ltr'>aliis</span> <span class='ocrx_word' id='word_1_210' title='bbox 1506 2678 1736 2746; x_wconf 83' lang='lat' dir='ltr'>intenti,</span> <span class='ocrx_word' id='word_1_211' title='bbox 1766 2695 1870 2750; x_wconf 88' lang='lat' dir='ltr'>per</span> 
     </span>
    </p>
   </div>
   <div class='ocr_carea' id='block_1_30' title="bbox 202 2762 1866 2841">
    <p class='ocr_par' dir='ltr' id='par_1_30' title="bbox 202 2762 1866 2841">
     <span class='ocr_line' id='line_1_30' title="bbox 202 2762 1866 2841; baseline 0 -19"><span class='ocrx_word' id='word_1_212' title='bbox 202 2763 785 2841; x_wconf 26' lang='lat' dir='ltr'>noctemlinstabant.</span> <span class='ocrx_word' id='word_1_213' title='bbox 818 2762 925 2818; x_wconf 90' lang='lat' dir='ltr'>Vix</span> <span class='ocrx_word' id='word_1_214' title='bbox 954 2768 1079 2818; x_wconf 90' lang='lat' dir='ltr'>erat</span> <span class='ocrx_word' id='word_1_215' title='bbox 1107 2763 1321 2837; x_wconf 86' lang='lat' dir='ltr'>aliquis</span> <span class='ocrx_word' id='word_1_216' title='bbox 1352 2766 1422 2821; x_wconf 93' lang='lat' dir='ltr'>de</span> <span class='ocrx_word' id='word_1_217' title='bbox 1452 2766 1666 2839; x_wconf 91' lang='lat' dir='ltr'>populo</span> <span class='ocrx_word' id='word_1_218' title='bbox 1708 2766 1866 2822; x_wconf 87' lang='lat' dir='ltr'>debi-</span> 
     </span>
    </p>
   </div>
   <div class='ocr_carea' id='block_1_31' title="bbox 199 2852 1871 2925">
    <p class='ocr_par' dir='ltr' id='par_1_31' title="bbox 199 2852 1871 2925">
     <span class='ocr_line' id='line_1_31' title="bbox 199 2852 1871 2925; baseline 0 -15"><span class='ocrx_word' id='word_1_219' title='bbox 199 2854 279 2910; x_wconf 88' lang='lat' dir='ltr'>lis</span> <span class='ocrx_word' id='word_1_220' title='bbox 311 2852 400 2908; x_wconf 89' lang='lat' dir='ltr'>vel</span> <span class='ocrx_word' id='word_1_221' title='bbox 432 2852 813 2915; x_wconf 86' lang='lat' dir='ltr'>infirmus,ad</span> <span class='ocrx_word' id='word_1_222' title='bbox 847 2852 1335 2925; x_wconf 89' lang='lat' dir='ltr'>confringendum</span> <span class='ocrx_word' id='word_1_223' title='bbox 1367 2871 1626 2910; x_wconf 90' lang='lat' dir='ltr'>murum.</span> <span class='ocrx_word' id='word_1_224' title='bbox 1647 2856 1871 2911; x_wconf 84' lang='lat' dir='ltr'>Interea</span> 
     </span>
    </p>
   </div>
   <div class='ocr_carea' id='block_1_32' title="bbox 200 2940 1870 3015">
    <p class='ocr_par' dir='ltr' id='par_1_32' title="bbox 200 2940 1870 3015">
     <span class='ocr_line' id='line_1_32' title="bbox 200 2940 1870 3015; baseline -0.001 -16"><span class='ocrx_word' id='word_1_225' title='bbox 200 2948 377 2999; x_wconf 79' lang='lat' dir='ltr'>tanta</span> <span class='ocrx_word' id='word_1_226' title='bbox 408 2942 597 2996; x_wconf 84' lang='lat' dir='ltr'>fames</span> <span class='ocrx_word' id='word_1_227' title='bbox 620 2940 730 2995; x_wconf 88' lang='lat' dir='ltr'>fuit</span> <span class='ocrx_word' id='word_1_228' title='bbox 756 2940 817 2995; x_wconf 87' lang='lat' dir='ltr'>in</span> <span class='ocrx_word' id='word_1_229' title='bbox 840 2940 1095 2996; x_wconf 84' lang='lat' dir='ltr'>exercitu</span> <span class='ocrx_word' id='word_1_230' title='bbox 1118 2946 1185 2996; x_wconf 90' lang='lat' dir='ltr'>ut</span> <span class='ocrx_word' id='word_1_231' title='bbox 1206 2942 1391 2998; x_wconf 90' lang='lat' dir='ltr'>multa</span> <span class='ocrx_word' id='word_1_232' title='bbox 1412 2960 1652 3015; x_wconf 88' lang='lat' dir='ltr'>corpora</span> <span class='ocrx_word' id='word_1_233' title='bbox 1674 2945 1870 3000; x_wconf 87' lang='lat' dir='ltr'>Sarra-</span> 
     </span>
    </p>
   </div>
   <div class='ocr_carea' id='block_1_33' title="bbox 202 3030 1869 3104">
    <p class='ocr_par' dir='ltr' id='par_1_33' title="bbox 202 3030 1869 3104">
     <span class='ocr_line' id='line_1_33' title="bbox 202 3030 1869 3104; baseline -0.001 -15"><span class='ocrx_word' id='word_1_234' title='bbox 202 3048 491 3089; x_wconf 88' lang='lat' dir='ltr'>cenorum</span> <span class='ocrx_word' id='word_1_235' title='bbox 515 3032 641 3102; x_wconf 87' lang='lat' dir='ltr'>jam</span> <span class='ocrx_word' id='word_1_236' title='bbox 673 3030 1004 3098; x_wconf 86' lang='lat' dir='ltr'>fetentium,</span> <span class='ocrx_word' id='word_1_237' title='bbox 1029 3048 1157 3103; x_wconf 71' lang='lat' dir='ltr'>quae</span> <span class='ocrx_word' id='word_1_238' title='bbox 1189 3030 1247 3085; x_wconf 90' lang='lat' dir='ltr'>in</span> <span class='ocrx_word' id='word_1_239' title='bbox 1280 3032 1596 3104; x_wconf 88' lang='lat' dir='ltr'>paludibus</span> <span class='ocrx_word' id='word_1_240' title='bbox 1619 3032 1869 3089; x_wconf 84' lang='lat' dir='ltr'>civitatis</span> 
     </span>
    </p>
   </div>
   <div class='ocr_carea' id='block_1_34' title="bbox 200 3120 1867 3195">
    <p class='ocr_par' dir='ltr' id='par_1_34' title="bbox 200 3120 1867 3195">
     <span class='ocr_line' id='line_1_34' title="bbox 200 3120 1867 3195; baseline 0.001 -18"><span class='ocrx_word' id='word_1_241' title='bbox 200 3121 481 3194; x_wconf 84' lang='lat' dir='ltr'>ejusdem</span> <span class='ocrx_word' id='word_1_242' title='bbox 532 3136 653 3192; x_wconf 83' lang='lat' dir='ltr'>per.</span> <span class='ocrx_word' id='word_1_243' title='bbox 680 3120 828 3176; x_wconf 88' lang='lat' dir='ltr'>duas</span> <span class='ocrx_word' id='word_1_244' title='bbox 876 3120 1277 3176; x_wconf 86' lang='lat' dir='ltr'>hebdomadas</span> <span class='ocrx_word' id='word_1_245' title='bbox 1302 3126 1358 3177; x_wconf 89' lang='lat' dir='ltr'>et</span> <span class='ocrx_word' id='word_1_246' title='bbox 1390 3122 1643 3194; x_wconf 87' lang='lat' dir='ltr'>amplius</span> <span class='ocrx_word' id='word_1_247' title='bbox 1667 3123 1867 3195; x_wconf 87' lang='lat' dir='ltr'>jacue-</span> 
     </span>
    </p>
   </div>
   <div class='ocr_carea' id='block_1_35' title="bbox 202 3207 1869 3281">
    <p class='ocr_par' dir='ltr' id='par_1_35' title="bbox 202 3207 1869 3281">
     <span class='ocr_line' id='line_1_35' title="bbox 202 3207 1869 3281; baseline 0.001 -15"><span class='ocrx_word' id='word_1_248' title='bbox 202 3214 366 3277; x_wconf 85' lang='lat' dir='ltr'>rant,</span> <span class='ocrx_word' id='word_1_249' title='bbox 393 3209 648 3281; x_wconf 88' lang='lat' dir='ltr'>populus</span> <span class='ocrx_word' id='word_1_250' title='bbox 672 3207 1007 3264; x_wconf 84' lang='lat' dir='ltr'>avidissime</span> <span class='ocrx_word' id='word_1_251' title='bbox 1037 3211 1383 3266; x_wconf 87' lang='lat' dir='ltr'>comederet.</span> <span class='ocrx_word' id='word_1_252' title='bbox 1408 3212 1730 3268; x_wconf 87' lang='lat' dir='ltr'>Terrebant</span> <span class='ocrx_word' id='word_1_253' title='bbox 1756 3213 1869 3268; x_wconf 87' lang='lat' dir='ltr'>ista</span> 
     </span>
    </p>
   </div>
   <div class='ocr_carea' id='block_1_36' title="bbox 203 3298 1869 3374">
    <p class='ocr_par' dir='ltr' id='par_1_36' title="bbox 203 3298 1869 3374">
     <span class='ocr_line' id='line_1_36' title="bbox 203 3298 1869 3374; baseline 0.001 -19"><span class='ocrx_word' id='word_1_254' title='bbox 203 3299 457 3364; x_wconf 87' lang='lat' dir='ltr'>multos,</span> <span class='ocrx_word' id='word_1_255' title='bbox 490 3303 614 3353; x_wconf 89' lang='lat' dir='ltr'>tam</span> <span class='ocrx_word' id='word_1_256' title='bbox 667 3302 878 3353; x_wconf 72' lang='lat' dir='ltr'>nostrae</span> <span class='ocrx_word' id='word_1_257' title='bbox 926 3298 1115 3370; x_wconf 89' lang='lat' dir='ltr'>gentis</span> <span class='ocrx_word' id='word_1_258' title='bbox 1164 3299 1433 3356; x_wconf 88' lang='lat' dir='ltr'>homines</span> <span class='ocrx_word' id='word_1_259' title='bbox 1471 3319 1647 3374; x_wconf 87' lang='lat' dir='ltr'>quam</span> <span class='ocrx_word' id='word_1_260' title='bbox 1677 3309 1869 3358; x_wconf 82' lang='lat' dir='ltr'>extra-</span> 
     </span>
    </p>
   </div>
   <div class='ocr_carea' id='block_1_37' title="bbox 203 3388 1872 3463">
    <p class='ocr_par' dir='ltr' id='par_1_37' title="bbox 203 3388 1872 3463">
     <span class='ocr_line' id='line_1_37' title="bbox 203 3388 1872 3463; baseline 0.001 -18"><span class='ocrx_word' id='word_1_261' title='bbox 203 3405 378 3445; x_wconf 86' lang='lat' dir='ltr'>neos.</span> <span class='ocrx_word' id='word_1_262' title='bbox 406 3388 862 3443; x_wconf 80' lang='lat' dir='ltr'>Revertebantur</span> <span class='ocrx_word' id='word_1_263' title='bbox 890 3388 963 3442; x_wconf 92' lang='lat' dir='ltr'>ob</span> <span class='ocrx_word' id='word_1_264' title='bbox 998 3404 1064 3443; x_wconf 89' lang='lat' dir='ltr'>ea</span> <span class='ocrx_word' id='word_1_265' title='bbox 1094 3390 1276 3443; x_wconf 86' lang='lat' dir='ltr'>nostri</span> <span class='ocrx_word' id='word_1_266' title='bbox 1312 3407 1487 3462; x_wconf 88' lang='lat' dir='ltr'>quam</span> <span class='ocrx_word' id='word_1_267' title='bbox 1522 3391 1717 3463; x_wconf 84' lang='lat' dir='ltr'>plures</span> <span class='ocrx_word' id='word_1_268' title='bbox 1748 3392 1872 3447; x_wconf 88' lang='lat' dir='ltr'>des-</span> 
     </span>
    </p>
   </div>
   <div class='ocr_carea' id='block_1_38' title="bbox 204 3475 1869 3553">
    <p class='ocr_par' dir='ltr' id='par_1_38' title="bbox 204 3475 1869 3553">
     <span class='ocr_line' id='line_1_38' title="bbox 204 3475 1869 3553; baseline -0.001 -18"><span class='ocrx_word' id='word_1_269' title='bbox 204 3481 493 3553; x_wconf 86' lang='lat' dir='ltr'>perantes</span> <span class='ocrx_word' id='word_1_270' title='bbox 524 3477 595 3531; x_wconf 90' lang='lat' dir='ltr'>de</span> <span class='ocrx_word' id='word_1_271' title='bbox 626 3476 853 3544; x_wconf 87' lang='lat' dir='ltr'>itinere,</span> <span class='ocrx_word' id='word_1_272' title='bbox 886 3475 1013 3532; x_wconf 88' lang='lat' dir='ltr'>sine</span> <span class='ocrx_word' id='word_1_273' title='bbox 1046 3494 1330 3533; x_wconf 89' lang='lat' dir='ltr'>succursu</span> <span class='ocrx_word' id='word_1_274' title='bbox 1361 3480 1432 3535; x_wconf 90' lang='lat' dir='ltr'>de</span> <span class='ocrx_word' id='word_1_275' title='bbox 1481 3485 1650 3553; x_wconf 84' lang='lat' dir='ltr'>gente</span> <span class='ocrx_word' id='word_1_276' title='bbox 1692 3482 1869 3536; x_wconf 86' lang='lat' dir='ltr'>Fran-</span> 
     </span>
    </p>
   </div>
   <div class='ocr_carea' id='block_1_39' title="bbox 203 3566 1867 3625">
    <p class='ocr_par' dir='ltr' id='par_1_39' title="bbox 203 3566 1867 3625">
     <span class='ocr_line' id='line_1_39' title="bbox 203 3566 1867 3625; baseline 0 -1"><span class='ocrx_word' id='word_1_277' title='bbox 203 3584 442 3624; x_wconf 86' lang='lat' dir='ltr'>corum.</span> <span class='ocrx_word' id='word_1_278' title='bbox 468 3566 769 3621; x_wconf 86' lang='lat' dir='ltr'>Sarraceni</span> <span class='ocrx_word' id='word_1_279' title='bbox 802 3583 933 3622; x_wconf 88' lang='lat' dir='ltr'>vero</span> <span class='ocrx_word' id='word_1_280' title='bbox 965 3570 1022 3621; x_wconf 88' lang='lat' dir='ltr'>et</span> <span class='ocrx_word' id='word_1_281' title='bbox 1048 3567 1220 3621; x_wconf 89' lang='lat' dir='ltr'>Turci</span> <span class='ocrx_word' id='word_1_282' title='bbox 1253 3585 1283 3622; x_wconf 91' lang='lat' dir='ltr'>e</span> <span class='ocrx_word' id='word_1_283' title='bbox 1317 3575 1519 3624; x_wconf 90' lang='lat' dir='ltr'>contra</span> <span class='ocrx_word' id='word_1_284' title='bbox 1550 3570 1821 3625; x_wconf 87' lang='lat' dir='ltr'>dicebant</span> <span class='ocrx_word' id='word_1_285' title='bbox 1854 3587 1867 3624; x_wconf 88' lang='lat'><strong>:</strong></span> 
     </span>
    </p>
   </div>
   <div class='ocr_carea' id='block_1_40' title="bbox 202 3656 1871 3730">
    <p class='ocr_par' dir='ltr' id='par_1_40' title="bbox 202 3656 1871 3730">
     <span class='ocr_line' id='line_1_40' title="bbox 202 3656 1871 3730; baseline -0.001 -16"><span class='ocrx_word' id='word_1_286' title='bbox 202 3659 269 3714; x_wconf 80' lang='lat' dir='ltr'>Et</span> <span class='ocrx_word' id='word_1_287' title='bbox 302 3658 435 3729; x_wconf 80' lang='lat' dir='ltr'>quis</span> <span class='ocrx_word' id='word_1_288' title='bbox 462 3657 664 3727; x_wconf 85' lang='lat' dir='ltr'>poterit</span> <span class='ocrx_word' id='word_1_289' title='bbox 689 3658 959 3712; x_wconf 76' lang='lat' dir='ltr'>sustinere</span> <span class='ocrx_word' id='word_1_290' title='bbox 987 3656 1130 3711; x_wconf 86' lang='lat' dir='ltr'>hanc</span> <span class='ocrx_word' id='word_1_291' title='bbox 1157 3666 1387 3725; x_wconf 79' lang='lat' dir='ltr'>gentem,</span> <span class='ocrx_word' id='word_1_292' title='bbox 1414 3674 1539 3730; x_wconf 52' lang='lat' dir='ltr'>quae</span> <span class='ocrx_word' id='word_1_293' title='bbox 1569 3667 1680 3713; x_wconf 85' lang='lat' dir='ltr'>tam</span> <span class='ocrx_word' id='word_1_294' title='bbox 1707 3660 1871 3713; x_wconf 85' lang='lat' dir='ltr'>obsti-</span> 
     </span>
    </p>
   </div>
   <div class='ocr_carea' id='block_1_41' title="bbox 202 3743 1871 3819">
    <p class='ocr_par' dir='ltr' id='par_1_41' title="bbox 202 3743 1871 3819">
     <span class='ocr_line' id='line_1_41' title="bbox 202 3743 1871 3819; baseline 0.001 -17"><span class='ocrx_word' id='word_1_295' title='bbox 202 3754 347 3802; x_wconf 79' lang='lat' dir='ltr'>nata</span> <span class='ocrx_word' id='word_1_296' title='bbox 374 3751 539 3817; x_wconf 86' lang='lat' dir='ltr'>atque</span> <span class='ocrx_word' id='word_1_297' title='bbox 568 3743 807 3800; x_wconf 77' lang='lat' dir='ltr'>crudelis</span> <span class='ocrx_word' id='word_1_298' title='bbox 835 3754 913 3800; x_wconf 82' lang='lat' dir='ltr'>est</span> <span class='ocrx_word' id='word_1_299' title='bbox 942 3754 1001 3801; x_wconf 87' lang='lat' dir='ltr'>ut</span> <span class='ocrx_word' id='word_1_300' title='bbox 1024 3762 1125 3817; x_wconf 82' lang='lat' dir='ltr'>per</span> <span class='ocrx_word' id='word_1_301' title='bbox 1153 3763 1365 3801; x_wconf 84' lang='lat' dir='ltr'>annum</span> <span class='ocrx_word' id='word_1_302' title='bbox 1391 3764 1498 3802; x_wconf 84' lang='lat' dir='ltr'>non</span> <span class='ocrx_word' id='word_1_303' title='bbox 1524 3750 1767 3819; x_wconf 83' lang='lat' dir='ltr'>potuerit</span> <span class='ocrx_word' id='word_1_304' title='bbox 1788 3764 1871 3803; x_wconf 85' lang='lat' dir='ltr'>re-</span> 
     </span>
    </p>
   </div>
   <div class='ocr_carea' id='block_1_42' title="bbox 204 3834 1873 3907">
    <p class='ocr_par' dir='ltr' id='par_1_42' title="bbox 204 3834 1873 3907">
     <span class='ocr_line' id='line_1_42' title="bbox 204 3834 1873 3907; baseline -0.001 -14"><span class='ocrx_word' id='word_1_305' title='bbox 204 3837 404 3893; x_wconf 83' lang='lat' dir='ltr'>vocari</span> <span class='ocrx_word' id='word_1_306' title='bbox 452 3835 522 3888; x_wconf 89' lang='lat' dir='ltr'>ab</span> <span class='ocrx_word' id='word_1_307' title='bbox 573 3834 854 3889; x_wconf 81' lang='lat' dir='ltr'>obsidione</span> <span class='ocrx_word' id='word_1_308' title='bbox 899 3835 1223 3902; x_wconf 59' lang='lat' dir='ltr'>Antiochiae,</span> <span class='ocrx_word' id='word_1_309' title='bbox 1252 3839 1400 3907; x_wconf 74' lang='lat' dir='ltr'>fame</span> <span class='ocrx_word' id='word_1_310' title='bbox 1440 3837 1523 3890; x_wconf 73' lang='lat' dir='ltr'>vel</span> <span class='ocrx_word' id='word_1_311' title='bbox 1553 3837 1758 3904; x_wconf 84' lang='lat' dir='ltr'>gladio,</span> <span class='ocrx_word' id='word_1_312' title='bbox 1794 3838 1873 3892; x_wconf 80' lang='lat' dir='ltr'>vel</span> 
     </span>
    </p>
   </div>
   <div class='ocr_carea' id='block_1_43' title="bbox 205 3924 1872 3997">
    <p class='ocr_par' dir='ltr' id='par_1_43' title="bbox 205 3924 1872 3997">
     <span class='ocr_line' id='line_1_43' title="bbox 205 3924 1872 3997; baseline -0.001 -15"><span class='ocrx_word' id='word_1_313' title='bbox 205 3924 498 3997; x_wconf 77' lang='lat' dir='ltr'>aliquibus</span> <span class='ocrx_word' id='word_1_314' title='bbox 522 3924 810 3994; x_wconf 73' lang='lat' dir='ltr'>periculis,</span> <span class='ocrx_word' id='word_1_315' title='bbox 841 3930 890 3977; x_wconf 89' lang='lat' dir='ltr'>et</span> <span class='ocrx_word' id='word_1_316' title='bbox 918 3939 1065 3977; x_wconf 86' lang='lat' dir='ltr'>nunc</span> <span class='ocrx_word' id='word_1_317' title='bbox 1091 3924 1352 3979; x_wconf 82' lang='lat' dir='ltr'>carnibus</span> <span class='ocrx_word' id='word_1_318' title='bbox 1398 3926 1658 3979; x_wconf 82' lang='lat' dir='ltr'>humanis</span> <span class='ocrx_word' id='word_1_319' title='bbox 1705 3927 1872 3980; x_wconf 81' lang='lat' dir='ltr'>vesci-</span> 
     </span>
    </p>
   </div>
   <div class='ocr_carea' id='block_1_44' title="bbox 207 4010 1876 4082">
    <p class='ocr_par' dir='ltr' id='par_1_44' title="bbox 207 4010 1876 4082">
     <span class='ocr_line' id='line_1_44' title="bbox 207 4010 1876 4082; baseline -0.002 -12"><span class='ocrx_word' id='word_1_320' title='bbox 207 4023 304 4071; x_wconf 85' lang='lat' dir='ltr'>tur</span> <span class='ocrx_word' id='word_1_321' title='bbox 320 4017 348 4067; x_wconf 76' lang='lat'><strong><em>?</em></strong></span> <span class='ocrx_word' id='word_1_322' title='bbox 378 4012 513 4067; x_wconf 61' lang='lat' dir='ltr'>Haec</span> <span class='ocrx_word' id='word_1_323' title='bbox 538 4017 595 4066; x_wconf 89' lang='lat' dir='ltr'>et</span> <span class='ocrx_word' id='word_1_324' title='bbox 623 4011 738 4066; x_wconf 88' lang='lat' dir='ltr'>alia</span> <span class='ocrx_word' id='word_1_325' title='bbox 757 4010 1169 4066; x_wconf 89' lang='lat' dir='ltr'>crudelissima</span> <span class='ocrx_word' id='word_1_326' title='bbox 1189 4010 1389 4082; x_wconf 90' lang='lat' dir='ltr'>sibi,in</span> <span class='ocrx_word' id='word_1_327' title='bbox 1414 4010 1582 4068; x_wconf 91' lang='lat' dir='ltr'>nobis</span> <span class='ocrx_word' id='word_1_328' title='bbox 1604 4011 1876 4068; x_wconf 88' lang='lat' dir='ltr'>dicebant</span> 
     </span>
    </p>
   </div>
   <div class='ocr_carea' id='block_1_45' title="bbox 209 4098 1873 4174">
    <p class='ocr_par' dir='ltr' id='par_1_45' title="bbox 209 4098 1873 4174">
     <span class='ocr_line' id='line_1_45' title="bbox 209 4098 1873 4174; baseline -0.002 -15"><span class='ocrx_word' id='word_1_329' title='bbox 209 4119 348 4160; x_wconf 74' lang='lat' dir='ltr'>esse</span> <span class='ocrx_word' id='word_1_330' title='bbox 372 4100 610 4174; x_wconf 82' lang='lat' dir='ltr'>pagani.</span> <span class='ocrx_word' id='word_1_331' title='bbox 628 4098 853 4155; x_wconf 82' lang='lat' dir='ltr'>Etenim</span> <span class='ocrx_word' id='word_1_332' title='bbox 880 4100 1119 4155; x_wconf 89' lang='lat' dir='ltr'>dederat</span> <span class='ocrx_word' id='word_1_333' title='bbox 1140 4100 1293 4155; x_wconf 86' lang='lat' dir='ltr'>Deus</span> <span class='ocrx_word' id='word_1_334' title='bbox 1314 4100 1583 4156; x_wconf 87' lang='lat' dir='ltr'>timorem</span> <span class='ocrx_word' id='word_1_335' title='bbox 1607 4105 1873 4157; x_wconf 88' lang='lat' dir='ltr'>nostrum</span> 
     </span>
    </p>
   </div>
   <div class='ocr_carea' id='block_1_46' title="bbox 212 4188 1881 4262">
    <p class='ocr_par' dir='ltr' id='par_1_46' title="bbox 212 4188 1881 4262">
     <span class='ocr_line' id='line_1_46' title="bbox 212 4188 1881 4262; baseline -0.001 -14"><span class='ocrx_word' id='word_1_336' title='bbox 212 4191 456 4248; x_wconf 86' lang='lat' dir='ltr'>cunctis</span> <span class='ocrx_word' id='word_1_337' title='bbox 509 4188 818 4262; x_wconf 84' lang='lat' dir='ltr'>gentibus;</span> <span class='ocrx_word' id='word_1_338' title='bbox 852 4189 953 4244; x_wconf 88' lang='lat' dir='ltr'>sed</span> <span class='ocrx_word' id='word_1_339' title='bbox 1012 4206 1120 4243; x_wconf 85' lang='lat' dir='ltr'>nos</span> <span class='ocrx_word' id='word_1_340' title='bbox 1175 4188 1603 4246; x_wconf 88' lang='lat' dir='ltr'>nesciebamus.</span> <span class='ocrx_word' id='word_1_341' title='bbox 1657 4192 1881 4246; x_wconf 87' lang='lat' dir='ltr'>Interea</span> 
     </span>
    </p>
   </div>
   <div class='ocr_carea' id='block_1_47' title="bbox 215 4276 1876 4352">
    <p class='ocr_par' dir='ltr' id='par_1_47' title="bbox 215 4276 1876 4352">
     <span class='ocr_line' id='line_1_47' title="bbox 215 4276 1876 4352; baseline -0.002 -14"><span class='ocrx_word' id='word_1_342' title='bbox 215 4297 425 4338; x_wconf 87' lang='lat' dir='ltr'>eomes</span> <span class='ocrx_word' id='word_1_343' title='bbox 457 4296 490 4334; x_wconf 89' lang='lat' dir='ltr'>a</span> <span class='ocrx_word' id='word_1_344' title='bbox 528 4276 817 4349; x_wconf 85' lang='lat' dir='ltr'>colloquio</span> <span class='ocrx_word' id='word_1_345' title='bbox 867 4278 1198 4351; x_wconf 84' lang='lat' dir='ltr'>principum</span> <span class='ocrx_word' id='word_1_346' title='bbox 1254 4295 1555 4352; x_wconf 86' lang='lat' dir='ltr'>regressus</span> <span class='ocrx_word' id='word_1_347' title='bbox 1602 4280 1876 4348; x_wconf 88' lang='lat' dir='ltr'>Marram,</span> 
     </span>
    </p>
   </div>
   <div class='ocr_carea' id='block_1_48' title="bbox 219 4366 1883 4444">
    <p class='ocr_par' dir='ltr' id='par_1_48' title="bbox 219 4366 1883 4444">
     <span class='ocr_line' id='line_1_48' title="bbox 219 4366 1883 4444; baseline -0.001 -19"><span class='ocrx_word' id='word_1_348' title='bbox 219 4369 484 4444; x_wconf 83' lang='lat' dir='ltr'>graviter</span> <span class='ocrx_word' id='word_1_349' title='bbox 531 4366 894 4423; x_wconf 78' lang='lat' dir='ltr'>irascebatur</span> <span class='ocrx_word' id='word_1_350' title='bbox 940 4368 1011 4422; x_wconf 90' lang='lat' dir='ltr'>de</span> <span class='ocrx_word' id='word_1_351' title='bbox 1061 4368 1456 4424; x_wconf 84' lang='lat' dir='ltr'>destructione</span> <span class='ocrx_word' id='word_1_352' title='bbox 1497 4369 1649 4423; x_wconf 89' lang='lat' dir='ltr'>muri</span> <span class='ocrx_word' id='word_1_353' title='bbox 1682 4373 1883 4424; x_wconf 82' lang='lat' dir='ltr'>contra</span> 
     </span>
    </p>
   </div>
   <div class='ocr_carea' id='block_1_49' title="bbox 228 4457 1884 4533">
    <p class='ocr_par' dir='ltr' id='par_1_49' title="bbox 228 4457 1884 4533">
     <span class='ocr_line' id='line_1_49' title="bbox 228 4457 1884 4533; baseline -0.001 -19"><span class='ocrx_word' id='word_1_354' title='bbox 228 4457 830 4533; x_wconf 83' lang='lat' dir='ltr'>populum.Cumque</span> <span class='ocrx_word' id='word_1_355' title='bbox 857 4457 1186 4528; x_wconf 81' lang='lat' dir='ltr'>expositum</span> <span class='ocrx_word' id='word_1_356' title='bbox 1217 4462 1369 4512; x_wconf 81' lang='lat' dir='ltr'>esset</span> <span class='ocrx_word' id='word_1_357' title='bbox 1397 4458 1470 4526; x_wconf 86' lang='lat' dir='ltr'>ei,</span> <span class='ocrx_word' id='word_1_358' title='bbox 1508 4458 1661 4530; x_wconf 90' lang='lat' dir='ltr'>quod</span> <span class='ocrx_word' id='word_1_359' title='bbox 1699 4475 1884 4530; x_wconf 88' lang='lat' dir='ltr'>neque</span> 
     </span>
    </p>
   </div>
   <div class='ocr_carea' id='block_1_50' title="bbox 1979 540 3633 613">
    <p class='ocr_par' dir='ltr' id='par_1_50' title="bbox 1979 540 3633 613">
     <span class='ocr_line' id='line_1_50' title="bbox 1979 540 3633 613; baseline 0.001 -17"><span class='ocrx_word' id='word_1_360' title='bbox 1979 541 2136 596; x_wconf 87' lang='lat' dir='ltr'>ibunt</span> <span class='ocrx_word' id='word_1_361' title='bbox 2168 542 2227 596; x_wconf 85' lang='lat' dir='ltr'>in</span> <span class='ocrx_word' id='word_1_362' title='bbox 2257 540 2676 613; x_wconf 62' lang='lat' dir='ltr'>expeditionem,</span> <span class='ocrx_word' id='word_1_363' title='bbox 2707 550 2870 613; x_wconf 87' lang='lat' dir='ltr'>atque</span> <span class='ocrx_word' id='word_1_364' title='bbox 2887 542 2993 597; x_wconf 86' lang='lat' dir='ltr'>alii</span> <span class='ocrx_word' id='word_1_365' title='bbox 3018 543 3107 597; x_wconf 85' lang='lat' dir='ltr'>hic</span> <span class='ocrx_word' id='word_1_366' title='bbox 3135 549 3296 597; x_wconf 86' lang='lat' dir='ltr'>erunt</span> <span class='ocrx_word' id='word_1_367' title='bbox 3327 544 3478 613; x_wconf 81' lang='lat' dir='ltr'>infra</span> <span class='ocrx_word' id='word_1_368' title='bbox 3500 544 3633 599; x_wconf 88' lang='lat' dir='ltr'>civi-</span> 
     </span>
    </p>
   </div>
   <div class='ocr_carea' id='block_1_51' title="bbox 1971 630 3632 703">
    <p class='ocr_par' dir='ltr' id='par_1_51' title="bbox 1971 630 3632 703">
     <span class='ocr_line' id='line_1_51' title="bbox 1971 630 3632 703; baseline 0.001 -18"><span class='ocrx_word' id='word_1_369' title='bbox 1971 638 2136 686; x_wconf 84' lang='lat' dir='ltr'>tatem</span> <span class='ocrx_word' id='word_1_370' title='bbox 2182 630 2323 685; x_wconf 82' lang='lat' dir='ltr'>hanc</span> <span class='ocrx_word' id='word_1_371' title='bbox 2368 631 2713 696; x_wconf 76' lang='lat' dir='ltr'>destructum,</span> <span class='ocrx_word' id='word_1_372' title='bbox 2749 646 2866 703; x_wconf 73' lang='lat' dir='ltr'>quae</span> <span class='ocrx_word' id='word_1_373' title='bbox 2908 633 3028 687; x_wconf 85' lang='lat' dir='ltr'>sine</span> <span class='ocrx_word' id='word_1_374' title='bbox 3056 632 3369 687; x_wconf 85' lang='lat' dir='ltr'>munimine</span> <span class='ocrx_word' id='word_1_375' title='bbox 3400 634 3520 687; x_wconf 86' lang='lat' dir='ltr'>est?</span> <span class='ocrx_word' id='word_1_376' title='bbox 3564 631 3632 687; x_wconf 87' lang='lat' dir='ltr'>Et</span> 
     </span>
    </p>
   </div>
   <div class='ocr_carea' id='block_1_52' title="bbox 1972 718 3628 776">
    <p class='ocr_par' dir='ltr' id='par_1_52' title="bbox 1972 718 3628 776">
     <span class='ocr_line' id='line_1_52' title="bbox 1972 718 3628 776; baseline 0.002 -3"><span class='ocrx_word' id='word_1_377' title='bbox 1972 720 2352 774; x_wconf 87' lang='lat' dir='ltr'>intendebant</span> <span class='ocrx_word' id='word_1_378' title='bbox 2382 720 2582 775; x_wconf 90' lang='lat' dir='ltr'>comiti</span> <span class='ocrx_word' id='word_1_379' title='bbox 2613 720 2858 775; x_wconf 88' lang='lat' dir='ltr'>nimiam</span> <span class='ocrx_word' id='word_1_380' title='bbox 2891 719 3204 776; x_wconf 86' lang='lat' dir='ltr'>levitatem.</span> <span class='ocrx_word' id='word_1_381' title='bbox 3228 720 3312 775; x_wconf 87' lang='lat' dir='ltr'>Ad</span> <span class='ocrx_word' id='word_1_382' title='bbox 3346 718 3628 776; x_wconf 90' lang='lat' dir='ltr'>ultimum</span> 
     </span>
    </p>
   </div>
   <div class='ocr_carea' id='block_1_53' title="bbox 1971 809 3627 882">
    <p class='ocr_par' dir='ltr' id='par_1_53' title="bbox 1971 809 3627 882">
     <span class='ocr_line' id='line_1_53' title="bbox 1971 809 3627 882; baseline 0.002 -19"><span class='ocrx_word' id='word_1_383' title='bbox 1971 813 2167 864; x_wconf 86' lang='lat' dir='ltr'>tamen</span> <span class='ocrx_word' id='word_1_384' title='bbox 2198 826 2300 881; x_wconf 90' lang='lat' dir='ltr'>pro</span> <span class='ocrx_word' id='word_1_385' title='bbox 2331 826 2507 863; x_wconf 86' lang='lat' dir='ltr'>causa</span> <span class='ocrx_word' id='word_1_386' title='bbox 2539 826 2859 881; x_wconf 77' lang='lat' dir='ltr'>pauperum</span> <span class='ocrx_word' id='word_1_387' title='bbox 2893 826 3089 865; x_wconf 90' lang='lat' dir='ltr'>comes</span> <span class='ocrx_word' id='word_1_388' title='bbox 3114 809 3409 882; x_wconf 88' lang='lat' dir='ltr'>profectus</span> <span class='ocrx_word' id='word_1_389' title='bbox 3441 812 3549 875; x_wconf 87' lang='lat' dir='ltr'>est,</span> <span class='ocrx_word' id='word_1_390' title='bbox 3568 812 3627 866; x_wconf 85' lang='lat' dir='ltr'>et</span> 
     </span>
    </p>
   </div>
   <div class='ocr_carea' id='block_1_54' title="bbox 1975 896 3623 971">
    <p class='ocr_par' dir='ltr' id='par_1_54' title="bbox 1975 896 3623 971">
     <span class='ocr_line' id='line_1_54' title="bbox 1975 896 3623 971; baseline 0 -18"><span class='ocrx_word' id='word_1_391' title='bbox 1975 896 2212 953; x_wconf 88' lang='lat' dir='ltr'>castella</span> <span class='ocrx_word' id='word_1_392' title='bbox 2260 896 2446 952; x_wconf 86' lang='lat' dir='ltr'>multa</span> <span class='ocrx_word' id='word_1_393' title='bbox 2494 897 2766 965; x_wconf 85' lang='lat' dir='ltr'>obtinuit,</span> <span class='ocrx_word' id='word_1_394' title='bbox 2801 903 2857 953; x_wconf 89' lang='lat' dir='ltr'>et</span> <span class='ocrx_word' id='word_1_395' title='bbox 2899 897 3186 971; x_wconf 90' lang='lat' dir='ltr'>captivos;</span> <span class='ocrx_word' id='word_1_396' title='bbox 3218 902 3275 954; x_wconf 86' lang='lat' dir='ltr'>et</span> <span class='ocrx_word' id='word_1_397' title='bbox 3306 896 3623 953; x_wconf 82' lang='lat' dir='ltr'>maximam</span> 
     </span>
    </p>
   </div>
   <div class='ocr_carea' id='block_1_55' title="bbox 1975 986 3623 1060">
    <p class='ocr_par' dir='ltr' id='par_1_55' title="bbox 1975 986 3623 1060">
     <span class='ocr_line' id='line_1_55' title="bbox 1975 986 3623 1060; baseline 0 -19"><span class='ocrx_word' id='word_1_398' title='bbox 1975 987 2232 1060; x_wconf 66' lang='lat' dir='ltr'>praedam</span> <span class='ocrx_word' id='word_1_399' title='bbox 2281 986 2451 1058; x_wconf 88' lang='lat' dir='ltr'>cepit.</span> <span class='ocrx_word' id='word_1_400' title='bbox 2504 987 2765 1060; x_wconf 87' lang='lat' dir='ltr'>Cumque</span> <span class='ocrx_word' id='word_1_401' title='bbox 2816 990 3216 1056; x_wconf 85' lang='lat' dir='ltr'>reverteretur,</span> <span class='ocrx_word' id='word_1_402' title='bbox 3250 1003 3384 1042; x_wconf 89' lang='lat' dir='ltr'>cum</span> <span class='ocrx_word' id='word_1_403' title='bbox 3413 987 3623 1060; x_wconf 86' lang='lat' dir='ltr'>grandi</span> 
     </span>
    </p>
   </div>
   <div class='ocr_carea' id='block_1_56' title="bbox 1975 1075 3626 1150">
    <p class='ocr_par' dir='ltr' id='par_1_56' title="bbox 1975 1075 3626 1150">
     <span class='ocr_line' id='line_1_56' title="bbox 1975 1075 3626 1150; baseline 0 -19"><span class='ocrx_word' id='word_1_404' title='bbox 1975 1075 2361 1131; x_wconf 80' lang='lat' dir='ltr'>exsultatione</span> <span class='ocrx_word' id='word_1_405' title='bbox 2391 1080 2445 1131; x_wconf 90' lang='lat' dir='ltr'>et</span> <span class='ocrx_word' id='word_1_406' title='bbox 2475 1076 2715 1131; x_wconf 90' lang='lat' dir='ltr'>victoria</span> <span class='ocrx_word' id='word_1_407' title='bbox 2745 1077 3010 1150; x_wconf 88' lang='lat' dir='ltr'>pluribus</span> <span class='ocrx_word' id='word_1_408' title='bbox 3050 1077 3502 1133; x_wconf 88' lang='lat' dir='ltr'>Sarracenorum</span> <span class='ocrx_word' id='word_1_409' title='bbox 3534 1076 3626 1131; x_wconf 86' lang='lat' dir='ltr'>in-</span> 
     </span>
    </p>
   </div>
   <div class='ocr_carea' id='block_1_57' title="bbox 1976 1164 3628 1238">
    <p class='ocr_par' dir='ltr' id='par_1_57' title="bbox 1976 1164 3628 1238">
     <span class='ocr_line' id='line_1_57' title="bbox 1976 1164 3628 1238; baseline 0.001 -19"><span class='ocrx_word' id='word_1_410' title='bbox 1976 1165 2251 1231; x_wconf 86' lang='lat' dir='ltr'>terfectis,</span> <span class='ocrx_word' id='word_1_411' title='bbox 2283 1182 2382 1220; x_wconf 87' lang='lat' dir='ltr'>sex</span> <span class='ocrx_word' id='word_1_412' title='bbox 2409 1164 2497 1219; x_wconf 90' lang='lat' dir='ltr'>vel</span> <span class='ocrx_word' id='word_1_413' title='bbox 2547 1169 2771 1238; x_wconf 84' lang='lat' dir='ltr'>septem</span> <span class='ocrx_word' id='word_1_414' title='bbox 2821 1166 2891 1221; x_wconf 89' lang='lat' dir='ltr'>de</span> <span class='ocrx_word' id='word_1_415' title='bbox 2922 1165 3139 1221; x_wconf 89' lang='lat' dir='ltr'>nostris</span> <span class='ocrx_word' id='word_1_416' title='bbox 3188 1165 3544 1237; x_wconf 87' lang='lat' dir='ltr'>pauperibus</span> <span class='ocrx_word' id='word_1_417' title='bbox 3592 1182 3628 1221; x_wconf 90' lang='lat' dir='ltr'>a</span> 
     </span>
    </p>
   </div>
   <div class='ocr_carea' id='block_1_58' title="bbox 1976 1253 3627 1325">
    <p class='ocr_par' dir='ltr' id='par_1_58' title="bbox 1976 1253 3627 1325">
     <span class='ocr_line' id='line_1_58' title="bbox 1976 1253 3627 1325; baseline 0.002 -19"><span class='ocrx_word' id='word_1_418' title='bbox 1976 1253 2221 1325; x_wconf 82' lang='lat' dir='ltr'>paganis</span> <span class='ocrx_word' id='word_1_419' title='bbox 2254 1253 2406 1325; x_wconf 88' lang='lat' dir='ltr'>capti</span> <span class='ocrx_word' id='word_1_420' title='bbox 2438 1258 2494 1309; x_wconf 88' lang='lat' dir='ltr'>et</span> <span class='ocrx_word' id='word_1_421' title='bbox 2527 1253 2816 1309; x_wconf 78' lang='lat' dir='ltr'>interfecti</span> <span class='ocrx_word' id='word_1_422' title='bbox 2864 1259 3030 1322; x_wconf 89' lang='lat' dir='ltr'>sunt;</span> <span class='ocrx_word' id='word_1_423' title='bbox 3067 1253 3125 1308; x_wconf 91' lang='lat' dir='ltr'>bi</span> <span class='ocrx_word' id='word_1_424' title='bbox 3173 1256 3369 1308; x_wconf 89' lang='lat' dir='ltr'>autem</span> <span class='ocrx_word' id='word_1_425' title='bbox 3419 1270 3627 1310; x_wconf 89' lang='lat' dir='ltr'>omnes</span> 
     </span>
    </p>
   </div>
   <div class='ocr_carea' id='block_1_59' title="bbox 1977 1342 3489 1407">
    <p class='ocr_par' dir='ltr' id='par_1_59' title="bbox 1977 1342 3489 1407">
     <span class='ocr_line' id='line_1_59' title="bbox 1977 1342 3489 1407; baseline 0.001 -11"><span class='ocrx_word' id='word_1_426' title='bbox 1977 1342 2258 1407; x_wconf 89' lang='lat' dir='ltr'>defuncti,</span> <span class='ocrx_word' id='word_1_427' title='bbox 2293 1359 2494 1398; x_wconf 89' lang='lat' dir='ltr'>cruces</span> <span class='ocrx_word' id='word_1_428' title='bbox 2517 1343 2575 1397; x_wconf 89' lang='lat' dir='ltr'>in</span> <span class='ocrx_word' id='word_1_429' title='bbox 2607 1342 2824 1398; x_wconf 85' lang='lat' dir='ltr'>dextris</span> <span class='ocrx_word' id='word_1_430' title='bbox 2845 1342 3107 1399; x_wconf 86' lang='lat' dir='ltr'>humeris</span> <span class='ocrx_word' id='word_1_431' title='bbox 3137 1342 3489 1398; x_wconf 88' lang='lat' dir='ltr'>habuerunt.</span> 
     </span>
    </p>
   </div>
   <div class='ocr_carea' id='block_1_60' title="bbox 2572 1432 3035 1488">
    <p class='ocr_par' dir='ltr' id='par_1_60' title="bbox 2572 1432 3035 1488">
     <span class='ocr_line' id='line_1_60' title="bbox 2572 1432 3035 1488; baseline 0.002 -1"><span class='ocrx_word' id='word_1_432' title='bbox 2572 1432 2804 1488; x_wconf 86' lang='lat' dir='ltr'>CAPUT</span> <span class='ocrx_word' id='word_1_433' title='bbox 2842 1432 3035 1488; x_wconf 87' lang='lat' dir='ltr'>XXIV.</span> 
     </span>
    </p>
   </div>
   <div class='ocr_carea' id='block_1_61' title="bbox 2051 1522 3628 1594">
    <p class='ocr_par' dir='ltr' id='par_1_61' title="bbox 2051 1522 3628 1594">
     <span class='ocr_line' id='line_1_61' title="bbox 2051 1522 3628 1594; baseline 0.001 -18"><span class='ocrx_word' id='word_1_434' title='bbox 2051 1522 2179 1577; x_wconf 67' lang='lat' dir='ltr'>Haec</span> <span class='ocrx_word' id='word_1_435' title='bbox 2211 1525 2405 1577; x_wconf 89' lang='lat' dir='ltr'>autem</span> <span class='ocrx_word' id='word_1_436' title='bbox 2439 1539 2571 1577; x_wconf 89' lang='lat' dir='ltr'>cum</span> <span class='ocrx_word' id='word_1_437' title='bbox 2606 1538 2799 1577; x_wconf 91' lang='lat' dir='ltr'>comes</span> <span class='ocrx_word' id='word_1_438' title='bbox 2822 1526 2877 1577; x_wconf 90' lang='lat' dir='ltr'>et</span> <span class='ocrx_word' id='word_1_439' title='bbox 2899 1522 2994 1594; x_wconf 88' lang='lat' dir='ltr'>qui</span> <span class='ocrx_word' id='word_1_440' title='bbox 3020 1538 3154 1577; x_wconf 90' lang='lat' dir='ltr'>cum</span> <span class='ocrx_word' id='word_1_441' title='bbox 3181 1539 3247 1577; x_wconf 91' lang='lat' dir='ltr'>eo</span> <span class='ocrx_word' id='word_1_442' title='bbox 3270 1526 3434 1577; x_wconf 90' lang='lat' dir='ltr'>erant</span> <span class='ocrx_word' id='word_1_443' title='bbox 3452 1522 3628 1578; x_wconf 90' lang='lat' dir='ltr'>vidis-</span> 
     </span>
    </p>
   </div>
   <div class='ocr_carea' id='block_1_62' title="bbox 1979 1610 3629 1683">
    <p class='ocr_par' dir='ltr' id='par_1_62' title="bbox 1979 1610 3629 1683">
     <span class='ocr_line' id='line_1_62' title="bbox 1979 1610 3629 1683; baseline 0.001 -18"><span class='ocrx_word' id='word_1_444' title='bbox 1979 1610 2520 1682; x_wconf 85' lang='lat' dir='ltr'>sent,omnipotenti</span> <span class='ocrx_word' id='word_1_445' title='bbox 2555 1611 2670 1665; x_wconf 89' lang='lat' dir='ltr'>Deo</span> <span class='ocrx_word' id='word_1_446' title='bbox 2701 1611 2922 1682; x_wconf 81' lang='lat' dir='ltr'>gratias</span> <span class='ocrx_word' id='word_1_447' title='bbox 2948 1614 3198 1683; x_wconf 83' lang='lat' dir='ltr'>quantas</span> <span class='ocrx_word' id='word_1_448' title='bbox 3220 1614 3488 1682; x_wconf 89' lang='lat' dir='ltr'>poterant</span> <span class='ocrx_word' id='word_1_449' title='bbox 3504 1612 3629 1667; x_wconf 89' lang='lat' dir='ltr'>red-</span> 
     </span>
    </p>
   </div>
   <div class='ocr_carea' id='block_1_63' title="bbox 1980 1698 3624 1771">
    <p class='ocr_par' dir='ltr' id='par_1_63' title="bbox 1980 1698 3624 1771">
     <span class='ocr_line' id='line_1_63' title="bbox 1980 1698 3624 1771; baseline 0.001 -19"><span class='ocrx_word' id='word_1_450' title='bbox 1980 1699 2214 1764; x_wconf 87' lang='lat' dir='ltr'>debant,</span> <span class='ocrx_word' id='word_1_451' title='bbox 2248 1699 2344 1771; x_wconf 87' lang='lat' dir='ltr'>qui</span> <span class='ocrx_word' id='word_1_452' title='bbox 2377 1716 2703 1771; x_wconf 87' lang='lat' dir='ltr'>pauperum</span> <span class='ocrx_word' id='word_1_453' title='bbox 2734 1716 2974 1755; x_wconf 89' lang='lat' dir='ltr'>suorum</span> <span class='ocrx_word' id='word_1_454' title='bbox 3028 1717 3251 1755; x_wconf 89' lang='lat' dir='ltr'>memor</span> <span class='ocrx_word' id='word_1_455' title='bbox 3279 1704 3429 1769; x_wconf 88' lang='lat' dir='ltr'>erat;</span> <span class='ocrx_word' id='word_1_456' title='bbox 3463 1703 3521 1755; x_wconf 86' lang='lat' dir='ltr'>et</span> <span class='ocrx_word' id='word_1_457' title='bbox 3552 1698 3624 1755; x_wconf 93' lang='lat' dir='ltr'>ob</span> 
     </span>
    </p>
   </div>
   <div class='ocr_carea' id='block_1_64' title="bbox 1981 1786 3626 1861">
    <p class='ocr_par' dir='ltr' id='par_1_64' title="bbox 1981 1786 3626 1861">
     <span class='ocr_line' id='line_1_64' title="bbox 1981 1786 3626 1861; baseline 0.001 -20"><span class='ocrx_word' id='word_1_458' title='bbox 1981 1787 2089 1843; x_wconf 88' lang='lat' dir='ltr'>hoc</span> <span class='ocrx_word' id='word_1_459' title='bbox 2122 1787 2370 1843; x_wconf 81' lang='lat' dir='ltr'>maxime</span> <span class='ocrx_word' id='word_1_460' title='bbox 2392 1788 2891 1843; x_wconf 87' lang='lat' dir='ltr'>confortabantur.</span> <span class='ocrx_word' id='word_1_461' title='bbox 2917 1788 3208 1859; x_wconf 88' lang='lat' dir='ltr'>Itaque,ut</span> <span class='ocrx_word' id='word_1_462' title='bbox 3227 1789 3502 1844; x_wconf 86' lang='lat' dir='ltr'>omnibus</span> <span class='ocrx_word' id='word_1_463' title='bbox 3524 1786 3626 1861; x_wconf 92' lang='lat' dir='ltr'>qui</span> 
     </span>
    </p>
   </div>
   <div class='ocr_carea' id='block_1_65' title="bbox 1975 1876 3626 1948">
    <p class='ocr_par' dir='ltr' id='par_1_65' title="bbox 1975 1876 3626 1948">
     <span class='ocr_line' id='line_1_65' title="bbox 1975 1876 3626 1948; baseline 0 -17"><span class='ocrx_word' id='word_1_464' title='bbox 1975 1878 2045 1931; x_wconf 90' lang='lat' dir='ltr'>ad</span> <span class='ocrx_word' id='word_1_465' title='bbox 2079 1876 2360 1944; x_wconf 90' lang='lat' dir='ltr'>sarcinas,</span> <span class='ocrx_word' id='word_1_466' title='bbox 2396 1876 2551 1948; x_wconf 87' lang='lat' dir='ltr'>apud</span> <span class='ocrx_word' id='word_1_467' title='bbox 2582 1876 2835 1931; x_wconf 87' lang='lat' dir='ltr'>Marram</span> <span class='ocrx_word' id='word_1_468' title='bbox 2867 1880 3289 1948; x_wconf 88' lang='lat' dir='ltr'>remanserant,</span> <span class='ocrx_word' id='word_1_469' title='bbox 3322 1876 3626 1932; x_wconf 87' lang='lat' dir='ltr'>satisface-</span> 
     </span>
    </p>
   </div>
   <div class='ocr_carea' id='block_1_66' title="bbox 1973 1964 3625 2038">
    <p class='ocr_par' dir='ltr' id='par_1_66' title="bbox 1973 1964 3625 2038">
     <span class='ocr_line' id='line_1_66' title="bbox 1973 1964 3625 2038; baseline -0.001 -17"><span class='ocrx_word' id='word_1_470' title='bbox 1973 1969 2123 2033; x_wconf 82' lang='lat' dir='ltr'>rent,</span> <span class='ocrx_word' id='word_1_471' title='bbox 2158 1981 2343 2019; x_wconf 89' lang='lat' dir='ltr'>unum</span> <span class='ocrx_word' id='word_1_472' title='bbox 2368 1965 2439 2019; x_wconf 90' lang='lat' dir='ltr'>de</span> <span class='ocrx_word' id='word_1_473' title='bbox 2468 1964 2790 2020; x_wconf 86' lang='lat' dir='ltr'>interfectis</span> <span class='ocrx_word' id='word_1_474' title='bbox 2821 1964 2921 2036; x_wconf 91' lang='lat' dir='ltr'>qui</span> <span class='ocrx_word' id='word_1_475' title='bbox 2953 1965 3145 2021; x_wconf 89' lang='lat' dir='ltr'>adhuc</span> <span class='ocrx_word' id='word_1_476' title='bbox 3177 1964 3437 2038; x_wconf 89' lang='lat' dir='ltr'>spirabat</span> <span class='ocrx_word' id='word_1_477' title='bbox 3457 1966 3625 2021; x_wconf 90' lang='lat' dir='ltr'>detu-</span> 
     </span>
    </p>
   </div>
   <div class='ocr_carea' id='block_1_67' title="bbox 1974 2053 3625 2127">
    <p class='ocr_par' dir='ltr' id='par_1_67' title="bbox 1974 2053 3625 2127">
     <span class='ocr_line' id='line_1_67' title="bbox 1974 2053 3625 2127; baseline 0 -18"><span class='ocrx_word' id='word_1_478' title='bbox 1974 2054 2248 2123; x_wconf 89' lang='lat' dir='ltr'>lerunt,et</span> <span class='ocrx_word' id='word_1_479' title='bbox 2273 2053 2485 2108; x_wconf 89' lang='lat' dir='ltr'>mirum</span> <span class='ocrx_word' id='word_1_480' title='bbox 2520 2058 2673 2109; x_wconf 90' lang='lat' dir='ltr'>certe</span> <span class='ocrx_word' id='word_1_481' title='bbox 2704 2053 2763 2108; x_wconf 90' lang='lat' dir='ltr'>in</span> <span class='ocrx_word' id='word_1_482' title='bbox 2795 2053 3032 2111; x_wconf 88' lang='lat' dir='ltr'>homine</span> <span class='ocrx_word' id='word_1_483' title='bbox 3063 2054 3160 2111; x_wconf 92' lang='lat' dir='ltr'>illo</span> <span class='ocrx_word' id='word_1_484' title='bbox 3189 2054 3477 2123; x_wconf 89' lang='lat' dir='ltr'>vidimus;</span> <span class='ocrx_word' id='word_1_485' title='bbox 3501 2053 3625 2127; x_wconf 91' lang='lat' dir='ltr'>qui,</span> 
     </span>
    </p>
   </div>
   <div class='ocr_carea' id='block_1_68' title="bbox 1974 2143 3623 2217">
    <p class='ocr_par' dir='ltr' id='par_1_68' title="bbox 1974 2143 3623 2217">
     <span class='ocr_line' id='line_1_68' title="bbox 1974 2143 3623 2217; baseline 0.001 -19"><span class='ocrx_word' id='word_1_486' title='bbox 1974 2160 2108 2199; x_wconf 89' lang='lat' dir='ltr'>cum</span> <span class='ocrx_word' id='word_1_487' title='bbox 2138 2143 2233 2197; x_wconf 88' lang='lat' dir='ltr'>vix</span> <span class='ocrx_word' id='word_1_488' title='bbox 2253 2143 2494 2198; x_wconf 87' lang='lat' dir='ltr'>haberet</span> <span class='ocrx_word' id='word_1_489' title='bbox 2522 2143 2817 2215; x_wconf 87' lang='lat' dir='ltr'>integrum</span> <span class='ocrx_word' id='word_1_490' title='bbox 2842 2143 2941 2198; x_wconf 90' lang='lat' dir='ltr'>ubi</span> <span class='ocrx_word' id='word_1_491' title='bbox 2962 2143 3141 2199; x_wconf 87' lang='lat' dir='ltr'>latere</span> <span class='ocrx_word' id='word_1_492' title='bbox 3171 2149 3369 2217; x_wconf 90' lang='lat' dir='ltr'>posset</span> <span class='ocrx_word' id='word_1_493' title='bbox 3405 2143 3623 2209; x_wconf 88' lang='lat' dir='ltr'>anima,</span> 
     </span>
    </p>
   </div>
   <div class='ocr_carea' id='block_1_69' title="bbox 1976 2232 3630 2305">
    <p class='ocr_par' dir='ltr' id='par_1_69' title="bbox 1976 2232 3630 2305">
     <span class='ocr_line' id='line_1_69' title="bbox 1976 2232 3630 2305; baseline 0 -18"><span class='ocrx_word' id='word_1_494' title='bbox 1976 2249 2078 2305; x_wconf 88' lang='lat' dir='ltr'>per</span> <span class='ocrx_word' id='word_1_495' title='bbox 2107 2238 2329 2304; x_wconf 86' lang='lat' dir='ltr'>septem</span> <span class='ocrx_word' id='word_1_496' title='bbox 2362 2237 2463 2287; x_wconf 87' lang='lat' dir='ltr'>aut</span> <span class='ocrx_word' id='word_1_497' title='bbox 2492 2238 2621 2287; x_wconf 90' lang='lat' dir='ltr'>octo</span> <span class='ocrx_word' id='word_1_498' title='bbox 2652 2232 2777 2287; x_wconf 90' lang='lat' dir='ltr'>dies</span> <span class='ocrx_word' id='word_1_499' title='bbox 2799 2232 2927 2289; x_wconf 90' lang='lat' dir='ltr'>sine</span> <span class='ocrx_word' id='word_1_500' title='bbox 2945 2233 3098 2288; x_wconf 86' lang='lat' dir='ltr'>victu</span> <span class='ocrx_word' id='word_1_501' title='bbox 3124 2232 3630 2305; x_wconf 88' lang='lat' dir='ltr'>permansit,testi-</span> 
     </span>
    </p>
   </div>
   <div class='ocr_carea' id='block_1_70' title="bbox 1974 2320 3627 2393">
    <p class='ocr_par' dir='ltr' id='par_1_70' title="bbox 1974 2320 3627 2393">
     <span class='ocr_line' id='line_1_70' title="bbox 1974 2320 3627 2393; baseline 0.001 -17"><span class='ocrx_word' id='word_1_502' title='bbox 1974 2322 2158 2377; x_wconf 85' lang='lat' dir='ltr'>ficans</span> <span class='ocrx_word' id='word_1_503' title='bbox 2188 2321 2492 2389; x_wconf 82' lang='lat' dir='ltr'>Jesum,ad</span> <span class='ocrx_word' id='word_1_504' title='bbox 2526 2322 2697 2393; x_wconf 82' lang='lat' dir='ltr'>cujus</span> <span class='ocrx_word' id='word_1_505' title='bbox 2720 2320 3015 2391; x_wconf 88' lang='lat' dir='ltr'>judicium</span> <span class='ocrx_word' id='word_1_506' title='bbox 3046 2328 3170 2377; x_wconf 89' lang='lat' dir='ltr'>erat</span> <span class='ocrx_word' id='word_1_507' title='bbox 3191 2322 3627 2390; x_wconf 88' lang='lat' dir='ltr'>venturus,sine</span> 
     </span>
    </p>
   </div>
   <div class='ocr_carea' id='block_1_71' title="bbox 1976 2409 3629 2486">
    <p class='ocr_par' dir='ltr' id='par_1_71' title="bbox 1976 2409 3629 2486">
     <span class='ocr_line' id='line_1_71' title="bbox 1976 2409 3629 2486; baseline 0.001 -20"><span class='ocrx_word' id='word_1_508' title='bbox 1976 2409 2371 2477; x_wconf 88' lang='lat' dir='ltr'>dubio,crucis</span> <span class='ocrx_word' id='word_1_509' title='bbox 2394 2410 2549 2465; x_wconf 91' lang='lat' dir='ltr'>illius</span> <span class='ocrx_word' id='word_1_510' title='bbox 2563 2410 2745 2465; x_wconf 90' lang='lat' dir='ltr'>Deum</span> <span class='ocrx_word' id='word_1_511' title='bbox 2766 2410 2947 2466; x_wconf 78' lang='lat' dir='ltr'>fuisse</span> <span class='ocrx_word' id='word_1_512' title='bbox 2968 2415 3288 2467; x_wconf 89' lang='lat' dir='ltr'>auctorem.</span> <span class='ocrx_word' id='word_1_513' title='bbox 3304 2411 3489 2486; x_wconf 87' lang='lat' dir='ltr'>Igitur</span> <span class='ocrx_word' id='word_1_514' title='bbox 3500 2428 3629 2485; x_wconf 85' lang='lat' dir='ltr'>pro-</span> 
     </span>
    </p>
   </div>
   <div class='ocr_carea' id='block_1_72' title="bbox 1973 2498 3625 2573">
    <p class='ocr_par' dir='ltr' id='par_1_72' title="bbox 1973 2498 3625 2573">
     <span class='ocr_line' id='line_1_72' title="bbox 1973 2498 3625 2573; baseline 0.002 -19"><span class='ocrx_word' id='word_1_515' title='bbox 1973 2504 2150 2555; x_wconf 88' lang='lat' dir='ltr'>ventu</span> <span class='ocrx_word' id='word_1_516' title='bbox 2182 2515 2378 2554; x_wconf 88' lang='lat' dir='ltr'>rerum</span> <span class='ocrx_word' id='word_1_517' title='bbox 2408 2503 2464 2554; x_wconf 91' lang='lat' dir='ltr'>et</span> <span class='ocrx_word' id='word_1_518' title='bbox 2492 2498 2682 2555; x_wconf 90' lang='lat' dir='ltr'>crucis</span> <span class='ocrx_word' id='word_1_519' title='bbox 2713 2499 3043 2567; x_wconf 74' lang='lat' dir='ltr'>confortati,</span> <span class='ocrx_word' id='word_1_520' title='bbox 3069 2501 3126 2555; x_wconf 92' lang='lat' dir='ltr'>in</span> <span class='ocrx_word' id='word_1_521' title='bbox 3158 2501 3412 2573; x_wconf 90' lang='lat' dir='ltr'>quodam</span> <span class='ocrx_word' id='word_1_522' title='bbox 3434 2505 3625 2557; x_wconf 88' lang='lat' dir='ltr'>castro</span> 
     </span>
    </p>
   </div>
   <div class='ocr_carea' id='block_1_73' title="bbox 1976 2587 3625 2663">
    <p class='ocr_par' dir='ltr' id='par_1_73' title="bbox 1976 2587 3625 2663">
     <span class='ocr_line' id='line_1_73' title="bbox 1976 2587 3625 2663; baseline 0.002 -21"><span class='ocrx_word' id='word_1_523' title='bbox 1976 2588 2075 2660; x_wconf 93' lang='lat' dir='ltr'>qui</span> <span class='ocrx_word' id='word_1_524' title='bbox 2106 2589 2421 2643; x_wconf 87' lang='lat' dir='ltr'>vocabatur</span> <span class='ocrx_word' id='word_1_525' title='bbox 2449 2587 2766 2660; x_wconf 88' lang='lat' dir='ltr'>Capharca,</span> <span class='ocrx_word' id='word_1_526' title='bbox 2800 2593 2858 2644; x_wconf 87' lang='lat' dir='ltr'>et</span> <span class='ocrx_word' id='word_1_527' title='bbox 2883 2594 3008 2645; x_wconf 88' lang='lat' dir='ltr'>erat</span> <span class='ocrx_word' id='word_1_528' title='bbox 3057 2589 3114 2644; x_wconf 89' lang='lat' dir='ltr'>in</span> <span class='ocrx_word' id='word_1_529' title='bbox 3154 2589 3360 2646; x_wconf 87' lang='lat' dir='ltr'>itinere</span> <span class='ocrx_word' id='word_1_530' title='bbox 3389 2589 3560 2663; x_wconf 89' lang='lat' dir='ltr'>longe</span> <span class='ocrx_word' id='word_1_531' title='bbox 3590 2608 3625 2646; x_wconf 88' lang='lat' dir='ltr'>a</span> 
     </span>
    </p>
   </div>
   <div class='ocr_carea' id='block_1_74' title="bbox 1977 2675 3623 2751">
    <p class='ocr_par' dir='ltr' id='par_1_74' title="bbox 1977 2675 3623 2751">
     <span class='ocr_line' id='line_1_74' title="bbox 1977 2675 3623 2751; baseline 0.002 -20"><span class='ocrx_word' id='word_1_532' title='bbox 1977 2677 2168 2731; x_wconf 88' lang='lat' dir='ltr'>Marra</span> <span class='ocrx_word' id='word_1_533' title='bbox 2200 2681 2450 2748; x_wconf 87' lang='lat' dir='ltr'>quatuor</span> <span class='ocrx_word' id='word_1_534' title='bbox 2479 2675 2893 2749; x_wconf 90' lang='lat' dir='ltr'>leugis,spolia</span> <span class='ocrx_word' id='word_1_535' title='bbox 2921 2695 3029 2733; x_wconf 89' lang='lat' dir='ltr'>sua</span> <span class='ocrx_word' id='word_1_536' title='bbox 3057 2678 3425 2745; x_wconf 89' lang='lat' dir='ltr'>dimiserunt,</span> <span class='ocrx_word' id='word_1_537' title='bbox 3449 2682 3623 2751; x_wconf 87' lang='lat' dir='ltr'>atque</span> 
     </span>
    </p>
   </div>
   <div class='ocr_carea' id='block_1_75' title="bbox 1976 2763 3623 2836">
    <p class='ocr_par' dir='ltr' id='par_1_75' title="bbox 1976 2763 3623 2836">
     <span class='ocr_line' id='line_1_75' title="bbox 1976 2763 3623 2836; baseline 0.002 -17"><span class='ocrx_word' id='word_1_538' title='bbox 1976 2763 2060 2819; x_wconf 92' lang='lat' dir='ltr'>illi</span> <span class='ocrx_word' id='word_1_539' title='bbox 2104 2765 2205 2836; x_wconf 90' lang='lat' dir='ltr'>qui</span> <span class='ocrx_word' id='word_1_540' title='bbox 2253 2764 2441 2820; x_wconf 91' lang='lat' dir='ltr'>socios</span> <span class='ocrx_word' id='word_1_541' title='bbox 2496 2764 2789 2821; x_wconf 88' lang='lat' dir='ltr'>habebant</span> <span class='ocrx_word' id='word_1_542' title='bbox 2846 2766 3049 2821; x_wconf 76' lang='lat' dir='ltr'>Marrze</span> <span class='ocrx_word' id='word_1_543' title='bbox 3106 2783 3241 2822; x_wconf 91' lang='lat' dir='ltr'>cum</span> <span class='ocrx_word' id='word_1_544' title='bbox 3299 2765 3511 2823; x_wconf 88' lang='lat' dir='ltr'>comite</span> <span class='ocrx_word' id='word_1_545' title='bbox 3557 2783 3623 2823; x_wconf 92' lang='lat' dir='ltr'>eo</span> 
     </span>
    </p>
   </div>
   <div class='ocr_carea' id='block_1_76' title="bbox 1977 2852 3623 2926">
    <p class='ocr_par' dir='ltr' id='par_1_76' title="bbox 1977 2852 3623 2926">
     <span class='ocr_line' id='line_1_76' title="bbox 1977 2852 3623 2926; baseline 0.001 -18"><span class='ocrx_word' id='word_1_546' title='bbox 1977 2852 2188 2909; x_wconf 89' lang='lat' dir='ltr'>reversi</span> <span class='ocrx_word' id='word_1_547' title='bbox 2220 2858 2378 2909; x_wconf 89' lang='lat' dir='ltr'>sunt.</span> <span class='ocrx_word' id='word_1_548' title='bbox 2415 2854 2740 2910; x_wconf 88' lang='lat' dir='ltr'>Constituta</span> <span class='ocrx_word' id='word_1_549' title='bbox 2770 2855 2964 2926; x_wconf 88' lang='lat' dir='ltr'>itaque</span> <span class='ocrx_word' id='word_1_550' title='bbox 2995 2854 3087 2910; x_wconf 92' lang='lat' dir='ltr'>die</span> <span class='ocrx_word' id='word_1_551' title='bbox 3116 2860 3175 2911; x_wconf 91' lang='lat' dir='ltr'>et</span> <span class='ocrx_word' id='word_1_552' title='bbox 3202 2854 3441 2912; x_wconf 90' lang='lat' dir='ltr'>incensa</span> <span class='ocrx_word' id='word_1_553' title='bbox 3486 2854 3623 2912; x_wconf 90' lang='lat' dir='ltr'>civi-</span> 
     </span>
    </p>
   </div>
   <div class='ocr_carea' id='block_1_77' title="bbox 1975 2942 3626 3015">
    <p class='ocr_par' dir='ltr' id='par_1_77' title="bbox 1975 2942 3626 3015">
     <span class='ocr_line' id='line_1_77' title="bbox 1975 2942 3626 3015; baseline 0.002 -18"><span class='ocrx_word' id='word_1_554' title='bbox 1975 2947 2113 3009; x_wconf 86' lang='lat' dir='ltr'>tate,</span> <span class='ocrx_word' id='word_1_555' title='bbox 2137 2942 2676 3015; x_wconf 83' lang='lat' dir='ltr'>proﬁciscebantur.</span> <span class='ocrx_word' id='word_1_556' title='bbox 2711 2945 2821 2999; x_wconf 88' lang='lat' dir='ltr'>Sed</span> <span class='ocrx_word' id='word_1_557' title='bbox 2852 2960 3068 3012; x_wconf 88' lang='lat' dir='ltr'>comes,</span> <span class='ocrx_word' id='word_1_558' title='bbox 3087 2961 3222 2999; x_wconf 90' lang='lat' dir='ltr'>cum</span> <span class='ocrx_word' id='word_1_559' title='bbox 3253 2944 3478 3001; x_wconf 89' lang='lat' dir='ltr'>clericis</span> <span class='ocrx_word' id='word_1_560' title='bbox 3500 2944 3626 3001; x_wconf 87' lang='lat' dir='ltr'>suis</span> 
     </span>
    </p>
   </div>
   <div class='ocr_carea' id='block_1_78' title="bbox 1976 3031 3626 3104">
    <p class='ocr_par' dir='ltr' id='par_1_78' title="bbox 1976 3031 3626 3104">
     <span class='ocr_line' id='line_1_78' title="bbox 1976 3031 3626 3104; baseline 0.001 -17"><span class='ocrx_word' id='word_1_561' title='bbox 1976 3036 2032 3087; x_wconf 88' lang='lat' dir='ltr'>et</span> <span class='ocrx_word' id='word_1_562' title='bbox 2063 3031 2336 3104; x_wconf 66' lang='lat' dir='ltr'>episeopo</span> <span class='ocrx_word' id='word_1_563' title='bbox 2366 3031 3109 3099; x_wconf 82' lang='lat' dir='ltr'>Albariensi,discalceatus</span> <span class='ocrx_word' id='word_1_564' title='bbox 3140 3033 3626 3100; x_wconf 86' lang='lat' dir='ltr'>incedebat,invo-</span> 
     </span>
    </p>
   </div>
   <div class='ocr_carea' id='block_1_79' title="bbox 1976 3120 3628 3195">
    <p class='ocr_par' dir='ltr' id='par_1_79' title="bbox 1976 3120 3628 3195">
     <span class='ocr_line' id='line_1_79' title="bbox 1976 3120 3628 3195; baseline 0.001 -20"><span class='ocrx_word' id='word_1_565' title='bbox 1976 3126 2175 3175; x_wconf 84' lang='lat' dir='ltr'>cantes</span> <span class='ocrx_word' id='word_1_566' title='bbox 2197 3121 2297 3175; x_wconf 91' lang='lat' dir='ltr'>Dei</span> <span class='ocrx_word' id='word_1_567' title='bbox 2329 3120 2789 3176; x_wconf 86' lang='lat' dir='ltr'>misericordiam</span> <span class='ocrx_word' id='word_1_568' title='bbox 2812 3126 2869 3177; x_wconf 89' lang='lat' dir='ltr'>et</span> <span class='ocrx_word' id='word_1_569' title='bbox 2887 3126 3223 3178; x_wconf 90' lang='lat' dir='ltr'>sanctorum</span> <span class='ocrx_word' id='word_1_570' title='bbox 3253 3121 3542 3195; x_wconf 76' lang='lat' dir='ltr'>praesidia.</span> <span class='ocrx_word' id='word_1_571' title='bbox 3558 3122 3628 3177; x_wconf 90' lang='lat' dir='ltr'>Et</span> 
     </span>
    </p>
   </div>
   <div class='ocr_carea' id='block_1_80' title="bbox 1899 3197 3630 3284">
    <p class='ocr_par' dir='ltr' id='par_1_80' title="bbox 1899 3197 3630 3284">
     <span class='ocr_line' id='line_1_80' title="bbox 1899 3197 3630 3284; baseline 0.002 -23"><span class='ocrx_word' id='word_1_572' title='bbox 1899 3197 1940 3261; x_wconf 85' lang='lat' dir='ltr'>C</span> <span class='ocrx_word' id='word_1_573' title='bbox 1980 3215 2329 3264; x_wconf 88' lang='lat' dir='ltr'>consecutus</span> <span class='ocrx_word' id='word_1_574' title='bbox 2351 3213 2440 3263; x_wconf 88' lang='lat' dir='ltr'>est</span> <span class='ocrx_word' id='word_1_575' title='bbox 2470 3225 2576 3263; x_wconf 90' lang='lat' dir='ltr'>nos</span> <span class='ocrx_word' id='word_1_576' title='bbox 2598 3209 2937 3264; x_wconf 86' lang='lat' dir='ltr'>Tancredus</span> <span class='ocrx_word' id='word_1_577' title='bbox 2959 3226 3092 3265; x_wconf 88' lang='lat' dir='ltr'>cum</span> <span class='ocrx_word' id='word_1_578' title='bbox 3116 3210 3504 3284; x_wconf 89' lang='lat' dir='ltr'>quadraginta</span> <span class='ocrx_word' id='word_1_579' title='bbox 3525 3208 3630 3266; x_wconf 86' lang='lat' dir='ltr'>mi-</span> 
     </span>
    </p>
   </div>
   <div class='ocr_carea' id='block_1_81' title="bbox 1979 3297 3629 3371">
    <p class='ocr_par' dir='ltr' id='par_1_81' title="bbox 1979 3297 3629 3371">
     <span class='ocr_line' id='line_1_81' title="bbox 1979 3297 3629 3371; baseline 0 -19"><span class='ocrx_word' id='word_1_580' title='bbox 1979 3298 2204 3365; x_wconf 90' lang='lat' dir='ltr'>litibus,</span> <span class='ocrx_word' id='word_1_581' title='bbox 2238 3301 2294 3353; x_wconf 90' lang='lat' dir='ltr'>et</span> <span class='ocrx_word' id='word_1_582' title='bbox 2324 3297 2616 3369; x_wconf 88' lang='lat' dir='ltr'>peditibus</span> <span class='ocrx_word' id='word_1_583' title='bbox 2649 3297 2872 3353; x_wconf 91' lang='lat' dir='ltr'>multis.</span> <span class='ocrx_word' id='word_1_584' title='bbox 2902 3300 3162 3371; x_wconf 85' lang='lat' dir='ltr'>Cumque</span> <span class='ocrx_word' id='word_1_585' title='bbox 3186 3298 3294 3354; x_wconf 91' lang='lat' dir='ltr'>hoc</span> <span class='ocrx_word' id='word_1_586' title='bbox 3324 3297 3629 3354; x_wconf 88' lang='lat' dir='ltr'>audissent</span> 
     </span>
    </p>
   </div>
   <div class='ocr_carea' id='block_1_82' title="bbox 1980 3386 3631 3460">
    <p class='ocr_par' dir='ltr' id='par_1_82' title="bbox 1980 3386 3631 3460">
     <span class='ocr_line' id='line_1_82' title="bbox 1980 3386 3631 3460; baseline 0.001 -18"><span class='ocrx_word' id='word_1_587' title='bbox 1980 3405 2143 3460; x_wconf 89' lang='lat' dir='ltr'>reges</span> <span class='ocrx_word' id='word_1_588' title='bbox 2175 3389 2245 3442; x_wconf 90' lang='lat' dir='ltr'>de</span> <span class='ocrx_word' id='word_1_589' title='bbox 2278 3390 2428 3441; x_wconf 87' lang='lat' dir='ltr'>terra</span> <span class='ocrx_word' id='word_1_590' title='bbox 2460 3386 2557 3442; x_wconf 90' lang='lat' dir='ltr'>illa</span> <span class='ocrx_word' id='word_1_591' title='bbox 2576 3388 2831 3443; x_wconf 81' lang='lat' dir='ltr'>Arabum</span> <span class='ocrx_word' id='word_1_592' title='bbox 2858 3387 3242 3453; x_wconf 87' lang='lat' dir='ltr'>nobiles,cum</span> <span class='ocrx_word' id='word_1_593' title='bbox 3257 3386 3631 3460; x_wconf 88' lang='lat' dir='ltr'>supplicatio-</span> 
     </span>
    </p>
   </div>
   <div class='ocr_carea' id='block_1_83' title="bbox 1981 3474 3628 3544">
    <p class='ocr_par' dir='ltr' id='par_1_83' title="bbox 1981 3474 3628 3544">
     <span class='ocr_line' id='line_1_83' title="bbox 1981 3474 3628 3544; baseline -0.001 -13"><span class='ocrx_word' id='word_1_594' title='bbox 1981 3477 2176 3544; x_wconf 87' lang='lat' dir='ltr'>nibus,</span> <span class='ocrx_word' id='word_1_595' title='bbox 2201 3480 2258 3531; x_wconf 88' lang='lat' dir='ltr'>et</span> <span class='ocrx_word' id='word_1_596' title='bbox 2290 3475 2492 3532; x_wconf 88' lang='lat' dir='ltr'>multis</span> <span class='ocrx_word' id='word_1_597' title='bbox 2525 3476 2784 3532; x_wconf 84' lang='lat' dir='ltr'>donariis</span> <span class='ocrx_word' id='word_1_598' title='bbox 2815 3477 2887 3531; x_wconf 89' lang='lat' dir='ltr'>ad</span> <span class='ocrx_word' id='word_1_599' title='bbox 2919 3476 3163 3532; x_wconf 85' lang='lat' dir='ltr'>comites</span> <span class='ocrx_word' id='word_1_600' title='bbox 3187 3477 3516 3544; x_wconf 90' lang='lat' dir='ltr'>mittebant,</span> <span class='ocrx_word' id='word_1_601' title='bbox 3540 3474 3628 3531; x_wconf 90' lang='lat' dir='ltr'>di-</span> 
     </span>
    </p>
   </div>
   <div class='ocr_carea' id='block_1_84' title="bbox 1982 3564 3627 3637">
    <p class='ocr_par' dir='ltr' id='par_1_84' title="bbox 1982 3564 3627 3637">
     <span class='ocr_line' id='line_1_84' title="bbox 1982 3564 3627 3637; baseline -0.001 -16"><span class='ocrx_word' id='word_1_602' title='bbox 1982 3571 2178 3621; x_wconf 86' lang='lat' dir='ltr'>centes</span> <span class='ocrx_word' id='word_1_603' title='bbox 2209 3582 2272 3622; x_wconf 88' lang='lat' dir='ltr'>sc</span> <span class='ocrx_word' id='word_1_604' title='bbox 2303 3582 2460 3620; x_wconf 90' lang='lat' dir='ltr'>nunc</span> <span class='ocrx_word' id='word_1_605' title='bbox 2491 3570 2547 3620; x_wconf 91' lang='lat' dir='ltr'>et</span> <span class='ocrx_word' id='word_1_606' title='bbox 2575 3565 2850 3637; x_wconf 88' lang='lat' dir='ltr'>deinceps</span> <span class='ocrx_word' id='word_1_607' title='bbox 2874 3564 3169 3621; x_wconf 85' lang='lat' dir='ltr'>tributarii</span> <span class='ocrx_word' id='word_1_608' title='bbox 3198 3583 3398 3621; x_wconf 89' lang='lat' dir='ltr'>eorum</span> <span class='ocrx_word' id='word_1_609' title='bbox 3421 3564 3627 3632; x_wconf 84' lang='lat' dir='ltr'>futuri,</span> 
     </span>
    </p>
   </div>
   <div class='ocr_carea' id='block_1_85' title="bbox 1982 3654 3631 3727">
    <p class='ocr_par' dir='ltr' id='par_1_85' title="bbox 1982 3654 3631 3727">
     <span class='ocr_line' id='line_1_85' title="bbox 1982 3654 3631 3727; baseline 0 -17"><span class='ocrx_word' id='word_1_610' title='bbox 1982 3660 2038 3711; x_wconf 91' lang='lat' dir='ltr'>et</span> <span class='ocrx_word' id='word_1_611' title='bbox 2068 3654 2301 3710; x_wconf 88' lang='lat' dir='ltr'>allaturi</span> <span class='ocrx_word' id='word_1_612' title='bbox 2335 3654 2612 3709; x_wconf 82' lang='lat' dir='ltr'>victualia</span> <span class='ocrx_word' id='word_1_613' title='bbox 2632 3654 2813 3727; x_wconf 69' lang='lat' dir='ltr'>gratis</span> <span class='ocrx_word' id='word_1_614' title='bbox 2837 3659 2894 3711; x_wconf 90' lang='lat' dir='ltr'>et</span> <span class='ocrx_word' id='word_1_615' title='bbox 2916 3672 3019 3727; x_wconf 91' lang='lat' dir='ltr'>pro</span> <span class='ocrx_word' id='word_1_616' title='bbox 3041 3654 3411 3710; x_wconf 90' lang='lat' dir='ltr'>commercio.</span> <span class='ocrx_word' id='word_1_617' title='bbox 3427 3655 3631 3727; x_wconf 89' lang='lat' dir='ltr'>Itaque</span> 
     </span>
    </p>
   </div>
   <div class='ocr_carea' id='block_1_86' title="bbox 1983 3742 3632 3816">
    <p class='ocr_par' dir='ltr' id='par_1_86' title="bbox 1983 3742 3632 3816">
     <span class='ocr_line' id='line_1_86' title="bbox 1983 3742 3632 3816; baseline 0 -18"><span class='ocrx_word' id='word_1_618' title='bbox 1983 3745 2235 3816; x_wconf 86' lang='lat' dir='ltr'>acceptis</span> <span class='ocrx_word' id='word_1_619' title='bbox 2268 3742 2678 3799; x_wconf 83' lang='lat' dir='ltr'>securitatibus</span> <span class='ocrx_word' id='word_1_620' title='bbox 2726 3744 2797 3799; x_wconf 88' lang='lat' dir='ltr'>ab</span> <span class='ocrx_word' id='word_1_621' title='bbox 2848 3744 2931 3800; x_wconf 87' lang='lat' dir='ltr'>eis</span> <span class='ocrx_word' id='word_1_622' title='bbox 2973 3760 3075 3816; x_wconf 90' lang='lat' dir='ltr'>per</span> <span class='ocrx_word' id='word_1_623' title='bbox 3095 3744 3543 3815; x_wconf 88' lang='lat' dir='ltr'>jusjurandum,</span> <span class='ocrx_word' id='word_1_624' title='bbox 3574 3746 3632 3799; x_wconf 87' lang='lat' dir='ltr'>et</span> 
     </span>
    </p>
   </div>
   <div class='ocr_carea' id='block_1_87' title="bbox 1980 3830 3631 3904">
    <p class='ocr_par' dir='ltr' id='par_1_87' title="bbox 1980 3830 3631 3904">
     <span class='ocr_line' id='line_1_87' title="bbox 1980 3830 3631 3904; baseline -0.001 -16"><span class='ocrx_word' id='word_1_625' title='bbox 1980 3832 2243 3895; x_wconf 83' lang='lat' dir='ltr'>vadibus,</span> <span class='ocrx_word' id='word_1_626' title='bbox 2262 3850 2364 3904; x_wconf 88' lang='lat' dir='ltr'>pro</span> <span class='ocrx_word' id='word_1_627' title='bbox 2396 3832 2960 3897; x_wconf 87' lang='lat' dir='ltr'>conductu,ulterius</span> <span class='ocrx_word' id='word_1_628' title='bbox 2984 3833 3389 3889; x_wconf 86' lang='lat' dir='ltr'>tendebamus.</span> <span class='ocrx_word' id='word_1_629' title='bbox 3414 3830 3631 3888; x_wconf 90' lang='lat' dir='ltr'>Habui-</span> 
     </span>
    </p>
   </div>
   <div class='ocr_carea' id='block_1_88' title="bbox 1983 3918 3634 3994">
    <p class='ocr_par' dir='ltr' id='par_1_88' title="bbox 1983 3918 3634 3994">
     <span class='ocr_line' id='line_1_88' title="bbox 1983 3918 3634 3994; baseline -0.001 -17"><span class='ocrx_word' id='word_1_630' title='bbox 1983 3939 2117 3978; x_wconf 90' lang='lat' dir='ltr'>mus</span> <span class='ocrx_word' id='word_1_631' title='bbox 2147 3926 2343 3977; x_wconf 89' lang='lat' dir='ltr'>autem</span> <span class='ocrx_word' id='word_1_632' title='bbox 2366 3939 2400 3976; x_wconf 88' lang='lat' dir='ltr'>a</span> <span class='ocrx_word' id='word_1_633' title='bbox 2430 3937 2562 3993; x_wconf 90' lang='lat' dir='ltr'>rege</span> <span class='ocrx_word' id='word_1_634' title='bbox 2593 3922 2860 3977; x_wconf 70' lang='lat' dir='ltr'>Cmsareze</span> <span class='ocrx_word' id='word_1_635' title='bbox 2885 3921 3192 3993; x_wconf 90' lang='lat' dir='ltr'>duces,qui</span> <span class='ocrx_word' id='word_1_636' title='bbox 3218 3938 3323 3977; x_wconf 91' lang='lat' dir='ltr'>nos</span> <span class='ocrx_word' id='word_1_637' title='bbox 3347 3918 3411 3978; x_wconf 74' lang='lat' dir='ltr'>in</span> <span class='ocrx_word' id='word_1_638' title='bbox 3443 3921 3634 3994; x_wconf 88' lang='lat' dir='ltr'>prima</span> 
     </span>
    </p>
   </div>
   <div class='ocr_carea' id='block_1_89' title="bbox 1985 4010 3632 4081">
    <p class='ocr_par' dir='ltr' id='par_1_89' title="bbox 1985 4010 3632 4081">
     <span class='ocr_line' id='line_1_89' title="bbox 1985 4010 3632 4081; baseline -0.001 -15"><span class='ocrx_word' id='word_1_639' title='bbox 1985 4010 2096 4078; x_wconf 91' lang='lat' dir='ltr'>die,</span> <span class='ocrx_word' id='word_1_640' title='bbox 2128 4015 2192 4066; x_wconf 89' lang='lat' dir='ltr'>ut</span> <span class='ocrx_word' id='word_1_641' title='bbox 2246 4010 2414 4065; x_wconf 86' lang='lat' dir='ltr'>nobis</span> <span class='ocrx_word' id='word_1_642' title='bbox 2470 4011 2794 4081; x_wconf 85' lang='lat' dir='ltr'>videbatur,</span> <span class='ocrx_word' id='word_1_643' title='bbox 2829 4010 2981 4067; x_wconf 90' lang='lat' dir='ltr'>male</span> <span class='ocrx_word' id='word_1_644' title='bbox 3034 4011 3343 4066; x_wconf 88' lang='lat' dir='ltr'>duxerunt.</span> <span class='ocrx_word' id='word_1_645' title='bbox 3389 4010 3632 4066; x_wconf 87' lang='lat' dir='ltr'>Fuimus</span> 
     </span>
    </p>
   </div>
   <div class='ocr_carea' id='block_1_90' title="bbox 1985 4098 3635 4171">
    <p class='ocr_par' dir='ltr' id='par_1_90' title="bbox 1985 4098 3635 4171">
     <span class='ocr_line' id='line_1_90' title="bbox 1985 4098 3635 4171; baseline -0.002 -16"><span class='ocrx_word' id='word_1_646' title='bbox 1985 4099 2200 4155; x_wconf 89' lang='lat' dir='ltr'>etenim</span> <span class='ocrx_word' id='word_1_647' title='bbox 2225 4099 2281 4153; x_wconf 91' lang='lat' dir='ltr'>in</span> <span class='ocrx_word' id='word_1_648' title='bbox 2306 4098 2746 4171; x_wconf 87' lang='lat' dir='ltr'>hospitioillo,in</span> <span class='ocrx_word' id='word_1_649' title='bbox 2772 4100 3015 4171; x_wconf 89' lang='lat' dir='ltr'>penuria</span> <span class='ocrx_word' id='word_1_650' title='bbox 3037 4099 3213 4155; x_wconf 84' lang='lat' dir='ltr'>totius</span> <span class='ocrx_word' id='word_1_651' title='bbox 3245 4099 3401 4168; x_wconf 86' lang='lat' dir='ltr'>boni,</span> <span class='ocrx_word' id='word_1_652' title='bbox 3426 4103 3635 4171; x_wconf 66' lang='lat' dir='ltr'>praeter</span> 
     </span>
    </p>
   </div>
   <div class='ocr_carea' id='block_1_91' title="bbox 1987 4187 3636 4263">
    <p class='ocr_par' dir='ltr' id='par_1_91' title="bbox 1987 4187 3636 4263">
     <span class='ocr_line' id='line_1_91' title="bbox 1987 4187 3636 4263; baseline -0.001 -19"><span class='ocrx_word' id='word_1_653' title='bbox 1987 4206 2179 4261; x_wconf 69' lang='lat' dir='ltr'>aquae;</span> <span class='ocrx_word' id='word_1_654' title='bbox 2205 4189 2464 4244; x_wconf 87' lang='lat' dir='ltr'>secunda</span> <span class='ocrx_word' id='word_1_655' title='bbox 2494 4205 2623 4243; x_wconf 90' lang='lat' dir='ltr'>vero</span> <span class='ocrx_word' id='word_1_656' title='bbox 2652 4189 2745 4243; x_wconf 88' lang='lat' dir='ltr'>die</span> <span class='ocrx_word' id='word_1_657' title='bbox 2777 4189 2953 4245; x_wconf 89' lang='lat' dir='ltr'>iidem</span> <span class='ocrx_word' id='word_1_658' title='bbox 3004 4190 3184 4245; x_wconf 89' lang='lat' dir='ltr'>duces</span> <span class='ocrx_word' id='word_1_659' title='bbox 3232 4187 3636 4263; x_wconf 86' lang='lat' dir='ltr'>imprudenter</span> 
     </span>
    </p>
   </div>
   <div class='ocr_carea' id='block_1_92' title="bbox 1988 4276 3636 4349">
    <p class='ocr_par' dir='ltr' id='par_1_92' title="bbox 1988 4276 3636 4349">
     <span class='ocr_line' id='line_1_92' title="bbox 1988 4276 3636 4349; baseline -0.001 -16"><span class='ocrx_word' id='word_1_660' title='bbox 1988 4279 2345 4334; x_wconf 81' lang='lat' dir='ltr'>induxerunt</span> <span class='ocrx_word' id='word_1_661' title='bbox 2374 4294 2480 4332; x_wconf 91' lang='lat' dir='ltr'>nos</span> <span class='ocrx_word' id='word_1_662' title='bbox 2512 4277 2569 4331; x_wconf 91' lang='lat' dir='ltr'>in</span> <span class='ocrx_word' id='word_1_663' title='bbox 2625 4278 2941 4349; x_wconf 87' lang='lat' dir='ltr'>quamdam</span> <span class='ocrx_word' id='word_1_664' title='bbox 2970 4278 3204 4345; x_wconf 84' lang='lat' dir='ltr'>vallem,</span> <span class='ocrx_word' id='word_1_665' title='bbox 3228 4278 3325 4333; x_wconf 87' lang='lat' dir='ltr'>ubi</span> <span class='ocrx_word' id='word_1_666' title='bbox 3372 4276 3636 4333; x_wconf 87' lang='lat' dir='ltr'>armenta</span> 
     </span>
    </p>
   </div>
   <div class='ocr_carea' id='block_1_93' title="bbox 1991 4365 3635 4439">
    <p class='ocr_par' dir='ltr' id='par_1_93' title="bbox 1991 4365 3635 4439">
     <span class='ocr_line' id='line_1_93' title="bbox 1991 4365 3635 4439; baseline 0.001 -18"><span class='ocrx_word' id='word_1_667' title='bbox 1991 4367 2144 4439; x_wconf 89' lang='lat' dir='ltr'>regis</span> <span class='ocrx_word' id='word_1_668' title='bbox 2175 4371 2231 4422; x_wconf 90' lang='lat' dir='ltr'>et</span> <span class='ocrx_word' id='word_1_669' title='bbox 2260 4365 2438 4421; x_wconf 90' lang='lat' dir='ltr'>totius</span> <span class='ocrx_word' id='word_1_670' title='bbox 2469 4365 2722 4438; x_wconf 84' lang='lat' dir='ltr'>regionis</span> <span class='ocrx_word' id='word_1_671' title='bbox 2770 4372 3004 4438; x_wconf 87' lang='lat' dir='ltr'>propter</span> <span class='ocrx_word' id='word_1_672' title='bbox 3050 4367 3321 4423; x_wconf 90' lang='lat' dir='ltr'>timorem</span> <span class='ocrx_word' id='word_1_673' title='bbox 3367 4371 3635 4422; x_wconf 89' lang='lat' dir='ltr'>nostrum</span> 
     </span>
    </p>
   </div>
   <div class='ocr_carea' id='block_1_94' title="bbox 1991 4454 3639 4527">
    <p class='ocr_par' dir='ltr' id='par_1_94' title="bbox 1991 4454 3639 4527">
     <span class='ocr_line' id='line_1_94' title="bbox 1991 4454 3639 4527; baseline 0 -17"><span class='ocrx_word' id='word_1_674' title='bbox 1991 4457 2389 4527; x_wconf 73' lang='lat' dir='ltr'>confugerant.</span> <span class='ocrx_word' id='word_1_675' title='bbox 2422 4454 2648 4509; x_wconf 83' lang='lat' dir='ltr'>Etenim</span> <span class='ocrx_word' id='word_1_676' title='bbox 2682 4472 2777 4509; x_wconf 83' lang='lat' dir='ltr'>rex</span> <span class='ocrx_word' id='word_1_677' title='bbox 2807 4454 2979 4527; x_wconf 89' lang='lat' dir='ltr'>longe</span> <span class='ocrx_word' id='word_1_678' title='bbox 3010 4460 3143 4511; x_wconf 89' lang='lat' dir='ltr'>ante</span> <span class='ocrx_word' id='word_1_679' title='bbox 3175 4472 3281 4510; x_wconf 91' lang='lat' dir='ltr'>nos</span> <span class='ocrx_word' id='word_1_680' title='bbox 3323 4454 3400 4510; x_wconf 91' lang='lat' dir='ltr'>ibi</span> <span class='ocrx_word' id='word_1_681' title='bbox 3432 4460 3639 4510; x_wconf 86' lang='lat' dir='ltr'>ventu-</span> 
     </span>
    </p>
   </div>
   <div class='ocr_carea' id='block_1_95' title="bbox 220 4543 3640 4634">
    <p class='ocr_par' dir='ltr' id='par_1_95' title="bbox 220 4543 3640 4634">
     <span class='ocr_line' id='line_1_95' title="bbox 220 4543 3640 4634; baseline -0.002 -28"><span class='ocrx_word' id='word_1_682' title='bbox 220 4550 761 4622; x_wconf 89' lang='lat' dir='ltr'>episcopus,neque</span> <span class='ocrx_word' id='word_1_683' title='bbox 788 4545 883 4600; x_wconf 86' lang='lat' dir='ltr'>alii</span> <span class='ocrx_word' id='word_1_684' title='bbox 907 4545 1200 4618; x_wconf 88' lang='lat' dir='ltr'>principes</span> <span class='ocrx_word' id='word_1_685' title='bbox 1222 4546 1313 4601; x_wconf 92' lang='lat' dir='ltr'>sui</span> <span class='ocrx_word' id='word_1_686' title='bbox 1338 4552 1577 4618; x_wconf 90' lang='lat' dir='ltr'>possent</span> <span class='ocrx_word' id='word_1_687' title='bbox 1598 4564 1880 4613; x_wconf 89' lang='lat' dir='ltr'>amovere,</span> <span class='ocrx_word' id='word_1_688' title='bbox 1916 4570 1961 4634; x_wconf 67' lang='grc' dir='ltr'>Ι)</span> <span class='ocrx_word' id='word_1_689' title='bbox 1994 4562 2088 4600; x_wconf 90' lang='lat' dir='ltr'>ros</span> <span class='ocrx_word' id='word_1_690' title='bbox 2112 4544 2421 4609; x_wconf 87' lang='lat' dir='ltr'>sciebat,et</span> <span class='ocrx_word' id='word_1_691' title='bbox 2452 4548 2515 4597; x_wconf 89' lang='lat' dir='ltr'>ut</span> <span class='ocrx_word' id='word_1_692' title='bbox 2543 4543 2812 4616; x_wconf 87' lang='lat' dir='ltr'>fugerent</span> <span class='ocrx_word' id='word_1_693' title='bbox 2841 4549 2974 4598; x_wconf 86' lang='lat' dir='ltr'>ante</span> <span class='ocrx_word' id='word_1_694' title='bbox 3004 4561 3109 4599; x_wconf 90' lang='lat' dir='ltr'>nos</span> <span class='ocrx_word' id='word_1_695' title='bbox 3140 4544 3414 4600; x_wconf 88' lang='lat' dir='ltr'>omnibus</span> <span class='ocrx_word' id='word_1_696' title='bbox 3438 4543 3640 4601; x_wconf 88' lang='lat' dir='ltr'>Sarra-</span> 
     </span>
    </p>
   </div>
   <div class='ocr_carea' id='block_1_96' title="bbox 225 4634 1882 4707">
    <p class='ocr_par' dir='ltr' id='par_1_96' title="bbox 225 4634 1882 4707">
     <span class='ocr_line' id='line_1_96' title="bbox 225 4634 1882 4707; baseline -0.001 -14"><span class='ocrx_word' id='word_1_697' title='bbox 225 4638 411 4693; x_wconf 88' lang='lat' dir='ltr'>minis</span> <span class='ocrx_word' id='word_1_698' title='bbox 444 4635 531 4689; x_wconf 87' lang='lat' dir='ltr'>vel</span> <span class='ocrx_word' id='word_1_699' title='bbox 562 4634 1210 4707; x_wconf 85' lang='lat' dir='ltr'>verberibus,populum</span> <span class='ocrx_word' id='word_1_700' title='bbox 1232 4653 1264 4690; x_wconf 90' lang='lat' dir='ltr'>a</span> <span class='ocrx_word' id='word_1_701' title='bbox 1296 4635 1445 4690; x_wconf 90' lang='lat' dir='ltr'>muri</span> <span class='ocrx_word' id='word_1_702' title='bbox 1469 4636 1882 4707; x_wconf 88' lang='lat' dir='ltr'>destructione,</span> 
     </span>
    </p>
   </div>
   <div class='ocr_carea' id='block_1_97' title="bbox 226 4722 1884 4791">
    <p class='ocr_par' dir='ltr' id='par_1_97' title="bbox 226 4722 1884 4791">
     <span class='ocr_line' id='line_1_97' title="bbox 226 4722 1884 4791; baseline -0.001 -10"><span class='ocrx_word' id='word_1_703' title='bbox 226 4725 522 4782; x_wconf 74' lang='lat' dir='ltr'>intellexit</span> <span class='ocrx_word' id='word_1_704' title='bbox 553 4722 707 4780; x_wconf 91' lang='lat' dir='ltr'>illico</span> <span class='ocrx_word' id='word_1_705' title='bbox 742 4722 1002 4779; x_wconf 85' lang='lat' dir='ltr'>divinum</span> <span class='ocrx_word' id='word_1_706' title='bbox 1034 4729 1246 4791; x_wconf 89' lang='lat' dir='ltr'>esse,et</span> <span class='ocrx_word' id='word_1_707' title='bbox 1270 4728 1331 4779; x_wconf 90' lang='lat' dir='ltr'>ut</span> <span class='ocrx_word' id='word_1_708' title='bbox 1354 4725 1621 4780; x_wconf 88' lang='lat' dir='ltr'>funditus</span> <span class='ocrx_word' id='word_1_709' title='bbox 1649 4742 1884 4780; x_wconf 89' lang='lat' dir='ltr'>murum</span> 
     </span>
    </p>
   </div>
   <div class='ocr_carea' id='block_1_98' title="bbox 227 4813 1888 4887">
    <p class='ocr_par' dir='ltr' id='par_1_98' title="bbox 227 4813 1888 4887">
     <span class='ocr_line' id='line_1_98' title="bbox 227 4813 1888 4887; baseline -0.001 -16"><span class='ocrx_word' id='word_1_710' title='bbox 227 4816 538 4871; x_wconf 85' lang='lat' dir='ltr'>diruerent</span> <span class='ocrx_word' id='word_1_711' title='bbox 555 4813 1089 4884; x_wconf 64' lang='lat' dir='ltr'>praecepitdnterim</span> <span class='ocrx_word' id='word_1_712' title='bbox 1108 4814 1541 4887; x_wconf 84' lang='lat' dir='ltr'>ingravescebat</span> <span class='ocrx_word' id='word_1_713' title='bbox 1554 4815 1738 4870; x_wconf 86' lang='lat' dir='ltr'>fames</span> <span class='ocrx_word' id='word_1_714' title='bbox 1752 4831 1888 4886; x_wconf 92' lang='lat' dir='ltr'>quo-</span> 
     </span>
    </p>
   </div>
   <div class='ocr_carea' id='block_1_99' title="bbox 231 4902 1888 4975">
    <p class='ocr_par' dir='ltr' id='par_1_99' title="bbox 231 4902 1888 4975">
     <span class='ocr_line' id='line_1_99' title="bbox 231 4902 1888 4975; baseline -0.001 -15"><span class='ocrx_word' id='word_1_715' title='bbox 231 4904 399 4960; x_wconf 90' lang='lat' dir='ltr'>tidie.</span> <span class='ocrx_word' id='word_1_716' title='bbox 433 4903 843 4973; x_wconf 86' lang='lat' dir='ltr'>Cumquejam</span> <span class='ocrx_word' id='word_1_717' title='bbox 877 4902 1003 4957; x_wconf 88' lang='lat' dir='ltr'>dies</span> <span class='ocrx_word' id='word_1_718' title='bbox 1051 4902 1348 4975; x_wconf 84' lang='lat' dir='ltr'>proposita</span> <span class='ocrx_word' id='word_1_719' title='bbox 1396 4902 1588 4958; x_wconf 85' lang='lat' dir='ltr'>itineri</span> <span class='ocrx_word' id='word_1_720' title='bbox 1622 4904 1888 4969; x_wconf 89' lang='lat' dir='ltr'>instaret,</span> 
     </span>
    </p>
   </div>
   <div class='ocr_carea' id='block_1_100' title="bbox 235 4991 1891 5066">
    <p class='ocr_par' dir='ltr' id='par_1_100' title="bbox 235 4991 1891 5066">
     <span class='ocr_line' id='line_1_100' title="bbox 235 4991 1891 5066; baseline 0 -18"><span class='ocrx_word' id='word_1_721' title='bbox 235 4992 707 5066; x_wconf 65' lang='lat' dir='ltr'>prmdicabamus</span> <span class='ocrx_word' id='word_1_722' title='bbox 726 4991 1126 5063; x_wconf 79' lang='lat' dir='ltr'>eleemosynas</span> <span class='ocrx_word' id='word_1_723' title='bbox 1152 4996 1209 5045; x_wconf 89' lang='lat' dir='ltr'>et</span> <span class='ocrx_word' id='word_1_724' title='bbox 1229 4991 1520 5048; x_wconf 88' lang='lat' dir='ltr'>orationes</span> <span class='ocrx_word' id='word_1_725' title='bbox 1553 4992 1677 5048; x_wconf 85' lang='lat' dir='ltr'>ﬁeri</span> <span class='ocrx_word' id='word_1_726' title='bbox 1708 4992 1766 5047; x_wconf 88' lang='lat' dir='ltr'>in</span> <span class='ocrx_word' id='word_1_727' title='bbox 1789 5010 1891 5065; x_wconf 88' lang='lat' dir='ltr'>po-</span> 
     </span>
    </p>
   </div>
   <div class='ocr_carea' id='block_1_101' title="bbox 238 5079 1893 5155">
    <p class='ocr_par' dir='ltr' id='par_1_101' title="bbox 238 5079 1893 5155">
     <span class='ocr_line' id='line_1_101' title="bbox 238 5079 1893 5155; baseline 0 -18"><span class='ocrx_word' id='word_1_728' title='bbox 238 5081 379 5155; x_wconf 83' lang='lat' dir='ltr'>pulo</span> <span class='ocrx_word' id='word_1_729' title='bbox 412 5081 484 5135; x_wconf 87' lang='lat' dir='ltr'>ad</span> <span class='ocrx_word' id='word_1_730' title='bbox 518 5080 702 5135; x_wconf 86' lang='lat' dir='ltr'>Deum</span> <span class='ocrx_word' id='word_1_731' title='bbox 736 5097 839 5152; x_wconf 89' lang='lat' dir='ltr'>pro</span> <span class='ocrx_word' id='word_1_732' title='bbox 862 5079 1085 5136; x_wconf 85' lang='lat' dir='ltr'>itinere.</span> <span class='ocrx_word' id='word_1_733' title='bbox 1112 5084 1253 5137; x_wconf 81' lang='lat' dir='ltr'>Cum</span> <span class='ocrx_word' id='word_1_734' title='bbox 1284 5098 1416 5136; x_wconf 89' lang='lat' dir='ltr'>vero</span> <span class='ocrx_word' id='word_1_735' title='bbox 1439 5080 1679 5137; x_wconf 81' lang='lat' dir='ltr'>vidisset</span> <span class='ocrx_word' id='word_1_736' title='bbox 1700 5099 1893 5137; x_wconf 89' lang='lat' dir='ltr'>comes</span> 
     </span>
    </p>
   </div>
   <div class='ocr_carea' id='block_1_102' title="bbox 239 5168 1894 5244">
    <p class='ocr_par' dir='ltr' id='par_1_102' title="bbox 239 5168 1894 5244">
     <span class='ocr_line' id='line_1_102' title="bbox 239 5168 1894 5244; baseline -0.002 -18"><span class='ocrx_word' id='word_1_737' title='bbox 239 5171 396 5244; x_wconf 88' lang='lat' dir='ltr'>quod</span> <span class='ocrx_word' id='word_1_738' title='bbox 432 5169 577 5224; x_wconf 87' lang='lat' dir='ltr'>nulii</span> <span class='ocrx_word' id='word_1_739' title='bbox 594 5170 683 5225; x_wconf 16' lang='lat' dir='ltr'>ede</span> <span class='ocrx_word' id='word_1_740' title='bbox 704 5168 1070 5241; x_wconf 87' lang='lat' dir='ltr'>principibus</span> <span class='ocrx_word' id='word_1_741' title='bbox 1092 5170 1414 5241; x_wconf 84' lang='lat' dir='ltr'>majoribus</span> <span class='ocrx_word' id='word_1_742' title='bbox 1437 5170 1509 5225; x_wconf 85' lang='lat' dir='ltr'>ad</span> <span class='ocrx_word' id='word_1_743' title='bbox 1532 5187 1593 5225; x_wconf 89' lang='lat' dir='ltr'>se</span> <span class='ocrx_word' id='word_1_744' title='bbox 1615 5170 1894 5237; x_wconf 87' lang='lat' dir='ltr'>venirent,</span> 
     </span>
    </p>
   </div>
   <div class='ocr_carea' id='block_1_103' title="bbox 239 5256 1899 5330">
    <p class='ocr_par' dir='ltr' id='par_1_103' title="bbox 239 5256 1899 5330">
     <span class='ocr_line' id='line_1_103' title="bbox 239 5256 1899 5330; baseline -0.001 -15"><span class='ocrx_word' id='word_1_745' title='bbox 239 5265 301 5316; x_wconf 86' lang='lat' dir='ltr'>et</span> <span class='ocrx_word' id='word_1_746' title='bbox 331 5276 569 5314; x_wconf 88' lang='lat' dir='ltr'>omnem</span> <span class='ocrx_word' id='word_1_747' title='bbox 602 5256 886 5330; x_wconf 89' lang='lat' dir='ltr'>populum</span> <span class='ocrx_word' id='word_1_748' title='bbox 917 5259 1325 5314; x_wconf 88' lang='lat' dir='ltr'>contabescere</span> <span class='ocrx_word' id='word_1_749' title='bbox 1347 5263 1626 5326; x_wconf 89' lang='lat' dir='ltr'>cerneret,</span> <span class='ocrx_word' id='word_1_750' title='bbox 1661 5259 1719 5312; x_wconf 85' lang='lat' dir='ltr'>in</span> <span class='ocrx_word' id='word_1_751' title='bbox 1752 5258 1899 5313; x_wconf 88' lang='lat' dir='ltr'>inte-</span> 
     </span>
    </p>
   </div>
   <div class='ocr_carea' id='block_1_104' title="bbox 242 5345 1899 5419">
    <p class='ocr_par' dir='ltr' id='par_1_104' title="bbox 242 5345 1899 5419">
     <span class='ocr_line' id='line_1_104' title="bbox 242 5345 1899 5419; baseline -0.001 -16"><span class='ocrx_word' id='word_1_752' title='bbox 242 5349 402 5404; x_wconf 88' lang='lat' dir='ltr'>riora</span> <span class='ocrx_word' id='word_1_753' title='bbox 434 5346 723 5419; x_wconf 72' lang='lat' dir='ltr'>Hispanize</span> <span class='ocrx_word' id='word_1_754' title='bbox 758 5364 860 5419; x_wconf 85' lang='lat' dir='ltr'>pro</span> <span class='ocrx_word' id='word_1_755' title='bbox 888 5346 1242 5402; x_wconf 86' lang='lat' dir='ltr'>victualibus</span> <span class='ocrx_word' id='word_1_756' title='bbox 1264 5345 1547 5419; x_wconf 88' lang='lat' dir='ltr'>populum</span> <span class='ocrx_word' id='word_1_757' title='bbox 1580 5347 1662 5401; x_wconf 92' lang='lat' dir='ltr'>ire</span> <span class='ocrx_word' id='word_1_758' title='bbox 1684 5364 1899 5418; x_wconf 65' lang='lat' dir='ltr'>praece-</span> 
     </span>
    </p>
   </div>
   <div class='ocr_carea' id='block_1_105' title="bbox 243 5434 1901 5510">
    <p class='ocr_par' dir='ltr' id='par_1_105' title="bbox 243 5434 1901 5510">
     <span class='ocr_line' id='line_1_105' title="bbox 243 5434 1901 5510; baseline -0.001 -19"><span class='ocrx_word' id='word_1_759' title='bbox 243 5437 353 5510; x_wconf 89' lang='lat' dir='ltr'>pit,</span> <span class='ocrx_word' id='word_1_760' title='bbox 386 5440 445 5491; x_wconf 91' lang='lat' dir='ltr'>et</span> <span class='ocrx_word' id='word_1_761' title='bbox 472 5435 599 5507; x_wconf 89' lang='lat' dir='ltr'>ipse</span> <span class='ocrx_word' id='word_1_762' title='bbox 630 5452 764 5490; x_wconf 91' lang='lat' dir='ltr'>cum</span> <span class='ocrx_word' id='word_1_763' title='bbox 796 5434 1088 5491; x_wconf 89' lang='lat' dir='ltr'>militibus</span> <span class='ocrx_word' id='word_1_764' title='bbox 1120 5435 1415 5508; x_wconf 68' lang='lat' dir='ltr'>praecessit</span> <span class='ocrx_word' id='word_1_765' title='bbox 1445 5453 1601 5491; x_wconf 89' lang='lat' dir='ltr'>eum.</span> <span class='ocrx_word' id='word_1_766' title='bbox 1637 5437 1746 5491; x_wconf 88' lang='lat' dir='ltr'>Sed</span> <span class='ocrx_word' id='word_1_767' title='bbox 1792 5435 1901 5490; x_wconf 89' lang='lat' dir='ltr'>hoc</span> 
     </span>
    </p>
   </div>
   <div class='ocr_carea' id='block_1_106' title="bbox 242 5524 1904 5597">
    <p class='ocr_par' dir='ltr' id='par_1_106' title="bbox 242 5524 1904 5597">
     <span class='ocr_line' id='line_1_106' title="bbox 242 5524 1904 5597; baseline -0.001 -15"><span class='ocrx_word' id='word_1_768' title='bbox 242 5542 367 5582; x_wconf 90' lang='lat' dir='ltr'>non</span> <span class='ocrx_word' id='word_1_769' title='bbox 396 5529 521 5580; x_wconf 87' lang='lat' dir='ltr'>erat</span> <span class='ocrx_word' id='word_1_770' title='bbox 549 5529 782 5596; x_wconf 87' lang='lat' dir='ltr'>gratum</span> <span class='ocrx_word' id='word_1_771' title='bbox 814 5524 1170 5596; x_wconf 87' lang='lat' dir='ltr'>quibusdam</span> <span class='ocrx_word' id='word_1_772' title='bbox 1192 5526 1316 5581; x_wconf 86' lang='lat' dir='ltr'>suis</span> <span class='ocrx_word' id='word_1_773' title='bbox 1340 5525 1606 5597; x_wconf 80' lang='lat' dir='ltr'>privatis;</span> <span class='ocrx_word' id='word_1_774' title='bbox 1634 5526 1904 5581; x_wconf 84' lang='lat' dir='ltr'>dicebant</span> 
     </span>
    </p>
   </div>
   <div class='ocr_carea' id='block_1_107' title="bbox 243 5611 1902 5679">
    <p class='ocr_par' dir='ltr' id='par_1_107' title="bbox 243 5611 1902 5679">
     <span class='ocr_line' id='line_1_107' title="bbox 243 5611 1902 5679; baseline -0.001 -9"><span class='ocrx_word' id='word_1_775' title='bbox 243 5611 407 5671; x_wconf 84' lang='lat' dir='ltr'>enim</span> <span class='ocrx_word' id='word_1_776' title='bbox 442 5629 456 5669; x_wconf 73' lang='grc' dir='ltr'>ε</span> <span class='ocrx_word' id='word_1_777' title='bbox 490 5616 553 5669; x_wconf 84' lang='lat' dir='ltr'>In</span> <span class='ocrx_word' id='word_1_778' title='bbox 582 5615 825 5669; x_wconf 72' lang='lat' dir='ltr'>exercitu</span> <span class='ocrx_word' id='word_1_779' title='bbox 856 5616 952 5668; x_wconf 70' lang='lat' dir='ltr'>vix</span> <span class='ocrx_word' id='word_1_780' title='bbox 978 5622 1107 5669; x_wconf 84' lang='lat' dir='ltr'>sunt</span> <span class='ocrx_word' id='word_1_781' title='bbox 1149 5617 1369 5670; x_wconf 82' lang='lat' dir='ltr'>trecenti</span> <span class='ocrx_word' id='word_1_782' title='bbox 1417 5616 1635 5679; x_wconf 59' lang='lat' dir='ltr'>mitius,</span> <span class='ocrx_word' id='word_1_783' title='bbox 1667 5624 1719 5669; x_wconf 85' lang='lat' dir='ltr'>et</span> <span class='ocrx_word' id='word_1_784' title='bbox 1760 5616 1902 5669; x_wconf 87' lang='lat' dir='ltr'>alio-</span> 
     </span>
    </p>
   </div>
   <div class='ocr_carea' id='block_1_108' title="bbox 1996 4632 3641 4703">
    <p class='ocr_par' dir='ltr' id='par_1_108' title="bbox 1996 4632 3641 4703">
     <span class='ocr_line' id='line_1_108' title="bbox 1996 4632 3641 4703; baseline -0.001 -12"><span class='ocrx_word' id='word_1_785' title='bbox 1996 4633 2154 4691; x_wconf 91' lang='lat' dir='ltr'>cenis</span> <span class='ocrx_word' id='word_1_786' title='bbox 2204 4634 2598 4688; x_wconf 89' lang='lat' dir='ltr'>mandaverat.</span> <span class='ocrx_word' id='word_1_787' title='bbox 2633 4632 2743 4687; x_wconf 88' lang='lat' dir='ltr'>Sed</span> <span class='ocrx_word' id='word_1_788' title='bbox 2801 4632 2852 4687; x_wconf 89' lang='lat' dir='ltr'>si</span> <span class='ocrx_word' id='word_1_789' title='bbox 2901 4633 3183 4703; x_wconf 85' lang='lat' dir='ltr'>jussisset</span> <span class='ocrx_word' id='word_1_790' title='bbox 3232 4638 3296 4688; x_wconf 88' lang='lat' dir='ltr'>ut</span> <span class='ocrx_word' id='word_1_791' title='bbox 3335 4650 3539 4689; x_wconf 89' lang='lat' dir='ltr'>omnes</span> <span class='ocrx_word' id='word_1_792' title='bbox 3570 4635 3641 4689; x_wconf 89' lang='lat' dir='ltr'>de</span> 
     </span>
    </p>
   </div>
   <div class='ocr_carea' id='block_1_109' title="bbox 1996 4721 3641 4795">
    <p class='ocr_par' dir='ltr' id='par_1_109' title="bbox 1996 4721 3641 4795">
     <span class='ocr_line' id='line_1_109' title="bbox 1996 4721 3641 4795; baseline -0.001 -17"><span class='ocrx_word' id='word_1_793' title='bbox 1996 4722 2230 4795; x_wconf 89' lang='lat' dir='ltr'>regione</span> <span class='ocrx_word' id='word_1_794' title='bbox 2258 4721 2358 4776; x_wconf 90' lang='lat' dir='ltr'>illa</span> <span class='ocrx_word' id='word_1_795' title='bbox 2385 4722 2612 4777; x_wconf 87' lang='lat' dir='ltr'>obviam</span> <span class='ocrx_word' id='word_1_796' title='bbox 2645 4721 2814 4776; x_wconf 90' lang='lat' dir='ltr'>nobis</span> <span class='ocrx_word' id='word_1_797' title='bbox 2843 4721 3126 4788; x_wconf 89' lang='lat' dir='ltr'>venirent,</span> <span class='ocrx_word' id='word_1_798' title='bbox 3159 4738 3274 4776; x_wconf 89' lang='lat' dir='ltr'>non</span> <span class='ocrx_word' id='word_1_799' title='bbox 3304 4721 3386 4775; x_wconf 90' lang='lat' dir='ltr'>ita</span> <span class='ocrx_word' id='word_1_800' title='bbox 3423 4721 3641 4777; x_wconf 87' lang='lat' dir='ltr'>factum</span> 
     </span>
    </p>
   </div>
   <div class='ocr_carea' id='block_1_110' title="bbox 1995 4810 3644 4882">
    <p class='ocr_par' dir='ltr' id='par_1_110' title="bbox 1995 4810 3644 4882">
     <span class='ocr_line' id='line_1_110' title="bbox 1995 4810 3644 4882; baseline -0.001 -15"><span class='ocrx_word' id='word_1_801' title='bbox 1995 4817 2167 4868; x_wconf 87' lang='lat' dir='ltr'>esset.</span> <span class='ocrx_word' id='word_1_802' title='bbox 2202 4812 2567 4866; x_wconf 78' lang='lat' dir='ltr'>Raimundus</span> <span class='ocrx_word' id='word_1_803' title='bbox 2625 4811 2695 4866; x_wconf 89' lang='lat' dir='ltr'>de</span> <span class='ocrx_word' id='word_1_804' title='bbox 2745 4810 2946 4866; x_wconf 90' lang='lat' dir='ltr'>Insula</span> <span class='ocrx_word' id='word_1_805' title='bbox 2996 4816 3052 4866; x_wconf 89' lang='lat' dir='ltr'>et</span> <span class='ocrx_word' id='word_1_806' title='bbox 3099 4810 3239 4868; x_wconf 84' lang='lat' dir='ltr'>socii</span> <span class='ocrx_word' id='word_1_807' title='bbox 3286 4810 3414 4882; x_wconf 82' lang='lat' dir='ltr'>ejus</span> <span class='ocrx_word' id='word_1_808' title='bbox 3453 4826 3521 4866; x_wconf 84' lang='lat' dir='ltr'>ea</span> <span class='ocrx_word' id='word_1_809' title='bbox 3550 4810 3644 4867; x_wconf 87' lang='lat' dir='ltr'>die</span> 
     </span>
    </p>
   </div>
   <div class='ocr_carea' id='block_1_111' title="bbox 2000 4898 3643 4972">
    <p class='ocr_par' dir='ltr' id='par_1_111' title="bbox 2000 4898 3643 4972">
     <span class='ocr_line' id='line_1_111' title="bbox 2000 4898 3643 4972; baseline -0.001 -16"><span class='ocrx_word' id='word_1_810' title='bbox 2000 4918 2185 4956; x_wconf 88' lang='lat' dir='ltr'>unum</span> <span class='ocrx_word' id='word_1_811' title='bbox 2245 4903 2628 4956; x_wconf 83' lang='lat' dir='ltr'>Sarracenum</span> <span class='ocrx_word' id='word_1_812' title='bbox 2685 4905 2983 4972; x_wconf 83' lang='lat' dir='ltr'>ceperunt,</span> <span class='ocrx_word' id='word_1_813' title='bbox 3017 4917 3148 4955; x_wconf 87' lang='lat' dir='ltr'>cum</span> <span class='ocrx_word' id='word_1_814' title='bbox 3199 4898 3407 4956; x_wconf 85' lang='lat' dir='ltr'>litteris</span> <span class='ocrx_word' id='word_1_815' title='bbox 3466 4899 3643 4972; x_wconf 88' lang='lat' dir='ltr'>regis,</span> 
     </span>
    </p>
   </div>
   <div class='ocr_carea' id='block_1_112' title="bbox 2001 4986 3649 5063">
    <p class='ocr_par' dir='ltr' id='par_1_112' title="bbox 2001 4986 3649 5063">
     <span class='ocr_line' id='line_1_112' title="bbox 2001 4986 3649 5063; baseline -0.001 -18"><span class='ocrx_word' id='word_1_816' title='bbox 2001 5008 2148 5063; x_wconf 88' lang='lat' dir='ltr'>quas</span> <span class='ocrx_word' id='word_1_817' title='bbox 2179 4990 2472 5045; x_wconf 89' lang='lat' dir='ltr'>deferebat</span> <span class='ocrx_word' id='word_1_818' title='bbox 2500 4990 2569 5044; x_wconf 90' lang='lat' dir='ltr'>ad</span> <span class='ocrx_word' id='word_1_819' title='bbox 2602 5007 2804 5045; x_wconf 83' lang='lat' dir='ltr'>omnes</span> <span class='ocrx_word' id='word_1_820' title='bbox 2850 4991 2920 5045; x_wconf 86' lang='lat' dir='ltr'>de</span> <span class='ocrx_word' id='word_1_821' title='bbox 2953 4986 3051 5045; x_wconf 88' lang='lat' dir='ltr'>illa</span> <span class='ocrx_word' id='word_1_822' title='bbox 3080 4989 3334 5063; x_wconf 88' lang='lat' dir='ltr'>regione,</span> <span class='ocrx_word' id='word_1_823' title='bbox 3366 4993 3433 5044; x_wconf 88' lang='lat' dir='ltr'>ut</span> <span class='ocrx_word' id='word_1_824' title='bbox 3479 4988 3649 5062; x_wconf 87' lang='lat' dir='ltr'>fuge-</span> 
     </span>
    </p>
   </div>
   <div class='ocr_carea' id='block_1_113' title="bbox 2004 5077 3645 5152">
    <p class='ocr_par' dir='ltr' id='par_1_113' title="bbox 2004 5077 3645 5152">
     <span class='ocr_line' id='line_1_113' title="bbox 2004 5077 3645 5152; baseline -0.001 -18"><span class='ocrx_word' id='word_1_825' title='bbox 2004 5084 2130 5134; x_wconf 85' lang='lat' dir='ltr'>rent</span> <span class='ocrx_word' id='word_1_826' title='bbox 2162 5083 2294 5132; x_wconf 88' lang='lat' dir='ltr'>ante</span> <span class='ocrx_word' id='word_1_827' title='bbox 2326 5096 2451 5133; x_wconf 88' lang='lat' dir='ltr'>uos.</span> <span class='ocrx_word' id='word_1_828' title='bbox 2477 5078 2739 5150; x_wconf 90' lang='lat' dir='ltr'>Cumque</span> <span class='ocrx_word' id='word_1_829' title='bbox 2772 5080 2890 5133; x_wconf 71' lang='lat' dir='ltr'>hmo</span> <span class='ocrx_word' id='word_1_830' title='bbox 2922 5079 3043 5152; x_wconf 86' lang='lat' dir='ltr'>regi</span> <span class='ocrx_word' id='word_1_831' title='bbox 3090 5077 3324 5151; x_wconf 87' lang='lat' dir='ltr'>cognita</span> <span class='ocrx_word' id='word_1_832' title='bbox 3373 5078 3645 5146; x_wconf 86' lang='lat' dir='ltr'>fuissent,</span> 
     </span>
    </p>
   </div>
   <div class='ocr_carea' id='block_1_114' title="bbox 2006 5167 3649 5239">
    <p class='ocr_par' dir='ltr' id='par_1_114' title="bbox 2006 5167 3649 5239">
     <span class='ocr_line' id='line_1_114' title="bbox 2006 5167 3649 5239; baseline -0.001 -16"><span class='ocrx_word' id='word_1_833' title='bbox 2006 5167 2152 5223; x_wconf 87' lang='lat' dir='ltr'>dixit</span> <span class='ocrx_word' id='word_1_834' title='bbox 2186 5184 2199 5221; x_wconf 89' lang='lat'>:</span> <span class='ocrx_word' id='word_1_835' title='bbox 2233 5169 2339 5236; x_wconf 79' lang='lat' dir='ltr'>Ego</span> <span class='ocrx_word' id='word_1_836' title='bbox 2372 5167 2587 5239; x_wconf 76' lang='lat' dir='ltr'>quidem</span> <span class='ocrx_word' id='word_1_837' title='bbox 2607 5168 2882 5239; x_wconf 72' lang='lat' dir='ltr'>jusserunt</span> <span class='ocrx_word' id='word_1_838' title='bbox 2910 5169 3222 5225; x_wconf 80' lang='lat' dir='ltr'>hominibus</span> <span class='ocrx_word' id='word_1_839' title='bbox 3248 5170 3385 5223; x_wconf 81' lang='lat' dir='ltr'>meis</span> <span class='ocrx_word' id='word_1_840' title='bbox 3416 5176 3477 5223; x_wconf 89' lang='lat' dir='ltr'>ut</span> <span class='ocrx_word' id='word_1_841' title='bbox 3494 5171 3649 5239; x_wconf 81' lang='lat' dir='ltr'>fuge-</span> 
     </span>
    </p>
   </div>
   <div class='ocr_carea' id='block_1_115' title="bbox 2007 5258 3663 5330">
    <p class='ocr_par' dir='ltr' id='par_1_115' title="bbox 2007 5258 3663 5330">
     <span class='ocr_line' id='line_1_115' title="bbox 2007 5258 3663 5330; baseline -0.001 -18"><span class='ocrx_word' id='word_1_842' title='bbox 2007 5265 2126 5312; x_wconf 84' lang='lat' dir='ltr'>rent</span> <span class='ocrx_word' id='word_1_843' title='bbox 2168 5265 2292 5311; x_wconf 83' lang='lat' dir='ltr'>ante</span> <span class='ocrx_word' id='word_1_844' title='bbox 2335 5258 2535 5327; x_wconf 74' lang='lat' dir='ltr'>facicm</span> <span class='ocrx_word' id='word_1_845' title='bbox 2584 5261 2940 5323; x_wconf 78' lang='lat' dir='ltr'>Francorum,</span> <span class='ocrx_word' id='word_1_846' title='bbox 2997 5266 3263 5330; x_wconf 85' lang='lat' dir='ltr'>quantum</span> <span class='ocrx_word' id='word_1_847' title='bbox 3309 5265 3570 5330; x_wconf 84' lang='lat' dir='ltr'>possent;</span> <span class='ocrx_word' id='word_1_848' title='bbox 3601 5263 3663 5311; x_wconf 60' lang='lat' dir='ltr'>et</span> 
     </span>
    </p>
   </div>
   <div class='ocr_carea' id='block_1_116' title="bbox 2009 5345 3655 5418">
    <p class='ocr_par' dir='ltr' id='par_1_116' title="bbox 2009 5345 3655 5418">
     <span class='ocr_line' id='line_1_116' title="bbox 2009 5345 3655 5418; baseline -0.001 -16"><span class='ocrx_word' id='word_1_849' title='bbox 2009 5348 2117 5418; x_wconf 85' lang='lat' dir='ltr'>ipsi</span> <span class='ocrx_word' id='word_1_850' title='bbox 2146 5345 2215 5399; x_wconf 78' lang='lat' dir='ltr'>ad</span> <span class='ocrx_word' id='word_1_851' title='bbox 2243 5362 2329 5399; x_wconf 87' lang='lat' dir='ltr'>eos</span> <span class='ocrx_word' id='word_1_852' title='bbox 2371 5354 2646 5400; x_wconf 76' lang='lat' dir='ltr'>venerunt.</span> <span class='ocrx_word' id='word_1_853' title='bbox 2686 5346 2857 5401; x_wconf 76' lang='lat' dir='ltr'>Video</span> <span class='ocrx_word' id='word_1_854' title='bbox 2907 5350 3037 5418; x_wconf 87' lang='lat' dir='ltr'>quia</span> <span class='ocrx_word' id='word_1_855' title='bbox 3091 5348 3224 5403; x_wconf 85' lang='lat' dir='ltr'>Deus</span> <span class='ocrx_word' id='word_1_856' title='bbox 3255 5348 3396 5401; x_wconf 83' lang='lat' dir='ltr'>hanc</span> <span class='ocrx_word' id='word_1_857' title='bbox 3443 5352 3655 5415; x_wconf 81' lang='lat' dir='ltr'>gentem</span> 
     </span>
    </p>
   </div>
   <div class='ocr_carea' id='block_1_117' title="bbox 2007 5434 3650 5507">
    <p class='ocr_par' dir='ltr' id='par_1_117' title="bbox 2007 5434 3650 5507">
     <span class='ocr_line' id='line_1_117' title="bbox 2007 5434 3650 5507; baseline -0.002 -16"><span class='ocrx_word' id='word_1_858' title='bbox 2007 5437 2202 5503; x_wconf 74' lang='lat' dir='ltr'>elegit,-</span> <span class='ocrx_word' id='word_1_859' title='bbox 2229 5443 2511 5506; x_wconf 84' lang='lat' dir='ltr'>propterea</span> <span class='ocrx_word' id='word_1_860' title='bbox 2559 5436 2841 5507; x_wconf 76' lang='lat' dir='ltr'>quodlibet</span> <span class='ocrx_word' id='word_1_861' title='bbox 2888 5437 3117 5507; x_wconf 82' lang='lat' dir='ltr'>faciant,</span> <span class='ocrx_word' id='word_1_862' title='bbox 3150 5452 3255 5491; x_wconf 86' lang='lat' dir='ltr'>non</span> <span class='ocrx_word' id='word_1_863' title='bbox 3315 5438 3395 5491; x_wconf 85' lang='lat' dir='ltr'>eis</span> <span class='ocrx_word' id='word_1_864' title='bbox 3431 5434 3650 5491; x_wconf 84' lang='lat' dir='ltr'>nocebo.</span> 
     </span>
    </p>
   </div>
   <div class='ocr_carea' id='block_1_118' title="bbox 2011 5523 3658 5596">
    <p class='ocr_par' dir='ltr' id='par_1_118' title="bbox 2011 5523 3658 5596">
     <span class='ocr_line' id='line_1_118' title="bbox 2011 5523 3658 5596; baseline -0.001 -17"><span class='ocrx_word' id='word_1_865' title='bbox 2011 5526 2172 5579; x_wconf 83' lang='lat' dir='ltr'>Tunc</span> <span class='ocrx_word' id='word_1_866' title='bbox 2208 5524 2389 5578; x_wconf 84' lang='lat' dir='ltr'>Deum</span> <span class='ocrx_word' id='word_1_867' title='bbox 2422 5523 2543 5596; x_wconf 86' lang='lat' dir='ltr'>ipse</span> <span class='ocrx_word' id='word_1_868' title='bbox 2590 5541 2685 5579; x_wconf 79' lang='lat' dir='ltr'>rex</span> <span class='ocrx_word' id='word_1_869' title='bbox 2735 5524 3134 5591; x_wconf 88' lang='lat' dir='ltr'>benedicebat,</span> <span class='ocrx_word' id='word_1_870' title='bbox 3168 5524 3267 5596; x_wconf 92' lang='lat' dir='ltr'>qui</span> <span class='ocrx_word' id='word_1_871' title='bbox 3300 5523 3658 5579; x_wconf 82' lang='lat' dir='ltr'>sufficienter</span> 
     </span>
    </p>
   </div>
   <div class='ocr_carea' id='block_1_119' title="bbox 2013 5613 3656 5686">
    <p class='ocr_par' dir='ltr' id='par_1_119' title="bbox 2013 5613 3656 5686">
     <span class='ocr_line' id='line_1_119' title="bbox 2013 5613 3656 5686; baseline -0.001 -17"><span class='ocrx_word' id='word_1_872' title='bbox 2013 5615 2272 5686; x_wconf 83' lang='lat' dir='ltr'>providet</span> <span class='ocrx_word' id='word_1_873' title='bbox 2303 5613 2628 5670; x_wconf 87' lang='lat' dir='ltr'>necessaria</span> <span class='ocrx_word' id='word_1_874' title='bbox 2659 5614 3003 5672; x_wconf 88' lang='lat' dir='ltr'>timentibus</span> <span class='ocrx_word' id='word_1_875' title='bbox 3035 5630 3113 5670; x_wconf 89' lang='lat' dir='ltr'>se.</span> <span class='ocrx_word' id='word_1_876' title='bbox 3147 5613 3423 5670; x_wconf 89' lang='lat' dir='ltr'>Videntes</span> <span class='ocrx_word' id='word_1_877' title='bbox 3461 5617 3656 5669; x_wconf 89' lang='lat' dir='ltr'>autem</span> 
     </span>
    </p>
   </div>
  </div>
