3996 6096
369 255 491 317 631
897 256 1001 317 AD
1047 252 1562 318 GODEFBIDUM
1603 251 1940 315 APPEND.
1968 250 2150 314 ll.--
2180 250 2488 317 MONUM.
2535 254 2639 317 DE
2680 254 2931 317 BELLO
2976 255 3251 318 SACRO.
3652 254 3781 317 m

373 391 497 449 tam
525 385 783 446 subitam
813 405 881 446 ac
908 387 1087 447 talem
1118 387 1539 462 plenitudinem
1572 385 1757 443 nostri
1778 384 2017 453 milites,
2038 384 2104 454 Α
2133 402 2239 442 nes
2286 386 2511 460 pedites
2558 387 2768 445 habuit
2811 406 2914 463 pro
2969 388 3232 463 triginta,
3268 388 3674 463 septuaginta,
3712 394 3788 447 et

377 482 434 533 et
464 477 635 535 multi
668 478 740 534 de
766 477 935 550 plebe
956 476 1061 534 viri
1087 475 1612 549 fortes,assumptis
1633 474 1908 533 omnibus
1930 492 2024 548 pe-
2132 474 2361 548 equites
2390 475 2709 549 sexaginta,
2739 481 2799 534 et
2837 476 3113 550 amplius.
3159 476 3514 535 Consultem
3569 482 3662 535 est
3714 492 3788 534 eo

372 566 563 624 cuniis
585 565 710 624 suis
729 564 1048 623 Cmsaream
1079 570 1138 622 et
1166 564 1460 622 Camelam
1480 565 1740 632 adibant,
1755 568 1821 620 ut
1840 581 2024 636 equos
2130 568 2393 637 tempore
2422 566 2494 621 de
2532 564 2738 622 itinere
2781 571 3005 631 nostro,
3040 572 3104 625 ut
3150 566 3585 623 dimitteremus
3629 566 3789 623 vium

375 654 551 712 furios
582 653 662 711 ibi
694 660 1115 722 mercarentur,
1147 655 1413 711 didentes
1445 671 1458 709 :
1494 655 1766 723 Quoniam
1792 655 1932 709 Deus
1959 652 2025 709 de
2133 669 2261 725 quae
2282 653 2534 710 ducebat
2555 653 2931 723 Damascum,
2951 660 3008 711 et
3029 655 3452 712 diverteremus
3472 656 3546 712 ad
3564 655 3795 712 mariti-

372 746 519 801 victu
546 752 728 802 nostro
758 762 949 801 curam
978 748 1119 819 agit,
1133 762 1230 801 nos
1257 745 1322 800 de
1346 746 1685 818 pauperibus
1704 752 1755 800 et
1775 742 1839 800 de
1866 744 2024 799 mili-
2134 756 2313 809 mam,
2336 741 2640 815 quoniam,
2664 743 2713 799 si
2744 748 2958 800 nostris
2992 758 3168 801 naves
3198 761 3346 817 quas
3369 743 3429 800 in
3458 748 3630 817 portu
3664 747 3796 801 An-

372 835 453 890 tia
480 835 596 906 ejus
625 851 893 890 curemus.
918 833 1128 907 Sicque
1158 834 1376 889 factum
1406 837 1517 898 est,
1553 836 1616 888 ut
1644 849 1832 905 usque
1864 830 2024 888 mille
2124 829 2359 887 'tiochiaa
2391 831 2819 904 reliqueramus
2850 834 2923 889 ad
2978 848 3088 890 nos
3124 832 3413 902 venirent,
3440 832 3803 891 haberemus

368 922 628 997 optimos
705 920 1025 980 dextrarios
1095 922 1467 979 haberemus.
1531 920 2027 979 Convaleseebant
2124 919 2485 976 commercia
2513 938 2650 978 cum
2678 921 2775 978 his
2805 922 2877 979 de
2907 921 3105 979 ineula
3128 923 3402 995 Cypri,-et
3428 922 3795 996 reliquarum

374 1011 635 1085 quotidie
655 1028 971 1086 pauperes;
995 1012 1479 1068 confortabantur
1499 1010 1762 1083 quotidie
1783 1009 2023 1078 milites,
2134 1007 2486 1065 insularum.
2521 1008 2786 1084 Cumque
2815 1016 2882 1068 ut
2909 1012 3245 1069 consultum
3287 1016 3398 1080 est,
3432 1011 3543 1068 iter
3589 1028 3793 1085 agen-

375 1103 433 1156 et
462 1099 543 1157 sic
578 1100 837 1175 quotidie
862 1099 1154 1157 exercitus
1179 1099 1700 1173 multiplicabalur.
1720 1101 1790 1155 Et.
1806 1104 2024 1172 quanto

374 1187 621 1246 ulterius
650 1190 1191 1263 progrediebamur,
1215 1193 1377 1246 tanto
1409 1187 1695 1261 ampliora
1725 1187 1895 1244 nobis
1926 1189 2024 1244 be-

374 1279 583 1334 neficia
608 1278 950 1352 providebat
984 1280 1152 1334 Deus.
1178 1280 1248 1334 Et
1279 1277 1413 1334 licet
1439 1278 1639 1333 omnia
1668 1276 2027 1333 sufﬁcienter

375 1366 546 1424 nobis
579 1366 967 1441 provenirent,
1002 1374 1197 1424 tamen
1231 1367 1473 1439 quidam
1507 1367 1781 1422 comitem
1812 1367 1886 1422 ad
1916 1365 2025 1423 hoc

373 1455 819 1532 inclinaverunt,
852 1462 917 1513 ut
946 1458 1115 1531 quasi
1147 1474 1324 1513 causa
1350 1455 1572 1523 Zibelli,
1606 1473 1732 1529 quae
1767 1460 1857 1512 est
1882 1455 2025 1512 civi-

370 1551 464 1603 tas
494 1547 551 1604 in
587 1547 923 1616 maritimis,
948 1546 1177 1603 deviare
1208 1545 1507 1619 paulisper
1533 1544 1721 1603 vellet.
1740 1545 1851 1602 Sed
1879 1546 2028 1602 Tan-

370 1636 582 1695 credus
604 1636 816 1711 aliique
847 1635 1014 1692 multi
1036 1635 1141 1691 viri
1175 1635 1352 1692 fortes
1379 1640 1438 1690 et
1468 1634 1625 1702 boni,
1660 1651 1732 1691 ne
1764 1633 1875 1690 hoc
1906 1634 2024 1691 ullo

2132 1096 2708 1171 mus,relinquebant
2729 1101 3273 1158 oivitatesetcustra
3290 1104 3359 1159 et
3385 1100 3791 1173 villasqi‘lcnas

2133 1186 2409 1243 omnibus
2435 1188 2631 1257 bonis,
2652 1188 3007 1247 habitatores
3033 1194 3221 1247 bene.

2667 1279 2900 1336 CAPUT
2937 1279 3114 1336 XXIV
3140 1281 3248 1339 bis.

2207 1365 2410 1439 Itaque
2432 1365 2569 1422 circi
2577 1368 2730 1424 natis
2750 1369 2982 1442 magnis
2998 1369 3320 1440 montanis,
3336 1384 3478 1426 cum
3492 1369 3555 1426 in
3576 1368 3789 1427 vallem

2135 1455 2455 1526 quamdam
2488 1455 3004 1529 opulentissimam
3025 1458 3413 1527 venissemus,
3435 1459 3641 1517 rustici
3662 1459 3797 1534 qui-

2132 1543 2270 1599 dam
2292 1543 2676 1603 militudine
2689 1552 2867 1604 suaet
2885 1548 3059 1605 castri
3078 1549 3170 1606 sui
3184 1548 3509 1606 munitione
3528 1549 3793 1623 superbi,

2135 1649 2325 1705 neque
2350 1634 2426 1690 ad
2460 1650 2567 1691 nos
2594 1635 2829 1693 mittere
2860 1653 2965 1709 pro
3019 1648 3181 1710 pace,
3229 1654 3422 1711 neque
3460 1637 3797 1712 relinquens

374 1727 547 1813 modo
578 1726 741 1784 ﬁeret
770 1727 1105 1793 effecerunt,
1139 1724 1399 1781 dicentes
1433 1741 1446 1780 :
1480 1725 1620 1781 Deus
1647 1725 1891 1780 viszawit
1906 1724 2026 1796 ple-
2055 1758 2104 1824 Β
2135 1727 2395 1821 castrum
2423 1740 2600 1780 suum
2629 1724 3030 1792 volebant,sed
3054 1726 3299 1800 insuper
3316 1726 3627 1802 armigeris
3652 1743 3799 1786 uou-

374 1810 501 1872 ὒεηί
512 1832 840 1890 pauperum,
872 1823 924 1873 et
951 1831 1046 1873 nos
1074 1815 1352 1871 declinare
1380 1815 1449 1870 ab
1489 1814 1685 1870 itinere
1731 1813 1982 1869 debemus
2005 1815 2030 1867 Ρ
2056 1810 2103 1824 ⁵³
2136 1810 2246 1867 tris
2278 1816 2335 1867 et
2367 1811 2686 1885 peditibus,
2721 1815 2821 1887 qui
2852 1814 3109 1873 inermes
3138 1821 3327 1885 erant,
3358 1820 3419 1874 et
3465 1834 3571 1891 per
3615 1817 3794 1876 villus

370 1904 664 1978 Sufﬁciunt
708 1905 864 1962 nobis
908 1905 1186 1978 praeteriti
1230 1903 1440 1960 labores
1485 1902 1632 1975 apud
1658 1903 2025 1971 Antiochiam,

373 1995 506 2051 belli
531 2002 583 2051 et
606 1996 854 2068 frigoris,
885 2002 937 2050 et
968 1993 1191 2060 inediae,
1221 1991 1453 2065 denique
1489 2000 1539 2049 et
1568 1993 1733 2049 totius
1757 1993 2021 2049 miseriae.

369 2083 630 2157 Nunquid
658 2100 768 2140 non
785 2083 894 2139 soli
910 2081 1178 2139 mundum
1191 2081 1627 2154 expugnabimus
1643 2084 1665 2136 P
1681 2088 1732 2137 et
1750 2080 2023 2137 habitato-

369 2189 457 2231 res
484 2172 682 2229 mundi
709 2189 892 2230 omnes
924 2172 1347 2244 interﬁcicmus?
1364 2171 1494 2227 Ecce
1521 2170 1586 2227 de
1629 2178 1847 2226 centum
1886 2171 2021 2226 mil-

373 2263 517 2319 libus
545 2263 814 2335 equitum,
842 2263 939 2317 via:
965 2261 1168 2318 milites
1218 2260 1374 2315 mille
1422 2259 1704 2326 habemus,
1728 2266 1780 2316 et
1824 2259 1889 2315 de
1916 2259 2021 2314 du-

369 2352 540 2408 centis
567 2350 817 2408 millibus
841 2350 1087 2423 peditum
1112 2357 1452 2405 armatorum
1496 2355 1547 2404 et
1574 2348 1832 2421 amplius,
1862 2348 2020 2405 modo

370 2458 481 2497 non
508 2448 639 2497 sunt
667 2442 723 2497 in
754 2441 997 2497 exercitu
1024 2447 1207 2496 nostro
1235 2439 1476 2511 quinque
1502 2438 1688 2492 millia
1714 2438 1936 2505 armati,
1969 2445 2021 2493 et

368 2532 799 2604 exspectabimus
846 2528 1013 2586 donec
1059 2545 1242 2585 omnes
1287 2529 1711 2584 consumamur?
1755 2527 2021 2599 Nunquid

266 2614 269 2621 “
369 2621 488 2681 ideo
526 2622 747 2678 venient
776 2620 884 2677 alii
908 2619 973 2675 de
1002 2626 1149 2675 terra
1172 2624 1378 2685 nostra,
1398 2617 1530 2689 quia
1560 2616 1787 2672 audient
1805 2623 2022 2689 captam

367 2726 481 2769 esse
508 2709 853 2769 Antiochiam
880 2716 932 2764 et
961 2707 1249 2772 libellum,
1282 2713 1444 2777 atque
1492 2705 1736 2777 reliquas
1775 2705 2020 2761 civitates

366 2796 820 2860 Sarracenorum,
851 2795 1102 2853 nostras?
1129 2794 1233 2851 Sed
1276 2809 1465 2849 eamus
1496 2794 1555 2850 in
1584 2793 1888 2849 Jerusalem
1917 2810 2019 2866 pro

366 2906 471 2963 qua
522 2889 793 2954 venimus,
822 2894 874 2943 et
932 2900 1122 2942 revera
1178 2884 1316 2940 Deus
1367 2898 1488 2939 eam
1541 2882 1698 2938 nobis
1753 2881 1921 2938 dabit.
1956 2883 2023 2939 Et

366 2984 514 3046 tunc,
544 2976 657 3033 solo
685 2977 880 3032 timore
908 2989 1096 3030 eorum
1125 2973 1224 3045 qui
1251 2973 1467 3027 venient
1495 2969 1560 3027 de
1587 2977 1734 3026 terra
1765 2978 1955 3027 nostra
1968 2978 2021 3028 et

364 3064 430 3124 de
457 3066 588 3123 aliis
633 3066 817 3132 terris,
866 3064 1001 3121 aliae
1049 3062 1318 3128 civitates,
1346 3061 1553 3117 scilicet
1594 3059 1769 3117 Zimel
1809 3068 1862 3117 et
1901 3062 2018 3116 Tri-

359 3156 526 3232 polis,
557 3162 606 3211 et
631 3152 757 3221 Sur,
789 3166 842 3210 et
871 3157 1146 3218 Accaron,
1176 3164 1302 3223 quae
1330 3155 1459 3205 sunt
1488 3150 1545 3204 in
1588 3150 1785 3205 itinere
1812 3157 2014 3218 nostro,

367 3246 437 3302 ab
468 3245 664 3303 incolis
694 3245 1090 3316 relinquentur.
1117 3240 1210 3297 Sic
1232 3240 1428 3312 itaque
1456 3254 1590 3294 cum
1608 3238 1871 3295 anterius
1890 3256 2018 3312 pro-

368 3332 1021 3409 grederemur,quidam
1053 3329 1224 3386 Turci
1256 3327 1549 3385 etArabes
1577 3326 1894 3384 exercitum
1926 3345 2015 3385 se-

369 3424 727 3496 quebantur;
751 3426 808 3477 et
837 3435 1121 3494 pauperes
1142 3417 1239 3491 qui
1261 3434 1364 3490 pro
1385 3414 1685 3472 debilitate
1709 3433 1817 3472 sua
1847 3416 2018 3491 longe

367 3516 500 3586 post
527 3510 841 3569 exercitum
873 3504 1713 3574 remanebant,interﬁciebant
1731 3510 1788 3560 et
1808 3504 2017 3579 spolia-

366 3601 528 3661 bant.
551 3601 813 3673 Cumque
843 3598 952 3654 hoc
982 3595 1161 3653 semel
1190 3600 1247 3652 et
1277 3594 1535 3652 secundo
1581 3593 1875 3663 fecissent,
1901 3594 2017 3653 alia

366 3691 459 3748 die
490 3688 776 3747 remansit
803 3704 998 3744 comes
1024 3686 1083 3741 in
1101 3682 1558 3752 occultis,donec
1580 3682 1774 3739 omnis
1802 3684 2016 3740 exerci-

363 3783 460 3837 tus
491 3776 890 3853 pertransiret.
925 3776 1133 3832 Hostes
1161 3789 1315 3840 vero,
1345 3770 1695 3846 impunitate
1743 3770 1919 3829 caedis
1956 3778 2014 3831 et

362 3885 466 3943 spe
496 3866 733 3940 rapitur,
766 3865 1081 3921 exercitum
1115 3865 1381 3919 nostrum
1423 3877 1584 3916 more
1623 3858 1795 3916 solito
1849 3860 2010 3918 inse-

360 3957 718 4031 quebantur;
751 3954 853 4010 sed
912 3969 1046 4009 cum
1097 3952 1224 4024 jam
1286 3948 1534 4006 insidias
1588 3947 2008 4022 praeterissent,

358 4045 579 4121 egressi
626 4042 809 4101 nostri
867 4043 938 4099 dc
993 4038 1239 4098 occultis
1294 4055 1430 4097 cum
1486 4038 1724 4107 comite,
1773 4036 2013 4112 agmina

357 4135 617 4197 hostium
650 4133 955 4201 invadunt,
969 4129 1326 4188 conturbant
1353 4132 1412 4185 et
1432 4126 2010 4201 confunduntmtque

355 4224 518 4300 ipsos
574 4221 952 4288 interﬁciunt,
984 4223 1042 4277 et
1066 4236 1248 4294 equos
1304 4233 1507 4275 eorum
1562 4214 1839 4291 optimos,
1872 4232 2007 4273 cum

242 4334 248 4338 '
355 4313 561 4395 grandi
592 4310 979 4370 exsultatione
1026 4309 1097 4367 ad
1150 4307 1467 4365 exercitum
1517 4306 1903 4395 deduxerunt.
1936 4305 2009 4363 Et

354 4394 488 4479 post
534 4401 675 4469 haec,
706 4398 854 4458 nulli
904 4399 1102 4456 hostes
1149 4396 1469 4454 exercitum
1517 4394 2007 4467 assequebantur,

2136 1899 2547 1957 discurrebant
2568 1920 2675 1975 pro
2693 1903 3449 1971 victustibhsﬁncurrerunt
3468 1907 3797 1981 etquibue-

2078 2017 2096 2037 ο
2134 1988 2270 2044 dam
2300 1989 2642 2059 interfectis,
2672 1992 2862 2066 spolia
2893 1994 3048 2050 inter
3072 1993 3380 2052 castellum
3408 2012 3586 2052 suum
3614 1995 3797 2053 misc-

2133 2083 2290 2134 runt.
2307 2078 2599 2153 indignati
2622 2081 2817 2155 itaque
2833 2083 3117 2151 nostri,“
3132 2083 3439 2141 castdtum
3463 2092 3792 2159 aequem

2128 2165 2388 2223 veniunt.
2400 2168 2622 2225 Rustici
2637 2174 2835 2226 autem
2852 2171 3082 2228 obviam
3096 2171 3268 2230 nobis
3282 2184 3471 2247 usque
3489 2175 3563 2231 ad
3576 2175 3787 2248 pedem

2132 2254 2445 2323 montis,in
2472 2273 2590 2329 quo
2610 2258 2923 2316 castellum
2943 2265 3089 2333 erat,
3112 2260 3307 2319 venire
3333 2276 3453 2320 non
3480 2262 3787 2321 dubitave-

2130 2347 2291 2400 runt.
2306 2345 2470 2401 Tunc
2492 2347 2707 2403 nostris
2723 2354 2961 2422 accepto
2989 2349 3494 2419 consiliemrdines
3514 2352 3781 2425 peditum

2127 2436 2185 2488 et
2210 2432 2469 2490 militum
2497 2436 2964 2507 constituerunt;
2988 2439 3162 2497 et
3190 2457 3230 2497 ο,
3266 2441 3460 2498 tribus
3486 2441 3778 2515 partibus,

2128 2538 2234 2594 per
2262 2521 2634 2581 altitudinem
2666 2527 2886 2583 montis
2914 2529 3316 2597 ascendentes,
3338 2530 3577 2603 agmina
3604 2532 3784 2588 rusti-

2128 2626 2331 2668 corum
2363 2612 2563 2686 fugere
2588 2614 3217 2687 compulerunt.Erant
3234 2619 3394 2675 enim
3423 2619 3659 2677 circiter
3672 2621 3783 2677 tri-

2124 2698 2290 2772 ginta
2312 2700 2496 2759 millia
2526 2703 2917 2773 Sarraceni,et
2935 2704 3239 2763 castellum
3270 2707 3534 2781 ipsorum
3562 2711 3783 2780 emis

2128 2788 2413 2847 descensu
2444 2792 2755 2865 cujusdam
2799 2794 3038 2851 maximi
3089 2797 3307 2853 montis
3334 2814 3354 2865 ;
3387 2801 3445 2853 et
3472 2803 3785 2873 propterea

2128 2888 2263 2934 cum
2294 2879 2567 2937 volebant
2609 2882 2976 2957 refugiebant
3004 2884 3079 2941 ad
3126 2885 3455 2954 castellum,
3484 2892 3545 2943 et
3584 2887 3685 2944 alii
3716 2889 3780 2946 im

2127 2968 2414 3040 superiori
2439 2971 2655 3028 montis
2672 2977 2920 3044 parte,et
2941 2973 3025 3030 sic
3046 2973 3481 3047 aliquantulum
3500 2977 3675 3034 nobis
3690 2993 3785 3036 ms

2129 3057 2432 3114 sistebant.
2447 3061 2707 3117 Tandem
2719 3060 3175 3120 exclamavimus
3194 3063 3430 3138 signum
3453 3064 3691 3123 solitum
3718 3067 3781 3124 in

2130 3147 2578 3205 necessitatibus
2602 3150 2850 3207 nostris:
2875 3151 3052 3220 Duos,
3066 3153 3313 3210 amovet
3337 3153 3776 3226 Deus,sn.mvat

2127 3240 2184 3291 et
2214 3236 2436 3294 inimici
2466 3239 2650 3295 nostri
2684 3238 2765 3295 ita
2792 3240 3011 3299 turbati
3044 3245 3204 3314 sunt,
3227 3246 3293 3299 ut
3323 3256 3509 3317 usque
3532 3245 3609 3301 ad
3642 3258 3780 3302 cem»

2127 3328 2274 3393 tum,
2307 3326 2431 3383 solo
2462 3324 2671 3385 timore
2701 3332 2759 3385 et
2787 3328 3008 3403 impetu
3036 3330 3329 3389 sociorum
3360 3342 3626 3402 suorum,
3646 3334 3780 3393 sim

2123 3413 2486 3484 vulneribus,
2511 3416 2569 3471 in
2592 3416 2860 3490 ingressu
2892 3418 3361 3487 castelli,mortui
3382 3430 3776 3481 remanerent.

2124 3504 2261 3559 Erat
2293 3509 2489 3563 autem
2549 3506 2804 3563 maxime
2833 3509 3029 3581 praeda
3076 3509 3254 3566 boum
3301 3515 3360 3567 et
3401 3528 3691 3584 equorum
3722 3518 3783 3571 et

2122 3592 2319 3648 ovium
2349 3598 2513 3650 extra
2541 3594 2873 3664 castellum,
2896 3595 2996 3653 ubi
3026 3597 3280 3671 populus
3300 3604 3498 3657 noster
3523 3612 3777 3675 oecupa-

2120 3680 2313 3737 batur.
2346 3681 2617 3756 Dumque
2644 3701 2842 3743 comes
2886 3702 3024 3742 cum
3077 3688 3435 3760 quibusdam
3486 3689 3779 3749 militibus

2121 3769 2274 3827 bello
2320 3771 2666 3839 intenderet,
2702 3791 2989 3847 pauperes
3038 3776 3224 3833 nostri
3269 3783 3507 3851 accepta
3554 3781 3776 3852 prode,

2120 3873 2276 3915 unus
2326 3863 2458 3931 post
2502 3859 2684 3918 alium
2733 3862 2922 3919 redire
2948 3870 3273 3937 empewnt,
3298 3865 3510 3923 deinde
3546 3869 3777 3940 pedites

2117 3945 2271 4003 viam
2306 3949 2602 4018 tenebant,
2633 3954 2839 4023 postea
2865 3951 3085 4010 milites
3114 3952 3323 4027 plebei.
3350 3956 3534 4013 Erant
3571 3963 3773 4016 autem

2116 4036 2368 4093 tentoria
2399 4042 2597 4095 nostra
2624 4038 2795 4113 longe
2825 4056 2861 4097 a
2888 4042 3322 4117 oastello,quasi
3342 4044 3543 4103 decem
3564 4046 3778 4105 milliu-

2116 4125 2299 4183 ribus.
2336 4127 2563 4184 interea
2586 4145 2803 4200 comes,
2831 4130 3050 4189 milites
3077 4136 3137 4191 et
3163 4133 3447 4206 populum
3476 4134 3773 4209 hospitari

2107 4214 2375 4286 .iubcbat.
2392 4215 2672 4275 Videntes
2690 4223 2892 4276 autem
2908 4220 3241 4292 Saraceni,
3261 4222 3362 4296 qui
3392 4224 3466 4280 ad
3507 4225 3775 4297 superio-

2115 4319 2241 4360 rem
2271 4309 2529 4362 montem
2559 4308 3035 4385 ascenderant,et’
3049 4309 3089 4365 ii
3120 4311 3223 4383 qui
3250 4317 3419 4369 erant
3435 4312 3496 4368 in
3529 4314 3773 4372 castello

2114 4393 2271 4465 quod
2304 4392 2561 4450 maxime
2586 4412 2724 4467 pars
2759 4401 3095 4456 nostrorum
3116 4400 3773 4473 discesserat,ventilan

354 4490 633 4566 quoniam
664 4506 859 4547 comes
889 4506 1023 4546 cum
1055 4492 1283 4544 armata
1312 4483 1696 4541 multitudine
1727 4480 2006 4539 millitum
2043 4489 2087 4556 ο
2117 4481 2189 4539 ad
2240 4481 2488 4540 invicem
2535 4492 2857 4559 coeperunt,
2888 4491 2955 4543 ut
2998 4490 3528 4563 conjungerentur;
3572 4504 3774 4551 comes

352 4585 486 4658 post
513 4596 718 4639 omnes
740 4579 961 4637 debiles
991 4578 1129 4635 ibat.
1158 4575 1270 4633 Alii
1295 4578 1490 4631 autem
1521 4571 1739 4630 milites
1790 4571 2003 4629 armati

352 4687 486 4729 cum
517 4669 731 4728 comite
760 4667 1198 4726 Northmanniaa
1228 4668 1287 4721 et
1315 4662 1700 4728 Tancredo,et
1727 4660 2000 4734 episcopo

348 4759 675 4818 Albariensi
700 4760 1027 4832 frequenter
1049 4754 1369 4812 exercitum
1392 4750 1892 4825 praecedebantme
1911 4748 2001 4806 vel

350 4865 385 4904 a
407 4853 570 4925 tergo
598 4846 686 4903 vel
714 4864 749 4902 a
778 4847 987 4913 fronte,
1016 4842 1336 4917 improvisi,
1356 4841 1554 4897 hostes
1583 4838 2003 4895 conturbarent

348 4930 477 4995 nos.
509 4930 739 4994 Etenim
771 4952 968 4991 comes
999 4933 1137 5008 quia
1167 4947 1384 5005 paucos
1416 4927 1636 4985 milites
1659 4943 1860 4984 secum
1894 4926 1998 4983 ha-

346 5026 521 5085 bebat
549 5042 685 5083 cum
719 5041 753 5079 a
782 5024 975 5079 Marra
1003 5020 1486 5095 proficisceretur,
1513 5016 1736 5091 rogavit
1765 5016 1996 5088 episco-

346 5132 511 5188 pum,
531 5118 598 5171 ut
627 5112 816 5187 posito
849 5112 1120 5186 prmsidio
1152 5108 1501 5182 Barraa,ipse
1530 5106 1751 5164 veniret
1769 5122 1996 5162 secum.

340 5203 509 5277 Quod
541 5202 852 5276 episcopus
881 5201 1147 5267 audiens,
1168 5198 1549 5257 Guillelmum
1582 5195 1733 5252 Petri
1760 5194 1994 5253 nomine

344 5290 417 5349 de
447 5289 745 5348 Cimiliaco
769 5290 1083 5364 quemdam
1135 5288 1385 5345 militem
1428 5300 1603 5343 suum
1634 5283 1714 5340 ibi
1744 5283 1990 5351 dimisit,

342 5397 479 5437 cum
512 5378 797 5437 militibus
829 5385 1050 5454 septem
1083 5385 1140 5435 et
1170 5377 1465 5452 peditibus
1510 5373 1770 5449 triginta,
1803 5372 1997 5430 virum

339 5465 575 5529 ﬁdelem
625 5487 690 5527 ac
734 5471 849 5527 Deo
895 5470 1197 5536 devotum;
1231 5465 1331 5539 qui
1378 5481 1470 5521 res
1519 5461 1775 5536 episcOpi
1807 5461 1988 5531 auxit,

338 5554 607 5627 adiutore
631 5557 769 5630 Deo,
793 5559 853 5616 in
885 5554 1393 5630 dccuplum,brevi
1424 5554 1776 5626 tempore,et
1797 5548 1987 5607 homi-

2111 4587 2245 4628 vero
2260 4573 2409 4629 dum
2435 4573 2557 4630 hinc
2588 4573 2853 4649 negligit,
2881 4590 3029 4650 pene
3056 4594 3121 4635 se
3146 4578 3492 4636 derelictum
3516 4598 3553 4638 α
3572 4581 3772 4638 militi-

2111 4660 2222 4718 bus
2251 4661 2378 4719 suis
2408 4662 2643 4735 reperit.
2676 4664 2813 4721 Erat
2835 4664 3002 4723 collis
3030 4664 3093 4723 in
3123 4684 3240 4740 quo
3271 4668 3580 4727 cesbellum
3620 4678 3769 4738 erat,

2111 4749 2365 4807 multum
2411 4752 2637 4809 arduus
2682 4757 2743 4809 et
2769 4752 3143 4828 lapideus,et
3168 4757 3361 4815 ardua
3398 4758 3632 4827 semita,
3660 4762 3773 4833 per

2108 4854 2286 4911 quam
2320 4857 2476 4896 unus
2504 4858 2693 4914 equus
2724 4848 2859 4916 post
2882 4843 3063 4901 alium
3094 4845 3191 4904 vix
3234 4847 3323 4904 ire
3364 4852 3613 4921 poterat.
3646 4849 3773 4906 Bac

2107 4925 2307 5000 itaque
2336 4927 2684 4988 difﬁcultate
2711 4932 3173 5005 comprehensus
3198 4952 3422 5006 comes,
3438 4936 3609 5010 quasi
3636 4954 3768 4994 ver-

2106 5031 2212 5073 sus
2260 5015 2415 5086 illos,
2456 5019 2559 5092 qui
2607 5021 2678 5076 de
2728 5021 3015 5094 superiori
3063 5028 3264 5082 monte
3314 5026 3765 5097 descenderat,

2104 5121 2343 5179 pergere
2391 5124 2528 5164 cum
2561 5110 2737 5167 sociis
2776 5111 2971 5185 coepit,
3008 5113 3177 5186 quasi
3225 5116 3627 5190 pugnatur-Im;
3654 5117 3766 5189 qui

2103 5194 2296 5267 primo
2330 5197 2643 5270 paululum
2672 5199 2743 5255 ad
2774 5201 3091 5258 adventum
3122 5203 3356 5261 comitis
3386 5222 3502 5262 non
3532 5204 3769 5277 dubitas

2102 5288 2330 5340 verunt.
2364 5290 2524 5343 Tunc
2556 5289 2742 5346 nostri
2770 5304 2939 5347 verso
2967 5290 3195 5360 itinere,
3221 5293 3281 5349 in
3328 5294 3539 5351 vellem
3589 5296 3766 5367 quasi

2104 5374 2296 5429 securi
2325 5376 2663 5433 tendebant.
2696 5378 2971 5437 Videntes
3002 5380 3307 5439 Sarraceni
3338 5399 3400 5440 se
3444 5383 3765 5442 frustratos

2102 5464 2162 5517 et
2190 5468 2421 5520 nostros
2451 5481 2654 5524 secure
2684 5468 3054 5539 descendere,
3086 5474 3145 5527 et
3189 5472 3251 5528 hi
3298 5473 3373 5530 de
3410 5469 3679 5542 castello,
3703 5478 3767 5530 ut

2102 5549 2162 5606 hi
2194 5551 2265 5609 de
2297 5553 2596 5612 montibus
2645 5555 2861 5630 pariter
2910 5558 3130 5619 nostris
3177 5560 3513 5619 incurrunt.
3558 5558 3765 5620 eam
