3996 6096
200 270 328 339 833
1218 270 1437 335 RAIM.
1481 269 1585 333 DE
1624 202 1905 332 :AGILES
1948 261 2149 327 HIST.
2194 259 2607 324 HIEltOSOL.
3486 253 3606 322 634

120 460 139 475 ,
200 408 411 483 itaque
440 406 625 465 nostri
651 405 853 474 alii,ab
876 406 1045 480 equis
1068 407 1193 463 suis
1218 402 1767 471 descenderunt,alii
1794 420 1855 459 se
1885 400 1941 468 Α
1969 399 2154 455 cando
2172 397 2475 453 veritatem
2495 411 2671 468 quam
2689 395 2748 450 in
2764 394 3010 452 texendo
3027 393 3607 470 mendacia,alicujus

206 497 538 573 me“,ng
567 512 671 572 per
688 498 938 570 abrupta
953 497 1324 563 πείθωμαι
1341 495 1425 552 sic
1442 512 1577 551 cum
1597 494 1851 550 maxime
1958 486 2224 543 muneris
2257 490 2489 558 captare
2522 484 3013 557 dispendia.0biit
3032 483 3415 542 charissimus
3438 500 3608 542 meus

202 585 466 662 ρει-ξοηιο
492 590 746 643 ωσι-ωε)
776 589 1088 642 evaserunt
1119 602 1133 641 ε
1167 586 1408 659 quidam
1440 602 1573 642 vero
1611 584 1855 641 viriliter
1960 577 2021 633 in
2056 575 2323 642 Domino,
2352 575 2590 631 Pontius
2619 575 2691 631 de
2724 574 3204 641 Baladuno,sicut
3225 575 3350 647 jam
3385 574 3609 631 dictum

205 676 544 752 pugnando,
577 674 795 731 mortui
826 679 983 732 sunt.
1017 676 1135 731 Hoc
1168 692 1351 730 unum
1384 680 1608 731 certum
1633 674 1854 731 scimus
1960 671 2073 733 est,
2106 666 2261 738 apud
2292 669 2551 720 castrum
2586 664 2897 720 Archados.
2933 664 3042 720 Sed
3090 664 3250 736 quia,
3283 666 3609 722 secundum

198 766 360 839 quod
390 777 696 838 nunquam
728 763 841 819 fuit
867 780 1065 820 comes
1089 762 1149 819 in
1192 764 1399 835 majori
1443 763 1698 837 periculo
1727 763 1855 818 vitae

196 873 345 912 sua.
378 855 581 928 Itaque
604 854 795 910 iratus
824 852 938 909 sibi
969 857 1028 910 et
1056 854 1202 922 suis,
1230 870 1496 910 reversus
1535 854 1609 910 ad
1640 852 1855 910 exerci-

200 949 335 1000 tum
352 941 665 1000 consilium
682 942 1100 1010 convocavit,et
1115 948 1471 1017 conquestus
1493 948 1582 999 est
1604 941 1857 998 multum

202 1033 281 1090 de
311 1029 624 1101 militibus,
657 1030 809 1104 quod
841 1030 969 1087 sine
998 1031 1237 1089 licentia
1270 1031 1600 1099 rediissent,
1624 1036 1681 1088 et
1706 1049 1768 1089 se
1796 1032 1858 1088 in

196 1120 473 1197 periculo
500 1121 710 1178 mortis
738 1120 1305 1194 reliquissent.Tunc
1326 1122 1720 1195 promiserunt
1743 1138 1862 1179 om-

212 1209 1001 1283 nessenuuquamacastelli
1018 1211 1451 1284 oppugnatione
1473 1211 1857 1279 discessuros,

200 1297 397 1356 donec
430 1298 827 1372 funditus,per
856 1294 953 1355 Dei
977 1299 1521 1373 gratiam,eversum
1548 1304 1722 1357 esset.
1749 1301 1860 1357 Sed

202 1389 371 1446 Deus
399 1388 498 1461 qui
531 1403 632 1445 eos
660 1388 1047 1456 conducebat,
1074 1405 1146 1445 ne
1177 1388 1232 1445 ir.
1265 1389 1630 1463 quibuslibet
1648 1390 1862 1447 vilibus

200 1477 663 1551 impedirentur,
696 1477 778 1533 ita
804 1478 1015 1533 terruit
1044 1476 1398 1535 castellanos
1426 1496 1528 1552 per
1546 1484 1776 1535 noctem
1798 1484 1865 1535 ut

200 1576 319 1623 nec
354 1566 693 1624 interfectos
733 1578 873 1623 suos
923 1567 1237 1639 sepulturae
1284 1569 1688 1636 tradidissent,
1721 1570 1864 1624 dum

200 1654 541 1730 procipites
570 1655 631 1711 in
666 1655 868 1729 fugam
900 1656 1252 1713 ferebantur.
1288 1658 1458 1714 Mane
1488 1663 1682 1714 autem
1716 1659 1865 1715 facto

202 1761 351 1803 cum
378 1743 746 1802 venissemus
774 1744 891 1813 ibi;
924 1745 1113 1818 spolia
1138 1751 1373 1802 tantum
1405 1752 1462 1803 et
1482 1752 1743 1804 castrum
1765 1765 1861 1803 va-

200 1850 395 1891 cuum
423 1835 499 1891 ab
550 1832 893 1891 hominibus
939 1834 1293 1892 invenimus.
1330 1837 1511 1892 Erant
1558 1841 1753 1894 autem
1802 1854 1868 1894 eo

207 1928 482 1997 tempore
525 1923 836 1981 nobiscum
883 1922 1059 1998 legati
1107 1925 1180 1981 ab
1228 1926 1552 1982 Ammirato
1583 1926 1869 1998 gCamelae,

208 2024 359 2087 rege
388 2010 723 2086 Babylonis,
743 2017 799 2069 et
828 2028 863 2069 a
894 2028 1028 2087 rege
1056 2013 1408 2086 Tripolis.Hi
1431 2032 1563 2070 cum
1586 2015 1874 2072 vidlssent

208 2101 532 2160 audaciam
563 2106 623 2158 et
651 2100 1066 2159 fortitudinem
1099 2107 1382 2173 nostram,
1413 2103 1709 2161 licentiam
1733 2123 1767 2161 a
1786 2121 1876 2162 co-

218 2191 370 2248 mite
399 2190 888 2265 deprecabantur,
922 2191 1184 2249 dicentes
1212 2206 1276 2249 se
1324 2210 1501 2266 quam
1550 2193 1875 2251 certissime

222 2296 585 2338 reversuros.
614 2276 860 2337 Dimissi
908 2282 1105 2355 itaque
1149 2281 1234 2338 illi
1275 2298 1408 2338 cum
1440 2284 1679 2350 nostris,
1717 2285 1875 2339 brevi

218 2373 492 2442 tempore
517 2384 653 2426 eum
678 2369 911 2443 magnis
957 2371 1305 2427 muneribus
1353 2377 1411 2427 et
1458 2372 1660 2427 multis
1709 2374 1876 2446 equis

214 2458 441 2516 aversi
472 2462 633 2515 sunt.
658 2460 969 2516 Terruerat
997 2461 1155 2516 enim
1182 2465 1361 2517 totam
1396 2462 1691 2533 regionem
1718 2462 1875 2518 illam

212 2548 454 2606 castelli
492 2549 871 2623 oppugnatio,
905 2550 1185 2623 quoniam
1234 2568 1538 2623 nunquam
1590 2557 1760 2608 antea
1805 2555 1877 2610 ab

212 2636 531 2711 aliquibus
560 2637 754 2711 potuit
781 2638 1122 2713 expugnari.
1148 2640 1455 2713 Propterea
1486 2639 1643 2697 illius
1675 2641 1876 2698 incola:

224 2726 646 2799 regionis,eum
666 2724 873 2784 multis
888 2727 1419 2800 supplicationibus
1431 2733 1488 2785 et
1509 2730 1875 2803 muneribus,

216 2815 300 2872 ad
328 2814 607 2872 comitem
640 2814 951 2872 mittebant
977 2820 1304 2889 precantes,
1327 2822 1394 2874 ut
1420 2819 1562 2874 dum
1598 2820 1800 2877 civitas
1821 2827 1880 2878 et

218 2903 471 2962 castella
497 2918 700 2962 eorum
720 2904 897 2978 recipi
917 2906 1396 2975 faceret,interim
1419 2908 1589 2982 signa
1607 2913 1664 2966 et
1684 2910 1879 2983 sigilla

216 3010 345 3052 ma
372 2993 459 3051 eis
490 2993 1020 3069 dirigeret.Etenim
1048 3008 1179 3053 mos
1208 3001 1332 3053 erat
1356 2997 1417 3053 in
1448 2998 1799 3071 exercitu,ut
1828 3000 1877 3056 si

216 3082 469 3157 signum
499 3082 753 3156 alicujus
782 3084 1008 3151 Franci,
1042 3085 1103 3140 in
1133 3084 1365 3141 civitate
1394 3091 1496 3142 aut
1524 3087 1764 3145 castello
1790 3104 1874 3145 re-

1961 753 2328 827 Apostolum,
2359 752 2606 808 charitas
2626 769 2914 824 nunquam
2942 753 3149 809 excidit
3178 753 3227 825 (Ι
3254 755 3383 810 Cor.
3403 757 3608 824 xm,8),

1964 845 2167 900 eadem
2217 843 2499 899 charitate
2547 842 2655 899 hoc
2705 859 2854 916 opus
2903 858 3072 918 agere
3117 842 3267 912 volo,
3302 843 3615 902 auxilietur

1968 934 2112 991 mihi
2146 934 2316 990 Deus.

2570 1023 2799 1081 CAPUT
2844 1025 3009 1081 XXV.

2039 1114 2305 1186 Cumque
2330 1112 2389 1169 in
2422 1113 2530 1169 hac
2561 1113 2862 1171 obsidione
2893 1114 3152 1189 aliquam
3190 1130 3417 1173 moram
3448 1118 3616 1177 fecis-

1970 1208 2481 1270 semus,venerunt
2508 1205 2579 1260 ad
2613 1220 2719 1260 nos
2750 1209 2960 1260 nostrae
2992 1220 3167 1262 naves
3196 1206 3270 1263 ab
3290 1208 3616 1273 Antiochia,

1966 1297 2028 1350 et
2058 1292 2348 1359 Laodicia,
2382 1298 2438 1349 et
2478 1292 2675 1348 multae
2722 1293 2846 1349 alia:
2895 1310 3072 1351 naves
3117 1292 3529 1354 Venetieorum
3561 1303 3621 1355 et

1971 1387 2465 1449 Grmcorum,cum
2498 1382 2810 1451 frumento,
2842 1384 2998 1449 vino,
3032 1388 3089 1440 et
3119 1384 3418 1453 hordeo,et
3447 1404 3620 1446 carne

1970 1472 2233 1545 porcina,
2267 1476 2325 1526 et
2350 1470 2481 1527 aliis
2511 1471 2962 1529 venalibus.Sed
2994 1474 3131 1546 quia
3161 1474 3270 1531 hoc
3301 1480 3559 1533 castrum
3588 1492 3624 1535 a

1970 1560 2122 1616 mari
2150 1561 2353 1617 aberat
2393 1577 2494 1633 per
2542 1561 2906 1633 milliarium,
2935 1580 3039 1619 nec
3070 1564 3127 1620 in
3156 1569 3326 1638 portu
3355 1570 3625 1640 poterant

1974 1666 2103 1707 esse
2128 1651 2766 1715 naves,revertebantur
2786 1657 2975 1708 nautae
2994 1654 3066 1709 ad
3086 1653 3366 1712 Laodicia
3388 1662 3623 1730 portum

1975 1744 2032 1796 et
2061 1740 2133 1795 ad
2165 1745 2402 1812 portum
2431 1742 2708 1797 Tortosae.
2744 1742 2901 1798 Hane
2933 1742 3089 1800 enim
3118 1745 3451 1817 Tortosam,
3484 1747 3624 1805 civi-

1980 1833 2158 1885 tatem
2188 1828 2354 1886 valde
2384 1830 2810 1901 firmissimam,
2845 1834 3033 1891 muris
3061 1838 3118 1890 et
3161 1836 3625 1895 antemuralibus

1978 1923 2422 1985 exstructam,et
2450 1919 2721 1976 refertam
2753 1922 3032 1980 omnibus
3062 1924 3628 2000 bonis,reliquerunt

1981 2007 2135 2064 cives
2166 2008 2295 2079 ejus
2325 2009 2652 2077 Sarraceni,
2685 2011 2809 2068 solo
2834 2011 3043 2070 timore
3086 2014 3271 2072 nostri
3314 2015 3624 2075 exercitus.

1981 2097 2209 2154 Etenim
2240 2103 2472 2155 tantum
2502 2101 2769 2157 effecerat
2798 2102 2952 2159 Deus
2984 2104 3251 2161 timorem
3276 2110 3542 2163 nostrum
3564 2106 3625 2163 in

1984 2187 2336 2244 Sarracenos
2366 2192 2421 2244 et
2450 2189 2667 2246 Arabes
2696 2188 2855 2247 illius
2888 2192 3162 2266 regionis,
3196 2199 3261 2250 ut
3293 2210 3399 2252 nos
3429 2196 3629 2254 omnia

1983 2277 2288 2333 crederent
2315 2294 2504 2350 posse,
2539 2283 2595 2334 et
2624 2296 2752 2352 qua:
2783 2286 3139 2353 poteramus,
3172 2284 3315 2341 velle
3354 2285 3628 2343 extermi~

1984 2367 2263 2423 nare.Sed
2298 2366 2405 2423 hoc
2436 2373 2572 2423 ante
2600 2369 2963 2427 obsidionem
2989 2374 3306 2432 Arehados.
3339 2374 3499 2434 Hanc
3524 2395 3627 2434 au-

1984 2460 2101 2511 tem
2134 2455 2524 2523 obsidionem,
2558 2458 2697 2530 quia
2722 2462 2973 2516 maxime
3003 2479 3106 2533 pro
3127 2463 3260 2519 aliis
3289 2468 3631 2539 contrajus-

1984 2540 2197 2610 titiam,
2230 2563 2406 2618 quam
2442 2565 2543 2619 pro
2576 2549 2692 2604 Deo
2724 2550 3055 2622 posuimus,
3078 2552 3264 2609 noluit
3293 2572 3630 2627 promovere

1982 2650 2111 2689 eam
2146 2635 2320 2702 Deus,
2354 2641 2449 2692 sed
2483 2636 2681 2693 omnia
2711 2639 2951 2695 adversa
2981 2640 3151 2697 nobis
3180 2642 3485 2702 tribuit.Et
3505 2652 3631 2705 erat

1986 2723 2366 2792 mirum,cum
2389 2725 2461 2781 ad
2484 2726 2599 2782 alia
2620 2725 2772 2783 bella
2790 2732 2848 2784 et
2868 2728 3127 2787 assultus
3149 2746 3353 2790 omnes
3375 2739 3628 2810 prompti

1980 2816 2044 2868 et
2074 2813 2259 2885 parati
2290 2819 2505 2881 essent,
2539 2817 2607 2871 ad
2642 2816 2750 2872 hoc
2780 2833 2989 2891 segnes
3019 2823 3077 2875 et
3106 2820 3344 2879 inutiles
3374 2824 3628 2883 invenies

1986 2901 2220 2959 bantur.
2255 2902 2312 2959 Si
2346 2904 2447 2976 qui
2479 2921 2612 2961 vero
2644 2906 2928 2973 ferventes
2959 2909 3167 2981 spiritu
3208 2927 3378 2984 agere
3407 2912 3628 2988 aliquid

1982 2990 2214 3059 vellent,
2239 2993 2326 3049 vel
2358 2993 2471 3065 ipsi
2502 2993 3072 3065 vulnerabantur,vel
3095 3000 3249 3072 quod
3271 2999 3632 3075 incmperant

1984 3079 2204 3136 frustra
2231 3082 2825 3157 eveniebat.Migravit
2844 3085 2939 3141 hic
2959 3086 3208 3160 gloriose
3226 3090 3538 3148 Anselmus
3558 3088 3629 3150 de

218 3152 537 3247 psi-iretur,
570 3190 605 3229 a
632 3152 795 3230 nullo
825 3178 1027 3247 postea
1072 3180 1528 3248 oppugnaretur.
1564 3179 1748 3244 Quare
1778 3196 1876 3234 rex
1904 3152 1948 3219 Ε
1988 3168 2371 3241 Ripamondi;
2406 3173 2619 3228 etenim
2652 3190 2784 3229 cum
2817 3177 3166 3234 surrexisset
3194 3196 3386 3249 mane,
3409 3183 3632 3240 vocavit

224 3262 489 3336 Tripolis
518 3261 688 3337 signa
715 3263 950 3320 comitis
977 3262 1038 3319 in
1069 3263 1324 3320 castellis
1356 3265 1481 3320 suis
1502 3265 1728 3338 posuit;
1754 3272 1879 3323 erat

216 3367 295 3408 eo
323 3356 592 3425 tempore
620 3354 852 3408 tantum
894 3366 1107 3409 nomen
1159 3353 1390 3410 comitis
1422 3359 1488 3411 ut
1519 3355 1739 3413 nullius
1769 3374 1877 3413 un-

218 3454 409 3514 quam
424 3440 651 3498 nomini
670 3441 931 3515 priorum
946 3441 1138 3515 impar
1152 3458 1278 3499 esse
1294 3443 1880 3520 videretur.Cumque

216 3528 453 3602 milites
482 3529 667 3587 nostri
696 3530 796 3604 qui
828 3529 1061 3604 allegati
1093 3531 1377 3605 Tripolim
1409 3533 1658 3602 fuerant,
1693 3537 1881 3609 regias

218 3634 391 3692 opes,
424 3622 485 3675 et
511 3618 809 3677 ditissima
850 3632 1050 3695 regna,
1083 3625 1142 3677 et
1192 3620 1537 3694 populosam
1588 3623 1879 3681 civitatem

218 3707 538 3776 vidissent,
574 3708 773 3764 comiti
805 3715 1225 3782 persuaserunt
1256 3715 1321 3766 ut
1349 3710 1653 3768 castellum
1686 3715 1880 3770 muni-

218 3795 534 3854 tissimum
566 3792 858 3854 Amhados
889 3802 945 3855 et
964 3797 1416 3872 inexpugnabile
1434 3799 1658 3857 viribus
1679 3802 1883 3859 huma-

218 3885 344 3955 nis,
377 3882 691 3954 obsideret,
714 3884 1025 3944 habiturus
1043 3892 1177 3960 post
1199 3892 1475 3960 quartum
1498 3888 1583 3946 vel
1607 3890 1881 3963 quintum

214 3974 386 4032 iisin
418 3984 455 4031 a
484 3984 619 4049 rage
647 3973 922 4049 Tripolis,
938 3979 1230 4049 quantum
1263 3977 1389 4033 auri
1412 3982 1467 4033 et
1489 3978 1714 4053 argenti
1736 3980 1881 4037 desi-

218 4062 482 4120 dent-6t.
516 4064 719 4137 Itaque
764 4064 1116 4122 'obsedimus
1172 4076 1278 4139 pro
1327 4065 1630 4124 voluntate
1678 4086 1881 4126 eorum

217 4150 667 4220 castellumwbi
696 4156 897 4211 tantos
924 4153 1156 4211 labores
1182 4158 1326 4211 sunt
1356 4156 1515 4228 passi
1562 4154 1748 4214 nostri
1772 4158 1881 4213 viri

222 4239 409 4299 fortes
439 4245 505 4297 ut
524 4258 817 4315 nusquam
840 4242 1408 4316 amplius.Pr:-.eterea
1430 4249 1625 4303 tantos
1644 4256 1711 4302 ac
1735 4246 1881 4304 tales

223 4328 451 4386 milites
470 4329 551 4386 ibi
568 4330 1114 4406 perdidimus,quod
1133 4331 1316 4389 relatu
1335 4332 1749 4406 gravissimum
1770 4340 1878 4392 est.

222 4417 578 4491 Interfectus
617 4424 707 4476 est
752 4419 835 4476 ibi
883 4420 1161 4477 dominus
1192 4421 1430 4478 Pontius
1461 4421 1531 4477 de
1561 4423 1880 4494 Baladuno,

1984 3258 2057 3313 ad
2090 3276 2151 3314 se
2181 3262 2535 3329 sacerdotes,
2568 3267 2624 3318 et
2653 3263 2725 3320 de
2749 3263 3123 3338 negligentiis
3153 3267 3280 3325 suis
3300 3273 3355 3326 et
3376 3273 3630 3344 peccatis

1987 3348 2314 3413 confessus.
2346 3350 2810 3409 misericordiam
2841 3370 2876 3409 a
2906 3354 3022 3411 Deo
3051 3359 3109 3411 et
3137 3357 3210 3412 ab
3241 3357 3387 3431 ipsis
3425 3361 3631 3435 depre~

1984 3437 2253 3504 cabatur,
2285 3439 2639 3496 denuntians
2668 3441 2753 3497 eis
2778 3440 3087 3498 imminere
3115 3444 3242 3500 vitae
3281 3464 3398 3503 suae
3430 3449 3631 3509 finem.

1987 3526 2251 3599 Cumque
2281 3527 2715 3585 admirarentur
2743 3531 2814 3586 de
2844 3531 2974 3598 hoc,
3002 3532 3141 3605 quia
3161 3551 3372 3591 sanum
3394 3540 3453 3592 et
3472 3537 3632 3595 ineo-

1987 3615 2187 3672 lumen
2237 3634 2371 3673 eum
2400 3618 2695 3687 videbant,
2725 3619 2872 3677 dixit
2901 3621 2985 3677 eis
3019 3639 3033 3678 :
3066 3623 3243 3681 Nolite
3285 3627 3509 3695 mirari,
3540 3629 3633 3685 sed

1988 3706 2172 3762 audite
2193 3723 2278 3763 me
2303 3710 2505 3779 potius.
2539 3709 2651 3764 Hoc
2676 3717 2829 3766 nocte
2868 3711 2987 3767 vidi
3032 3712 3318 3770 dominum
3361 3716 3631 3786 Egelrtm-

1987 3812 2123 3850 num
2145 3795 2180 3850 d
2208 3820 2213 3825 ·
2242 3796 2435 3853 Sancto
2464 3799 2660 3867 Paulo,
2689 3801 2787 3871 qui
2826 3799 2973 3872 apud
3024 3805 3274 3858 Murram
3322 3806 3634 3878 interfectus

1987 3891 2084 3953 est,
2114 3900 2226 3942 non
2258 3888 2543 3953 insomnis,
2574 3887 2667 3943 sed
2696 3890 3011 3959 vigilanter.
3046 3891 3115 3946 Et
3163 3891 3279 3947 dixi
3325 3893 3397 3948 ad
3446 3910 3580 3951 eum
3615 3912 3629 3951 :

1991 3975 2142 4045 ()uid
2171 3983 2249 4031 est
2277 3977 2414 4032 hoc?
2444 3978 2575 4049 quia
2606 3994 2694 4034 vos
2722 3986 2966 4035 mortuus
3009 3983 3199 4050 eratis,
3232 3988 3286 4038 et
3328 3998 3445 4039 ecce
3486 3998 3635 4042 nunc

1988 4065 2193 4120 vivitis.
2226 4064 2295 4119 Et
2344 4063 2439 4120 ille
2486 4066 2817 4137 respondit;
2849 4068 3113 4140 Equidem
3160 4087 3270 4126 non
3314 4074 3636 4130 moriuntur

1988 4153 2080 4208 illi
2109 4155 2207 4225 qui
2238 4154 2297 4208 in
2325 4152 2536 4210 Christi
2577 4156 2794 4215 servitio
2842 4158 3015 4212 vitam
3059 4159 3283 4230 ﬁniunt.
3317 4159 3458 4216 Cum
3505 4179 3634 4220 vero

1986 4258 2197 4298 rursus
2227 4256 2545 4315 quaererem
2575 4243 2646 4299 ab
2676 4245 2985 4314 eodem,de
3015 4247 3452 4319 pulchritudine
3481 4252 3630 4322 ejus,

1990 4347 2119 4403 quae
2148 4330 2332 4387 nimia
2359 4336 2501 4397 erat,
2526 4331 2681 4388 unde
2703 4333 3015 4390 accidisset
3035 4335 3419 4409 ei,respondit
3446 4340 3591 4397 mihi
3615 4359 3630 4398 :

1989 4421 2108 4476 Non
2134 4421 2290 4477 debes
2332 4422 2536 4476 mirari
2577 4438 2742 4493 super
2784 4424 3197 4494 pulchritudine
3243 4443 3384 4495 mea,
3419 4444 3545 4485 cum
3574 4432 3633 4487 in

215 4516 367 4565 sum
395 4506 591 4580 lapide
616 4508 693 4565 de
718 4509 1009 4581 petraria;
1042 4510 1215 4582 cujus
1244 4522 1354 4584 ago
1375 4511 1647 4583 precibus
1668 4514 1739 4568 ad
1762 4530 1885 4569 om-
1914 4518 1959 4592 ο
1989 4518 2101 4566 tam
2116 4511 2405 4582 pulchram
2434 4510 2653 4566 domum
2682 4512 2938 4568 habitem.
2968 4514 3036 4568 Et
3066 4514 3341 4572 continuo
3379 4520 3635 4577 ostendit

219 4614 333 4655 nes
360 4596 739 4665 orthodoxa,
768 4603 825 4654 et
855 4599 1110 4657 maxime
1138 4600 1207 4656 ad
1242 4598 1685 4673 Transalpinos,
1718 4607 1775 4658 et
1806 4605 1879 4660 ad

218 4689 303 4754 te,
334 4686 651 4757 reverenda
678 4686 892 4760 presul
920 4686 1296 4755 Vivariensis,
1330 4689 1425 4746 cui
1447 4689 1556 4746 hoc
1576 4706 1724 4763 opus
1746 4691 1884 4747 scri-

214 4774 367 4833 bere
393 4774 613 4832 curavi.
646 4775 814 4832 Nune
842 4782 1039 4833 autem
1089 4779 1244 4851 quod
1298 4774 1593 4852 reliquum
1625 4784 1735 4845 est,
1765 4781 1880 4838 Deo

216 4862 575 4938 inspirante,
602 4864 708 4938 qui
737 4863 861 4922 hec
890 4865 1088 4922 omnia
1126 4866 1281 4935 fecit,
1311 4869 1513 4941 eadem
1562 4864 1878 4937 hilaritate,

216 4958 345 5026 qia
374 4950 610 5025 incepi,
638 4953 920 5026 perﬁcere
950 4956 1189 5012 curabo.
1206 4955 1319 5012 Oro
1344 4956 1526 5030 igitur
1552 4962 1610 5014 et
1639 4958 1879 5014 obsecro

216 5048 435 5099 eum
463 5040 569 5114 qui
596 5040 718 5098 huc
746 5041 1005 5100 audituri
1050 5046 1212 5115 sunt,
1244 5049 1311 5100 ut
1350 5046 1599 5115 credant
1645 5046 1767 5102 htec
1798 5047 1880 5102 ita

214 5129 434 5187 fuisse.
466 5130 632 5198 Quod
660 5129 715 5187 si
741 5132 1063 5206 quidquam
1080 5146 1192 5207 ego
1214 5138 1424 5206 praeter
1444 5134 1664 5191 credita
1684 5140 1740 5191 et
1754 5136 1880 5193 visa

216 5219 439 5277 studeo
466 5219 700 5289 referre,
728 5219 819 5277 vel
851 5222 984 5278 odio
1023 5222 1277 5294 alicujus
1324 5224 1590 5295 apposui,
1624 5229 1879 5296 apponat

218 5306 372 5365 mihi
412 5306 572 5366 Deus
612 5322 820 5366 omnes
866 5309 1079 5367 inferni
1123 5309 1346 5383 plagas,
1378 5316 1435 5368 et
1463 5311 1655 5369 deleat
1670 5328 1775 5390 me
1805 5314 1878 5371 de

216 5395 377 5453 libro
402 5396 557 5455 vita
589 5397 842 5468 Etenim,
874 5397 1009 5457 licet
1038 5404 1107 5456 ut
1134 5398 1249 5480 alia
1285 5399 1541 5472 plurima
1588 5401 1874 5473 ignorem,

216 5485 339 5545 hoc
360 5496 555 5545 unum
580 5487 872 5562 'soio,qu.ia
893 5502 1030 5545 cum
1060 5492 1365 5561 promotus
1386 5491 1460 5546 ad
1483 5490 1875 5551 sacerdotium

217 5575 287 5635 in
306 5575 525 5636 itinere
542 5578 655 5641 Dei
674 5578 815 5644 sim,
836 5577 1029 5651 magis
1059 5577 1240 5634 debeo
1271 5577 1386 5634 Deo
1416 5579 1653 5637 obedire
1672 5581 1876 5640 testiﬁ-

1991 4598 2135 4654 mihi
2167 4599 2407 4654 domum
2441 4600 2760 4671 quamdam
2792 4600 2851 4655 in
2883 4600 3027 4657 coelo
3076 4602 3158 4657 ita
3206 4602 3534 4676 pulchram,
3568 4612 3635 4664 ut

1991 4686 2137 4743 nihil
2170 4686 2475 4760 pulchrius
2504 4704 2609 4761 ego
2639 4689 3225 4764 crederem.Cumque
3254 4692 3635 4768 obstupesce-

1989 4790 2113 4833 rem
2145 4777 2218 4831 ad
2250 4775 2619 4849 splendorem
2652 4778 2864 4834 domus
2894 4778 3234 4848 illius,dixit
3254 4780 3398 4838 mihi
3424 4799 3437 4838 :
3463 4784 3635 4844 Multo

1995 4866 2099 4921 tibi
2124 4866 2409 4938 pulchrior
2432 4875 2978 4940 praeparatumusque
3006 4870 3066 4924 in
3092 4873 3414 4929 crastinum.
3449 4870 3517 4930 Et
3541 4874 3635 4934 his

1990 4954 2162 5010 dictis
2194 4953 2464 5010 sublatus
2489 4960 2596 5011 est.
2621 4956 2878 5030 Contigit
2906 4961 3104 5014 autem
3135 4976 3201 5016 eo
3231 4961 3326 5017 die
3356 4976 3491 5019 cum
3512 4963 3635 5022 haec

1989 5042 2259 5116 pluribus
2287 5049 2621 5100 enarrasset
2649 5045 2806 5101 idem
2838 5045 3247 5117 Anselmus,ut
3269 5050 3341 5106 ad
3375 5068 3632 5126 pugnam

1988 5134 2438 5205 progrederetur
2483 5139 2683 5190 contra
2736 5135 3123 5207 Sarracenos;
3159 5139 3258 5212 qui
3289 5139 3359 5196 de
3398 5141 3637 5201 castello

1986 5222 2238 5279 latenter
2265 5224 2508 5295 egressi,
2542 5240 2731 5296 usque
2773 5228 2845 5283 ad
2892 5227 3146 5284 tentoria
3194 5233 3396 5286 nostra
3440 5232 3639 5289 venire

1987 5310 2276 5378 solebant,
2307 5317 2374 5367 ut
2423 5313 2645 5387 aliquid
2696 5312 2836 5372 inde
2885 5314 3275 5387 subriperent,
3325 5318 3414 5374 vel
3463 5318 3640 5376 alicui

1987 5402 2401 5459 nocerent.Sed
2422 5405 2698 5459 cumineo
2721 5418 2924 5478 pugna
2942 5404 3285 5462 invaluisset
3304 5423 3374 5462 ex
3394 5412 3645 5478 utraque

1944 5510 1953 5517 -
1989 5495 2170 5562 parte,
2203 5498 2260 5547 et
2311 5493 2628 5551 Anselmus
2684 5491 2939 5552 viriliter
2984 5493 3295 5561 resisteret,
3325 5495 3397 5552 de
3450 5494 3646 5567 lapide

1989 5581 2261 5638 tormenti
2289 5581 2346 5638 in
2372 5584 2559 5659 capite
2580 5596 2915 5656 percussus
2935 5585 3236 5655 est;atQue
3254 5581 3339 5637 sic
3362 5585 3433 5640 ad
3454 5583 3646 5641 locum
