3994 6082
199 305 319 370 637

1203 301 1422 362 RAIM.
1469 301 1569 361 DE
1613 299 1888 361 AGILES
1936 299 2137 363 llIS'I‘.
2184 301 2597 364 HIEROSOL.

3491 299 3608 363 638

199 439 490 517 quemdam
518 455 781 509 magn-um
811 445 862 494 et
888 438 1142 509 spissum,
1181 437 1352 490 bruno
1378 433 1854 490 colorectsubcal-
1886 434 1937 498 Α
1965 433 2090 488 dent
2113 437 2140 488 ?
2190 433 2254 488 Et
2302 433 2446 488 dixi:
2500 435 2701 498 Etiam,
2736 433 2980 489 Domine.
3018 433 3082 488 Et
3113 433 3433 490 Dominus:
3469 435 3608 492 Con.-

201 550 286 598 vo,
345 539 397 586 et
442 531 657 601 magnis
704 529 894 583 oculis.
950 528 1016 581 Et
1064 526 1142 580 ait
1192 525 1332 580 mihi
1368 524 1680 579 Dominus:
1715 524 1853 591 Qza'd

200 623 320 694 agis
343 624 372 674 ί)
422 621 488 675 Et
534 617 808 690 respondi
837 634 848 670 :
898 617 1141 677 Domi-ne,
1175 632 1267 683 ego
1297 624 1396 668 sto.
1432 616 1499 668 Et
1532 614 1612 667 ait
1643 613 1850 667 iterum

201 710 532 767 Dominus:
591 710 665 763 Tu
708 722 847 778 pene
895 724 1016 760 cum
1050 706 1178 759 aliis
1205 704 1512 758 submersus
1561 720 1718 758 esses.
1754 703 1854 757 Sed

201 799 338 873 quid
387 798 540 854 modo
593 796 866 868 cogitabas
891 798 917 849 ?
968 795 1031 848 Et
1072 793 1379 864 respondi:
1417 794 1640 846 Domine
1671 795 1852 856 Pater,

200 907 298 961 ego
351 889 417 943 de
463 886 732 943 sacerdote
782 886 898 948 illo,
951 885 1041 938 cui
1073 901 1195 937 cum
1221 899 1377 936 cruce
1409 884 1732 952 apparuisti,
1767 898 1854 935 co-

202 981 473 1050 gitabam.
507 977 576 1031 Et
605 975 887 1029 Dominus
921 991 932 1027 :
969 976 1073 1044 Ego
1103 974 1210 1027 scio
1243 972 1406 1026 istud.
1436 972 1502 1024 lit
1534 971 1804 1042 deinceps
1840 987 1851 1024 :

206 1068 376 1124 Crede
405 1067 536 1137 quia
566 1081 659 1134 ego
690 1081 810 1118 sum
835 1065 1118 1125 Dominus,
1148 1077 1247 1133 pro
1277 1078 1380 1131 quo
1409 1077 1588 1114 omnes
1618 1060 1722 1114 huc
1770 1077 1857 1115 ve-

205 1158 408 1218 nistis;
436 1163 488 1210 et
518 1155 614 1225 qui
640 1169 740 1224 pro
760 1153 1128 1224 peccatoribus
1159 1153 1215 1205 in
1246 1151 1545 1205 Jerusalem:
1588 1151 1647 1203 in
1701 1165 1857 1203 cruce

197 1261 397 1318 passus
427 1260 567 1307 sum,
600 1245 742 1297 sicut
770 1241 923 1295 modo
957 1241 1180 1295 videbis.
1219 1240 1283 1293 Et
1319 1239 1373 1292 in
1408 1238 1536 1310 ipsa
1567 1238 1709 1292 hora
1738 1237 1856 1292 vidi

204 1333 532 1406 quamdam
577 1347 809 1386 crucem
863 1331 932 1384 de
982 1330 1214 1384 duobus
1264 1327 1443 1400 lignis
1477 1327 1658 1400 nigris
1685 1331 1858 1398 atque

205 1421 481 1480 rotundis
514 1421 748 1487 factam,
783 1436 896 1474 non
913 1419 1152 1490 politam
1173 1434 1357 1489 neque
1374 1418 1727 1489 adaptatam,
1745 1416 1860 1470 nisi

202 1512 363 1585 quod
404 1511 462 1565 in
496 1508 688 1564 medio
715 1509 910 1563 trabes
942 1507 1136 1561 incisze
1169 1523 1231 1561 se
1263 1506 1506 1560 invicem
1525 1505 1859 1576 complecte-

204 1603 449 1658 bantur.
505 1599 569 1653 Et
619 1598 700 1653 ait
749 1596 892 1651 mihi
944 1596 1265 1651 Dominus:
1301 1597 1428 1650 Ecce
1455 1612 1667 1649 crucem.
1697 1612 1862 1664 quam

208 1690 514 1763 quairebas.
550 1688 617 1742 Et
644 1687 754 1741 fuit
783 1686 839 1740 in
867 1702 1036 1740 cruce
1070 1683 1171 1738 illa
1199 1684 1480 1738 Dominus
1508 1685 1590 1738 sic
1640 1684 1859 1738 disten-

210 1787 309 1836 tus
337 1784 395 1833 et
425 1777 760 1842 cruciﬁxus,
796 1775 950 1830 sicut
981 1775 1314 1845 intempore
1328 1774 1636 1845 passionis.
1657 1778 1860 1827 Petrus
1893 1810 1939 1874 Β

214 1873 415 1924 autem
448 1868 508 1922 in
541 1866 729 1937 capite
760 1882 888 1928 suo,
921 1862 1862 1929 illamadextrissustinebat;An—

214 1959 388 2013 dreas
424 1974 457 2011 a
486 1954 765 2022 sinistris,
803 1955 858 2008 in
889 1953 1064 2020 collo;
1098 1953 1307 2007 tertius
1339 1970 1470 2005 vero
1508 1952 1600 2005 ille
1636 1958 1860 2023 ater-go,

214 2047 493 2103 manibus
520 2045 870 2100 sustinebat.
908 2044 972 2097 Et
1006 2042 1149 2096 dixit
1180 2041 1324 2096 mihi
1359 2042 1678 2096 Dominus:
1740 2044 1867 2097 llaec

213 2137 359 2192 dices
387 2136 594 2207 populo
625 2150 740 2189 meo
771 2135 903 2205 quia
931 2133 1009 2187 sic
1038 2147 1120 2186 me
1150 2131 1355 2186 vidisti.
1396 2132 1544 2185 Vides
1574 2131 1671 2184 has
1703 2133 1865 2201 quin.-

214 2243 316 2298 que
343 2226 542 2297 plagas
570 2241 720 2279 meas
743 2226 770 2277 ?
793 2224 873 2277 sic
888 2239 978 2278 vos
995 2223 1234 2293 quinque
1250 2221 1533 2275 ordinibus
1549 2222 1864 2275 consistitis.

218 2319 443 2371 Primus
473 2313 602 2368 ordo
631 2320 709 2368 est
740 2330 850 2367 non.
883 2311 1359 2382 reformidantium
1390 2311 1495 2363 tcla
1529 2311 1608 2363 vel
1636 2310 1864 2379 gladios,

214 2422 313 2460 nec
361 2403 586 2475 aliquod
632 2420 800 2472 genus
848 2401 1119 2455 tormenti.
1176 2399 1313 2453 Ordo
1362 2401 1459 2452 iste
1505 2401 1706 2452 similis
1732 2400 1872 2453 mihi

216 2502 293 2550 est
318 2512 334 2547 :
391 2495 500 2563 Ego
547 2493 696 2546 enim
728 2493 784 2544 in
814 2491 1114 2545 Jerusalem
1144 2489 1286 2550 veni,
1317 2487 1528 2557 gladios
1556 2496 1605 2541 ct
1635 2487 1868 2552 lam-cas,

218 2593 268 2639 et
291 2585 486 2655 fustes,
515 2589 566 2635 et
596 2581 830 2642 buculos,
866 2579 1082 2632 demum
1111 2585 1161 2631 ct
1192 2593 1402 2630 crucem
1449 2593 1554 2630 non.
1604 2576 1868 2630 duln'tam'.

220 2671 536 2727 Moriuntur
561 2685 660 2740 pro
690 2685 813 2732 me;
846 2684 939 2736 ego
969 2682 1179 2737 quoque
1204 2682 1304 2736 pro
1336 2667 1410 2719 eis
1440 2673 1683 2719 mortuus
1729 2684 1869 2719 sum.

221 2763 330 2831 Ego
360 2777 488 2814 sum
515 2761 574 2812 in.
603 2759 701 2819 eis,
730 2765 779 2812 et
814 2757 920 2827 ipsi
949 2765 1074 2810 sunt
1107 2757 1164 2809 in
1196 2772 1300 2809 me.
1337 2756 1469 2809 Cum
1499 2771 1621 2808 vero
1656 2756 1698 2807 ii
1741 2756 1873 2809 tales

223 2851 440 2911 obeunt,
467 2865 500 2901 a
521 2848 727 2902 dextris
749 2847 846 2901 Dei
865 2847 1220 2908 collocantur,
1245 2845 1341 2897 ubi
1360 2861 1452 2912 ego
1469 2853 1589 2914 post
1612 2861 1877 2898 resurrec-

228 2941 453 3000 tionem,
488 2938 546 2991 in
577 2937 772 2990 caelum
801 2934 1092 2989 ascendens
1121 2933 1355 2988 consedi.
1388 2933 1663 2988 Secundus
1695 2941 1877 2987 (llltt’tn

227 3028 358 3083 ordo
385 3035 464 3082 est
493 3042 682 3080 eorum
709 3026 806 3095 qui
837 3026 893 3077 in
925 3023 1168 3077 subsidio
1195 3024 1476 3092 prioribus
1505 3030 1651 3086 sunt,
1671 3031 1828 3093 atque
1845 3041 1877 3077 a-

228 3125 376 3187 lergo
391 3131 477 3171 eos
493 3114 700 3169 custodi
706 3121 822 3177 unt,
841 3113 912 3167 ad
927 3129 1059 3183 quos
1075 3114 1239 3165 etiam
1257 3115 1502 3181 refugere
1520 3113 1608 3165 illi
1618 3129 1777 3182 possu
1788 3120 1845 3166 nt
1861 3131 1875 3175 ;

228 3206 288 3260 hi
338 3222 460 3259 vero
509 3204 766 3275 apostolis
808 3210 937 3255 sunt
982 3201 1209 3262 similes,
1253 3203 1348 3270 qui
1377 3217 1461 3254 me
1488 3203 1871 3270 sin/uelamtur,
1909 3184 1948 3250 C

226 3310 545 3364 mecum-que
568 3291 995 3346 manducabant.
1033 3291 1238 3344 Tertius
1273 3307 1392 3343 ccro
1417 3290 1546 3342 ordo
1569 3299 1644 3343 cst
1666 3307 1872 3353 corum,

228 3387 325 3455 qui
354 3382 563 3454 lapides
593 3391 644 3437 et
675 3382 783 3436 tela
811 3381 1089 3451 prioribus
1121 3381 1440 3432 ministrant
1466 3399 1482 3441 ,-
1539 3379 1597 3431 lli
1646 3397 1877 3448 namque

226 3474 435 3527 similes
481 3480 608 3525 sunt
659 3472 774 3524 illis
823 3471 937 3539 qui,
979 3486 1100 3521 cum
1137 3468 1375 3521 ridcrcnt
1408 3485 1488 3520 mc
1522 3469 1578 3520 in.
1608 3485 1783 3530 crucc,
1814 3469 1877 3522 de

223 3563 480 3633 passione
509 3577 629 3614 mea
658 3559 914 3622 dolentes,
947 3567 1160 3627 pectora
1192 3574 1292 3610 sua
1337 3558 1732 3626 percuticbant.
1789 3559 1874 3609 in.-

217 3651 436 3722 juriam
464 3650 587 3718 ﬁeri
617 3648 758 3702 mihi
781 3647 1200 3718 proclamantes.
1239 3648 1475 3712 Quartus
1525 3655 1704 3698 autcm
1750 3647 1876 3698 (I'I'tll)

226 3748 303 3794 est
330 3756 523 3794 eorum
552 3739 647 3809 qui
672 3737 911 3792 videntes
944 3736 1145 3789 bellum
1178 3737 1477 3802 insurgcrc,
1529 3752 1583 3787 sc
1629 3735 1876 3788 domibus

229 3827 523 3883 intrudunt
573 3834 734 3897 atque
784 3826 853 3880 ad
907 3825 1121 3894 negotia
1169 3841 1270 3878 sua
1325 3832 1733 3887 convertuntur,
1768 3842 1876 3879 non

227 3917 497 3973 credentes
531 3918 588 3970 in
619 3917 820 3970 virtute
846 3931 965 3968 mea.
998 3914 1282 3967 victoriam
1311 3914 1618 3976 consistere,
1674 3914 1764 3966 sed
1819 3915 1879 3968 in.

230 4005 512 4060 hominum
555 4005 846 4075 probitate.
899 4003 968 4057 Hi
1015 4003 1170 4065 tales,
1223 4002 1336 4055 illis
1382 4009 1508 4054 sunt
1546 4003 1750 4055 similes
1782 4003 1878 4072 qui

227 4094 490 4148 direrunt
511 4111 530 4147 :
563 4117 588 4142 ‹‹
625 4095 764 4148 Reus
795 4100 870 4147 est
899 4092 1108 4154 mortis,
1139 4091 1515 4166 cruciﬁgat-ur,
1550 4092 1682 4160 quia
1698 4107 1877 4159 regem

227 4199 281 4238 se
308 4183 460 4253 fecit,
491 4190 543 4237 et
571 4183 669 4237 Dei
699 4182 903 4236 Filium
930 4197 986 4234 se
1009 4179 1154 4234 dicit
1181 4179 1412 4246 (Matth,
1441 4180 1612 4250 xxvx).
1645 4202 1672 4227 ››
1703 4181 1875 4246 Quin.-

227 4279 312 4326 tus
343 4279 529 4326 autem
558 4271 686 4326 ordo
717 4287 904 4325 eorum
933 4256 1011 4323 est
1043 4270 1140 4338 qui
1166 4285 1292 4322 cum
1319 4268 1448 4322 belli
1467 4269 1758 4323 clamorem
1779 4287 1875 4323 au.-

225 4361 406 4423 diunt,
450 4361 514 4415 de
561 4361 717 4430 longe
761 4359 1120 4430 speculantes,
1173 4358 1430 4411 clamoris
1478 4374 1666 4411 causas
1698 4360 1876 4428 requi-

226 4459 376 4514 runt,
412 4459 463 4505 et
493 4451 734 4520 ignavia?
766 4465 875 4504 non
907 4448 1124 4502 virtutis
1153 4447 1283 4500 aliis
1327 4447 1574 4516 exempla
1623 4448 1874 4502 tribuunt

1962 533 2142 592 grcgct
2195 541 2364 578 comes
2411 526 2687 595 principes
2740 533 2789 578 et
2833 524 3117 595 populum,
3165 525 3518 597 dispo-natque
3547 526 3610 582 de

1966 615 2120 675 bello,
2158 615 2236 666 rcl
2269 614 2332 667 dc
2361 616 2531 667 castri
2561 615 2958 683 oppugnatione
2989 615 3219 685 aliquid,
3253 632 3377 669 cum
3403 624 3610 687 tempus

1962 705 2149 772 fuerit,
2182 705 2580 773 proclt‘nnctquc
2613 705 2928 757 notissi-nms
2954 719 3155 774 [)7'.‘.‘I’(:0,
3177 705 3350 771 Deus,
3370 721 3608 771 ADJUV'A,

1965 801 2078 857 ter;
2129 801 2289 862 atque
2336 793 2659 862 ill's';n'>.':z°titnt
2707 794 2972 863 complere
3020 793 3220 847 tendat.
3281 796 3425 847 Tunc
3471 795 3612 849 sicut

1965 883 2065 935 tibi
2091 883 2230 942 dixi,
2267 882 2481 935 ordines
2518 881 2738 944 ridebis,
2774 890 2823 935 ct
2855 891 2909 935 tu
2942 889 2991 936 ct
3017 884 3124 936 alii
3152 885 3248 953 qui
3278 883 3362 937 his
3394 883 3612 938 creditis

1964 979 2012 1024 ct
2043 971 2346 1024 incrcdulos
2377 971 2740 1039 distinguens.
2777 972 2843 1024 Et.
2876 970 3048 1024 dixit:
3083 974 3325 1035 Domine,
3361 973 3491 1043 quid
3550 973 3613 1028 de

1968 1060 2263 1114 incredulis
2293 1062 2556 1130 ftu'icmns
2585 1065 2611 1113 ἱ)
2639 1060 2702 1112 Et
2735 1059 3034 1130 respondit
3083 1059 3224 1114 mihi
3276 1060 3562 1116 Dominus
3596 1079 3608 1116 :

1968 1151 2080 1204 Neu
2126 1151 2368 1220 parcatis
2418 1151 2494 1202 cis
2542 1149 2631 1203 scd,
2681 1149 2922 1212 occiditc',
2973 1151 3103 1219 quia
3153 1150 3454 1220 proditores
3505 1153 3616 1205 mei

1966 1248 2111 1301 sunt,
2167 1242 2367 1309 fratres
2415 1238 2568 1292 Judze
2618 1239 2932 1293 lscariotzc:
2985 1241 3080 1293 Itcs
3121 1256 3242 1293 vero
3276 1241 3500 1294 illorum
3529 1240 3614 1296 his

1968 1330 2063 1397 qui
2114 1329 2176 1382 dc
2222 1330 2407 1398 priore
2454 1328 2645 1382 ordine
2690 1337 2819 1382 sunt
2858 1329 3145 1391 cimccdite,
3177 1338 3339 1399 prout
3369 1345 3614 1384 necessa-

1969 1419 2111 1470 rium
2143 1419 2314 1487 fuerit
2344 1419 2404 1471 Si
2431 1418 2510 1471 sic
2541 1419 2722 1486 agitis,
2759 1419 3044 1472 invenietis
3065 1419 3210 1472 viam
3230 1426 3429 1472 rectam
3451 1435 3617 1489 quam

1971 1506 2226 1560 luu'tcnus
2258 1508 2550 1561 circuistis.
2589 1509 2650 1561 Et
2680 1509 2818 1561 sicut
2863 1516 3061 1563 caetera
3110 1524 3227 1578 quae
3274 1509 3352 1563 eis
3399 1508 3613 1574 dixisti,

1972 1597 2358 1650 iimnnmulata
2385 1604 2769 1666 provenerunt,
2805 1605 2854 1649 et
2887 1597 3003 1652 lucc
3027 1613 3234 1667 quoque
3253 1599 3480 1652 venient.
3503 1599 3616 1653 Scis

1972 1693 2029 1738 tu.
2084 1702 2246 1754 quam
2298 1693 2509 1753 gentem
2555 1687 2832 1755 prmcilme
2873 1686 3181 1740 dilarerim.
3219 1686 3285 1740 Et
3319 1687 3614 1758 respondi.

1971 1775 2213 1837 Dinninc,
2245 1783 2456 1844 gentem
2485 1775 2796 1829 Jzulcorum.
2834 1775 2897 1827 Et.
2929 1775 3238 1830 Dominus:
3271 1777 3338 1830 lli
3359 1778 3620 1846 quoniam

1976 1864 2246 1918 incred-uti
2273 1868 2490 1934 furunt,
2525 1864 2645 1918 odio
2676 1879 2760 1917 cas
2793 1864 2981 1924 habui,
3015 1873 3066 1918 et
3096 1866 3382 1936 inferiores
3440 1866 3619 1920 omni-

1976 1954 2072 2006 bus
2122 1955 2370 2022 gentibus
2422 1955 2688 2007 stabiliri.
2731 1954 2904 2007 l'ulctc
2936 1955 3118 2023 itaque
3150 1971 3214 2008 ne
3245 1955 3514 2008 increduli
3542 1956 3621 2009 si-

1975 2044 2084 2096 tis:
2117 2044 2393 2112 .Illioquin,
2430 2045 2577 2095 vobis
2610 2044 3016 2096 remanentibus
3045 2060 3170 2096 cum
3198 2044 3425 2107 Jvtu'lccis,
3483 2045 3621 2099 alios

1972 2133 2198 2202 populos
2248 2149 2544 2193 assmnant,
2597 2141 2646 2184 et
2695 2148 2795 2201 per
2848 2133 2988 2202 ipsos
3020 2133 3289 2202 ccmplcbo
3320 2148 3446 2202 qua]:
3475 2134 3622 2187 vobis

1973 2223 2352 2291 promiseram.
2409 2225 2542 2275 llaec
2589 2237 2797 2290 quoque
2845 2220 2986 2274 dices
3033 2222 3102 2274 ad
3132 2238 3218 2275 eos
3241 2240 3260 2275 .·
3295 2223 3404 2276 Cur
3433 2225 3626 2277 timent

1976 2313 2154 2380 faccre
2176 2311 2454 2380 justitiam
2484 2314 2509 2363 ?
2541 2313 2620 2373 Et,
2655 2309 2785 2379 quid
2814 2310 3009 2363 melius
3032 2311 3256 2379 justitia
3280 2313 3307 2364 ?
3340 2315 3498 2365 Hanc
3536 2312 3626 2382 ju-

1978 2401 2188 2453 stitiam
2239 2401 2353 2452 colo
2406 2407 2466 2452 ut
2517 2407 2734 2452 teneant
2759 2417 2773 2461 ς
2804 2416 2902 2468 per
2928 2401 3174 2476 [an’u'lias
3204 2407 3253 2454 et
3282 2403 3625 2470 cog-nationes

1977 2497 2185 2558 ponant
2209 2489 2437 2558 jmliccs.
2471 2489 2603 2542 Cum
2633 2497 2814 2542 autcm
2845 2489 3072 2557 quilibet
3101 2489 3386 2559 offenderit
3427 2491 3621 2554 alium,

1981 2578 2126 2632 dicat
2175 2580 2271 2648 qui
2321 2580 2586 2649 injuriam
2634 2579 2887 2648 patitur:
2937 2580 3127 2632 Frater
3159 2580 3387 2633 vellcsne
3415 2581 3495 2633 sic
3526 2580 3628 2633 tibi

1981 2668 2104 2735 ficri
2135 2672 2161 2720 ζ)
2232 2669 2478 2723 thus-than:
2548 2669 2661 2721 nisi
2733 2668 3057 2737 male/actor
3110 2668 3348 2732 desierit,
3409 2685 3477 2723 σω
3528 2685 3627 2724 no-

1981 2759 2130 2810 mine
2201 2774 2313 2810 sua),
2385 2759 2664 2828 potestatis
2740 2758 2792 2810 ei
2870 2757 3255 2822 contradicat;
3315 2757 3506 2812 deinde
3565 2759 3630 2812 li-

1984 2854 2164 2899 center
2207 2847 2382 2916 judcu:
2441 2865 2473 2900 ιι
2532 2848 2882 2917 male/actore
2933 2848 3118 2900 omnia
3175 2848 3312 2901 bona
3370 2848 3481 2900 sibi
3534 2863 3630 2902 au-

1983 2937 2144 3005 ferat,
2200 2944 2247 2989 ct
2298 2937 2555 2990 mcdictas
2604 2937 2672 2989 sit
2720 2936 2835 3004 cjus
2874 2937 2970 3006 qui
3005 2936 3272 3005 inj-uriam
3298 2936 3626 3006 patiebatur,

1985 3024 2197 3093 reliqua
2254 3041 2394 3085 vero,
2444 3026 2742 3094 potestatis.
2799 3026 2859 3078 Si
2910 3032 3090 3077 autem
3134 3023 3308 3094 judea:
3350 3025 3539 3094 aliqua
3568 3025 3632 3078 de

1986 3129 2149 3166 causa
2199 3113 2317 3168 lucc
2363 3118 2543 3183 facere
2590 3114 2883 3175 distulerit.
2932 3121 2990 3167 tu
3022 3111 3154 3167 vade
3182 3112 3250 3166 ad
3281 3129 3405 3166 eum
3433 3120 3484 3167 ct
3512 3129 3630 3168 cor-

1989 3204 2102 3272 ripe
2145 3218 2288 3265 cum,
2339 3211 2390 3256 ct
2438 3203 2525 3255 dic
2570 3204 2620 3256 ei
2668 3203 2807 3272 quod
2859 3203 2968 3255 nisi
3017 3203 3111 3256 ille
3154 3218 3210 3256 se
3238 3203 3494 3266 correxit,
3522 3218 3632 3257 non

1983 3293 2316 3361 [u‘rsolcctur
2346 3308 2512 3360 usque
2543 3291 2610 3344 ad
2642 3292 2898 3344 ult-imum
2927 3291 3120 3345 stcculi
3149 3290 3311 3353 diem,
3345 3292 3457 3344 nisi
3474 3292 3633 3345 remi-

1985 3383 2120 3434 scris
2167 3383 2271 3434 illi.
2325 3383 2573 3434 Ncscisne
2617 3398 2779 3450 quam
2821 3397 2982 3450 grave
3023 3381 3095 3434 sit
3119 3380 3458 3450 prohibitum
3482 3383 3508 3433 ?
3539 3382 3631 3434 Et-

1985 3473 2131 3523 cnim.
2159 3487 2249 3537 cgo
2279 3470 2540 3540 prohibui
2571 3469 2701 3524 Adrc
2729 3469 2792 3523 dc
2824 3471 3016 3524 arbore
3045 3471 3291 3524 scientiae
3319 3486 3387 3523 ne
3443 3477 3632 3539 tange-

1988 3569 2063 3612 rct
2090 3578 2103 3614 :
2133 3568 2495 3624 trunsgrcssus
2527 3576 2704 3612 meum
2733 3559 3091 3629 prohibitum,
3127 3567 3177 3612 ct
3204 3561 3315 3628 ipse
3340 3567 3390 3612 et
3429 3559 3634 3627 posteri

1984 3650 2073 3701 sui
2124 3650 2178 3701 in.
2228 3650 2540 3718 captivitate
2591 3650 2782 3701 misera
2816 3651 3059 3718 fuerunt,
3093 3649 3258 3700 donec
3287 3664 3381 3716 ego
3414 3648 3632 3702 veniens

1988 3740 2043 3791 in
2063 3754 2244 3799 curnc,
2278 3755 2384 3799 cos,
2419 3746 2588 3790 inorlc
2608 3739 2784 3791 crucis
2813 3736 3109 3799 moriendo,
3140 3735 3362 3790 redemi.
3396 3739 3470 3790 De
3493 3737 3632 3791 deci-

1985 3829 2088 3880 mis
2126 3843 2265 3889 vero,
2301 3828 2447 3881 bene.
2481 3826 2712 3894 Quidam
2741 3829 3007 3896 fecerunt,
3044 3825 3183 3895 quod
3212 3842 3302 3880 eas
3331 3827 3471 3880 sicut
3490 3842 3634 3896 pra:-

1985 3918 2102 3986 ccpi
2148 3916 2428 3970 dcderzmt.
2481 3916 2850 3984 gllultiplicabo
2903 3916 3084 3985 itaque
3127 3915 3268 3977 illos,
3299 3922 3457 3984 atque
3489 3917 3632 3969 inter

1986 4006 2123 4058 alios
2155 4005 2537 4074 cognosci/siles
2564 4005 2788 4075 faciam.
2825 4004 2969 4057 Cum
3002 4006 3194 4057 autem
3224 4003 3343 4056 haec
3390 4002 3634 4059 dixisset

1987 4093 2289 4159 Dominus,
2321 4092 2464 4162 coepi
2500 4092 2792 4163 postulare
2825 4093 2895 4146 ab
2923 4108 2988 4147 eo
3014 4097 3073 4146 ut
3098 4109 3200 4163 pro
3224 4092 3503 4148 charitate
3527 4111 3634 4148 sua

1985 4180 2311 4237 litterarum
2345 4181 2670 4247 scientiam,
2706 4199 2883 4252 quam
2916 4197 3104 4251 nuper
3124 4181 3266 4236 mihi
3287 4182 3630 4249 abstulerat,

1986 4272 2267 4326 redderet.
2318 4271 2381 4324 Et
2431 4270 2512 4324 ait
2558 4270 2880 4324 Dominus:
2929 4273 3047 4325 Non
3090 4272 3376 4340 sufficiunt
3421 4273 3527 4325 tibi
3563 4272 3633 4326 ad

1983 4360 2355 4416 eimrrmzdum
2387 4376 2450 4414 ea
2482 4375 2607 4430 qua?
2637 4362 2797 4428 nosti,
2829 4369 2878 4414 et
2909 4368 3084 4414 tamen
3118 4362 3199 4414 vis
3223 4362 3362 4414 scire
3416 4360 3582 4430 plura
3605 4363 3632 4413 ?

1983 4451 2051 4505 Et
2099 4450 2376 4504 continuo
2428 4448 2507 4502 ita
2555 4448 2698 4502 mihi
2742 4447 2902 4502 visus
2937 4465 3066 4503 sum
3101 4448 3356 4519 sapiens,
3389 4452 3453 4502 ut
3487 4447 3629 4502 nihil

223 4549 274 4594 et
302 4555 415 4593 non
445 4539 623 4592 solum
648 4538 896 4609 pericula
924 4553 1022 4607 pro
1051 4551 1155 4599 me,
1188 4552 1376 4589 verum
1407 4537 1574 4590 etiam
1600 4552 1700 4605 pro
1750 4539 1870 4606 fra-
1909 4556 1950 4617 Ι)
1983 4557 2184 4610 sapere
2219 4538 2368 4592 ultra
2399 4554 2684 4608 rogarem,
2715 4537 2866 4592 etait
2885 4538 3168 4592 Dominus
3187 4553 3198 4591 :
3220 4537 3633 4607 Sufﬁciunttibi

225 4628 402 4682 tribus
449 4629 635 4682 subire
682 4627 895 4688 nolunt,
948 4625 1038 4680 sed
1084 4626 1182 4678 sub
1227 4626 1399 4694 specie
1445 4625 1688 4688 cavendi,
1734 4626 1871 4678 alios

223 4718 460 4772 volentes
503 4732 773 4787 pugnare,
806 4716 890 4770 vel
916 4714 1310 4785 pugnatm'ibus
1349 4731 1505 4767 arma
1535 4715 1872 4777 ministrare,

227 4823 411 4861 secum
459 4804 529 4859 ad
576 4804 968 4876 speculandum
1011 4804 1266 4857 invitant.
1307 4805 1372 4857 lli
1399 4803 1559 4858 Judtc
1583 4803 1874 4873 proditori,

223 4903 273 4950 et
305 4895 491 4950 Pilato
511 4894 694 4965 j-udici
723 4893 929 4947 similes
959 4900 1104 4946 sunt.
1141 4891 1274 4945 Erat
1323 4896 1517 4945 autem
1571 4893 1765 4946 nudus
1815 4892 1872 4944 in

225 4999 394 5038 cruce
427 4981 710 5037 Dominus
735 4999 749 5049 ;
783 4987 979 5036 tamen
1014 4978 1249 5035 linteolo
1278 4979 1641 5049 praecinctus,
1668 4998 1696 5033 a
1721 4981 1876 5051 geni—

225 5072 335 5127 bus
366 5088 555 5144 usque
585 5072 657 5126 ad
681 5069 936 5134 lumbos,
963 5073 1017 5123 et
1039 5072 1160 5123 erat
1183 5067 1487 5123 linteolum
1514 5069 1704 5123 medio
1728 5069 1875 5123 colo-

224 5178 307 5226 re,
362 5159 685 5215 coloratum
737 5159 888 5213 inter
935 5157 1170 5229 nigrum
1217 5162 1272 5211 et.
1322 5157 1588 5211 rubcum.
1628 5157 1690 5210 Et
1724 5157 1875 5212 circa

225 5249 429 5304 horam
462 5248 712 5304 habebat
743 5247 917 5301 vittas
948 5245 1132 5312 albas,
1163 5250 1219 5301 et
1253 5245 1462 5299 rubeas
1513 5250 1685 5316 atque
1739 5248 1872 5300 \‘ll‘l-

225 5337 349 5393 des.
383 5338 520 5393 Post
549 5336 782 5392 sublata
813 5352 981 5390 cruce
1011 5335 1294 5390 remansit
1327 5335 1383 5387 in
1419 5333 1621 5388 habitu
1652 5334 1708 5388 in
1761 5353 1873 5406 quo

224 5427 388 5498 prius
436 5431 677 5482 venerat
730 5424 1034 5480 Dominus.
1091 5424 1160 5478 Et
1190 5423 1304 5477 dixi
1341 5424 1411 5476 ad
1443 5440 1576 5477 eum
1606 5441 1616 5476 :
1653 5425 1874 5479 Domine

222 5518 382 5579 Deus,
415 5518 467 5570 si
495 5516 593 5571 hoc
620 5515 830 5579 dixero,
868 5531 973 5569 non
1005 5513 1224 5568 credent
1264 5512 1422 5566 mihi.
1458 5513 1526 5566 Et
1575 5515 1876 5583 respondit

225 5605 368 5660 mihi
403 5603 723 5660 Dominus:
762 5605 845 5659 Vis
875 5618 1186 5672 cognoscere
1216 5617 1301 5655 eos
1332 5603 1428 5670 qui
1475 5601 1558 5654 his
1608 5619 1710 5656 non
1763 5621 1874 5657 cre—

1983 4629 2160 4682 udhnc
2205 4644 2330 4698 quzc
2375 4629 2564 4681 nosti?
2616 4628 2679 4680 Et
2730 4626 3040 4697 respondi:
3072 4628 3386 4696 Sufﬁciunt.
3422 4626 3490 4680 Et
3522 4625 3630 4681 Do-

1987 4717 2183 4772 minus
2235 4734 2464 4770 rursum
2495 4734 2506 4770 :
2561 4715 2701 4784 Quid
2751 4716 2873 4770 diri
2920 4717 3073 4771 tibi?
3106 4715 3392 4785 Responde.
3429 4715 3494 4768 Et
3526 4730 3630 4786 ego

1986 4806 2127 4860 nihil
2162 4807 2437 4860 sciebam.
2472 4811 2730 4876 Cumque
2763 4806 2904 4859 mihi
2941 4805 3184 4861 instaret
3215 4809 3278 4858 ut
3298 4803 3515 4874 aliquid
3536 4821 3630 4858 eo-

1986 4912 2116 4948 rum
2166 4912 2292 4966 quie
2324 4893 2546 4947 dixerat
2581 4895 2986 4964 responderem
3021 4893 3154 4957 sibi,
3189 4891 3497 4964 respondi:
3535 4893 3632 4947 Do-
3680 4881 3684 4884 Ὺ

1983 4985 2151 5048 mine,
2187 4984 2330 5038 nihil
2363 4984 2506 5036 nori.
2541 4984 2608 5036 Et
2641 4982 2719 5036 ait
2752 4982 3071 5036 Dominus:
3107 4983 3246 5038 Vade
3274 4990 3326 5036 et
3355 4984 3632 5036 annuntio

1985 5089 2108 5143 quin
2138 5074 2298 5138 nosti,
2334 5081 2384 5126 et
2410 5073 2691 5141 sufficiant
2723 5073 2828 5125 tibi
2859 5087 2983 5142 qua?
3003 5071 3284 5126 scis.Curn
3301 5075 3492 5124 autem
3511 5071 3631 5125 hinc

1986 5161 2268 5215 fratribus
2302 5159 2786 5225 ostendissemus,
2824 5165 3121 5230 ccrperunt
3153 5158 3390 5230 quidam
3418 5159 3626 5224 dicere,

1985 5251 2138 5321 quod
2157 5265 2455 5320 nunquam
2491 5249 2955 5320 crederentquod
2976 5247 3382 5320 hujuscemodi
3406 5247 3629 5301 homini

1984 5337 2318 5408 loqueretur
2347 5335 2520 5398 Deus,
2558 5341 2611 5389 ct
2643 5335 2962 5390 dimitteret
2990 5336 3292 5408 episcopos
3323 5339 3379 5389 ct
3409 5335 3629 5406 princi-

1985 5443 2106 5497 pes,
2141 5431 2195 5479 et.
2221 5424 2551 5479 ostenderet.
2576 5441 2636 5478 se
2662 5425 2881 5479 homini
2907 5427 3125 5480 rustico
3152 5444 3164 5493 ;
3191 5425 3344 5479 unde
3366 5423 3540 5479 etiam
3562 5425 3631 5478 de

1985 5514 2182 5569 lancea
2236 5511 2466 5568 Domini
2495 5513 2862 5569 dubitabant.
2914 5517 3273 5586 QuaprOpter
3303 5516 3632 5570 convocavi-

1985 5622 2119 5659 mus
2137 5605 2339 5657 fratres
2365 5601 2492 5655 illos
2516 5601 2730 5671 quibus
2764 5604 2834 5658 de
2854 5603 3054 5660 lancea
3073 5603 3389 5674 aliquando
3414 5603 3627 5658 revela-
