  <div class='ocr_page' id='page_1' title='image "/cluster/home/n/w/nwhite01/storage/ocr_20150623/155/hvd.32044054760137/323.png"; bbox 0 0 3996 6096; ppageno 0'>
   <div class='ocr_carea' id='block_1_1' title="bbox 401 334 522 399">
    <p class='ocr_par' dir='ltr' id='par_1_1' title="bbox 401 334 522 399">
     <span class='ocr_line' id='line_1_1' title="bbox 401 334 522 399; baseline -0.008 0"><span class='ocrx_word' id='word_1_1' title='bbox 401 334 522 399; x_wconf 80' lang='lat'>639</span> 
     </span>
    </p>
   </div>
   <div class='ocr_carea' id='block_1_2' title="bbox 926 336 3300 408">
    <p class='ocr_par' dir='ltr' id='par_1_2' title="bbox 926 336 3300 408">
     <span class='ocr_line' id='line_1_2' title="bbox 926 336 3300 408; baseline 0.002 -7"><span class='ocrx_word' id='word_1_2' title='bbox 926 336 1027 401; x_wconf 85' lang='lat' dir='ltr'>AD</span> <span class='ocrx_word' id='word_1_3' title='bbox 1073 337 1581 405; x_wconf 82' lang='lat' dir='ltr'>GODEFRIDUM</span> <span class='ocrx_word' id='word_1_4' title='bbox 1627 341 1964 404; x_wconf 42' lang='lat' dir='ltr'>AIPPEND.</span> <span class='ocrx_word' id='word_1_5' title='bbox 2011 339 2088 403; x_wconf 90' lang='grc' dir='ltr'><strong>ῙῙ.</strong></span> <span class='ocrx_word' id='word_1_6' title='bbox 2120 374 2198 385; x_wconf 91' lang='lat'>--</span> <span class='ocrx_word' id='word_1_7' title='bbox 2225 339 2537 405; x_wconf 88' lang='lat' dir='ltr'>MONUM.</span> <span class='ocrx_word' id='word_1_8' title='bbox 2583 340 2686 406; x_wconf 88' lang='lat' dir='ltr'><strong>DE</strong></span> <span class='ocrx_word' id='word_1_9' title='bbox 2729 342 2982 406; x_wconf 87' lang='lat' dir='ltr'><strong>BELLO</strong></span> <span class='ocrx_word' id='word_1_10' title='bbox 3028 342 3300 408; x_wconf 83' lang='lat' dir='ltr'>SACRO.</span> 
     </span>
    </p>
   </div>
   <div class='ocr_carea' id='block_1_3' title="bbox 3690 344 3814 412">
    <p class='ocr_par' dir='ltr' id='par_1_3' title="bbox 3690 344 3814 412">
     <span class='ocr_line' id='line_1_3' title="bbox 3690 344 3814 412; baseline 0 0"><span class='ocrx_word' id='word_1_11' title='bbox 3690 344 3814 412; x_wconf 72' lang='grc'>640</span> 
     </span>
    </p>
   </div>
   <div class='ocr_carea' id='block_1_4' title="bbox 403 473 3809 553">
    <p class='ocr_par' dir='ltr' id='par_1_4' title="bbox 403 473 3809 553">
     <span class='ocr_line' id='line_1_4' title="bbox 403 473 3809 553; baseline 0.002 -21"><span class='ocrx_word' id='word_1_12' title='bbox 403 486 530 533; x_wconf 84' lang='lat' dir='ltr'>tum</span> <span class='ocrx_word' id='word_1_13' title='bbox 566 475 772 542; x_wconf 77' lang='lat' dir='ltr'>fuerat,</span> <span class='ocrx_word' id='word_1_14' title='bbox 806 479 863 531; x_wconf 88' lang='lat' dir='ltr'>et</span> <span class='ocrx_word' id='word_1_15' title='bbox 886 477 1018 548; x_wconf 88' lang='lat' dir='ltr'>post</span> <span class='ocrx_word' id='word_1_16' title='bbox 1047 473 1168 530; x_wconf 63' lang='lat' dir='ltr'>hac</span> <span class='ocrx_word' id='word_1_17' title='bbox 1198 473 1501 531; x_wconf 80' lang='lat' dir='ltr'>Arnolfum</span> <span class='ocrx_word' id='word_1_18' title='bbox 1535 475 1900 548; x_wconf 88' lang='lat' dir='ltr'>capellanum</span> <span class='ocrx_word' id='word_1_19' title='bbox 1949 493 2042 531; x_wconf 85' lang='lat' dir='ltr'>eo-</span> <span class='ocrx_word' id='word_1_20' title='bbox 2075 478 2125 544; x_wconf 81' lang='grc' dir='ltr'>Α</span> <span class='ocrx_word' id='word_1_21' title='bbox 2157 477 2398 546; x_wconf 88' lang='lat' dir='ltr'>pererit.</span> <span class='ocrx_word' id='word_1_22' title='bbox 2434 476 2500 532; x_wconf 91' lang='lat' dir='ltr'>Et</span> <span class='ocrx_word' id='word_1_23' title='bbox 2530 475 2676 532; x_wconf 83' lang='lat' dir='ltr'>dixit</span> <span class='ocrx_word' id='word_1_24' title='bbox 2704 477 2997 535; x_wconf 81' lang='lat' dir='ltr'>sacerdos:</span> <span class='ocrx_word' id='word_1_25' title='bbox 3025 478 3089 535; x_wconf 70' lang='lat' dir='ltr'>Si</span> <span class='ocrx_word' id='word_1_26' title='bbox 3111 480 3342 553; x_wconf 84' lang='lat' dir='ltr'>aliquid</span> <span class='ocrx_word' id='word_1_27' title='bbox 3378 485 3589 538; x_wconf 86' lang='lat' dir='ltr'>harum</span> <span class='ocrx_word' id='word_1_28' title='bbox 3633 480 3809 540; x_wconf 84' lang='lat' dir='ltr'>dubi-</span> 
     </span>
    </p>
   </div>
   <div class='ocr_carea' id='block_1_5' title="bbox 403 564 2044 636">
    <p class='ocr_par' dir='ltr' id='par_1_5' title="bbox 403 564 2044 636">
     <span class='ocr_line' id='line_1_5' title="bbox 403 564 2044 636; baseline 0 -14"><span class='ocrx_word' id='word_1_29' title='bbox 403 565 567 622; x_wconf 88' lang='lat' dir='ltr'>mitis</span> <span class='ocrx_word' id='word_1_30' title='bbox 595 564 1054 631; x_wconf 74' lang='lat' dir='ltr'>Nortbmanniae,</span> <span class='ocrx_word' id='word_1_31' title='bbox 1089 564 1188 636; x_wconf 87' lang='lat' dir='ltr'>qui</span> <span class='ocrx_word' id='word_1_32' title='bbox 1218 570 1392 636; x_wconf 86' lang='lat' dir='ltr'>caput</span> <span class='ocrx_word' id='word_1_33' title='bbox 1422 566 1684 620; x_wconf 89' lang='lat' dir='ltr'>omnium</span> <span class='ocrx_word' id='word_1_34' title='bbox 1718 565 2044 622; x_wconf 88' lang='lat' dir='ltr'>incredulo-</span> 
     </span>
    </p>
   </div>
   <div class='ocr_carea' id='block_1_6' title="bbox 401 653 2046 726">
    <p class='ocr_par' dir='ltr' id='par_1_6' title="bbox 401 653 2046 726">
     <span class='ocr_line' id='line_1_6' title="bbox 401 653 2046 726; baseline -0.001 -15"><span class='ocrx_word' id='word_1_35' title='bbox 401 672 534 711; x_wconf 86' lang='lat' dir='ltr'>rum</span> <span class='ocrx_word' id='word_1_36' title='bbox 568 661 712 721; x_wconf 89' lang='lat' dir='ltr'>erat,</span> <span class='ocrx_word' id='word_1_37' title='bbox 744 659 800 710; x_wconf 84' lang='lat' dir='ltr'>et</span> <span class='ocrx_word' id='word_1_38' title='bbox 833 654 970 726; x_wconf 86' lang='lat' dir='ltr'>quia</span> <span class='ocrx_word' id='word_1_39' title='bbox 997 653 1286 709; x_wconf 85' lang='lat' dir='ltr'>litteratus</span> <span class='ocrx_word' id='word_1_40' title='bbox 1318 659 1458 722; x_wconf 84' lang='lat' dir='ltr'>erat,</span> <span class='ocrx_word' id='word_1_41' title='bbox 1494 655 1806 710; x_wconf 83' lang='lat' dir='ltr'>credebant</span> <span class='ocrx_word' id='word_1_42' title='bbox 1827 655 1874 709; x_wconf 88' lang='lat' dir='ltr'>ei</span> <span class='ocrx_word' id='word_1_43' title='bbox 1902 655 2046 710; x_wconf 89' lang='lat' dir='ltr'>mul-</span> 
     </span>
    </p>
   </div>
   <div class='ocr_carea' id='block_1_7' title="bbox 403 743 2041 816">
    <p class='ocr_par' dir='ltr' id='par_1_7' title="bbox 403 743 2041 816">
     <span class='ocr_line' id='line_1_7' title="bbox 403 743 2041 816; baseline -0.001 -16"><span class='ocrx_word' id='word_1_44' title='bbox 403 750 552 812; x_wconf 89' lang='lat' dir='ltr'>tum,</span> <span class='ocrx_word' id='word_1_45' title='bbox 607 749 665 800; x_wconf 91' lang='lat' dir='ltr'>et</span> <span class='ocrx_word' id='word_1_46' title='bbox 716 743 1094 815; x_wconf 72' lang='lat' dir='ltr'>quaesivimus</span> <span class='ocrx_word' id='word_1_47' title='bbox 1146 744 1216 798; x_wconf 90' lang='lat' dir='ltr'>ab</span> <span class='ocrx_word' id='word_1_48' title='bbox 1249 759 1334 809; x_wconf 93' lang='lat' dir='ltr'>eo,</span> <span class='ocrx_word' id='word_1_49' title='bbox 1369 761 1546 816; x_wconf 86' lang='lat' dir='ltr'>quare</span> <span class='ocrx_word' id='word_1_50' title='bbox 1575 745 1698 814; x_wconf 87' lang='lat' dir='ltr'>ipse</span> <span class='ocrx_word' id='word_1_51' title='bbox 1729 744 2041 799; x_wconf 79' lang='lat' dir='ltr'>dubitaret.</span> 
     </span>
    </p>
   </div>
   <div class='ocr_carea' id='block_1_8' title="bbox 401 832 2046 906">
    <p class='ocr_par' dir='ltr' id='par_1_8' title="bbox 401 832 2046 906">
     <span class='ocr_line' id='line_1_8' title="bbox 401 832 2046 906; baseline -0.001 -17"><span class='ocrx_word' id='word_1_52' title='bbox 401 839 660 906; x_wconf 89' lang='lat' dir='ltr'>Cumque</span> <span class='ocrx_word' id='word_1_53' title='bbox 692 833 906 888; x_wconf 90' lang='lat' dir='ltr'>diceret</span> <span class='ocrx_word' id='word_1_54' title='bbox 936 833 1087 904; x_wconf 87' lang='lat' dir='ltr'>quod</span> <span class='ocrx_word' id='word_1_55' title='bbox 1123 833 1431 904; x_wconf 87' lang='lat' dir='ltr'>episcopus</span> <span class='ocrx_word' id='word_1_56' title='bbox 1463 832 1763 888; x_wconf 88' lang='lat' dir='ltr'>Podiensis</span> <span class='ocrx_word' id='word_1_57' title='bbox 1793 832 1928 889; x_wconf 88' lang='lat' dir='ltr'>inde</span> <span class='ocrx_word' id='word_1_58' title='bbox 1945 834 2046 888; x_wconf 87' lang='lat' dir='ltr'>du-</span> 
     </span>
    </p>
   </div>
   <div class='ocr_carea' id='block_1_9' title="bbox 399 922 2046 994">
    <p class='ocr_par' dir='ltr' id='par_1_9' title="bbox 399 922 2046 994">
     <span class='ocr_line' id='line_1_9' title="bbox 399 922 2046 994; baseline -0.002 -15"><span class='ocrx_word' id='word_1_59' title='bbox 399 923 686 990; x_wconf 82' lang='lat' dir='ltr'>bitaverit,</span> <span class='ocrx_word' id='word_1_60' title='bbox 723 922 1024 994; x_wconf 81' lang='lat' dir='ltr'>respondit</span> <span class='ocrx_word' id='word_1_61' title='bbox 1053 922 1291 993; x_wconf 85' lang='lat' dir='ltr'>quidam</span> <span class='ocrx_word' id='word_1_62' title='bbox 1325 923 1594 977; x_wconf 83' lang='lat' dir='ltr'>sacerdos</span> <span class='ocrx_word' id='word_1_63' title='bbox 1626 923 1828 978; x_wconf 81' lang='lat' dir='ltr'>Petrus</span> <span class='ocrx_word' id='word_1_64' title='bbox 1860 923 2046 977; x_wconf 87' lang='lat' dir='ltr'>nomi-</span> 
     </span>
    </p>
   </div>
   <div class='ocr_carea' id='block_1_10' title="bbox 397 1011 2042 1084">
    <p class='ocr_par' dir='ltr' id='par_1_10' title="bbox 397 1011 2042 1084">
     <span class='ocr_line' id='line_1_10' title="bbox 397 1011 2042 1084; baseline 0 -17"><span class='ocrx_word' id='word_1_65' title='bbox 397 1029 470 1070; x_wconf 87' lang='lat' dir='ltr'>ne</span> <span class='ocrx_word' id='word_1_66' title='bbox 520 1011 840 1068; x_wconf 86' lang='lat' dir='ltr'>Desiderii:</span> <span class='ocrx_word' id='word_1_67' title='bbox 891 1014 1001 1078; x_wconf 87' lang='lat' dir='ltr'>Ego</span> <span class='ocrx_word' id='word_1_68' title='bbox 1046 1019 1161 1082; x_wconf 82' lang='lat' dir='ltr'>post</span> <span class='ocrx_word' id='word_1_69' title='bbox 1207 1013 1416 1066; x_wconf 86' lang='lat' dir='ltr'>obitum</span> <span class='ocrx_word' id='word_1_70' title='bbox 1444 1013 1560 1082; x_wconf 85' lang='lat' dir='ltr'>ejus</span> <span class='ocrx_word' id='word_1_71' title='bbox 1589 1011 1707 1067; x_wconf 85' lang='lat' dir='ltr'>vidi</span> <span class='ocrx_word' id='word_1_72' title='bbox 1734 1015 2042 1084; x_wconf 71' lang='lat' dir='ltr'>episcopum</span> 
     </span>
    </p>
   </div>
   <div class='ocr_carea' id='block_1_11' title="bbox 394 1101 2042 1173">
    <p class='ocr_par' dir='ltr' id='par_1_11' title="bbox 394 1101 2042 1173">
     <span class='ocr_line' id='line_1_11' title="bbox 394 1101 2042 1173; baseline -0.001 -15"><span class='ocrx_word' id='word_1_73' title='bbox 394 1101 732 1169; x_wconf 84' lang='lat' dir='ltr'>Podiensem,</span> <span class='ocrx_word' id='word_1_74' title='bbox 784 1109 834 1155; x_wconf 90' lang='lat' dir='ltr'>et</span> <span class='ocrx_word' id='word_1_75' title='bbox 885 1103 1100 1155; x_wconf 86' lang='lat' dir='ltr'>beatum</span> <span class='ocrx_word' id='word_1_76' title='bbox 1149 1101 1433 1154; x_wconf 72' lang='lat' dir='ltr'>Nicolaum</span> <span class='ocrx_word' id='word_1_77' title='bbox 1480 1118 1605 1155; x_wconf 85' lang='lat' dir='ltr'>cum</span> <span class='ocrx_word' id='word_1_78' title='bbox 1659 1117 1739 1166; x_wconf 90' lang='lat' dir='ltr'>eo,</span> <span class='ocrx_word' id='word_1_79' title='bbox 1795 1106 1850 1155; x_wconf 86' lang='lat' dir='ltr'>et</span> <span class='ocrx_word' id='word_1_80' title='bbox 1909 1105 2042 1173; x_wconf 91' lang='lat' dir='ltr'>post</span> 
     </span>
    </p>
   </div>
   <div class='ocr_carea' id='block_1_12' title="bbox 367 1187 2040 1261">
    <p class='ocr_par' dir='ltr' id='par_1_12' title="bbox 367 1187 2040 1261">
     <span class='ocr_line' id='line_1_12' title="bbox 367 1187 2040 1261; baseline 0.001 -17"><span class='ocrx_word' id='word_1_81' title='bbox 367 1189 580 1245; x_wconf 61' lang='lat' dir='ltr'>&#39;multa</span> <span class='ocrx_word' id='word_1_82' title='bbox 610 1189 744 1256; x_wconf 88' lang='lat' dir='ltr'>alia,</span> <span class='ocrx_word' id='word_1_83' title='bbox 781 1188 925 1243; x_wconf 90' lang='lat' dir='ltr'>dixit</span> <span class='ocrx_word' id='word_1_84' title='bbox 955 1187 1102 1242; x_wconf 87' lang='lat' dir='ltr'>mihi</span> <span class='ocrx_word' id='word_1_85' title='bbox 1131 1188 1470 1260; x_wconf 87' lang='lat' dir='ltr'>episcopus:</span> <span class='ocrx_word' id='word_1_86' title='bbox 1505 1192 1612 1261; x_wconf 89' lang='lat' dir='ltr'>Ego</span> <span class='ocrx_word' id='word_1_87' title='bbox 1640 1207 1764 1245; x_wconf 86' lang='lat' dir='ltr'>sum</span> <span class='ocrx_word' id='word_1_88' title='bbox 1817 1194 1875 1245; x_wconf 89' lang='lat' dir='ltr'>in</span> <span class='ocrx_word' id='word_1_89' title='bbox 1926 1207 2040 1245; x_wconf 80' lang='lat' dir='ltr'>uno</span> 
     </span>
    </p>
   </div>
   <div class='ocr_carea' id='block_1_13' title="bbox 392 1278 2039 1349">
    <p class='ocr_par' dir='ltr' id='par_1_13' title="bbox 392 1278 2039 1349">
     <span class='ocr_line' id='line_1_13' title="bbox 392 1278 2039 1349; baseline 0 -14"><span class='ocrx_word' id='word_1_90' title='bbox 392 1280 551 1335; x_wconf 89' lang='lat' dir='ltr'>choro</span> <span class='ocrx_word' id='word_1_91' title='bbox 575 1296 700 1334; x_wconf 87' lang='lat' dir='ltr'>cum</span> <span class='ocrx_word' id='word_1_92' title='bbox 729 1280 878 1334; x_wconf 88' lang='lat' dir='ltr'>beato</span> <span class='ocrx_word' id='word_1_93' title='bbox 907 1279 1149 1342; x_wconf 84' lang='lat' dir='ltr'>Nicolae,</span> <span class='ocrx_word' id='word_1_94' title='bbox 1183 1278 1274 1333; x_wconf 86' lang='lat' dir='ltr'>sed</span> <span class='ocrx_word' id='word_1_95' title='bbox 1304 1280 1431 1349; x_wconf 89' lang='lat' dir='ltr'>quia</span> <span class='ocrx_word' id='word_1_96' title='bbox 1463 1279 1526 1334; x_wconf 87' lang='lat' dir='ltr'>de</span> <span class='ocrx_word' id='word_1_97' title='bbox 1579 1279 1767 1335; x_wconf 82' lang='lat' dir='ltr'>lancea</span> <span class='ocrx_word' id='word_1_98' title='bbox 1817 1282 2039 1335; x_wconf 86' lang='lat' dir='ltr'>Domini</span> 
     </span>
    </p>
   </div>
   <div class='ocr_carea' id='block_1_14' title="bbox 389 1367 2036 1440">
    <p class='ocr_par' dir='ltr' id='par_1_14' title="bbox 389 1367 2036 1440">
     <span class='ocr_line' id='line_1_14' title="bbox 389 1367 2036 1440; baseline 0.001 -16"><span class='ocrx_word' id='word_1_99' title='bbox 389 1368 658 1435; x_wconf 77' lang='lat' dir='ltr'>dubitavi,</span> <span class='ocrx_word' id='word_1_100' title='bbox 707 1369 804 1440; x_wconf 84' lang='lat' dir='ltr'>qui</span> <span class='ocrx_word' id='word_1_101' title='bbox 845 1370 1087 1423; x_wconf 63' lang='lat' dir='ltr'>maxime</span> <span class='ocrx_word' id='word_1_102' title='bbox 1132 1367 1346 1422; x_wconf 80' lang='lat' dir='ltr'>credere</span> <span class='ocrx_word' id='word_1_103' title='bbox 1392 1367 1714 1433; x_wconf 70' lang='lat' dir='ltr'>debuissem,</span> <span class='ocrx_word' id='word_1_104' title='bbox 1778 1369 2036 1425; x_wconf 86' lang='lat' dir='ltr'>deductus</span> 
     </span>
    </p>
   </div>
   <div class='ocr_carea' id='block_1_15' title="bbox 387 1457 2034 1529">
    <p class='ocr_par' dir='ltr' id='par_1_15' title="bbox 387 1457 2034 1529">
     <span class='ocr_line' id='line_1_15' title="bbox 387 1457 2034 1529; baseline 0 -15"><span class='ocrx_word' id='word_1_105' title='bbox 387 1475 510 1514; x_wconf 82' lang='lat' dir='ltr'>sum</span> <span class='ocrx_word' id='word_1_106' title='bbox 539 1459 598 1513; x_wconf 90' lang='lat' dir='ltr'>in</span> <span class='ocrx_word' id='word_1_107' title='bbox 631 1459 927 1527; x_wconf 63' lang='lat' dir='ltr'>infla-amri,</span> <span class='ocrx_word' id='word_1_108' title='bbox 965 1457 1144 1528; x_wconf 83' lang='lat' dir='ltr'>ibique</span> <span class='ocrx_word' id='word_1_109' title='bbox 1162 1457 1357 1528; x_wconf 76' lang='lat' dir='ltr'>capilli</span> <span class='ocrx_word' id='word_1_110' title='bbox 1374 1459 1500 1520; x_wconf 87' lang='lat' dir='ltr'>mei,</span> <span class='ocrx_word' id='word_1_111' title='bbox 1523 1475 1592 1512; x_wconf 74' lang='lat' dir='ltr'>ar</span> <span class='ocrx_word' id='word_1_112' title='bbox 1612 1459 1711 1513; x_wconf 82' lang='lat' dir='ltr'>hac</span> <span class='ocrx_word' id='word_1_113' title='bbox 1725 1467 1884 1529; x_wconf 80' lang='lat' dir='ltr'>parte</span> <span class='ocrx_word' id='word_1_114' title='bbox 1902 1459 2034 1514; x_wconf 76' lang='lat' dir='ltr'>(lea:-</span> 
     </span>
    </p>
   </div>
   <div class='ocr_carea' id='block_1_16' title="bbox 389 1547 2034 1618">
    <p class='ocr_par' dir='ltr' id='par_1_16' title="bbox 389 1547 2034 1618">
     <span class='ocr_line' id='line_1_16' title="bbox 389 1547 2034 1618; baseline -0.001 -13"><span class='ocrx_word' id='word_1_115' title='bbox 389 1556 503 1605; x_wconf 88' lang='lat' dir='ltr'>tera</span> <span class='ocrx_word' id='word_1_116' title='bbox 529 1549 742 1618; x_wconf 75' lang='lat' dir='ltr'>capitis,</span> <span class='ocrx_word' id='word_1_117' title='bbox 777 1555 827 1601; x_wconf 88' lang='lat' dir='ltr'>et</span> <span class='ocrx_word' id='word_1_118' title='bbox 858 1547 1113 1601; x_wconf 87' lang='lat' dir='ltr'>medietas</span> <span class='ocrx_word' id='word_1_119' title='bbox 1147 1547 1334 1602; x_wconf 75' lang='lat' dir='ltr'>barba:</span> <span class='ocrx_word' id='word_1_120' title='bbox 1360 1549 1638 1602; x_wconf 85' lang='lat' dir='ltr'>combusta</span> <span class='ocrx_word' id='word_1_121' title='bbox 1668 1556 1762 1614; x_wconf 86' lang='lat' dir='ltr'>est,</span> <span class='ocrx_word' id='word_1_122' title='bbox 1797 1557 1850 1602; x_wconf 85' lang='lat' dir='ltr'>et</span> <span class='ocrx_word' id='word_1_123' title='bbox 1907 1547 2034 1604; x_wconf 87' lang='lat' dir='ltr'>licet</span> 
     </span>
    </p>
   </div>
   <div class='ocr_carea' id='block_1_17' title="bbox 389 1636 2030 1711">
    <p class='ocr_par' dir='ltr' id='par_1_17' title="bbox 389 1636 2030 1711">
     <span class='ocr_line' id='line_1_17' title="bbox 389 1636 2030 1711; baseline 0 -17"><span class='ocrx_word' id='word_1_124' title='bbox 389 1639 446 1695; x_wconf 82' lang='lat' dir='ltr'>in</span> <span class='ocrx_word' id='word_1_125' title='bbox 469 1654 627 1711; x_wconf 71' lang='lat' dir='ltr'>paena</span> <span class='ocrx_word' id='word_1_126' title='bbox 659 1652 764 1691; x_wconf 86' lang='lat' dir='ltr'>non</span> <span class='ocrx_word' id='word_1_127' title='bbox 797 1638 921 1702; x_wconf 86' lang='lat' dir='ltr'>sim,</span> <span class='ocrx_word' id='word_1_128' title='bbox 956 1644 1132 1690; x_wconf 88' lang='lat' dir='ltr'>tamen</span> <span class='ocrx_word' id='word_1_129' title='bbox 1165 1636 1313 1690; x_wconf 79' lang='lat' dir='ltr'>clare</span> <span class='ocrx_word' id='word_1_130' title='bbox 1341 1637 1510 1691; x_wconf 90' lang='lat' dir='ltr'>Deum</span> <span class='ocrx_word' id='word_1_131' title='bbox 1541 1636 1719 1692; x_wconf 85' lang='lat' dir='ltr'>videre</span> <span class='ocrx_word' id='word_1_132' title='bbox 1747 1654 1854 1693; x_wconf 90' lang='lat' dir='ltr'>non</span> <span class='ocrx_word' id='word_1_133' title='bbox 1884 1648 2030 1709; x_wconf 87' lang='lat' dir='ltr'>pote-</span> 
     </span>
    </p>
   </div>
   <div class='ocr_carea' id='block_1_18' title="bbox 387 1725 2030 1798">
    <p class='ocr_par' dir='ltr' id='par_1_18' title="bbox 387 1725 2030 1798">
     <span class='ocr_line' id='line_1_18' title="bbox 387 1725 2030 1798; baseline 0 -16"><span class='ocrx_word' id='word_1_134' title='bbox 387 1743 466 1792; x_wconf 91' lang='lat' dir='ltr'>ro,</span> <span class='ocrx_word' id='word_1_135' title='bbox 498 1727 663 1782; x_wconf 87' lang='lat' dir='ltr'>donec</span> <span class='ocrx_word' id='word_1_136' title='bbox 691 1726 882 1798; x_wconf 84' lang='lat' dir='ltr'>capilli</span> <span class='ocrx_word' id='word_1_137' title='bbox 911 1733 962 1780; x_wconf 90' lang='lat' dir='ltr'>et</span> <span class='ocrx_word' id='word_1_138' title='bbox 994 1725 1160 1782; x_wconf 87' lang='lat' dir='ltr'>barba</span> <span class='ocrx_word' id='word_1_139' title='bbox 1190 1727 1330 1782; x_wconf 87' lang='lat' dir='ltr'>sicut</span> <span class='ocrx_word' id='word_1_140' title='bbox 1361 1734 1488 1780; x_wconf 83' lang='lat' dir='ltr'>ante</span> <span class='ocrx_word' id='word_1_141' title='bbox 1505 1727 1728 1798; x_wconf 79' lang='lat' dir='ltr'>fuerant</span> <span class='ocrx_word' id='word_1_142' title='bbox 1748 1727 1889 1782; x_wconf 87' lang='lat' dir='ltr'>mihi</span> <span class='ocrx_word' id='word_1_143' title='bbox 1906 1744 2030 1782; x_wconf 87' lang='lat' dir='ltr'>suc-</span> 
     </span>
    </p>
   </div>
   <div class='ocr_carea' id='block_1_19' title="bbox 384 1817 671 1872">
    <p class='ocr_par' dir='ltr' id='par_1_19' title="bbox 384 1817 671 1872">
     <span class='ocr_line' id='line_1_19' title="bbox 384 1817 671 1872; baseline -0.01 0"><span class='ocrx_word' id='word_1_144' title='bbox 384 1817 671 1872; x_wconf 88' lang='lat' dir='ltr'>creverint.</span> 
     </span>
    </p>
   </div>
   <div class='ocr_carea' id='block_1_20' title="bbox 947 1905 1462 1961">
    <p class='ocr_par' dir='ltr' id='par_1_20' title="bbox 947 1905 1462 1961">
     <span class='ocr_line' id='line_1_20' title="bbox 947 1905 1462 1961; baseline 0.002 -1"><span class='ocrx_word' id='word_1_145' title='bbox 947 1905 1179 1960; x_wconf 85' lang='lat' dir='ltr'><strong>CAPUT</strong></span> <span class='ocrx_word' id='word_1_146' title='bbox 1219 1905 1462 1961; x_wconf 76' lang='lat' dir='ltr'><strong>XXVIII.</strong></span> 
     </span>
    </p>
   </div>
   <div class='ocr_carea' id='block_1_21' title="bbox 457 1994 2028 2068">
    <p class='ocr_par' dir='ltr' id='par_1_21' title="bbox 457 1994 2028 2068">
     <span class='ocr_line' id='line_1_21' title="bbox 457 1994 2028 2068; baseline -0.001 -16"><span class='ocrx_word' id='word_1_147' title='bbox 457 1996 586 2052; x_wconf 74' lang='lat' dir='ltr'>Hzec</span> <span class='ocrx_word' id='word_1_148' title='bbox 616 1999 670 2052; x_wconf 86' lang='lat' dir='ltr'>et</span> <span class='ocrx_word' id='word_1_149' title='bbox 705 1995 888 2050; x_wconf 87' lang='lat' dir='ltr'>multa</span> <span class='ocrx_word' id='word_1_150' title='bbox 916 1994 1028 2050; x_wconf 88' lang='lat' dir='ltr'>alia</span> <span class='ocrx_word' id='word_1_151' title='bbox 1058 2012 1125 2050; x_wconf 86' lang='lat' dir='ltr'>ex</span> <span class='ocrx_word' id='word_1_152' title='bbox 1154 1999 1315 2066; x_wconf 86' lang='lat' dir='ltr'>parte</span> <span class='ocrx_word' id='word_1_153' title='bbox 1340 1995 2028 2068; x_wconf 74' lang='lat' dir='ltr'>Dei,prtedixitsacerdos</span> 
     </span>
    </p>
   </div>
   <div class='ocr_carea' id='block_1_22' title="bbox 382 2084 2027 2158">
    <p class='ocr_par' dir='ltr' id='par_1_22' title="bbox 382 2084 2027 2158">
     <span class='ocr_line' id='line_1_22' title="bbox 382 2084 2027 2158; baseline -0.002 -15"><span class='ocrx_word' id='word_1_154' title='bbox 382 2086 492 2143; x_wconf 83' lang='lat' dir='ltr'>iste</span> <span class='ocrx_word' id='word_1_155' title='bbox 523 2103 650 2158; x_wconf 77' lang='lat' dir='ltr'>quae</span> <span class='ocrx_word' id='word_1_156' title='bbox 683 2089 882 2158; x_wconf 88' lang='lat' dir='ltr'>postea</span> <span class='ocrx_word' id='word_1_157' title='bbox 913 2084 1082 2139; x_wconf 90' lang='lat' dir='ltr'>nobis</span> <span class='ocrx_word' id='word_1_158' title='bbox 1113 2089 1455 2152; x_wconf 82' lang='lat' dir='ltr'>evenerunt;</span> <span class='ocrx_word' id='word_1_159' title='bbox 1490 2087 1588 2140; x_wconf 89' lang='lat' dir='ltr'>sed</span> <span class='ocrx_word' id='word_1_160' title='bbox 1624 2085 1744 2140; x_wconf 63' lang='lat' dir='ltr'>haec</span> <span class='ocrx_word' id='word_1_161' title='bbox 1776 2102 1881 2140; x_wconf 90' lang='lat' dir='ltr'>suo</span> <span class='ocrx_word' id='word_1_162' title='bbox 1903 2085 2027 2140; x_wconf 90' lang='lat' dir='ltr'>loco</span> 
     </span>
    </p>
   </div>
   <div class='ocr_carea' id='block_1_23' title="bbox 341 2173 2023 2248">
    <p class='ocr_par' dir='ltr' id='par_1_23' title="bbox 341 2173 2023 2248">
     <span class='ocr_line' id='line_1_23' title="bbox 341 2173 2023 2248; baseline -0.002 -17"><span class='ocrx_word' id='word_1_163' title='bbox 341 2238 346 2240; x_wconf 96' lang='lat'>_</span> <span class='ocrx_word' id='word_1_164' title='bbox 382 2174 496 2232; x_wconf 87' lang='lat' dir='ltr'>dici</span> <span class='ocrx_word' id='word_1_165' title='bbox 548 2178 838 2248; x_wconf 87' lang='lat' dir='ltr'>poterunt.</span> <span class='ocrx_word' id='word_1_166' title='bbox 890 2173 1148 2228; x_wconf 88' lang='lat' dir='ltr'>Accessit</span> <span class='ocrx_word' id='word_1_167' title='bbox 1191 2178 1248 2228; x_wconf 93' lang='lat' dir='ltr'>et</span> <span class='ocrx_word' id='word_1_168' title='bbox 1277 2173 1427 2228; x_wconf 89' lang='lat' dir='ltr'>alius</span> <span class='ocrx_word' id='word_1_169' title='bbox 1459 2173 1698 2245; x_wconf 87' lang='lat' dir='ltr'>quidam</span> <span class='ocrx_word' id='word_1_170' title='bbox 1732 2175 2023 2241; x_wconf 85' lang='lat' dir='ltr'>sacerdos,</span> 
     </span>
    </p>
   </div>
   <div class='ocr_carea' id='block_1_24' title="bbox 383 2263 2028 2335">
    <p class='ocr_par' dir='ltr' id='par_1_24' title="bbox 383 2263 2028 2335">
     <span class='ocr_line' id='line_1_24' title="bbox 383 2263 2028 2335; baseline -0.001 -15"><span class='ocrx_word' id='word_1_171' title='bbox 383 2265 679 2320; x_wconf 85' lang='lat' dir='ltr'>Ebrardus</span> <span class='ocrx_word' id='word_1_172' title='bbox 727 2263 982 2331; x_wconf 86' lang='lat' dir='ltr'>nomine,</span> <span class='ocrx_word' id='word_1_173' title='bbox 1033 2267 1089 2318; x_wconf 90' lang='lat' dir='ltr'>et</span> <span class='ocrx_word' id='word_1_174' title='bbox 1136 2263 1317 2318; x_wconf 93' lang='lat' dir='ltr'>dixit:</span> <span class='ocrx_word' id='word_1_175' title='bbox 1369 2266 1442 2318; x_wconf 89' lang='lat' dir='ltr'>Eo</span> <span class='ocrx_word' id='word_1_176' title='bbox 1469 2272 1706 2335; x_wconf 89' lang='lat' dir='ltr'>tempore</span> <span class='ocrx_word' id='word_1_177' title='bbox 1735 2280 1838 2335; x_wconf 86' lang='lat' dir='ltr'>quo</span> <span class='ocrx_word' id='word_1_178' title='bbox 1871 2266 2028 2319; x_wconf 87' lang='lat' dir='ltr'>Turci</span> 
     </span>
    </p>
   </div>
   <div class='ocr_carea' id='block_1_25' title="bbox 379 2353 2026 2424">
    <p class='ocr_par' dir='ltr' id='par_1_25' title="bbox 379 2353 2026 2424">
     <span class='ocr_line' id='line_1_25' title="bbox 379 2353 2026 2424; baseline -0.001 -14"><span class='ocrx_word' id='word_1_179' title='bbox 379 2353 698 2411; x_wconf 81' lang='lat' dir='ltr'>obsidebant</span> <span class='ocrx_word' id='word_1_180' title='bbox 725 2355 1024 2408; x_wconf 66' lang='lat' dir='ltr'>exercitum</span> <span class='ocrx_word' id='word_1_181' title='bbox 1055 2361 1300 2407; x_wconf 89' lang='lat' dir='ltr'>nostrum</span> <span class='ocrx_word' id='word_1_182' title='bbox 1330 2355 1481 2424; x_wconf 90' lang='lat' dir='ltr'>infra</span> <span class='ocrx_word' id='word_1_183' title='bbox 1522 2354 1884 2418; x_wconf 82' lang='lat' dir='ltr'>Antiochiam,</span> <span class='ocrx_word' id='word_1_184' title='bbox 1931 2370 2026 2422; x_wconf 92' lang='lat' dir='ltr'>ego</span> 
     </span>
    </p>
   </div>
   <div class='ocr_carea' id='block_1_26' title="bbox 380 2443 2026 2514">
    <p class='ocr_par' dir='ltr' id='par_1_26' title="bbox 380 2443 2026 2514">
     <span class='ocr_line' id='line_1_26' title="bbox 380 2443 2026 2514; baseline -0.001 -16"><span class='ocrx_word' id='word_1_185' title='bbox 380 2459 535 2499; x_wconf 87' lang='lat' dir='ltr'>eram</span> <span class='ocrx_word' id='word_1_186' title='bbox 587 2443 834 2514; x_wconf 86' lang='lat' dir='ltr'>Tripolis.</span> <span class='ocrx_word' id='word_1_187' title='bbox 890 2443 1145 2497; x_wconf 76' lang='lat' dir='ltr'>Veneram</span> <span class='ocrx_word' id='word_1_188' title='bbox 1188 2444 1337 2496; x_wconf 88' lang='lat' dir='ltr'>enim</span> <span class='ocrx_word' id='word_1_189' title='bbox 1367 2443 1503 2497; x_wconf 88' lang='lat' dir='ltr'>illuc</span> <span class='ocrx_word' id='word_1_190' title='bbox 1527 2453 1653 2498; x_wconf 89' lang='lat' dir='ltr'>ante</span> <span class='ocrx_word' id='word_1_191' title='bbox 1681 2451 1897 2514; x_wconf 83' lang='lat' dir='ltr'>captam</span> <span class='ocrx_word' id='word_1_192' title='bbox 1923 2444 2026 2497; x_wconf 82' lang='lat' dir='ltr'>An.-</span> 
     </span>
    </p>
   </div>
   <div class='ocr_carea' id='block_1_27' title="bbox 381 2531 2024 2603">
    <p class='ocr_par' dir='ltr' id='par_1_27' title="bbox 381 2531 2024 2603">
     <span class='ocr_line' id='line_1_27' title="bbox 381 2531 2024 2603; baseline -0.002 -15"><span class='ocrx_word' id='word_1_193' title='bbox 381 2531 664 2597; x_wconf 87' lang='lat' dir='ltr'>tiochiam,</span> <span class='ocrx_word' id='word_1_194' title='bbox 693 2548 792 2603; x_wconf 87' lang='lat' dir='ltr'>pro</span> <span class='ocrx_word' id='word_1_195' title='bbox 821 2533 953 2586; x_wconf 69' lang='lat' dir='ltr'>vita?</span> <span class='ocrx_word' id='word_1_196' title='bbox 979 2546 1118 2586; x_wconf 68' lang='lat' dir='ltr'>mea?</span> <span class='ocrx_word' id='word_1_197' title='bbox 1144 2533 1484 2586; x_wconf 79' lang='lat' dir='ltr'>necessariis.</span> <span class='ocrx_word' id='word_1_198' title='bbox 1522 2533 1654 2586; x_wconf 86' lang='lat' dir='ltr'>Cum</span> <span class='ocrx_word' id='word_1_199' title='bbox 1685 2549 1806 2588; x_wconf 70' lang='lat' dir='ltr'>vero</span> <span class='ocrx_word' id='word_1_200' title='bbox 1839 2532 2024 2587; x_wconf 84' lang='lat' dir='ltr'>audis-</span> 
     </span>
    </p>
   </div>
   <div class='ocr_carea' id='block_1_28' title="bbox 377 2620 2025 2692">
    <p class='ocr_par' dir='ltr' id='par_1_28' title="bbox 377 2620 2025 2692">
     <span class='ocr_line' id='line_1_28' title="bbox 377 2620 2025 2692; baseline -0.001 -15"><span class='ocrx_word' id='word_1_201' title='bbox 377 2639 492 2677; x_wconf 83' lang='lat' dir='ltr'>sem</span> <span class='ocrx_word' id='word_1_202' title='bbox 538 2620 680 2692; x_wconf 86' lang='lat' dir='ltr'>quod</span> <span class='ocrx_word' id='word_1_203' title='bbox 729 2621 1020 2674; x_wconf 60' lang='lat' dir='ltr'>Antiochia</span> <span class='ocrx_word' id='word_1_204' title='bbox 1067 2629 1224 2691; x_wconf 83' lang='lat' dir='ltr'>capta</span> <span class='ocrx_word' id='word_1_205' title='bbox 1274 2627 1424 2684; x_wconf 83' lang='lat' dir='ltr'>esset,</span> <span class='ocrx_word' id='word_1_206' title='bbox 1474 2629 1523 2675; x_wconf 88' lang='lat' dir='ltr'>et</span> <span class='ocrx_word' id='word_1_207' title='bbox 1566 2623 1739 2675; x_wconf 84' lang='lat' dir='ltr'>nostri</span> <span class='ocrx_word' id='word_1_208' title='bbox 1768 2623 1845 2676; x_wconf 86' lang='lat' dir='ltr'>ita</span> <span class='ocrx_word' id='word_1_209' title='bbox 1876 2624 2025 2676; x_wconf 83' lang='lat' dir='ltr'>intus</span> 
     </span>
    </p>
   </div>
   <div class='ocr_carea' id='block_1_29' title="bbox 381 2709 2022 2781">
    <p class='ocr_par' dir='ltr' id='par_1_29' title="bbox 381 2709 2022 2781">
     <span class='ocr_line' id='line_1_29' title="bbox 381 2709 2022 2781; baseline -0.001 -15"><span class='ocrx_word' id='word_1_210' title='bbox 381 2717 692 2766; x_wconf 83' lang='lat' dir='ltr'>tenerentur</span> <span class='ocrx_word' id='word_1_211' title='bbox 720 2711 920 2765; x_wconf 86' lang='lat' dir='ltr'>obsessi</span> <span class='ocrx_word' id='word_1_212' title='bbox 949 2716 1010 2763; x_wconf 89' lang='lat' dir='ltr'>ut</span> <span class='ocrx_word' id='word_1_213' title='bbox 1037 2709 1229 2763; x_wconf 88' lang='lat' dir='ltr'>nullus</span> <span class='ocrx_word' id='word_1_214' title='bbox 1259 2709 1477 2778; x_wconf 85' lang='lat' dir='ltr'>ingredi</span> <span class='ocrx_word' id='word_1_215' title='bbox 1507 2710 1588 2764; x_wconf 81' lang='lat' dir='ltr'>vel</span> <span class='ocrx_word' id='word_1_216' title='bbox 1617 2710 1799 2781; x_wconf 80' lang='lat' dir='ltr'>egredi</span> <span class='ocrx_word' id='word_1_217' title='bbox 1826 2710 1890 2764; x_wconf 86' lang='lat' dir='ltr'>de</span> <span class='ocrx_word' id='word_1_218' title='bbox 1928 2727 2022 2765; x_wconf 89' lang='lat' dir='ltr'>no-</span> 
     </span>
    </p>
   </div>
   <div class='ocr_carea' id='block_1_30' title="bbox 375 2796 2025 2870">
    <p class='ocr_par' dir='ltr' id='par_1_30' title="bbox 375 2796 2025 2870">
     <span class='ocr_line' id='line_1_30' title="bbox 375 2796 2025 2870; baseline -0.002 -14"><span class='ocrx_word' id='word_1_219' title='bbox 375 2803 506 2856; x_wconf 82' lang='lat' dir='ltr'>stris</span> <span class='ocrx_word' id='word_1_220' title='bbox 552 2798 794 2862; x_wconf 86' lang='lat' dir='ltr'>auderet,</span> <span class='ocrx_word' id='word_1_221' title='bbox 847 2806 898 2854; x_wconf 87' lang='lat' dir='ltr'>et</span> <span class='ocrx_word' id='word_1_222' title='bbox 943 2798 1119 2852; x_wconf 81' lang='lat' dir='ltr'>multa</span> <span class='ocrx_word' id='word_1_223' title='bbox 1167 2798 1318 2852; x_wconf 87' lang='lat' dir='ltr'>mala</span> <span class='ocrx_word' id='word_1_224' title='bbox 1365 2796 1488 2852; x_wconf 88' lang='lat' dir='ltr'>alia</span> <span class='ocrx_word' id='word_1_225' title='bbox 1519 2814 1646 2870; x_wconf 68' lang='lat' dir='ltr'>qua:</span> <span class='ocrx_word' id='word_1_226' title='bbox 1675 2800 1896 2854; x_wconf 80' lang='lat' dir='ltr'>obsessis</span> <span class='ocrx_word' id='word_1_227' title='bbox 1928 2801 2025 2853; x_wconf 86' lang='lat' dir='ltr'>im-</span> 
     </span>
    </p>
   </div>
   <div class='ocr_carea' id='block_1_31' title="bbox 377 2889 2026 2959">
    <p class='ocr_par' dir='ltr' id='par_1_31' title="bbox 377 2889 2026 2959">
     <span class='ocr_line' id='line_1_31' title="bbox 377 2889 2026 2959; baseline -0.001 -14"><span class='ocrx_word' id='word_1_228' title='bbox 377 2891 678 2953; x_wconf 86' lang='lat' dir='ltr'>minebant,</span> <span class='ocrx_word' id='word_1_229' title='bbox 729 2897 780 2943; x_wconf 88' lang='lat' dir='ltr'>et</span> <span class='ocrx_word' id='word_1_230' title='bbox 819 2889 1049 2959; x_wconf 72' lang='lat' dir='ltr'>plu—rina</span> <span class='ocrx_word' id='word_1_231' title='bbox 1093 2889 1256 2958; x_wconf 88' lang='lat' dir='ltr'>falsa,</span> <span class='ocrx_word' id='word_1_232' title='bbox 1308 2904 1433 2958; x_wconf 65' lang='lat' dir='ltr'>quae</span> <span class='ocrx_word' id='word_1_233' title='bbox 1469 2889 1764 2944; x_wconf 86' lang='lat' dir='ltr'>Sarraceni</span> <span class='ocrx_word' id='word_1_234' title='bbox 1791 2898 1840 2943; x_wconf 85' lang='lat' dir='ltr'>et</span> <span class='ocrx_word' id='word_1_235' title='bbox 1868 2891 2026 2944; x_wconf 85' lang='lat' dir='ltr'>Turci</span> 
     </span>
    </p>
   </div>
   <div class='ocr_carea' id='block_1_32' title="bbox 378 2977 2023 3045">
    <p class='ocr_par' dir='ltr' id='par_1_32' title="bbox 378 2977 2023 3045">
     <span class='ocr_line' id='line_1_32' title="bbox 378 2977 2023 3045; baseline -0.002 -10"><span class='ocrx_word' id='word_1_236' title='bbox 378 2980 519 3035; x_wconf 88' lang='lat' dir='ltr'>veris</span> <span class='ocrx_word' id='word_1_237' title='bbox 567 2978 732 3033; x_wconf 87' lang='lat' dir='ltr'>malis</span> <span class='ocrx_word' id='word_1_238' title='bbox 783 2977 1069 3040; x_wconf 82' lang='lat' dir='ltr'>addebant,</span> <span class='ocrx_word' id='word_1_239' title='bbox 1120 2977 1184 3032; x_wconf 85' lang='lat' dir='ltr'>de</span> <span class='ocrx_word' id='word_1_240' title='bbox 1212 2979 1325 3031; x_wconf 84' lang='lat' dir='ltr'>vita</span> <span class='ocrx_word' id='word_1_241' title='bbox 1354 2993 1473 3032; x_wconf 88' lang='lat' dir='ltr'>mea</span> <span class='ocrx_word' id='word_1_242' title='bbox 1503 2977 1722 3045; x_wconf 81' lang='lat' dir='ltr'>dubius,</span> <span class='ocrx_word' id='word_1_243' title='bbox 1755 2977 1824 3032; x_wconf 88' lang='lat' dir='ltr'>ad</span> <span class='ocrx_word' id='word_1_244' title='bbox 1854 2979 2023 3033; x_wconf 81' lang='lat' dir='ltr'>eccle-</span> 
     </span>
    </p>
   </div>
   <div class='ocr_carea' id='block_1_33' title="bbox 373 3067 2024 3139">
    <p class='ocr_par' dir='ltr' id='par_1_33' title="bbox 373 3067 2024 3139">
     <span class='ocr_line' id='line_1_33' title="bbox 373 3067 2024 3139; baseline -0.001 -16"><span class='ocrx_word' id='word_1_245' title='bbox 373 3071 518 3123; x_wconf 83' lang='lat' dir='ltr'>siam</span> <span class='ocrx_word' id='word_1_246' title='bbox 563 3067 856 3139; x_wconf 81' lang='lat' dir='ltr'>quamdam</span> <span class='ocrx_word' id='word_1_247' title='bbox 883 3068 1122 3138; x_wconf 88' lang='lat' dir='ltr'>confugi.</span> <span class='ocrx_word' id='word_1_248' title='bbox 1156 3068 1247 3122; x_wconf 83' lang='lat' dir='ltr'>Ibi</span> <span class='ocrx_word' id='word_1_249' title='bbox 1293 3075 1418 3121; x_wconf 84' lang='lat' dir='ltr'>ante</span> <span class='ocrx_word' id='word_1_250' title='bbox 1471 3067 1808 3138; x_wconf 77' lang='lat' dir='ltr'>majestatem</span> <span class='ocrx_word' id='word_1_251' title='bbox 1836 3084 2024 3138; x_wconf 87' lang='lat' dir='ltr'>quam-</span> 
     </span>
    </p>
   </div>
   <div class='ocr_carea' id='block_1_34' title="bbox 376 3157 2019 3228">
    <p class='ocr_par' dir='ltr' id='par_1_34' title="bbox 376 3157 2019 3228">
     <span class='ocr_line' id='line_1_34' title="bbox 376 3157 2019 3228; baseline 0 -16"><span class='ocrx_word' id='word_1_252' title='bbox 376 3157 504 3213; x_wconf 86' lang='lat' dir='ltr'>dam</span> <span class='ocrx_word' id='word_1_253' title='bbox 550 3158 744 3212; x_wconf 79' lang='lat' dir='ltr'>matris</span> <span class='ocrx_word' id='word_1_254' title='bbox 793 3158 1015 3212; x_wconf 85' lang='lat' dir='ltr'>Domini</span> <span class='ocrx_word' id='word_1_255' title='bbox 1056 3157 1344 3226; x_wconf 83' lang='lat' dir='ltr'>procubui,</span> <span class='ocrx_word' id='word_1_256' title='bbox 1375 3157 1738 3228; x_wconf 84' lang='lat' dir='ltr'>lacrymisque</span> <span class='ocrx_word' id='word_1_257' title='bbox 1766 3166 1815 3212; x_wconf 89' lang='lat' dir='ltr'>et</span> <span class='ocrx_word' id='word_1_258' title='bbox 1840 3159 2019 3228; x_wconf 84' lang='lat' dir='ltr'>preci-</span> 
     </span>
    </p>
   </div>
   <div class='ocr_carea' id='block_1_35' title="bbox 2156 567 3808 637">
    <p class='ocr_par' dir='ltr' id='par_1_35' title="bbox 2156 567 3808 637">
     <span class='ocr_line' id='line_1_35' title="bbox 2156 567 3808 637; baseline 0.006 -15"><span class='ocrx_word' id='word_1_259' title='bbox 2156 567 2318 635; x_wconf 84' lang='lat' dir='ltr'>tatis,</span> <span class='ocrx_word' id='word_1_260' title='bbox 2348 567 2448 636; x_wconf 82' lang='lat' dir='ltr'>fiat</span> <span class='ocrx_word' id='word_1_261' title='bbox 2479 567 2651 637; x_wconf 86' lang='lat' dir='ltr'>ignis,</span> <span class='ocrx_word' id='word_1_262' title='bbox 2687 577 2740 623; x_wconf 87' lang='lat' dir='ltr'>et</span> <span class='ocrx_word' id='word_1_263' title='bbox 2769 569 2828 623; x_wconf 89' lang='lat' dir='ltr'>in</span> <span class='ocrx_word' id='word_1_264' title='bbox 2861 569 2971 623; x_wconf 87' lang='lat' dir='ltr'>Dei</span> <span class='ocrx_word' id='word_1_265' title='bbox 2996 569 3317 635; x_wconf 84' lang='lat' dir='ltr'>nomine,et</span> <span class='ocrx_word' id='word_1_266' title='bbox 3331 572 3808 632; x_wconf 86' lang='lat' dir='ltr'>horumtestimo-</span> 
     </span>
    </p>
   </div>
   <div class='ocr_carea' id='block_1_36' title="bbox 2151 657 3807 725">
    <p class='ocr_par' dir='ltr' id='par_1_36' title="bbox 2151 657 3807 725">
     <span class='ocr_line' id='line_1_36' title="bbox 2151 657 3807 725; baseline 0.004 -15"><span class='ocrx_word' id='word_1_267' title='bbox 2151 657 2266 720; x_wconf 89' lang='lat' dir='ltr'>nio,</span> <span class='ocrx_word' id='word_1_268' title='bbox 2310 658 2578 712; x_wconf 84' lang='lat' dir='ltr'>transibo</span> <span class='ocrx_word' id='word_1_269' title='bbox 2607 673 2712 725; x_wconf 88' lang='lat' dir='ltr'>per</span> <span class='ocrx_word' id='word_1_270' title='bbox 2742 657 3017 712; x_wconf 80' lang='lat' dir='ltr'>medium.</span> <span class='ocrx_word' id='word_1_271' title='bbox 3048 658 3309 714; x_wconf 86' lang='lat' dir='ltr'>Accessit</span> <span class='ocrx_word' id='word_1_272' title='bbox 3339 662 3398 714; x_wconf 89' lang='lat' dir='ltr'>et</span> <span class='ocrx_word' id='word_1_273' title='bbox 3427 657 3578 716; x_wconf 82' lang='lat' dir='ltr'>alius</span> <span class='ocrx_word' id='word_1_274' title='bbox 3611 676 3807 718; x_wconf 82' lang='lat' dir='ltr'>sacer-</span> 
     </span>
    </p>
   </div>
   <div class='ocr_carea' id='block_1_37' title="bbox 2153 745 3808 818">
    <p class='ocr_par' dir='ltr' id='par_1_37' title="bbox 2153 745 3808 818">
     <span class='ocr_line' id='line_1_37' title="bbox 2153 745 3808 818; baseline 0.005 -19"><span class='ocrx_word' id='word_1_275' title='bbox 2153 745 2278 811; x_wconf 91' lang='lat' dir='ltr'>dos,</span> <span class='ocrx_word' id='word_1_276' title='bbox 2312 745 2546 801; x_wconf 87' lang='lat' dir='ltr'>nomine</span> <span class='ocrx_word' id='word_1_277' title='bbox 2577 745 2932 818; x_wconf 85' lang='lat' dir='ltr'>Stephanus,</span> <span class='ocrx_word' id='word_1_278' title='bbox 2965 746 3311 818; x_wconf 84' lang='lat' dir='ltr'>cognomine</span> <span class='ocrx_word' id='word_1_279' title='bbox 3327 747 3696 818; x_wconf 83' lang='lat' dir='ltr'>Valentinus,</span> <span class='ocrx_word' id='word_1_280' title='bbox 3716 749 3808 808; x_wconf 84' lang='lat' dir='ltr'>vir</span> 
     </span>
    </p>
   </div>
   <div class='ocr_carea' id='block_1_38' title="bbox 2153 834 3803 907">
    <p class='ocr_par' dir='ltr' id='par_1_38' title="bbox 2153 834 3803 907">
     <span class='ocr_line' id='line_1_38' title="bbox 2153 834 3803 907; baseline 0.005 -19"><span class='ocrx_word' id='word_1_281' title='bbox 2153 834 2351 906; x_wconf 88' lang='lat' dir='ltr'>magni</span> <span class='ocrx_word' id='word_1_282' title='bbox 2383 835 2726 903; x_wconf 85' lang='lat' dir='ltr'>testimonii,</span> <span class='ocrx_word' id='word_1_283' title='bbox 2758 840 2815 890; x_wconf 89' lang='lat' dir='ltr'>et</span> <span class='ocrx_word' id='word_1_284' title='bbox 2843 835 3006 891; x_wconf 64' lang='lat' dir='ltr'>bona</span> <span class='ocrx_word' id='word_1_285' title='bbox 3037 835 3184 892; x_wconf 68' lang='lat' dir='ltr'>vitaz:</span> <span class='ocrx_word' id='word_1_286' title='bbox 3219 840 3276 894; x_wconf 89' lang='lat' dir='ltr'>et</span> <span class='ocrx_word' id='word_1_287' title='bbox 3304 835 3471 892; x_wconf 83' lang='lat' dir='ltr'>dixit:</span> <span class='ocrx_word' id='word_1_288' title='bbox 3503 842 3634 907; x_wconf 86' lang='lat' dir='ltr'>Ipse</span> <span class='ocrx_word' id='word_1_289' title='bbox 3693 844 3803 895; x_wconf 92' lang='lat' dir='ltr'>Do-</span> 
     </span>
    </p>
   </div>
   <div class='ocr_carea' id='block_1_39' title="bbox 2150 923 3802 999">
    <p class='ocr_par' dir='ltr' id='par_1_39' title="bbox 2150 923 3802 999">
     <span class='ocr_line' id='line_1_39' title="bbox 2150 923 3802 999; baseline 0.005 -23"><span class='ocrx_word' id='word_1_290' title='bbox 2150 923 2338 978; x_wconf 83' lang='lat' dir='ltr'>minus</span> <span class='ocrx_word' id='word_1_291' title='bbox 2368 928 2534 980; x_wconf 84' lang='lat' dir='ltr'>Jesus</span> <span class='ocrx_word' id='word_1_292' title='bbox 2565 924 2790 979; x_wconf 89' lang='lat' dir='ltr'>locutus</span> <span class='ocrx_word' id='word_1_293' title='bbox 2820 933 2905 979; x_wconf 91' lang='lat' dir='ltr'>est</span> <span class='ocrx_word' id='word_1_294' title='bbox 2937 925 3077 981; x_wconf 84' lang='lat' dir='ltr'>mihi</span> <span class='ocrx_word' id='word_1_295' title='bbox 3105 926 3167 981; x_wconf 91' lang='lat' dir='ltr'>in</span> <span class='ocrx_word' id='word_1_296' title='bbox 3180 925 3305 994; x_wconf 90' lang='lat' dir='ltr'>ipso</span> <span class='ocrx_word' id='word_1_297' title='bbox 3314 925 3802 999; x_wconf 85' lang='lat' dir='ltr'>fervoretribula-</span> 
     </span>
    </p>
   </div>
   <div class='ocr_carea' id='block_1_40' title="bbox 2147 1011 3802 1084">
    <p class='ocr_par' dir='ltr' id='par_1_40' title="bbox 2147 1011 3802 1084">
     <span class='ocr_line' id='line_1_40' title="bbox 2147 1011 3802 1084; baseline 0.005 -19"><span class='ocrx_word' id='word_1_298' title='bbox 2147 1011 2318 1068; x_wconf 83' lang='lat' dir='ltr'>tionis</span> <span class='ocrx_word' id='word_1_299' title='bbox 2347 1028 2471 1084; x_wconf 72' lang='lat' dir='ltr'>qua:</span> <span class='ocrx_word' id='word_1_300' title='bbox 2497 1013 2614 1084; x_wconf 86' lang='lat' dir='ltr'>fuit</span> <span class='ocrx_word' id='word_1_301' title='bbox 2640 1013 2798 1082; x_wconf 87' lang='lat' dir='ltr'>apud</span> <span class='ocrx_word' id='word_1_302' title='bbox 2825 1011 3206 1082; x_wconf 83' lang='lat' dir='ltr'>Antiochiam,</span> <span class='ocrx_word' id='word_1_303' title='bbox 3237 1024 3293 1070; x_wconf 90' lang='lat' dir='ltr'>et</span> <span class='ocrx_word' id='word_1_304' title='bbox 3333 1015 3603 1083; x_wconf 80' lang='lat' dir='ltr'>promisit</span> <span class='ocrx_word' id='word_1_305' title='bbox 3651 1017 3802 1074; x_wconf 78' lang='lat' dir='ltr'>mihi</span> 
     </span>
    </p>
   </div>
   <div class='ocr_carea' id='block_1_41' title="bbox 2145 1103 3798 1177">
    <p class='ocr_par' dir='ltr' id='par_1_41' title="bbox 2145 1103 3798 1177">
     <span class='ocr_line' id='line_1_41' title="bbox 2145 1103 3798 1177; baseline 0.006 -23"><span class='ocrx_word' id='word_1_306' title='bbox 2145 1114 2346 1154; x_wconf 82' lang='lat' dir='ltr'>coram</span> <span class='ocrx_word' id='word_1_307' title='bbox 2373 1113 2560 1155; x_wconf 91' lang='lat' dir='ltr'>matre</span> <span class='ocrx_word' id='word_1_308' title='bbox 2576 1117 2704 1166; x_wconf 88' lang='lat' dir='ltr'>sua,</span> <span class='ocrx_word' id='word_1_309' title='bbox 2724 1103 3050 1158; x_wconf 86' lang='lat' dir='ltr'>beatissima</span> <span class='ocrx_word' id='word_1_310' title='bbox 3067 1103 3291 1174; x_wconf 82' lang='lat' dir='ltr'>virgine</span> <span class='ocrx_word' id='word_1_311' title='bbox 3303 1104 3527 1162; x_wconf 85' lang='lat' dir='ltr'>Maria:</span> <span class='ocrx_word' id='word_1_312' title='bbox 3541 1107 3715 1177; x_wconf 86' lang='lat' dir='ltr'>quod,</span> <span class='ocrx_word' id='word_1_313' title='bbox 3738 1107 3798 1164; x_wconf 86' lang='lat' dir='ltr'>in</span> 
     </span>
    </p>
   </div>
   <div class='ocr_carea' id='block_1_42' title="bbox 2145 1189 3798 1264">
    <p class='ocr_par' dir='ltr' id='par_1_42' title="bbox 2145 1189 3798 1264">
     <span class='ocr_line' id='line_1_42' title="bbox 2145 1189 3798 1264; baseline 0.007 -20"><span class='ocrx_word' id='word_1_314' title='bbox 2145 1189 2345 1260; x_wconf 87' lang='lat' dir='ltr'>quinta</span> <span class='ocrx_word' id='word_1_315' title='bbox 2375 1191 2467 1245; x_wconf 89' lang='lat' dir='ltr'>die</span> <span class='ocrx_word' id='word_1_316' title='bbox 2478 1207 2600 1263; x_wconf 69' lang='lat' dir='ltr'>qua</span> <span class='ocrx_word' id='word_1_317' title='bbox 2608 1192 2675 1262; x_wconf 88' lang='lat' dir='ltr'>fu</span> <span class='ocrx_word' id='word_1_318' title='bbox 2682 1201 2742 1246; x_wconf 91' lang='lat' dir='ltr'>tu</span> <span class='ocrx_word' id='word_1_319' title='bbox 2750 1207 2821 1247; x_wconf 88' lang='lat' dir='ltr'>ra</span> <span class='ocrx_word' id='word_1_320' title='bbox 2832 1200 2982 1256; x_wconf 88' lang='lat' dir='ltr'>erat,</span> <span class='ocrx_word' id='word_1_321' title='bbox 2996 1193 3461 1249; x_wconf 58' lang='lat' dir='ltr'>misericordiam</span> <span class='ocrx_word' id='word_1_322' title='bbox 3471 1197 3682 1264; x_wconf 77' lang='lat' dir='ltr'>populo</span> <span class='ocrx_word' id='word_1_323' title='bbox 3691 1211 3798 1255; x_wconf 86' lang='lat' dir='ltr'>sua</span> 
     </span>
    </p>
   </div>
   <div class='ocr_carea' id='block_1_43' title="bbox 2140 1279 3798 1353">
    <p class='ocr_par' dir='ltr' id='par_1_43' title="bbox 2140 1279 3798 1353">
     <span class='ocr_line' id='line_1_43' title="bbox 2140 1279 3798 1353; baseline 0.004 -19"><span class='ocrx_word' id='word_1_324' title='bbox 2140 1279 2363 1348; x_wconf 85' lang='lat' dir='ltr'>faceret</span> <span class='ocrx_word' id='word_1_325' title='bbox 2392 1288 2446 1334; x_wconf 92' lang='lat' dir='ltr'>et</span> <span class='ocrx_word' id='word_1_326' title='bbox 2477 1281 3306 1353; x_wconf 83' lang='lat' dir='ltr'>laboresejusquamplurimos</span> <span class='ocrx_word' id='word_1_327' title='bbox 3319 1284 3710 1352; x_wconf 86' lang='lat' dir='ltr'>compleret,si</span> <span class='ocrx_word' id='word_1_328' title='bbox 3719 1285 3798 1341; x_wconf 86' lang='lat' dir='ltr'>ad</span> 
     </span>
    </p>
   </div>
   <div class='ocr_carea' id='block_1_44' title="bbox 2143 1371 3796 1440">
    <p class='ocr_par' dir='ltr' id='par_1_44' title="bbox 2143 1371 3796 1440">
     <span class='ocr_line' id='line_1_44' title="bbox 2143 1371 3796 1440; baseline 0.006 -18"><span class='ocrx_word' id='word_1_329' title='bbox 2143 1385 2274 1423; x_wconf 88' lang='lat' dir='ltr'>eum</span> <span class='ocrx_word' id='word_1_330' title='bbox 2305 1377 2738 1426; x_wconf 83' lang='lat' dir='ltr'>reverterentur</span> <span class='ocrx_word' id='word_1_331' title='bbox 2767 1388 2843 1425; x_wconf 75' lang='lat' dir='ltr'>ea:</span> <span class='ocrx_word' id='word_1_332' title='bbox 2873 1379 2990 1427; x_wconf 89' lang='lat' dir='ltr'>toto</span> <span class='ocrx_word' id='word_1_333' title='bbox 3012 1371 3215 1440; x_wconf 86' lang='lat' dir='ltr'>corde;</span> <span class='ocrx_word' id='word_1_334' title='bbox 3240 1371 3364 1428; x_wconf 89' lang='lat' dir='ltr'>etin</span> <span class='ocrx_word' id='word_1_335' title='bbox 3375 1372 3580 1428; x_wconf 88' lang='lat' dir='ltr'>dieilla</span> <span class='ocrx_word' id='word_1_336' title='bbox 3591 1374 3796 1432; x_wconf 79' lang='lat' dir='ltr'>lancea</span> 
     </span>
    </p>
   </div>
   <div class='ocr_carea' id='block_1_45' title="bbox 2143 1458 3792 1534">
    <p class='ocr_par' dir='ltr' id='par_1_45' title="bbox 2143 1458 3792 1534">
     <span class='ocr_line' id='line_1_45' title="bbox 2143 1458 3792 1534; baseline 0.005 -23"><span class='ocrx_word' id='word_1_337' title='bbox 2143 1458 2374 1512; x_wconf 87' lang='lat' dir='ltr'>Domini</span> <span class='ocrx_word' id='word_1_338' title='bbox 2403 1469 2637 1528; x_wconf 90' lang='lat' dir='ltr'>reperta</span> <span class='ocrx_word' id='word_1_339' title='bbox 2653 1468 2737 1514; x_wconf 90' lang='lat' dir='ltr'>est</span> <span class='ocrx_word' id='word_1_340' title='bbox 2756 1479 2774 1525; x_wconf 88' lang='lat'><strong><em>;</em></strong></span> <span class='ocrx_word' id='word_1_341' title='bbox 2789 1460 2885 1516; x_wconf 90' lang='lat' dir='ltr'>ubi</span> <span class='ocrx_word' id='word_1_342' title='bbox 2894 1477 2998 1532; x_wconf 88' lang='lat' dir='ltr'>ego</span> <span class='ocrx_word' id='word_1_343' title='bbox 3007 1461 3296 1529; x_wconf 88' lang='lat' dir='ltr'>promissa</span> <span class='ocrx_word' id='word_1_344' title='bbox 3309 1462 3540 1518; x_wconf 88' lang='lat' dir='ltr'>Domini</span> <span class='ocrx_word' id='word_1_345' title='bbox 3545 1465 3792 1534; x_wconf 85' lang='lat' dir='ltr'>comple-</span> 
     </span>
    </p>
   </div>
   <div class='ocr_carea' id='block_1_46' title="bbox 2141 1549 3794 1621">
    <p class='ocr_par' dir='ltr' id='par_1_46' title="bbox 2141 1549 3794 1621">
     <span class='ocr_line' id='line_1_46' title="bbox 2141 1549 3794 1621; baseline 0.005 -20"><span class='ocrx_word' id='word_1_346' title='bbox 2141 1553 2204 1602; x_wconf 92' lang='lat' dir='ltr'>ta</span> <span class='ocrx_word' id='word_1_347' title='bbox 2234 1564 2355 1602; x_wconf 90' lang='lat' dir='ltr'>esse</span> <span class='ocrx_word' id='word_1_348' title='bbox 2381 1549 2576 1604; x_wconf 85' lang='lat' dir='ltr'>credo.</span> <span class='ocrx_word' id='word_1_349' title='bbox 2609 1549 2670 1603; x_wconf 88' lang='lat' dir='ltr'>Si</span> <span class='ocrx_word' id='word_1_350' title='bbox 2697 1550 2836 1621; x_wconf 87' lang='lat' dir='ltr'>quid</span> <span class='ocrx_word' id='word_1_351' title='bbox 2865 1550 2995 1604; x_wconf 87' lang='lat' dir='ltr'>inde</span> <span class='ocrx_word' id='word_1_352' title='bbox 3026 1551 3327 1618; x_wconf 81' lang='lat' dir='ltr'>dubitatis,</span> <span class='ocrx_word' id='word_1_353' title='bbox 3355 1554 3622 1621; x_wconf 85' lang='lat' dir='ltr'>episcopo</span> <span class='ocrx_word' id='word_1_354' title='bbox 3674 1559 3794 1611; x_wconf 86' lang='lat' dir='ltr'>Po-</span> 
     </span>
    </p>
   </div>
   <div class='ocr_carea' id='block_1_47' title="bbox 2141 1636 3786 1709">
    <p class='ocr_par' dir='ltr' id='par_1_47' title="bbox 2141 1636 3786 1709">
     <span class='ocr_line' id='line_1_47' title="bbox 2141 1636 3786 1709; baseline 0.005 -18"><span class='ocrx_word' id='word_1_355' title='bbox 2141 1636 2329 1692; x_wconf 86' lang='lat' dir='ltr'>diensi</span> <span class='ocrx_word' id='word_1_356' title='bbox 2358 1637 2556 1692; x_wconf 86' lang='lat' dir='ltr'>statim</span> <span class='ocrx_word' id='word_1_357' title='bbox 2578 1647 2638 1693; x_wconf 90' lang='lat' dir='ltr'>ut</span> <span class='ocrx_word' id='word_1_358' title='bbox 2652 1643 2769 1694; x_wconf 64' lang='lat' dir='ltr'>hac</span> <span class='ocrx_word' id='word_1_359' title='bbox 2781 1639 2896 1694; x_wconf 89' lang='lat' dir='ltr'>vidi</span> <span class='ocrx_word' id='word_1_360' title='bbox 2909 1640 3088 1694; x_wconf 81' lang='lat' dir='ltr'>obtuli</span> <span class='ocrx_word' id='word_1_361' title='bbox 3097 1655 3208 1709; x_wconf 87' lang='lat' dir='ltr'>pro</span> <span class='ocrx_word' id='word_1_362' title='bbox 3220 1641 3544 1697; x_wconf 84' lang='lat' dir='ltr'>testimonio</span> <span class='ocrx_word' id='word_1_363' title='bbox 3555 1647 3786 1709; x_wconf 82' lang='lat' dir='ltr'>horum,</span> 
     </span>
    </p>
   </div>
   <div class='ocr_carea' id='block_1_48' title="bbox 2137 1727 3790 1802">
    <p class='ocr_par' dir='ltr' id='par_1_48' title="bbox 2137 1727 3790 1802">
     <span class='ocr_line' id='line_1_48' title="bbox 2137 1727 3790 1802; baseline 0.005 -21"><span class='ocrx_word' id='word_1_364' title='bbox 2137 1742 2336 1781; x_wconf 90' lang='lat' dir='ltr'>coram</span> <span class='ocrx_word' id='word_1_365' title='bbox 2361 1727 2728 1783; x_wconf 84' lang='lat' dir='ltr'>multitudine</span> <span class='ocrx_word' id='word_1_366' title='bbox 2737 1729 2896 1784; x_wconf 87' lang='lat' dir='ltr'>omni</span> <span class='ocrx_word' id='word_1_367' title='bbox 2897 1771 2914 1799; x_wconf 92' lang='lat'>,</span> <span class='ocrx_word' id='word_1_368' title='bbox 2927 1730 3079 1800; x_wconf 85' lang='lat' dir='ltr'>quod</span> <span class='ocrx_word' id='word_1_369' title='bbox 3089 1730 3139 1784; x_wconf 88' lang='lat' dir='ltr'>si</span> <span class='ocrx_word' id='word_1_370' title='bbox 3151 1729 3268 1798; x_wconf 89' lang='lat' dir='ltr'>ipse</span> <span class='ocrx_word' id='word_1_371' title='bbox 3281 1731 3462 1796; x_wconf 83' lang='lat' dir='ltr'>vellet,</span> <span class='ocrx_word' id='word_1_372' title='bbox 3477 1740 3790 1802; x_wconf 82' lang='lat' dir='ltr'>egotrans-</span> 
     </span>
    </p>
   </div>
   <div class='ocr_carea' id='block_1_49' title="bbox 2064 1815 3786 1918">
    <p class='ocr_par' dir='ltr' id='par_1_49' title="bbox 2064 1815 3786 1918">
     <span class='ocr_line' id='line_1_49' title="bbox 2064 1815 3786 1918; baseline 0.005 -50"><span class='ocrx_word' id='word_1_373' title='bbox 2064 1853 2111 1918; x_wconf 75' lang='grc' dir='ltr'><strong>Β</strong></span> <span class='ocrx_word' id='word_1_374' title='bbox 2142 1815 2291 1870; x_wconf 88' lang='lat' dir='ltr'>irem</span> <span class='ocrx_word' id='word_1_375' title='bbox 2320 1831 2426 1885; x_wconf 88' lang='lat' dir='ltr'>per</span> <span class='ocrx_word' id='word_1_376' title='bbox 2451 1816 2632 1887; x_wconf 87' lang='lat' dir='ltr'>ignes,</span> <span class='ocrx_word' id='word_1_377' title='bbox 2662 1818 2746 1872; x_wconf 90' lang='lat' dir='ltr'>vel</span> <span class='ocrx_word' id='word_1_378' title='bbox 2773 1818 2844 1872; x_wconf 91' lang='lat' dir='ltr'>de</span> <span class='ocrx_word' id='word_1_379' title='bbox 2870 1817 3339 1874; x_wconf 86' lang='lat' dir='ltr'>altissimaturre</span> <span class='ocrx_word' id='word_1_380' title='bbox 3351 1823 3786 1889; x_wconf 76' lang='lat' dir='ltr'>pra&#39;cipitarer,</span> 
     </span>
    </p>
   </div>
   <div class='ocr_carea' id='block_1_50' title="bbox 2139 1905 3787 1982">
    <p class='ocr_par' dir='ltr' id='par_1_50' title="bbox 2139 1905 3787 1982">
     <span class='ocr_line' id='line_1_50' title="bbox 2139 1905 3787 1982; baseline 0.005 -23"><span class='ocrx_word' id='word_1_381' title='bbox 2139 1905 2326 1961; x_wconf 85' lang='lat' dir='ltr'>adhuc</span> <span class='ocrx_word' id='word_1_382' title='bbox 2352 1911 2456 1962; x_wconf 87' lang='lat' dir='ltr'>hoc</span> <span class='ocrx_word' id='word_1_383' title='bbox 2485 1907 2672 1976; x_wconf 91' lang='lat' dir='ltr'>ipsum</span> <span class='ocrx_word' id='word_1_384' title='bbox 2702 1907 2853 1962; x_wconf 84' lang='lat' dir='ltr'>vobis</span> <span class='ocrx_word' id='word_1_385' title='bbox 2881 1907 3081 1977; x_wconf 67' lang='lat' dir='ltr'>offero.</span> <span class='ocrx_word' id='word_1_386' title='bbox 3101 1907 3364 1963; x_wconf 86' lang='lat' dir='ltr'>Accessit</span> <span class='ocrx_word' id='word_1_387' title='bbox 3379 1913 3573 1965; x_wconf 88' lang='lat' dir='ltr'>autem</span> <span class='ocrx_word' id='word_1_388' title='bbox 3591 1915 3648 1966; x_wconf 90' lang='lat' dir='ltr'>et</span> <span class='ocrx_word' id='word_1_389' title='bbox 3665 1910 3787 1982; x_wconf 88' lang='lat' dir='ltr'>epi-</span> 
     </span>
    </p>
   </div>
   <div class='ocr_carea' id='block_1_51' title="bbox 2139 1994 3790 2069">
    <p class='ocr_par' dir='ltr' id='par_1_51' title="bbox 2139 1994 3790 2069">
     <span class='ocr_line' id='line_1_51' title="bbox 2139 1994 3790 2069; baseline 0.005 -22"><span class='ocrx_word' id='word_1_390' title='bbox 2139 2010 2352 2066; x_wconf 90' lang='lat' dir='ltr'>scopus</span> <span class='ocrx_word' id='word_1_391' title='bbox 2383 1994 2678 2062; x_wconf 86' lang='lat' dir='ltr'>Athensis,</span> <span class='ocrx_word' id='word_1_392' title='bbox 2711 1999 2768 2050; x_wconf 90' lang='lat' dir='ltr'>et</span> <span class='ocrx_word' id='word_1_393' title='bbox 2798 1995 2962 2050; x_wconf 89' lang='lat' dir='ltr'>dixit:</span> <span class='ocrx_word' id='word_1_394' title='bbox 2999 2000 3064 2051; x_wconf 84' lang='lat' dir='ltr'>In</span> <span class='ocrx_word' id='word_1_395' title='bbox 3083 1998 3301 2052; x_wconf 83' lang='lat' dir='ltr'>somnis</span> <span class='ocrx_word' id='word_1_396' title='bbox 3321 2015 3426 2068; x_wconf 86' lang='lat' dir='ltr'>ego</span> <span class='ocrx_word' id='word_1_397' title='bbox 3444 2016 3521 2053; x_wconf 88' lang='lat' dir='ltr'>an</span> <span class='ocrx_word' id='word_1_398' title='bbox 3541 1999 3790 2069; x_wconf 80' lang='lat' dir='ltr'>vigilans</span> 
     </span>
    </p>
   </div>
   <div class='ocr_carea' id='block_1_52' title="bbox 2135 2083 3788 2158">
    <p class='ocr_par' dir='ltr' id='par_1_52' title="bbox 2135 2083 3788 2158">
     <span class='ocr_line' id='line_1_52' title="bbox 2135 2083 3788 2158; baseline 0.005 -20"><span class='ocrx_word' id='word_1_399' title='bbox 2135 2083 2246 2138; x_wconf 90' lang='lat' dir='ltr'>ista</span> <span class='ocrx_word' id='word_1_400' title='bbox 2278 2084 2538 2154; x_wconf 82' lang='lat' dir='ltr'>viderim,</span> <span class='ocrx_word' id='word_1_401' title='bbox 2569 2091 2795 2139; x_wconf 87' lang='lat' dir='ltr'>certum</span> <span class='ocrx_word' id='word_1_402' title='bbox 2821 2084 3036 2153; x_wconf 89' lang='lat' dir='ltr'>nescio,</span> <span class='ocrx_word' id='word_1_403' title='bbox 3065 2090 3217 2142; x_wconf 82' lang='lat' dir='ltr'>Deus</span> <span class='ocrx_word' id='word_1_404' title='bbox 3245 2087 3369 2143; x_wconf 84' lang='lat' dir='ltr'>scit.</span> <span class='ocrx_word' id='word_1_405' title='bbox 3411 2089 3524 2144; x_wconf 81' lang='lat' dir='ltr'>Vir</span> <span class='ocrx_word' id='word_1_406' title='bbox 3551 2089 3788 2158; x_wconf 85' lang='lat' dir='ltr'>quidam</span> 
     </span>
    </p>
   </div>
   <div class='ocr_carea' id='block_1_53' title="bbox 2134 2172 3791 2244">
    <p class='ocr_par' dir='ltr' id='par_1_53' title="bbox 2134 2172 3791 2244">
     <span class='ocr_line' id='line_1_53' title="bbox 2134 2172 3791 2244; baseline 0.005 -16"><span class='ocrx_word' id='word_1_407' title='bbox 2134 2174 2284 2230; x_wconf 80' lang='lat' dir='ltr'>venit</span> <span class='ocrx_word' id='word_1_408' title='bbox 2317 2174 2548 2228; x_wconf 87' lang='lat' dir='ltr'>indutus</span> <span class='ocrx_word' id='word_1_409' title='bbox 2573 2173 2739 2241; x_wconf 91' lang='lat' dir='ltr'>albis,</span> <span class='ocrx_word' id='word_1_410' title='bbox 2771 2181 2826 2228; x_wconf 90' lang='lat' dir='ltr'>et</span> <span class='ocrx_word' id='word_1_411' title='bbox 2847 2172 3012 2229; x_wconf 85' lang='lat' dir='ltr'>stetit</span> <span class='ocrx_word' id='word_1_412' title='bbox 3039 2183 3174 2230; x_wconf 85' lang='lat' dir='ltr'>ante</span> <span class='ocrx_word' id='word_1_413' title='bbox 3201 2191 3312 2244; x_wconf 89' lang='lat' dir='ltr'>me,</span> <span class='ocrx_word' id='word_1_414' title='bbox 3345 2185 3401 2231; x_wconf 88' lang='lat' dir='ltr'>et</span> <span class='ocrx_word' id='word_1_415' title='bbox 3421 2181 3648 2234; x_wconf 83' lang='lat' dir='ltr'>tenebat</span> <span class='ocrx_word' id='word_1_416' title='bbox 3669 2181 3791 2236; x_wconf 84' lang='lat' dir='ltr'>lan-</span> 
     </span>
    </p>
   </div>
   <div class='ocr_carea' id='block_1_54' title="bbox 2135 2263 3788 2333">
    <p class='ocr_par' dir='ltr' id='par_1_54' title="bbox 2135 2263 3788 2333">
     <span class='ocr_line' id='line_1_54' title="bbox 2135 2263 3788 2333; baseline 0.002 -13"><span class='ocrx_word' id='word_1_417' title='bbox 2135 2280 2296 2320; x_wconf 87' lang='lat' dir='ltr'>ceam</span> <span class='ocrx_word' id='word_1_418' title='bbox 2347 2263 2704 2319; x_wconf 86' lang='lat' dir='ltr'>Dominicam</span> <span class='ocrx_word' id='word_1_419' title='bbox 2753 2263 2927 2317; x_wconf 88' lang='lat' dir='ltr'>istam</span> <span class='ocrx_word' id='word_1_420' title='bbox 2975 2264 3035 2318; x_wconf 89' lang='lat' dir='ltr'>in</span> <span class='ocrx_word' id='word_1_421' title='bbox 3081 2265 3346 2321; x_wconf 86' lang='lat' dir='ltr'>manibus</span> <span class='ocrx_word' id='word_1_422' title='bbox 3375 2266 3520 2333; x_wconf 82' lang='lat' dir='ltr'>suis,</span> <span class='ocrx_word' id='word_1_423' title='bbox 3551 2273 3610 2322; x_wconf 88' lang='lat' dir='ltr'>et</span> <span class='ocrx_word' id='word_1_424' title='bbox 3639 2267 3788 2325; x_wconf 84' lang='lat' dir='ltr'>dixit</span> 
     </span>
    </p>
   </div>
   <div class='ocr_carea' id='block_1_55' title="bbox 2137 2351 3790 2430">
    <p class='ocr_par' dir='ltr' id='par_1_55' title="bbox 2137 2351 3790 2430">
     <span class='ocr_line' id='line_1_55' title="bbox 2137 2351 3790 2430; baseline 0.004 -23"><span class='ocrx_word' id='word_1_425' title='bbox 2137 2351 2301 2408; x_wconf 89' lang='lat' dir='ltr'>mihi:</span> <span class='ocrx_word' id='word_1_426' title='bbox 2331 2353 2533 2407; x_wconf 87' lang='lat' dir='ltr'>Credis</span> <span class='ocrx_word' id='word_1_427' title='bbox 2564 2357 2712 2408; x_wconf 87' lang='lat' dir='ltr'>hanc</span> <span class='ocrx_word' id='word_1_428' title='bbox 2740 2354 3000 2409; x_wconf 81' lang='lat' dir='ltr'>lanceam</span> <span class='ocrx_word' id='word_1_429' title='bbox 3027 2369 3148 2408; x_wconf 90' lang='lat' dir='ltr'>esse</span> <span class='ocrx_word' id='word_1_430' title='bbox 3178 2356 3405 2410; x_wconf 88' lang='lat' dir='ltr'>Domini</span> <span class='ocrx_word' id='word_1_431' title='bbox 3421 2359 3444 2411; x_wconf 71' lang='grc' dir='ltr'><strong>ἱ)</strong></span> <span class='ocrx_word' id='word_1_432' title='bbox 3464 2356 3532 2412; x_wconf 87' lang='lat' dir='ltr'>Et</span> <span class='ocrx_word' id='word_1_433' title='bbox 3552 2373 3790 2430; x_wconf 88' lang='lat' dir='ltr'>respon-</span> 
     </span>
    </p>
   </div>
   <div class='ocr_carea' id='block_1_56' title="bbox 2135 2441 3786 2517">
    <p class='ocr_par' dir='ltr' id='par_1_56' title="bbox 2135 2441 3786 2517">
     <span class='ocr_line' id='line_1_56' title="bbox 2135 2441 3786 2517; baseline 0.004 -21"><span class='ocrx_word' id='word_1_434' title='bbox 2135 2441 2191 2496; x_wconf 90' lang='lat' dir='ltr'>di</span> <span class='ocrx_word' id='word_1_435' title='bbox 2224 2459 2236 2496; x_wconf 91' lang='lat'>:</span> <span class='ocrx_word' id='word_1_436' title='bbox 2270 2441 2476 2510; x_wconf 85' lang='lat' dir='ltr'>Credo,</span> <span class='ocrx_word' id='word_1_437' title='bbox 2512 2443 2771 2497; x_wconf 84' lang='lat' dir='ltr'>Domine.</span> <span class='ocrx_word' id='word_1_438' title='bbox 2801 2441 3211 2498; x_wconf 88' lang='lat' dir='ltr'>Dubitaveram</span> <span class='ocrx_word' id='word_1_439' title='bbox 3243 2449 3302 2500; x_wconf 86' lang='lat' dir='ltr'>et</span> <span class='ocrx_word' id='word_1_440' title='bbox 3329 2461 3436 2517; x_wconf 87' lang='lat' dir='ltr'>ego</span> <span class='ocrx_word' id='word_1_441' title='bbox 3467 2443 3786 2517; x_wconf 77' lang='lat' dir='ltr'>aliquando</span> 
     </span>
    </p>
   </div>
   <div class='ocr_carea' id='block_1_57' title="bbox 2136 2530 3782 2608">
    <p class='ocr_par' dir='ltr' id='par_1_57' title="bbox 2136 2530 3782 2608">
     <span class='ocr_line' id='line_1_57' title="bbox 2136 2530 3782 2608; baseline 0.004 -23"><span class='ocrx_word' id='word_1_442' title='bbox 2136 2532 2206 2585; x_wconf 89' lang='lat' dir='ltr'>de</span> <span class='ocrx_word' id='word_1_443' title='bbox 2237 2547 2324 2585; x_wconf 90' lang='lat' dir='ltr'>ea.</span> <span class='ocrx_word' id='word_1_444' title='bbox 2355 2531 2497 2586; x_wconf 88' lang='lat' dir='ltr'>Cum</span> <span class='ocrx_word' id='word_1_445' title='bbox 2530 2530 2586 2585; x_wconf 90' lang='lat' dir='ltr'>id</span> <span class='ocrx_word' id='word_1_446' title='bbox 2621 2531 2879 2586; x_wconf 89' lang='lat' dir='ltr'>secundo</span> <span class='ocrx_word' id='word_1_447' title='bbox 2911 2536 2967 2586; x_wconf 90' lang='lat' dir='ltr'>et</span> <span class='ocrx_word' id='word_1_448' title='bbox 2997 2533 3166 2587; x_wconf 86' lang='lat' dir='ltr'>tertio</span> <span class='ocrx_word' id='word_1_449' title='bbox 3196 2533 3450 2605; x_wconf 83' lang='lat' dir='ltr'>graviter</span> <span class='ocrx_word' id='word_1_450' title='bbox 3472 2535 3782 2608; x_wconf 81' lang='lat' dir='ltr'>exegisset,</span> 
     </span>
    </p>
   </div>
   <div class='ocr_carea' id='block_1_58' title="bbox 2135 2619 3783 2689">
    <p class='ocr_par' dir='ltr' id='par_1_58' title="bbox 2135 2619 3783 2689">
     <span class='ocr_line' id='line_1_58' title="bbox 2135 2619 3783 2689; baseline 0.004 -15"><span class='ocrx_word' id='word_1_451' title='bbox 2135 2619 2252 2674; x_wconf 88' lang='lat' dir='ltr'>dixi</span> <span class='ocrx_word' id='word_1_452' title='bbox 2285 2620 2355 2674; x_wconf 87' lang='lat' dir='ltr'>ad</span> <span class='ocrx_word' id='word_1_453' title='bbox 2389 2637 2542 2674; x_wconf 88' lang='lat' dir='ltr'>cum:</span> <span class='ocrx_word' id='word_1_454' title='bbox 2578 2621 2784 2688; x_wconf 76' lang='lat' dir='ltr'>(:redo,</span> <span class='ocrx_word' id='word_1_455' title='bbox 2813 2622 3072 2689; x_wconf 87' lang='lat' dir='ltr'>Domine,</span> <span class='ocrx_word' id='word_1_456' title='bbox 3092 2625 3239 2678; x_wconf 81' lang='lat' dir='ltr'>hanc</span> <span class='ocrx_word' id='word_1_457' title='bbox 3254 2639 3374 2678; x_wconf 88' lang='lat' dir='ltr'>esse</span> <span class='ocrx_word' id='word_1_458' title='bbox 3391 2625 3646 2679; x_wconf 84' lang='lat' dir='ltr'>lanceam</span> <span class='ocrx_word' id='word_1_459' title='bbox 3668 2630 3783 2680; x_wconf 90' lang='lat' dir='ltr'>Do-</span> 
     </span>
    </p>
   </div>
   <div class='ocr_carea' id='block_1_59' title="bbox 2133 2709 3787 2782">
    <p class='ocr_par' dir='ltr' id='par_1_59' title="bbox 2133 2709 3787 2782">
     <span class='ocr_line' id='line_1_59' title="bbox 2133 2709 3787 2782; baseline 0.004 -18"><span class='ocrx_word' id='word_1_460' title='bbox 2133 2711 2279 2764; x_wconf 89' lang='lat' dir='ltr'>mini</span> <span class='ocrx_word' id='word_1_461' title='bbox 2307 2709 2496 2766; x_wconf 82' lang='lat' dir='ltr'>nostri</span> <span class='ocrx_word' id='word_1_462' title='bbox 2521 2715 2660 2766; x_wconf 87' lang='lat' dir='ltr'>Jesu</span> <span class='ocrx_word' id='word_1_463' title='bbox 2690 2709 2922 2766; x_wconf 89' lang='lat' dir='ltr'>Christi.</span> <span class='ocrx_word' id='word_1_464' title='bbox 2949 2710 3014 2764; x_wconf 86' lang='lat' dir='ltr'>Et</span> <span class='ocrx_word' id='word_1_465' title='bbox 3034 2715 3165 2782; x_wconf 87' lang='lat' dir='ltr'>post</span> <span class='ocrx_word' id='word_1_466' title='bbox 3186 2711 3308 2766; x_wconf 67' lang='lat' dir='ltr'>haec</span> <span class='ocrx_word' id='word_1_467' title='bbox 3329 2712 3556 2769; x_wconf 88' lang='lat' dir='ltr'>dimisit</span> <span class='ocrx_word' id='word_1_468' title='bbox 3577 2730 3690 2769; x_wconf 92' lang='lat' dir='ltr'>me.</span> <span class='ocrx_word' id='word_1_469' title='bbox 3713 2715 3787 2770; x_wconf 88' lang='lat' dir='ltr'>Et</span> 
     </span>
    </p>
   </div>
   <div class='ocr_carea' id='block_1_60' title="bbox 2131 2797 3786 2871">
    <p class='ocr_par' dir='ltr' id='par_1_60' title="bbox 2131 2797 3786 2871">
     <span class='ocr_line' id='line_1_60' title="bbox 2131 2797 3786 2871; baseline 0.004 -17"><span class='ocrx_word' id='word_1_470' title='bbox 2131 2815 2238 2871; x_wconf 86' lang='lat' dir='ltr'>ego</span> <span class='ocrx_word' id='word_1_471' title='bbox 2265 2797 2653 2866; x_wconf 81' lang='lat' dir='ltr'>Raimundus,</span> <span class='ocrx_word' id='word_1_472' title='bbox 2677 2799 2779 2870; x_wconf 86' lang='lat' dir='ltr'>qui</span> <span class='ocrx_word' id='word_1_473' title='bbox 2803 2797 2924 2854; x_wconf 83' lang='lat' dir='ltr'>haec</span> <span class='ocrx_word' id='word_1_474' title='bbox 2945 2799 3154 2871; x_wconf 86' lang='lat' dir='ltr'>scripsi</span> <span class='ocrx_word' id='word_1_475' title='bbox 3185 2817 3382 2856; x_wconf 87' lang='lat' dir='ltr'>coram</span> <span class='ocrx_word' id='word_1_476' title='bbox 3415 2802 3697 2858; x_wconf 83' lang='lat' dir='ltr'>fratribus</span> <span class='ocrx_word' id='word_1_477' title='bbox 3725 2808 3786 2860; x_wconf 85' lang='lat' dir='ltr'>et</span> 
     </span>
    </p>
   </div>
   <div class='ocr_carea' id='block_1_61' title="bbox 2133 2886 3785 2963">
    <p class='ocr_par' dir='ltr' id='par_1_61' title="bbox 2133 2886 3785 2963">
     <span class='ocr_line' id='line_1_61' title="bbox 2133 2886 3785 2963; baseline 0.002 -19"><span class='ocrx_word' id='word_1_478' title='bbox 2133 2888 2443 2960; x_wconf 87' lang='lat' dir='ltr'>episcopis,</span> <span class='ocrx_word' id='word_1_479' title='bbox 2467 2887 2588 2943; x_wconf 71' lang='lat' dir='ltr'>hmo</span> <span class='ocrx_word' id='word_1_480' title='bbox 2611 2887 2692 2942; x_wconf 89' lang='lat' dir='ltr'>ibi</span> <span class='ocrx_word' id='word_1_481' title='bbox 2716 2886 2854 2943; x_wconf 87' lang='lat' dir='ltr'>dixi:</span> <span class='ocrx_word' id='word_1_482' title='bbox 2877 2889 3134 2961; x_wconf 81' lang='lat' dir='ltr'>Interfui</span> <span class='ocrx_word' id='word_1_483' title='bbox 3152 2905 3256 2960; x_wconf 87' lang='lat' dir='ltr'>ego</span> <span class='ocrx_word' id='word_1_484' title='bbox 3275 2891 3410 2946; x_wconf 85' lang='lat' dir='ltr'>dum</span> <span class='ocrx_word' id='word_1_485' title='bbox 3431 2892 3785 2963; x_wconf 78' lang='lat' dir='ltr'>effoderetur</span> 
     </span>
    </p>
   </div>
   <div class='ocr_carea' id='block_1_62' title="bbox 2132 2976 3783 3051">
    <p class='ocr_par' dir='ltr' id='par_1_62' title="bbox 2132 2976 3783 3051">
     <span class='ocr_line' id='line_1_62' title="bbox 2132 2976 3783 3051; baseline 0.004 -19"><span class='ocrx_word' id='word_1_486' title='bbox 2132 2979 2332 3034; x_wconf 88' lang='lat' dir='ltr'>lancea</span> <span class='ocrx_word' id='word_1_487' title='bbox 2361 2976 2606 3041; x_wconf 85' lang='lat' dir='ltr'>Domini,</span> <span class='ocrx_word' id='word_1_488' title='bbox 2628 2985 2683 3032; x_wconf 92' lang='lat' dir='ltr'>et</span> <span class='ocrx_word' id='word_1_489' title='bbox 2698 2986 3006 3048; x_wconf 82' lang='lat' dir='ltr'>antequam</span> <span class='ocrx_word' id='word_1_490' title='bbox 3023 2987 3145 3033; x_wconf 89' lang='lat' dir='ltr'>tota</span> <span class='ocrx_word' id='word_1_491' title='bbox 3159 2994 3336 3049; x_wconf 85' lang='lat' dir='ltr'>super</span> <span class='ocrx_word' id='word_1_492' title='bbox 3353 2989 3578 3036; x_wconf 87' lang='lat' dir='ltr'>terram</span> <span class='ocrx_word' id='word_1_493' title='bbox 3592 2997 3783 3051; x_wconf 86' lang='lat' dir='ltr'>appa-</span> 
     </span>
    </p>
   </div>
   <div class='ocr_carea' id='block_1_63' title="bbox 2131 3069 3783 3134">
    <p class='ocr_par' dir='ltr' id='par_1_63' title="bbox 2131 3069 3783 3134">
     <span class='ocr_line' id='line_1_63' title="bbox 2131 3069 3783 3134; baseline 0.004 -12"><span class='ocrx_word' id='word_1_494' title='bbox 2131 3069 2369 3134; x_wconf 86' lang='lat' dir='ltr'>ruisset,</span> <span class='ocrx_word' id='word_1_495' title='bbox 2379 3069 3017 3124; x_wconf 87' lang='lat' dir='ltr'>mucronemosculatus</span> <span class='ocrx_word' id='word_1_496' title='bbox 3027 3084 3172 3124; x_wconf 85' lang='lat' dir='ltr'>sum.</span> <span class='ocrx_word' id='word_1_497' title='bbox 3191 3071 3257 3124; x_wconf 83' lang='lat' dir='ltr'>Et</span> <span class='ocrx_word' id='word_1_498' title='bbox 3277 3076 3409 3125; x_wconf 85' lang='lat' dir='ltr'>sunt</span> <span class='ocrx_word' id='word_1_499' title='bbox 3433 3070 3493 3126; x_wconf 90' lang='lat' dir='ltr'>in</span> <span class='ocrx_word' id='word_1_500' title='bbox 3512 3074 3783 3128; x_wconf 75' lang='lat' dir='ltr'>exercitu</span> 
     </span>
    </p>
   </div>
   <div class='ocr_carea' id='block_1_64' title="bbox 2131 3156 3784 3229">
    <p class='ocr_par' dir='ltr' id='par_1_64' title="bbox 2131 3156 3784 3229">
     <span class='ocr_line' id='line_1_64' title="bbox 2131 3156 3784 3229; baseline 0.004 -18"><span class='ocrx_word' id='word_1_501' title='bbox 2131 3158 2348 3227; x_wconf 81' lang='lat' dir='ltr'>plures,</span> <span class='ocrx_word' id='word_1_502' title='bbox 2381 3157 2479 3229; x_wconf 90' lang='lat' dir='ltr'>qui</span> <span class='ocrx_word' id='word_1_503' title='bbox 2508 3172 2731 3211; x_wconf 88' lang='lat' dir='ltr'>mecum</span> <span class='ocrx_word' id='word_1_504' title='bbox 2761 3156 2874 3212; x_wconf 77' lang='lat' dir='ltr'>ista</span> <span class='ocrx_word' id='word_1_505' title='bbox 2902 3157 3188 3213; x_wconf 87' lang='lat' dir='ltr'>viderunt.</span> <span class='ocrx_word' id='word_1_506' title='bbox 3223 3158 3290 3213; x_wconf 86' lang='lat' dir='ltr'>Et</span> <span class='ocrx_word' id='word_1_507' title='bbox 3317 3158 3516 3214; x_wconf 85' lang='lat' dir='ltr'>addidi</span> <span class='ocrx_word' id='word_1_508' title='bbox 3551 3177 3564 3215; x_wconf 90' lang='lat'>:</span> <span class='ocrx_word' id='word_1_509' title='bbox 3599 3165 3669 3217; x_wconf 82' lang='lat' dir='ltr'>Et</span> <span class='ocrx_word' id='word_1_510' title='bbox 3695 3171 3784 3218; x_wconf 81' lang='lat' dir='ltr'>est</span> 
     </span>
    </p>
   </div>
   <div class='ocr_carea' id='block_1_65' title="bbox 375 3227 3781 3320">
    <p class='ocr_par' dir='ltr' id='par_1_65' title="bbox 375 3227 3781 3320">
     <span class='ocr_line' id='line_1_65' title="bbox 375 3227 3781 3320; baseline 0.001 -18"><span class='ocrx_word' id='word_1_511' title='bbox 375 3249 474 3302; x_wconf 88' lang='lat' dir='ltr'>bus</span> <span class='ocrx_word' id='word_1_512' title='bbox 505 3247 781 3318; x_wconf 85' lang='lat' dir='ltr'>appellare</span> <span class='ocrx_word' id='word_1_513' title='bbox 806 3262 906 3317; x_wconf 88' lang='lat' dir='ltr'>per</span> <span class='ocrx_word' id='word_1_514' title='bbox 932 3262 1053 3300; x_wconf 86' lang='lat' dir='ltr'>eam</span> <span class='ocrx_word' id='word_1_515' title='bbox 1081 3246 1177 3300; x_wconf 88' lang='lat' dir='ltr'>Dei</span> <span class='ocrx_word' id='word_1_516' title='bbox 1203 3227 1640 3300; x_wconf 59' lang='lat' dir='ltr'>misericordiam.</span> <span class='ocrx_word' id='word_1_517' title='bbox 1668 3248 1821 3318; x_wconf 61' lang='lat' dir='ltr'>coepi.</span> <span class='ocrx_word' id='word_1_518' title='bbox 1841 3227 2014 3301; x_wconf 20' lang='lat' dir='ltr'>iCum-</span> <span class='ocrx_word' id='word_1_519' title='bbox 2049 3227 2090 3293; x_wconf 83' lang='lat' dir='ltr'>C</span> <span class='ocrx_word' id='word_1_520' title='bbox 2128 3247 2283 3302; x_wconf 87' lang='lat' dir='ltr'>alius</span> <span class='ocrx_word' id='word_1_521' title='bbox 2297 3248 2527 3319; x_wconf 87' lang='lat' dir='ltr'>quidam</span> <span class='ocrx_word' id='word_1_522' title='bbox 2539 3247 3781 3320; x_wconf 77' lang='lat' dir='ltr'>saecrdos,Bertranmusnomine,Padiensis</span> 
     </span>
    </p>
   </div>
   <div class='ocr_carea' id='block_1_66' title="bbox 371 3335 2018 3408">
    <p class='ocr_par' dir='ltr' id='par_1_66' title="bbox 371 3335 2018 3408">
     <span class='ocr_line' id='line_1_66' title="bbox 371 3335 2018 3408; baseline -0.001 -17"><span class='ocrx_word' id='word_1_523' title='bbox 371 3353 476 3408; x_wconf 87' lang='lat' dir='ltr'>que</span> <span class='ocrx_word' id='word_1_524' title='bbox 518 3353 618 3408; x_wconf 84' lang='lat' dir='ltr'>per</span> <span class='ocrx_word' id='word_1_525' title='bbox 664 3337 874 3406; x_wconf 83' lang='lat' dir='ltr'>aliquot</span> <span class='ocrx_word' id='word_1_526' title='bbox 901 3335 1014 3390; x_wconf 85' lang='lat' dir='ltr'>dies</span> <span class='ocrx_word' id='word_1_527' title='bbox 1047 3335 1102 3389; x_wconf 86' lang='lat' dir='ltr'>id</span> <span class='ocrx_word' id='word_1_528' title='bbox 1128 3336 1391 3404; x_wconf 78' lang='lat' dir='ltr'>fecissem,</span> <span class='ocrx_word' id='word_1_529' title='bbox 1421 3351 1746 3405; x_wconf 86' lang='lat' dir='ltr'>permanens</span> <span class='ocrx_word' id='word_1_530' title='bbox 1777 3337 2018 3407; x_wconf 87' lang='lat' dir='ltr'>impran-</span> 
     </span>
    </p>
   </div>
   <div class='ocr_carea' id='block_1_67' title="bbox 372 3422 2019 3496">
    <p class='ocr_par' dir='ltr' id='par_1_67' title="bbox 372 3422 2019 3496">
     <span class='ocr_line' id='line_1_67' title="bbox 372 3422 2019 3496; baseline -0.001 -15"><span class='ocrx_word' id='word_1_531' title='bbox 372 3441 482 3492; x_wconf 85' lang='lat' dir='ltr'>sus,</span> <span class='ocrx_word' id='word_1_532' title='bbox 534 3429 591 3479; x_wconf 90' lang='lat' dir='ltr'>et</span> <span class='ocrx_word' id='word_1_533' title='bbox 637 3423 836 3479; x_wconf 89' lang='lat' dir='ltr'>dicens</span> <span class='ocrx_word' id='word_1_534' title='bbox 888 3422 939 3478; x_wconf 90' lang='lat' dir='ltr'>ei</span> <span class='ocrx_word' id='word_1_535' title='bbox 970 3441 982 3478; x_wconf 91' lang='lat'>:</span> <span class='ocrx_word' id='word_1_536' title='bbox 1036 3423 1074 3478; x_wconf 93' lang='lat'><em>0</em></span> <span class='ocrx_word' id='word_1_537' title='bbox 1107 3424 1312 3490; x_wconf 85' lang='lat' dir='ltr'>Regina</span> <span class='ocrx_word' id='word_1_538' title='bbox 1342 3423 1582 3486; x_wconf 87' lang='lat' dir='ltr'>domina,</span> <span class='ocrx_word' id='word_1_539' title='bbox 1619 3427 1714 3478; x_wconf 85' lang='lat' dir='ltr'>isti</span> <span class='ocrx_word' id='word_1_540' title='bbox 1737 3427 2019 3496; x_wconf 84' lang='lat' dir='ltr'>peregrini</span> 
     </span>
    </p>
   </div>
   <div class='ocr_carea' id='block_1_68' title="bbox 2126 3336 3780 3409">
    <p class='ocr_par' dir='ltr' id='par_1_68' title="bbox 2126 3336 3780 3409">
     <span class='ocr_line' id='line_1_68' title="bbox 2126 3336 3780 3409; baseline 0.002 -17"><span class='ocrx_word' id='word_1_541' title='bbox 2126 3338 2388 3409; x_wconf 82' lang='lat' dir='ltr'>episcopo</span> <span class='ocrx_word' id='word_1_542' title='bbox 2418 3337 2689 3392; x_wconf 84' lang='lat' dir='ltr'>Podiensi</span> <span class='ocrx_word' id='word_1_543' title='bbox 2717 3337 2776 3391; x_wconf 92' lang='lat' dir='ltr'>in</span> <span class='ocrx_word' id='word_1_544' title='bbox 2791 3336 2906 3392; x_wconf 90' lang='lat' dir='ltr'>vita</span> <span class='ocrx_word' id='word_1_545' title='bbox 2919 3336 3780 3408; x_wconf 60' lang='lat' dir='ltr'>ipsius/amiliarisﬂicautem</span> 
     </span>
    </p>
   </div>
   <div class='ocr_carea' id='block_1_69' title="bbox 2125 3427 3778 3502">
    <p class='ocr_par' dir='ltr' id='par_1_69' title="bbox 2125 3427 3778 3502">
     <span class='ocr_line' id='line_1_69' title="bbox 2125 3427 3778 3502; baseline 0.001 -20"><span class='ocrx_word' id='word_1_546' title='bbox 2125 3427 2396 3483; x_wconf 89' lang='lat' dir='ltr'>sacerdos</span> <span class='ocrx_word' id='word_1_547' title='bbox 2445 3427 2772 3496; x_wconf 84' lang='lat' dir='ltr'>infirmatus</span> <span class='ocrx_word' id='word_1_548' title='bbox 2810 3437 2894 3482; x_wconf 87' lang='lat' dir='ltr'>est</span> <span class='ocrx_word' id='word_1_549' title='bbox 2923 3442 3101 3499; x_wconf 87' lang='lat' dir='ltr'>usque</span> <span class='ocrx_word' id='word_1_550' title='bbox 3130 3429 3207 3483; x_wconf 83' lang='lat' dir='ltr'>ad</span> <span class='ocrx_word' id='word_1_551' title='bbox 3237 3437 3501 3497; x_wconf 81' lang='lat' dir='ltr'>mortem,</span> <span class='ocrx_word' id='word_1_552' title='bbox 3533 3445 3778 3502; x_wconf 78' lang='lat' dir='ltr'>cumque</span> 
     </span>
    </p>
   </div>
   <div class='ocr_carea' id='block_1_70' title="bbox 372 3511 3780 3590">
    <p class='ocr_par' dir='ltr' id='par_1_70' title="bbox 372 3511 3780 3590">
     <span class='ocr_line' id='line_1_70' title="bbox 372 3511 3780 3590; baseline 0.002 -20"><span class='ocrx_word' id='word_1_553' title='bbox 372 3520 505 3570; x_wconf 83' lang='lat' dir='ltr'>sunt</span> <span class='ocrx_word' id='word_1_554' title='bbox 533 3515 631 3587; x_wconf 82' lang='lat' dir='ltr'>qui</span> <span class='ocrx_word' id='word_1_555' title='bbox 659 3511 916 3569; x_wconf 87' lang='lat' dir='ltr'>dimissis</span> <span class='ocrx_word' id='word_1_556' title='bbox 943 3513 1200 3582; x_wconf 80' lang='lat' dir='ltr'>parvulis</span> <span class='ocrx_word' id='word_1_557' title='bbox 1231 3521 1285 3567; x_wconf 86' lang='lat' dir='ltr'>et</span> <span class='ocrx_word' id='word_1_558' title='bbox 1313 3513 1671 3582; x_wconf 83' lang='lat' dir='ltr'>mulieribus,</span> <span class='ocrx_word' id='word_1_559' title='bbox 1690 3523 1745 3568; x_wconf 85' lang='lat' dir='ltr'>et</span> <span class='ocrx_word' id='word_1_560' title='bbox 1759 3515 2018 3570; x_wconf 88' lang='lat' dir='ltr'>omnibus</span> <span class='ocrx_word' id='word_1_561' title='bbox 2116 3519 2248 3588; x_wconf 88' lang='lat' dir='ltr'>jam</span> <span class='ocrx_word' id='word_1_562' title='bbox 2286 3517 2358 3571; x_wconf 86' lang='lat' dir='ltr'>de</span> <span class='ocrx_word' id='word_1_563' title='bbox 2388 3517 2502 3570; x_wconf 86' lang='lat' dir='ltr'>vita</span> <span class='ocrx_word' id='word_1_564' title='bbox 2531 3531 2638 3571; x_wconf 89' lang='lat' dir='ltr'>sua</span> <span class='ocrx_word' id='word_1_565' title='bbox 2670 3517 3055 3584; x_wconf 87' lang='lat' dir='ltr'>desperasset,</span> <span class='ocrx_word' id='word_1_566' title='bbox 3084 3519 3364 3590; x_wconf 82' lang='lat' dir='ltr'>apparuit</span> <span class='ocrx_word' id='word_1_567' title='bbox 3389 3517 3448 3573; x_wconf 88' lang='lat' dir='ltr'>ei</span> <span class='ocrx_word' id='word_1_568' title='bbox 3473 3521 3780 3589; x_wconf 82' lang='lat' dir='ltr'>episcopus</span> 
     </span>
    </p>
   </div>
   <div class='ocr_carea' id='block_1_71' title="bbox 371 3601 2022 3672">
    <p class='ocr_par' dir='ltr' id='par_1_71' title="bbox 371 3601 2022 3672">
     <span class='ocr_line' id='line_1_71' title="bbox 371 3601 2022 3672; baseline -0.002 -12"><span class='ocrx_word' id='word_1_569' title='bbox 371 3605 564 3660; x_wconf 81' lang='lat' dir='ltr'>charis</span> <span class='ocrx_word' id='word_1_570' title='bbox 593 3602 732 3668; x_wconf 89' lang='lat' dir='ltr'>suis,</span> <span class='ocrx_word' id='word_1_571' title='bbox 765 3615 874 3672; x_wconf 87' lang='lat' dir='ltr'>pro</span> <span class='ocrx_word' id='word_1_572' title='bbox 903 3601 1132 3656; x_wconf 85' lang='lat' dir='ltr'>nomine</span> <span class='ocrx_word' id='word_1_573' title='bbox 1161 3604 1209 3654; x_wconf 87' lang='lat' dir='ltr'><em>F</em></span> <span class='ocrx_word' id='word_1_574' title='bbox 1209 3601 1297 3656; x_wconf 87' lang='lat' dir='ltr'>itii</span> <span class='ocrx_word' id='word_1_575' title='bbox 1308 3602 1412 3667; x_wconf 84' lang='lat' dir='ltr'>tui,</span> <span class='ocrx_word' id='word_1_576' title='bbox 1429 3611 1481 3656; x_wconf 90' lang='lat' dir='ltr'>et</span> <span class='ocrx_word' id='word_1_577' title='bbox 1497 3612 1695 3669; x_wconf 83' lang='lat' dir='ltr'>prole,</span> <span class='ocrx_word' id='word_1_578' title='bbox 1711 3605 1894 3658; x_wconf 86' lang='lat' dir='ltr'>hucde</span> <span class='ocrx_word' id='word_1_579' title='bbox 1909 3606 2022 3657; x_wconf 85' lang='lat' dir='ltr'>lun-</span> 
     </span>
    </p>
   </div>
   <div class='ocr_carea' id='block_1_72' title="bbox 371 3689 2021 3764">
    <p class='ocr_par' dir='ltr' id='par_1_72' title="bbox 371 3689 2021 3764">
     <span class='ocr_line' id='line_1_72' title="bbox 371 3689 2021 3764; baseline -0.001 -17"><span class='ocrx_word' id='word_1_580' title='bbox 371 3693 581 3764; x_wconf 83' lang='lat' dir='ltr'>ginqua</span> <span class='ocrx_word' id='word_1_581' title='bbox 611 3699 908 3754; x_wconf 82' lang='lat' dir='ltr'>venerunt,</span> <span class='ocrx_word' id='word_1_582' title='bbox 939 3700 994 3745; x_wconf 89' lang='lat' dir='ltr'>et</span> <span class='ocrx_word' id='word_1_583' title='bbox 1023 3706 1131 3759; x_wconf 88' lang='lat' dir='ltr'>pro</span> <span class='ocrx_word' id='word_1_584' title='bbox 1155 3689 1274 3758; x_wconf 85' lang='lat' dir='ltr'>[ilio</span> <span class='ocrx_word' id='word_1_585' title='bbox 1307 3699 1405 3744; x_wconf 86' lang='lat' dir='ltr'>tuo</span> <span class='ocrx_word' id='word_1_586' title='bbox 1433 3698 1711 3761; x_wconf 90' lang='lat' dir='ltr'>pugnant,</span> <span class='ocrx_word' id='word_1_587' title='bbox 1741 3694 2021 3746; x_wconf 88' lang='lat' dir='ltr'>miserere</span> 
     </span>
    </p>
   </div>
   <div class='ocr_carea' id='block_1_73' title="bbox 369 3779 2021 3852">
    <p class='ocr_par' dir='ltr' id='par_1_73' title="bbox 369 3779 2021 3852">
     <span class='ocr_line' id='line_1_73' title="bbox 369 3779 2021 3852; baseline -0.001 -14"><span class='ocrx_word' id='word_1_588' title='bbox 369 3795 595 3838; x_wconf 78' lang='lat' dir='ltr'>earum.</span> <span class='ocrx_word' id='word_1_589' title='bbox 633 3785 721 3848; x_wconf 84' lang='lat' dir='ltr'>Et,</span> <span class='ocrx_word' id='word_1_590' title='bbox 753 3797 788 3836; x_wconf 90' lang='grc' dir='ltr'><strong><em>ο</em></strong></span> <span class='ocrx_word' id='word_1_591' title='bbox 819 3780 1082 3846; x_wconf 86' lang='lat' dir='ltr'>domina,</span> <span class='ocrx_word' id='word_1_592' title='bbox 1116 3779 1252 3852; x_wconf 89' lang='lat' dir='ltr'>quid</span> <span class='ocrx_word' id='word_1_593' title='bbox 1279 3780 1504 3835; x_wconf 87' lang='lat' dir='ltr'>dicetur</span> <span class='ocrx_word' id='word_1_594' title='bbox 1531 3781 1600 3835; x_wconf 93' lang='lat' dir='ltr'>de</span> <span class='ocrx_word' id='word_1_595' title='bbox 1633 3790 1687 3835; x_wconf 90' lang='lat' dir='ltr'>te</span> <span class='ocrx_word' id='word_1_596' title='bbox 1716 3791 1772 3836; x_wconf 90' lang='lat' dir='ltr'>et</span> <span class='ocrx_word' id='word_1_597' title='bbox 1805 3782 1874 3836; x_wconf 87' lang='lat' dir='ltr'>de</span> <span class='ocrx_word' id='word_1_598' title='bbox 1901 3783 2021 3851; x_wconf 83' lang='lat' dir='ltr'>ﬁlio</span> 
     </span>
    </p>
   </div>
   <div class='ocr_carea' id='block_1_74' title="bbox 373 3869 2020 3941">
    <p class='ocr_par' dir='ltr' id='par_1_74' title="bbox 373 3869 2020 3941">
     <span class='ocr_line' id='line_1_74' title="bbox 373 3869 2020 3941; baseline -0.001 -14"><span class='ocrx_word' id='word_1_599' title='bbox 373 3879 494 3941; x_wconf 86' lang='lat' dir='ltr'>tuo,</span> <span class='ocrx_word' id='word_1_600' title='bbox 525 3871 584 3924; x_wconf 90' lang='lat' dir='ltr'>in</span> <span class='ocrx_word' id='word_1_601' title='bbox 617 3871 792 3925; x_wconf 89' lang='lat' dir='ltr'>terris</span> <span class='ocrx_word' id='word_1_602' title='bbox 823 3871 1103 3938; x_wconf 87' lang='lat' dir='ltr'>ipsorum,</span> <span class='ocrx_word' id='word_1_603' title='bbox 1134 3870 1188 3924; x_wconf 88' lang='lat' dir='ltr'>si</span> <span class='ocrx_word' id='word_1_604' title='bbox 1217 3869 1274 3924; x_wconf 89' lang='lat' dir='ltr'>in</span> <span class='ocrx_word' id='word_1_605' title='bbox 1295 3870 1556 3925; x_wconf 89' lang='lat' dir='ltr'>manibus</span> <span class='ocrx_word' id='word_1_606' title='bbox 1581 3875 1903 3926; x_wconf 87' lang='lat' dir='ltr'>&#39;l‘urcorum</span> <span class='ocrx_word' id='word_1_607' title='bbox 1925 3887 2020 3926; x_wconf 87' lang='lat' dir='ltr'>eos</span> 
     </span>
    </p>
   </div>
   <div class='ocr_carea' id='block_1_75' title="bbox 377 3957 2021 4031">
    <p class='ocr_par' dir='ltr' id='par_1_75' title="bbox 377 3957 2021 4031">
     <span class='ocr_line' id='line_1_75' title="bbox 377 3957 2021 4031; baseline -0.001 -15"><span class='ocrx_word' id='word_1_608' title='bbox 377 3960 691 4016; x_wconf 84' lang='lat' dir='ltr'>tradideris</span> <span class='ocrx_word' id='word_1_609' title='bbox 717 3962 739 4013; x_wconf 75' lang='grc' dir='ltr'><strong><em>Ρ</em></strong></span> <span class='ocrx_word' id='word_1_610' title='bbox 769 3958 898 4014; x_wconf 79' lang='lat' dir='ltr'>Haec</span> <span class='ocrx_word' id='word_1_611' title='bbox 929 3963 984 4012; x_wconf 90' lang='lat' dir='ltr'>et</span> <span class='ocrx_word' id='word_1_612' title='bbox 1015 3957 1128 4013; x_wconf 85' lang='lat' dir='ltr'>alia</span> <span class='ocrx_word' id='word_1_613' title='bbox 1157 3957 1376 4013; x_wconf 87' lang='lat' dir='ltr'>similia</span> <span class='ocrx_word' id='word_1_614' title='bbox 1405 3975 1539 4014; x_wconf 90' lang='lat' dir='ltr'>cum</span> <span class='ocrx_word' id='word_1_615' title='bbox 1572 3964 1817 4015; x_wconf 78' lang='lat' dir='ltr'>mmstus</span> <span class='ocrx_word' id='word_1_616' title='bbox 1847 3964 1904 4015; x_wconf 89' lang='lat' dir='ltr'>et</span> <span class='ocrx_word' id='word_1_617' title='bbox 1923 3976 2021 4031; x_wconf 84' lang='lat' dir='ltr'>ge-</span> 
     </span>
    </p>
   </div>
   <div class='ocr_carea' id='block_1_76' title="bbox 375 4047 2020 4120">
    <p class='ocr_par' dir='ltr' id='par_1_76' title="bbox 375 4047 2020 4120">
     <span class='ocr_line' id='line_1_76' title="bbox 375 4047 2020 4120; baseline -0.001 -15"><span class='ocrx_word' id='word_1_618' title='bbox 375 4063 546 4105; x_wconf 86' lang='lat' dir='ltr'>mens</span> <span class='ocrx_word' id='word_1_619' title='bbox 571 4049 786 4120; x_wconf 71' lang='lat' dir='ltr'>saapius</span> <span class='ocrx_word' id='word_1_620' title='bbox 811 4047 1137 4114; x_wconf 84' lang='lat' dir='ltr'>iterassem,</span> <span class='ocrx_word' id='word_1_621' title='bbox 1163 4048 1320 4102; x_wconf 83' lang='lat' dir='ltr'>venit</span> <span class='ocrx_word' id='word_1_622' title='bbox 1341 4049 1410 4102; x_wconf 88' lang='lat' dir='ltr'>ad</span> <span class='ocrx_word' id='word_1_623' title='bbox 1436 4065 1528 4104; x_wconf 90' lang='lat' dir='ltr'>me</span> <span class='ocrx_word' id='word_1_624' title='bbox 1551 4048 1788 4120; x_wconf 88' lang='lat' dir='ltr'>quidam</span> <span class='ocrx_word' id='word_1_625' title='bbox 1823 4049 2020 4104; x_wconf 84' lang='lat' dir='ltr'>Suria-</span> 
     </span>
    </p>
   </div>
   <div class='ocr_carea' id='block_1_77' title="bbox 375 4136 2024 4210">
    <p class='ocr_par' dir='ltr' id='par_1_77' title="bbox 375 4136 2024 4210">
     <span class='ocr_line' id='line_1_77' title="bbox 375 4136 2024 4210; baseline -0.001 -15"><span class='ocrx_word' id='word_1_626' title='bbox 375 4151 490 4195; x_wconf 84' lang='lat' dir='ltr'>‘nus</span> <span class='ocrx_word' id='word_1_627' title='bbox 521 4138 619 4210; x_wconf 88' lang='lat' dir='ltr'>qui</span> <span class='ocrx_word' id='word_1_628' title='bbox 653 4136 1022 4192; x_wconf 85' lang='lat' dir='ltr'>Christianus</span> <span class='ocrx_word' id='word_1_629' title='bbox 1043 4140 1184 4204; x_wconf 87' lang='lat' dir='ltr'>erat,</span> <span class='ocrx_word' id='word_1_630' title='bbox 1214 4140 1272 4192; x_wconf 89' lang='lat' dir='ltr'>et</span> <span class='ocrx_word' id='word_1_631' title='bbox 1293 4137 1439 4190; x_wconf 81' lang='lat' dir='ltr'>dixit</span> <span class='ocrx_word' id='word_1_632' title='bbox 1463 4137 1624 4192; x_wconf 88' lang='lat' dir='ltr'>mihi:</span> <span class='ocrx_word' id='word_1_633' title='bbox 1657 4143 1808 4194; x_wconf 85' lang='lat' dir='ltr'>Bono</span> <span class='ocrx_word' id='word_1_634' title='bbox 1828 4140 2024 4194; x_wconf 88' lang='lat' dir='ltr'>animo</span> 
     </span>
    </p>
   </div>
   <div class='ocr_carea' id='block_1_78' title="bbox 370 4225 2023 4298">
    <p class='ocr_par' dir='ltr' id='par_1_78' title="bbox 370 4225 2023 4298">
     <span class='ocr_line' id='line_1_78' title="bbox 370 4225 2023 4298; baseline -0.001 -15"><span class='ocrx_word' id='word_1_635' title='bbox 370 4238 519 4296; x_wconf 88' lang='lat' dir='ltr'>esto,</span> <span class='ocrx_word' id='word_1_636' title='bbox 547 4235 602 4282; x_wconf 88' lang='lat' dir='ltr'>et</span> <span class='ocrx_word' id='word_1_637' title='bbox 633 4227 758 4282; x_wconf 85' lang='lat' dir='ltr'>vide</span> <span class='ocrx_word' id='word_1_638' title='bbox 786 4241 858 4280; x_wconf 89' lang='lat' dir='ltr'>ne</span> <span class='ocrx_word' id='word_1_639' title='bbox 885 4226 1135 4297; x_wconf 80' lang='lat' dir='ltr'>amplius</span> <span class='ocrx_word' id='word_1_640' title='bbox 1159 4225 1404 4298; x_wconf 86' lang='lat' dir='ltr'>ﬂeveris.</span> <span class='ocrx_word' id='word_1_641' title='bbox 1423 4225 1661 4281; x_wconf 86' lang='lat' dir='ltr'>Etdixit:</span> <span class='ocrx_word' id='word_1_642' title='bbox 1685 4228 2023 4282; x_wconf 85' lang='lat' dir='ltr'>Modoeram</span> 
     </span>
    </p>
   </div>
   <div class='ocr_carea' id='block_1_79' title="bbox 369 4315 2023 4388">
    <p class='ocr_par' dir='ltr' id='par_1_79' title="bbox 369 4315 2023 4388">
     <span class='ocr_line' id='line_1_79' title="bbox 369 4315 2023 4388; baseline -0.001 -15"><span class='ocrx_word' id='word_1_643' title='bbox 369 4327 508 4374; x_wconf 81' lang='lat' dir='ltr'>ante</span> <span class='ocrx_word' id='word_1_644' title='bbox 536 4319 693 4388; x_wconf 83' lang='lat' dir='ltr'>fores</span> <span class='ocrx_word' id='word_1_645' title='bbox 726 4316 984 4372; x_wconf 70' lang='lat' dir='ltr'>Ecclesia:</span> <span class='ocrx_word' id='word_1_646' title='bbox 1014 4316 1192 4371; x_wconf 71' lang='lat' dir='ltr'>beatae</span> <span class='ocrx_word' id='word_1_647' title='bbox 1222 4315 1424 4371; x_wconf 66' lang='lat' dir='ltr'>Maria!</span> <span class='ocrx_word' id='word_1_648' title='bbox 1452 4316 1659 4370; x_wconf 89' lang='lat' dir='ltr'>matris</span> <span class='ocrx_word' id='word_1_649' title='bbox 1693 4317 1938 4382; x_wconf 87' lang='lat' dir='ltr'>Domini,</span> <span class='ocrx_word' id='word_1_650' title='bbox 1967 4326 2023 4371; x_wconf 87' lang='lat' dir='ltr'>et</span> 
     </span>
    </p>
   </div>
   <div class='ocr_carea' id='block_1_80' title="bbox 371 4405 2024 4476">
    <p class='ocr_par' dir='ltr' id='par_1_80' title="bbox 371 4405 2024 4476">
     <span class='ocr_line' id='line_1_80' title="bbox 371 4405 2024 4476; baseline -0.001 -13"><span class='ocrx_word' id='word_1_651' title='bbox 371 4408 526 4463; x_wconf 83' lang='lat' dir='ltr'>venit</span> <span class='ocrx_word' id='word_1_652' title='bbox 556 4406 788 4476; x_wconf 85' lang='lat' dir='ltr'>quidam</span> <span class='ocrx_word' id='word_1_653' title='bbox 813 4405 1056 4461; x_wconf 87' lang='lat' dir='ltr'>clericus</span> <span class='ocrx_word' id='word_1_654' title='bbox 1083 4406 1162 4460; x_wconf 87' lang='lat' dir='ltr'>ad</span> <span class='ocrx_word' id='word_1_655' title='bbox 1189 4420 1282 4459; x_wconf 89' lang='lat' dir='ltr'>me</span> <span class='ocrx_word' id='word_1_656' title='bbox 1309 4405 1453 4459; x_wconf 89' lang='lat' dir='ltr'>albis</span> <span class='ocrx_word' id='word_1_657' title='bbox 1485 4405 1730 4460; x_wconf 87' lang='lat' dir='ltr'>vestibus</span> <span class='ocrx_word' id='word_1_658' title='bbox 1763 4406 2024 4472; x_wconf 81' lang='lat' dir='ltr'>indutus,-</span> 
     </span>
    </p>
   </div>
   <div class='ocr_carea' id='block_1_81' title="bbox 371 4494 2020 4569">
    <p class='ocr_par' dir='ltr' id='par_1_81' title="bbox 371 4494 2020 4569">
     <span class='ocr_line' id='line_1_81' title="bbox 371 4494 2020 4569; baseline -0.001 -17"><span class='ocrx_word' id='word_1_659' title='bbox 371 4505 430 4552; x_wconf 83' lang='lat' dir='ltr'>et</span> <span class='ocrx_word' id='word_1_660' title='bbox 461 4511 591 4552; x_wconf 87' lang='lat' dir='ltr'>cum</span> <span class='ocrx_word' id='word_1_661' title='bbox 619 4496 945 4569; x_wconf 71' lang='lat' dir='ltr'>qutrsissem</span> <span class='ocrx_word' id='word_1_662' title='bbox 975 4496 1048 4549; x_wconf 89' lang='lat' dir='ltr'>ab</span> <span class='ocrx_word' id='word_1_663' title='bbox 1073 4509 1139 4548; x_wconf 91' lang='lat' dir='ltr'>eo</span> <span class='ocrx_word' id='word_1_664' title='bbox 1162 4494 1286 4566; x_wconf 86' lang='lat' dir='ltr'>quis</span> <span class='ocrx_word' id='word_1_665' title='bbox 1316 4503 1479 4558; x_wconf 87' lang='lat' dir='ltr'>esset,</span> <span class='ocrx_word' id='word_1_666' title='bbox 1513 4503 1568 4548; x_wconf 91' lang='lat' dir='ltr'>et</span> <span class='ocrx_word' id='word_1_667' title='bbox 1599 4496 1747 4550; x_wconf 83' lang='lat' dir='ltr'>unde</span> <span class='ocrx_word' id='word_1_668' title='bbox 1786 4497 2020 4566; x_wconf 87' lang='lat' dir='ltr'>veniret,</span> 
     </span>
    </p>
   </div>
   <div class='ocr_carea' id='block_1_82' title="bbox 2129 3606 3783 3680">
    <p class='ocr_par' dir='ltr' id='par_1_82' title="bbox 2129 3606 3783 3680">
     <span class='ocr_line' id='line_1_82' title="bbox 2129 3606 3783 3680; baseline 0.003 -18"><span class='ocrx_word' id='word_1_669' title='bbox 2129 3606 2424 3662; x_wconf 86' lang='lat' dir='ltr'>Podiensis</span> <span class='ocrx_word' id='word_1_670' title='bbox 2449 3623 2578 3660; x_wconf 90' lang='lat' dir='ltr'>cum</span> <span class='ocrx_word' id='word_1_671' title='bbox 2609 3606 2872 3661; x_wconf 85' lang='lat' dir='ltr'>Heraclio</span> <span class='ocrx_word' id='word_1_672' title='bbox 2899 3607 3218 3678; x_wconf 72' lang='lat' dir='ltr'>vixillifero</span> <span class='ocrx_word' id='word_1_673' title='bbox 3243 3624 3349 3664; x_wconf 86' lang='lat' dir='ltr'>suo</span> <span class='ocrx_word' id='word_1_674' title='bbox 3375 3633 3388 3676; x_wconf 82' lang='lat'><strong>;</strong></span> <span class='ocrx_word' id='word_1_675' title='bbox 3418 3609 3517 3680; x_wconf 90' lang='lat' dir='ltr'>qui</span> <span class='ocrx_word' id='word_1_676' title='bbox 3545 3610 3604 3664; x_wconf 87' lang='lat' dir='ltr'>in</span> <span class='ocrx_word' id='word_1_677' title='bbox 3631 3611 3783 3668; x_wconf 87' lang='lat' dir='ltr'>bello</span> 
     </span>
    </p>
   </div>
   <div class='ocr_carea' id='block_1_83' title="bbox 2127 3694 3782 3769">
    <p class='ocr_par' dir='ltr' id='par_1_83' title="bbox 2127 3694 3782 3769">
     <span class='ocr_line' id='line_1_83' title="bbox 2127 3694 3782 3769; baseline 0.003 -18"><span class='ocrx_word' id='word_1_678' title='bbox 2127 3695 2388 3751; x_wconf 71' lang='lat' dir='ltr'>maxime</span> <span class='ocrx_word' id='word_1_679' title='bbox 2415 3697 2573 3766; x_wconf 87' lang='lat' dir='ltr'>facto</span> <span class='ocrx_word' id='word_1_680' title='bbox 2599 3694 2758 3764; x_wconf 86' lang='lat' dir='ltr'>apud</span> <span class='ocrx_word' id='word_1_681' title='bbox 2785 3695 3162 3768; x_wconf 76' lang='lat' dir='ltr'>Antiochiam,</span> <span class='ocrx_word' id='word_1_682' title='bbox 3185 3697 3782 3769; x_wconf 81' lang='lat' dir='ltr'>infaeiempercussus</span> 
     </span>
    </p>
   </div>
   <div class='ocr_carea' id='block_1_84' title="bbox 2127 3785 3786 3858">
    <p class='ocr_par' dir='ltr' id='par_1_84' title="bbox 2127 3785 3786 3858">
     <span class='ocr_line' id='line_1_84' title="bbox 2127 3785 3786 3858; baseline 0.003 -18"><span class='ocrx_word' id='word_1_683' title='bbox 2127 3786 2360 3856; x_wconf 84' lang='lat' dir='ltr'>sagitta,</span> <span class='ocrx_word' id='word_1_684' title='bbox 2393 3801 2524 3840; x_wconf 89' lang='lat' dir='ltr'>cum</span> <span class='ocrx_word' id='word_1_685' title='bbox 2549 3785 2868 3854; x_wconf 79' lang='lat' dir='ltr'>intrepidus</span> <span class='ocrx_word' id='word_1_686' title='bbox 2879 3787 3112 3855; x_wconf 88' lang='lat' dir='ltr'>agmina</span> <span class='ocrx_word' id='word_1_687' title='bbox 3125 3792 3154 3844; x_wconf 83' lang='grc' dir='ltr'><em>Ἰ</em></span> <span class='ocrx_word' id='word_1_688' title='bbox 3163 3793 3450 3844; x_wconf 77' lang='lat' dir='ltr'>&#39;urcorum</span> <span class='ocrx_word' id='word_1_689' title='bbox 3461 3797 3786 3858; x_wconf 80' lang='lat' dir='ltr'>prosterne-</span> 
     </span>
    </p>
   </div>
   <div class='ocr_carea' id='block_1_85' title="bbox 2131 3875 3786 3950">
    <p class='ocr_par' dir='ltr' id='par_1_85' title="bbox 2131 3875 3786 3950">
     <span class='ocr_line' id='line_1_85' title="bbox 2131 3875 3786 3950; baseline 0.003 -20"><span class='ocrx_word' id='word_1_690' title='bbox 2131 3885 2243 3945; x_wconf 83' lang='lat' dir='ltr'>ret,</span> <span class='ocrx_word' id='word_1_691' title='bbox 2275 3884 2333 3931; x_wconf 89' lang='lat' dir='ltr'>et</span> <span class='ocrx_word' id='word_1_692' title='bbox 2358 3875 2492 3930; x_wconf 89' lang='lat' dir='ltr'>inde</span> <span class='ocrx_word' id='word_1_693' title='bbox 2520 3875 2694 3930; x_wconf 88' lang='lat' dir='ltr'>vitam</span> <span class='ocrx_word' id='word_1_694' title='bbox 2722 3875 2988 3945; x_wconf 83' lang='lat' dir='ltr'>ﬁnierat:</span> <span class='ocrx_word' id='word_1_695' title='bbox 3021 3877 3090 3930; x_wconf 86' lang='lat' dir='ltr'>Et</span> <span class='ocrx_word' id='word_1_696' title='bbox 3113 3877 3786 3950; x_wconf 53' lang='lat' dir='ltr'>dixitepiscopussaeeru-</span> 
     </span>
    </p>
   </div>
   <div class='ocr_carea' id='block_1_86' title="bbox 2129 3965 3784 4036">
    <p class='ocr_par' dir='ltr' id='par_1_86' title="bbox 2129 3965 3784 4036">
     <span class='ocr_line' id='line_1_86' title="bbox 2129 3965 3784 4036; baseline 0.004 -17"><span class='ocrx_word' id='word_1_697' title='bbox 2129 3965 2273 4019; x_wconf 80' lang='lat' dir='ltr'>doti:</span> <span class='ocrx_word' id='word_1_698' title='bbox 2308 3969 2632 4030; x_wconf 86' lang='lat' dir='ltr'>Bertrame,</span> <span class='ocrx_word' id='word_1_699' title='bbox 2667 3965 2804 4036; x_wconf 83' lang='lat' dir='ltr'>quid</span> <span class='ocrx_word' id='word_1_700' title='bbox 2831 3965 2997 4034; x_wconf 83' lang='lat' dir='ltr'>agis?</span> <span class='ocrx_word' id='word_1_701' title='bbox 3025 3966 3093 4020; x_wconf 87' lang='lat' dir='ltr'>Et</span> <span class='ocrx_word' id='word_1_702' title='bbox 3123 3965 3267 4020; x_wconf 87' lang='lat' dir='ltr'>dixit</span> <span class='ocrx_word' id='word_1_703' title='bbox 3292 3965 3593 4024; x_wconf 79' lang='lat' dir='ltr'>Heraclius</span> <span class='ocrx_word' id='word_1_704' title='bbox 3617 3986 3630 4023; x_wconf 94' lang='lat'>:</span> <span class='ocrx_word' id='word_1_705' title='bbox 3663 3973 3784 4026; x_wconf 83' lang='lat' dir='ltr'>De-</span> 
     </span>
    </p>
   </div>
   <div class='ocr_carea' id='block_1_87' title="bbox 2129 4053 3786 4128">
    <p class='ocr_par' dir='ltr' id='par_1_87' title="bbox 2129 4053 3786 4128">
     <span class='ocr_line' id='line_1_87' title="bbox 2129 4053 3786 4128; baseline 0.003 -20"><span class='ocrx_word' id='word_1_706' title='bbox 2129 4054 2304 4121; x_wconf 82' lang='lat' dir='ltr'>mine,</span> <span class='ocrx_word' id='word_1_707' title='bbox 2338 4054 2602 4124; x_wconf 80' lang='lat' dir='ltr'>inﬁrmus</span> <span class='ocrx_word' id='word_1_708' title='bbox 2631 4063 2734 4109; x_wconf 90' lang='lat' dir='ltr'>est.</span> <span class='ocrx_word' id='word_1_709' title='bbox 2769 4053 2839 4108; x_wconf 87' lang='lat' dir='ltr'>Et</span> <span class='ocrx_word' id='word_1_710' title='bbox 2859 4053 3786 4128; x_wconf 62' lang='lat' dir='ltr'>responditepiscopuszt’twter</span> 
     </span>
    </p>
   </div>
   <div class='ocr_carea' id='block_1_88' title="bbox 2129 4142 3784 4214">
    <p class='ocr_par' dir='ltr' id='par_1_88' title="bbox 2129 4142 3784 4214">
     <span class='ocr_line' id='line_1_88' title="bbox 2129 4142 3784 4214; baseline 0.003 -16"><span class='ocrx_word' id='word_1_711' title='bbox 2129 4142 2602 4199; x_wconf 86' lang='lat' dir='ltr'>incredulitatem</span> <span class='ocrx_word' id='word_1_712' title='bbox 2633 4143 2988 4214; x_wconf 75' lang='lat' dir='ltr'>inﬁrmatur.</span> <span class='ocrx_word' id='word_1_713' title='bbox 3017 4143 3088 4198; x_wconf 87' lang='lat' dir='ltr'>Et</span> <span class='ocrx_word' id='word_1_714' title='bbox 3107 4146 3381 4201; x_wconf 77' lang='lat' dir='ltr'>sacerdos</span> <span class='ocrx_word' id='word_1_715' title='bbox 3403 4146 3474 4202; x_wconf 87' lang='lat' dir='ltr'>ad</span> <span class='ocrx_word' id='word_1_716' title='bbox 3498 4146 3637 4202; x_wconf 61' lang='lat' dir='ltr'>hac:</span> <span class='ocrx_word' id='word_1_717' title='bbox 3663 4152 3784 4204; x_wconf 79' lang='lat' dir='ltr'>Do-</span> 
     </span>
    </p>
   </div>
   <div class='ocr_carea' id='block_1_89' title="bbox 2127 4233 3787 4306">
    <p class='ocr_par' dir='ltr' id='par_1_89' title="bbox 2127 4233 3787 4306">
     <span class='ocr_line' id='line_1_89' title="bbox 2127 4233 3787 4306; baseline 0.003 -18"><span class='ocrx_word' id='word_1_718' title='bbox 2127 4233 2306 4298; x_wconf 83' lang='lat' dir='ltr'>mine,</span> <span class='ocrx_word' id='word_1_719' title='bbox 2339 4247 2528 4288; x_wconf 74' lang='lat' dir='ltr'>rion-ne</span> <span class='ocrx_word' id='word_1_720' title='bbox 2551 4247 2661 4306; x_wconf 91' lang='lat' dir='ltr'>ego</span> <span class='ocrx_word' id='word_1_721' title='bbox 2691 4233 2760 4288; x_wconf 90' lang='lat' dir='ltr'>de</span> <span class='ocrx_word' id='word_1_722' title='bbox 2789 4235 2991 4289; x_wconf 87' lang='lat' dir='ltr'>lancea</span> <span class='ocrx_word' id='word_1_723' title='bbox 3011 4234 3446 4303; x_wconf 82' lang='lat' dir='ltr'>Dominicredo,</span> <span class='ocrx_word' id='word_1_724' title='bbox 3463 4237 3614 4292; x_wconf 80' lang='lat' dir='ltr'>sicut</span> <span class='ocrx_word' id='word_1_725' title='bbox 3633 4238 3787 4294; x_wconf 81' lang='lat' dir='ltr'>etde</span> 
     </span>
    </p>
   </div>
   <div class='ocr_carea' id='block_1_90' title="bbox 2125 4321 3786 4396">
    <p class='ocr_par' dir='ltr' id='par_1_90' title="bbox 2125 4321 3786 4396">
     <span class='ocr_line' id='line_1_90' title="bbox 2125 4321 3786 4396; baseline 0.003 -19"><span class='ocrx_word' id='word_1_726' title='bbox 2125 4321 2397 4392; x_wconf 81' lang='lat' dir='ltr'>passione</span> <span class='ocrx_word' id='word_1_727' title='bbox 2424 4321 2684 4377; x_wconf 77' lang='lat' dir='ltr'>Domini?</span> <span class='ocrx_word' id='word_1_728' title='bbox 2715 4323 2785 4377; x_wconf 89' lang='lat' dir='ltr'>Et</span> <span class='ocrx_word' id='word_1_729' title='bbox 2813 4321 2961 4377; x_wconf 89' lang='lat' dir='ltr'>dixit</span> <span class='ocrx_word' id='word_1_730' title='bbox 2991 4323 3045 4377; x_wconf 87' lang='lat' dir='ltr'>ei</span> <span class='ocrx_word' id='word_1_731' title='bbox 3077 4323 3388 4396; x_wconf 81' lang='lat' dir='ltr'>episcopus</span> <span class='ocrx_word' id='word_1_732' title='bbox 3413 4340 3425 4379; x_wconf 92' lang='lat'>:</span> <span class='ocrx_word' id='word_1_733' title='bbox 3475 4329 3546 4382; x_wconf 75' lang='lat' dir='ltr'>Et</span> <span class='ocrx_word' id='word_1_734' title='bbox 3585 4327 3786 4382; x_wconf 77' lang='lat' dir='ltr'>adhuc</span> 
     </span>
    </p>
   </div>
   <div class='ocr_carea' id='block_1_91' title="bbox 2125 4410 3783 4487">
    <p class='ocr_par' dir='ltr' id='par_1_91' title="bbox 2125 4410 3783 4487">
     <span class='ocr_line' id='line_1_91' title="bbox 2125 4410 3783 4487; baseline 0.003 -21"><span class='ocrx_word' id='word_1_735' title='bbox 2125 4410 2325 4466; x_wconf 78' lang='lat' dir='ltr'>multa</span> <span class='ocrx_word' id='word_1_736' title='bbox 2353 4412 2473 4466; x_wconf 89' lang='lat' dir='ltr'>alia</span> <span class='ocrx_word' id='word_1_737' title='bbox 2499 4411 2742 4468; x_wconf 87' lang='lat' dir='ltr'>credere</span> <span class='ocrx_word' id='word_1_738' title='bbox 2765 4419 3014 4480; x_wconf 81' lang='lat' dir='ltr'>oportet.</span> <span class='ocrx_word' id='word_1_739' title='bbox 3045 4411 3109 4466; x_wconf 80' lang='lat' dir='ltr'>Et</span> <span class='ocrx_word' id='word_1_740' title='bbox 3122 4411 3257 4467; x_wconf 89' lang='lat' dir='ltr'>licet</span> <span class='ocrx_word' id='word_1_741' title='bbox 3270 4414 3341 4468; x_wconf 85' lang='lat' dir='ltr'>ad</span> <span class='ocrx_word' id='word_1_742' title='bbox 3353 4413 3464 4469; x_wconf 74' lang='lat' dir='ltr'>hoc</span> <span class='ocrx_word' id='word_1_743' title='bbox 3479 4415 3783 4487; x_wconf 82' lang='lat' dir='ltr'>negotium</span> 
     </span>
    </p>
   </div>
   <div class='ocr_carea' id='block_1_92' title="bbox 2131 4499 3786 4575">
    <p class='ocr_par' dir='ltr' id='par_1_92' title="bbox 2131 4499 3786 4575">
     <span class='ocr_line' id='line_1_92' title="bbox 2131 4499 3786 4575; baseline 0.004 -21"><span class='ocrx_word' id='word_1_744' title='bbox 2131 4517 2248 4554; x_wconf 88' lang='lat' dir='ltr'>non</span> <span class='ocrx_word' id='word_1_745' title='bbox 2271 4500 2579 4572; x_wconf 83' lang='lat' dir='ltr'>pertineat,</span> <span class='ocrx_word' id='word_1_746' title='bbox 2600 4505 2798 4554; x_wconf 83' lang='lat' dir='ltr'>tamen</span> <span class='ocrx_word' id='word_1_747' title='bbox 2819 4499 2962 4571; x_wconf 83' lang='lat' dir='ltr'>quia</span> <span class='ocrx_word' id='word_1_748' title='bbox 2983 4500 3282 4573; x_wconf 88' lang='lat' dir='ltr'>egregium</span> <span class='ocrx_word' id='word_1_749' title='bbox 3309 4506 3424 4574; x_wconf 84' lang='lat' dir='ltr'>est,</span> <span class='ocrx_word' id='word_1_750' title='bbox 3453 4503 3649 4575; x_wconf 74' lang='lat' dir='ltr'>gratia</span> <span class='ocrx_word' id='word_1_751' title='bbox 3677 4505 3786 4561; x_wconf 87' lang='lat' dir='ltr'>bo-</span> 
     </span>
    </p>
   </div>
   <div class='ocr_carea' id='block_1_93' title="bbox 374 4585 3788 4666">
    <p class='ocr_par' dir='ltr' id='par_1_93' title="bbox 374 4585 3788 4666">
     <span class='ocr_line' id='line_1_93' title="bbox 374 4585 3788 4666; baseline 0.002 -24"><span class='ocrx_word' id='word_1_752' title='bbox 374 4585 698 4658; x_wconf 77' lang='lat' dir='ltr'>respondit:</span> <span class='ocrx_word' id='word_1_753' title='bbox 738 4587 858 4654; x_wconf 87' lang='lat' dir='ltr'>Ego</span> <span class='ocrx_word' id='word_1_754' title='bbox 885 4600 1014 4639; x_wconf 88' lang='lat' dir='ltr'>sum</span> <span class='ocrx_word' id='word_1_755' title='bbox 1046 4589 1276 4640; x_wconf 80' lang='lat' dir='ltr'>Marcus</span> <span class='ocrx_word' id='word_1_756' title='bbox 1307 4585 1673 4654; x_wconf 87' lang='lat' dir='ltr'>evangelista,</span> <span class='ocrx_word' id='word_1_757' title='bbox 1697 4595 1750 4640; x_wconf 86' lang='lat' dir='ltr'>et</span> <span class='ocrx_word' id='word_1_758' title='bbox 1771 4587 1936 4640; x_wconf 88' lang='lat' dir='ltr'>venio</span> <span class='ocrx_word' id='word_1_759' title='bbox 1952 4588 2024 4641; x_wconf 90' lang='lat' dir='ltr'>ab</span> <span class='ocrx_word' id='word_1_760' title='bbox 2055 4605 2104 4666; x_wconf 71' lang='grc' dir='ltr'>ι)</span> <span class='ocrx_word' id='word_1_761' title='bbox 2133 4605 2343 4644; x_wconf 85' lang='lat' dir='ltr'>norum</span> <span class='ocrx_word' id='word_1_762' title='bbox 2369 4589 2675 4644; x_wconf 90' lang='lat' dir='ltr'>hominum</span> <span class='ocrx_word' id='word_1_763' title='bbox 2697 4587 2919 4659; x_wconf 87' lang='lat' dir='ltr'>aliquid</span> <span class='ocrx_word' id='word_1_764' title='bbox 2943 4589 3282 4662; x_wconf 83' lang='lat' dir='ltr'>adjungam.</span> <span class='ocrx_word' id='word_1_765' title='bbox 3307 4591 3450 4646; x_wconf 84' lang='lat' dir='ltr'>Cum</span> <span class='ocrx_word' id='word_1_766' title='bbox 3470 4591 3788 4649; x_wconf 78' lang='lat' dir='ltr'>resedisset</span> 
     </span>
    </p>
   </div>
   <div class='ocr_carea' id='block_1_94' title="bbox 377 4674 2026 4742">
    <p class='ocr_par' dir='ltr' id='par_1_94' title="bbox 377 4674 2026 4742">
     <span class='ocr_line' id='line_1_94' title="bbox 377 4674 2026 4742; baseline -0.001 -11"><span class='ocrx_word' id='word_1_767' title='bbox 377 4675 749 4731; x_wconf 61' lang='lat' dir='ltr'>Alexandria</span> <span class='ocrx_word' id='word_1_768' title='bbox 775 4699 788 4741; x_wconf 88' lang='lat'><strong>;</strong></span> <span class='ocrx_word' id='word_1_769' title='bbox 822 4683 875 4728; x_wconf 91' lang='lat' dir='ltr'>et</span> <span class='ocrx_word' id='word_1_770' title='bbox 907 4674 1119 4728; x_wconf 86' lang='lat' dir='ltr'>diverti</span> <span class='ocrx_word' id='word_1_771' title='bbox 1150 4679 1258 4728; x_wconf 87' lang='lat' dir='ltr'>huc</span> <span class='ocrx_word' id='word_1_772' title='bbox 1278 4674 2026 4742; x_wconf 73' lang='lat' dir='ltr'>propterecclesiamBeatw</span> 
     </span>
    </p>
   </div>
   <div class='ocr_carea' id='block_1_95' title="bbox 379 4762 2021 4833">
    <p class='ocr_par' dir='ltr' id='par_1_95' title="bbox 379 4762 2021 4833">
     <span class='ocr_line' id='line_1_95' title="bbox 379 4762 2021 4833; baseline -0.002 -11"><span class='ocrx_word' id='word_1_773' title='bbox 379 4765 840 4832; x_wconf 53' lang='lat' dir='ltr'>uarix-semper</span> <span class='ocrx_word' id='word_1_774' title='bbox 869 4763 1131 4833; x_wconf 89' lang='lat' dir='ltr'>virginis.</span> <span class='ocrx_word' id='word_1_775' title='bbox 1169 4762 1397 4816; x_wconf 87' lang='lat' dir='ltr'>Etcum</span> <span class='ocrx_word' id='word_1_776' title='bbox 1449 4778 1655 4816; x_wconf 88' lang='lat' dir='ltr'>rursus</span> <span class='ocrx_word' id='word_1_777' title='bbox 1704 4779 2021 4833; x_wconf 71' lang='lat' dir='ltr'>quaererem</span> 
     </span>
    </p>
   </div>
   <div class='ocr_carea' id='block_1_96' title="bbox 379 4851 2021 4926">
    <p class='ocr_par' dir='ltr' id='par_1_96' title="bbox 379 4851 2021 4926">
     <span class='ocr_line' id='line_1_96' title="bbox 379 4851 2021 4926; baseline 0.001 -18"><span class='ocrx_word' id='word_1_778' title='bbox 379 4871 493 4926; x_wconf 85' lang='lat' dir='ltr'>quo</span> <span class='ocrx_word' id='word_1_779' title='bbox 544 4854 673 4917; x_wconf 87' lang='lat' dir='ltr'>iret,</span> <span class='ocrx_word' id='word_1_780' title='bbox 719 4852 884 4907; x_wconf 90' lang='lat' dir='ltr'>dixit:</span> <span class='ocrx_word' id='word_1_781' title='bbox 925 4851 1196 4907; x_wconf 87' lang='lat' dir='ltr'>Dominus</span> <span class='ocrx_word' id='word_1_782' title='bbox 1223 4859 1421 4905; x_wconf 89' lang='lat' dir='ltr'>noster</span> <span class='ocrx_word' id='word_1_783' title='bbox 1445 4855 1611 4906; x_wconf 86' lang='lat' dir='ltr'>Jesus</span> <span class='ocrx_word' id='word_1_784' title='bbox 1644 4852 1910 4908; x_wconf 82' lang='lat' dir='ltr'>Christus</span> <span class='ocrx_word' id='word_1_785' title='bbox 1937 4862 2021 4909; x_wconf 85' lang='lat' dir='ltr'>est</span> 
     </span>
    </p>
   </div>
   <div class='ocr_carea' id='block_1_97' title="bbox 377 4939 2017 5013">
    <p class='ocr_par' dir='ltr' id='par_1_97' title="bbox 377 4939 2017 5013">
     <span class='ocr_line' id='line_1_97' title="bbox 377 4939 2017 5013; baseline -0.001 -14"><span class='ocrx_word' id='word_1_786' title='bbox 377 4946 532 5013; x_wconf 88' lang='lat' dir='ltr'>apud</span> <span class='ocrx_word' id='word_1_787' title='bbox 543 4941 914 5007; x_wconf 78' lang='lat' dir='ltr'>Antiochiam,</span> <span class='ocrx_word' id='word_1_788' title='bbox 930 4949 985 4996; x_wconf 88' lang='lat' dir='ltr'>et</span> <span class='ocrx_word' id='word_1_789' title='bbox 999 4939 1291 4994; x_wconf 85' lang='lat' dir='ltr'>mandavit</span> <span class='ocrx_word' id='word_1_790' title='bbox 1304 4939 1565 4995; x_wconf 87' lang='lat' dir='ltr'>omnibus</span> <span class='ocrx_word' id='word_1_791' title='bbox 1575 4940 1867 5009; x_wconf 83' lang='lat' dir='ltr'>discipulis</span> <span class='ocrx_word' id='word_1_792' title='bbox 1879 4943 2017 5010; x_wconf 91' lang='lat' dir='ltr'>suis,</span> 
     </span>
    </p>
   </div>
   <div class='ocr_carea' id='block_1_98' title="bbox 377 5029 2024 5101">
    <p class='ocr_par' dir='ltr' id='par_1_98' title="bbox 377 5029 2024 5101">
     <span class='ocr_line' id='line_1_98' title="bbox 377 5029 2024 5101; baseline -0.001 -12"><span class='ocrx_word' id='word_1_793' title='bbox 377 5041 440 5088; x_wconf 88' lang='lat' dir='ltr'>ut</span> <span class='ocrx_word' id='word_1_794' title='bbox 472 5050 538 5088; x_wconf 88' lang='lat' dir='ltr'>eo</span> <span class='ocrx_word' id='word_1_795' title='bbox 566 5032 846 5100; x_wconf 89' lang='lat' dir='ltr'>venirent,</span> <span class='ocrx_word' id='word_1_796' title='bbox 873 5029 1145 5100; x_wconf 84' lang='lat' dir='ltr'>quoniam</span> <span class='ocrx_word' id='word_1_797' title='bbox 1167 5029 1381 5084; x_wconf 85' lang='lat' dir='ltr'>Franci</span> <span class='ocrx_word' id='word_1_798' title='bbox 1410 5029 2024 5101; x_wconf 87' lang='lat' dir='ltr'>debentpugnarecum</span> 
     </span>
    </p>
   </div>
   <div class='ocr_carea' id='block_1_99' title="bbox 380 5117 2022 5189">
    <p class='ocr_par' dir='ltr' id='par_1_99' title="bbox 380 5117 2022 5189">
     <span class='ocr_line' id='line_1_99' title="bbox 380 5117 2022 5189; baseline -0.002 -9"><span class='ocrx_word' id='word_1_799' title='bbox 380 5124 607 5189; x_wconf 82' lang='lat' dir='ltr'>Turcis,</span> <span class='ocrx_word' id='word_1_800' title='bbox 640 5130 694 5175; x_wconf 88' lang='lat' dir='ltr'>et</span> <span class='ocrx_word' id='word_1_801' title='bbox 725 5135 828 5174; x_wconf 90' lang='lat' dir='ltr'>nos</span> <span class='ocrx_word' id='word_1_802' title='bbox 855 5119 1074 5173; x_wconf 86' lang='lat' dir='ltr'>erimus</span> <span class='ocrx_word' id='word_1_803' title='bbox 1103 5117 1184 5172; x_wconf 89' lang='lat' dir='ltr'>eis</span> <span class='ocrx_word' id='word_1_804' title='bbox 1214 5119 1570 5184; x_wconf 63' lang='lat' dir='ltr'>prasidium.</span> <span class='ocrx_word' id='word_1_805' title='bbox 1616 5119 1682 5174; x_wconf 90' lang='lat' dir='ltr'>Et</span> <span class='ocrx_word' id='word_1_806' title='bbox 1714 5119 1821 5176; x_wconf 89' lang='lat' dir='ltr'>hoc</span> <span class='ocrx_word' id='word_1_807' title='bbox 1870 5122 2022 5177; x_wconf 89' lang='lat' dir='ltr'>dicto</span> 
     </span>
    </p>
   </div>
   <div class='ocr_carea' id='block_1_100' title="bbox 380 5206 2024 5279">
    <p class='ocr_par' dir='ltr' id='par_1_100' title="bbox 380 5206 2024 5279">
     <span class='ocr_line' id='line_1_100' title="bbox 380 5206 2024 5279; baseline -0.001 -12"><span class='ocrx_word' id='word_1_808' title='bbox 380 5212 542 5268; x_wconf 84' lang='lat' dir='ltr'>abiit.</span> <span class='ocrx_word' id='word_1_809' title='bbox 568 5210 830 5279; x_wconf 88' lang='lat' dir='ltr'>Cumque</span> <span class='ocrx_word' id='word_1_810' title='bbox 849 5223 954 5279; x_wconf 85' lang='lat' dir='ltr'>ego</span> <span class='ocrx_word' id='word_1_811' title='bbox 982 5206 1073 5261; x_wconf 91' lang='lat' dir='ltr'>his</span> <span class='ocrx_word' id='word_1_812' title='bbox 1095 5223 1302 5278; x_wconf 80' lang='lat' dir='ltr'>parum</span> <span class='ocrx_word' id='word_1_813' title='bbox 1326 5208 1641 5275; x_wconf 88' lang='lat' dir='ltr'>crederem,</span> <span class='ocrx_word' id='word_1_814' title='bbox 1669 5209 2024 5267; x_wconf 86' lang='lat' dir='ltr'>neeadolore</span> 
     </span>
    </p>
   </div>
   <div class='ocr_carea' id='block_1_101' title="bbox 379 5296 2022 5368">
    <p class='ocr_par' dir='ltr' id='par_1_101' title="bbox 379 5296 2022 5368">
     <span class='ocr_line' id='line_1_101' title="bbox 379 5296 2022 5368; baseline -0.001 -12"><span class='ocrx_word' id='word_1_815' title='bbox 379 5317 484 5356; x_wconf 85' lang='lat' dir='ltr'>nec</span> <span class='ocrx_word' id='word_1_816' title='bbox 515 5317 548 5353; x_wconf 86' lang='lat' dir='ltr'>a</span> <span class='ocrx_word' id='word_1_817' title='bbox 578 5297 854 5368; x_wconf 71' lang='lat' dir='ltr'>Iacrymis</span> <span class='ocrx_word' id='word_1_818' title='bbox 883 5311 1230 5362; x_wconf 86' lang='lat' dir='ltr'>cessassem,</span> <span class='ocrx_word' id='word_1_819' title='bbox 1265 5296 1408 5351; x_wconf 88' lang='lat' dir='ltr'>dixit</span> <span class='ocrx_word' id='word_1_820' title='bbox 1439 5297 1582 5351; x_wconf 89' lang='lat' dir='ltr'>mihi</span> <span class='ocrx_word' id='word_1_821' title='bbox 1616 5297 1803 5353; x_wconf 88' lang='lat' dir='ltr'>isdem</span> <span class='ocrx_word' id='word_1_822' title='bbox 1822 5301 2022 5356; x_wconf 86' lang='lat' dir='ltr'>Suria-</span> 
     </span>
    </p>
   </div>
   <div class='ocr_carea' id='block_1_102' title="bbox 379 5385 2026 5455">
    <p class='ocr_par' dir='ltr' id='par_1_102' title="bbox 379 5385 2026 5455">
     <span class='ocr_line' id='line_1_102' title="bbox 379 5385 2026 5455; baseline 0.001 -11"><span class='ocrx_word' id='word_1_823' title='bbox 379 5404 511 5444; x_wconf 87' lang='lat' dir='ltr'>nus:</span> <span class='ocrx_word' id='word_1_824' title='bbox 562 5385 864 5454; x_wconf 88' lang='lat' dir='ltr'>Intellige:</span> <span class='ocrx_word' id='word_1_825' title='bbox 910 5390 978 5440; x_wconf 85' lang='lat' dir='ltr'>tn</span> <span class='ocrx_word' id='word_1_826' title='bbox 1025 5387 1337 5455; x_wconf 87' lang='lat' dir='ltr'>Evangelia</span> <span class='ocrx_word' id='word_1_827' title='bbox 1386 5387 1536 5441; x_wconf 88' lang='lat' dir='ltr'>beati</span> <span class='ocrx_word' id='word_1_828' title='bbox 1581 5388 1745 5442; x_wconf 86' lang='lat' dir='ltr'>Petri</span> <span class='ocrx_word' id='word_1_829' title='bbox 1773 5398 1854 5444; x_wconf 91' lang='lat' dir='ltr'>est</span> <span class='ocrx_word' id='word_1_830' title='bbox 1887 5391 2026 5446; x_wconf 88' lang='lat' dir='ltr'>scri-</span> 
     </span>
    </p>
   </div>
   <div class='ocr_carea' id='block_1_103' title="bbox 377 5475 2026 5547">
    <p class='ocr_par' dir='ltr' id='par_1_103' title="bbox 377 5475 2026 5547">
     <span class='ocr_line' id='line_1_103' title="bbox 377 5475 2026 5547; baseline 0.002 -16"><span class='ocrx_word' id='word_1_831' title='bbox 377 5486 541 5547; x_wconf 76' lang='lat' dir='ltr'>ptum</span> <span class='ocrx_word' id='word_1_832' title='bbox 586 5490 696 5546; x_wconf 86' lang='lat' dir='ltr'>quo</span> <span class='ocrx_word' id='word_1_833' title='bbox 741 5487 844 5529; x_wconf 89' lang='lat' dir='ltr'>nos</span> <span class='ocrx_word' id='word_1_834' title='bbox 891 5476 1184 5541; x_wconf 85' lang='lat' dir='ltr'>habemus,</span> <span class='ocrx_word' id='word_1_835' title='bbox 1219 5475 1369 5547; x_wconf 86' lang='lat' dir='ltr'>quod</span> <span class='ocrx_word' id='word_1_836' title='bbox 1397 5490 1533 5544; x_wconf 89' lang='lat' dir='ltr'>gens</span> <span class='ocrx_word' id='word_1_837' title='bbox 1561 5476 2026 5534; x_wconf 81' lang='lat' dir='ltr'>Christianorum</span> 
     </span>
    </p>
   </div>
   <div class='ocr_carea' id='block_1_104' title="bbox 379 5563 2022 5640">
    <p class='ocr_par' dir='ltr' id='par_1_104' title="bbox 379 5563 2022 5640">
     <span class='ocr_line' id='line_1_104' title="bbox 379 5563 2022 5640; baseline 0.003 -22"><span class='ocrx_word' id='word_1_838' title='bbox 379 5577 507 5637; x_wconf 69' lang='lat' dir='ltr'>quae</span> <span class='ocrx_word' id='word_1_839' title='bbox 523 5563 712 5634; x_wconf 85' lang='lat' dir='ltr'>capiet</span> <span class='ocrx_word' id='word_1_840' title='bbox 729 5565 1084 5631; x_wconf 84' lang='lat' dir='ltr'>Jerusalem,</span> <span class='ocrx_word' id='word_1_841' title='bbox 1110 5563 1271 5634; x_wconf 86' lang='lat' dir='ltr'>infra</span> <span class='ocrx_word' id='word_1_842' title='bbox 1295 5563 1522 5618; x_wconf 86' lang='lat' dir='ltr'>Antioch</span> <span class='ocrx_word' id='word_1_843' title='bbox 1531 5565 1644 5619; x_wconf 90' lang='lat' dir='ltr'>iam</span> <span class='ocrx_word' id='word_1_844' title='bbox 1667 5566 1869 5622; x_wconf 90' lang='lat' dir='ltr'>clausa</span> <span class='ocrx_word' id='word_1_845' title='bbox 1891 5570 2022 5640; x_wconf 86' lang='lat' dir='ltr'>erit,</span> 
     </span>
    </p>
   </div>
   <div class='ocr_carea' id='block_1_105' title="bbox 366 5650 2026 5725">
    <p class='ocr_par' dir='ltr' id='par_1_105' title="bbox 366 5650 2026 5725">
     <span class='ocr_line' id='line_1_105' title="bbox 366 5650 2026 5725; baseline -0.001 -10"><span class='ocrx_word' id='word_1_846' title='bbox 366 5667 482 5715; x_wconf 72' lang='lat' dir='ltr'>nec</span> <span class='ocrx_word' id='word_1_847' title='bbox 510 5650 641 5710; x_wconf 79' lang='lat' dir='ltr'>inde</span> <span class='ocrx_word' id='word_1_848' title='bbox 664 5655 834 5712; x_wconf 64' lang='lat' dir='ltr'>exire</span> <span class='ocrx_word' id='word_1_849' title='bbox 862 5655 1102 5724; x_wconf 85' lang='lat' dir='ltr'>poterit,</span> <span class='ocrx_word' id='word_1_850' title='bbox 1118 5653 1231 5710; x_wconf 88' lang='lat' dir='ltr'>nisi</span> <span class='ocrx_word' id='word_1_851' title='bbox 1238 5654 1404 5725; x_wconf 90' lang='lat' dir='ltr'>prius</span> <span class='ocrx_word' id='word_1_852' title='bbox 1420 5653 1672 5710; x_wconf 85' lang='lat' dir='ltr'>lanceam</span> <span class='ocrx_word' id='word_1_853' title='bbox 1691 5657 1924 5712; x_wconf 87' lang='lat' dir='ltr'>Domini</span> <span class='ocrx_word' id='word_1_854' title='bbox 1934 5674 2026 5714; x_wconf 89' lang='lat' dir='ltr'>re-</span> 
     </span>
    </p>
   </div>
   <div class='ocr_carea' id='block_1_106' title="bbox 2135 4677 3786 4751">
    <p class='ocr_par' dir='ltr' id='par_1_106' title="bbox 2135 4677 3786 4751">
     <span class='ocr_line' id='line_1_106' title="bbox 2135 4677 3786 4751; baseline 0.003 -18"><span class='ocrx_word' id='word_1_855' title='bbox 2135 4678 2405 4734; x_wconf 86' lang='lat' dir='ltr'>sacerdos</span> <span class='ocrx_word' id='word_1_856' title='bbox 2427 4678 2499 4732; x_wconf 87' lang='lat' dir='ltr'>ad</span> <span class='ocrx_word' id='word_1_857' title='bbox 2523 4677 2895 4750; x_wconf 58' lang='lat' dir='ltr'>praesentiam</span> <span class='ocrx_word' id='word_1_858' title='bbox 2919 4678 3198 4751; x_wconf 86' lang='lat' dir='ltr'>episcopi,</span> <span class='ocrx_word' id='word_1_859' title='bbox 3223 4684 3282 4735; x_wconf 90' lang='lat' dir='ltr'>et</span> <span class='ocrx_word' id='word_1_860' title='bbox 3297 4680 3542 4736; x_wconf 71' lang='lat' dir='ltr'>Hei-aelii</span> <span class='ocrx_word' id='word_1_861' title='bbox 3557 4681 3786 4738; x_wconf 86' lang='lat' dir='ltr'>domini</span> 
     </span>
    </p>
   </div>
   <div class='ocr_carea' id='block_1_107' title="bbox 2129 4766 3787 4840">
    <p class='ocr_par' dir='ltr' id='par_1_107' title="bbox 2129 4766 3787 4840">
     <span class='ocr_line' id='line_1_107' title="bbox 2129 4766 3787 4840; baseline 0.003 -18"><span class='ocrx_word' id='word_1_862' title='bbox 2129 4767 2228 4823; x_wconf 77' lang='lat' dir='ltr'>sui</span> <span class='ocrx_word' id='word_1_863' title='bbox 2265 4767 2535 4822; x_wconf 85' lang='lat' dir='ltr'>inﬁrmus</span> <span class='ocrx_word' id='word_1_864' title='bbox 2565 4766 2720 4822; x_wconf 82' lang='lat' dir='ltr'>enim</span> <span class='ocrx_word' id='word_1_865' title='bbox 2755 4771 2900 4835; x_wconf 89' lang='lat' dir='ltr'>erat,</span> <span class='ocrx_word' id='word_1_866' title='bbox 2933 4784 3039 4824; x_wconf 89' lang='lat' dir='ltr'>nec</span> <span class='ocrx_word' id='word_1_867' title='bbox 3069 4772 3225 4824; x_wconf 82' lang='lat' dir='ltr'>stare</span> <span class='ocrx_word' id='word_1_868' title='bbox 3253 4773 3502 4840; x_wconf 77' lang='lat' dir='ltr'>poterat,</span> <span class='ocrx_word' id='word_1_869' title='bbox 3531 4770 3676 4825; x_wconf 84' lang='lat' dir='ltr'>vidit</span> <span class='ocrx_word' id='word_1_870' title='bbox 3723 4771 3787 4827; x_wconf 83' lang='lat' dir='ltr'>in</span> 
     </span>
    </p>
   </div>
   <div class='ocr_carea' id='block_1_108' title="bbox 2129 4856 3789 4927">
    <p class='ocr_par' dir='ltr' id='par_1_108' title="bbox 2129 4856 3789 4927">
     <span class='ocr_line' id='line_1_108' title="bbox 2129 4856 3789 4927; baseline 0.001 -14"><span class='ocrx_word' id='word_1_871' title='bbox 2129 4856 2335 4913; x_wconf 86' lang='lat' dir='ltr'>faciem</span> <span class='ocrx_word' id='word_1_872' title='bbox 2375 4856 2606 4912; x_wconf 90' lang='lat' dir='ltr'>Domini</span> <span class='ocrx_word' id='word_1_873' title='bbox 2631 4856 2744 4924; x_wconf 85' lang='lat' dir='ltr'>sui,</span> <span class='ocrx_word' id='word_1_874' title='bbox 2769 4856 2983 4912; x_wconf 88' lang='lat' dir='ltr'>vulnus</span> <span class='ocrx_word' id='word_1_875' title='bbox 3005 4874 3121 4913; x_wconf 88' lang='lat' dir='ltr'>non</span> <span class='ocrx_word' id='word_1_876' title='bbox 3145 4874 3273 4914; x_wconf 84' lang='lat' dir='ltr'>esse</span> <span class='ocrx_word' id='word_1_877' title='bbox 3287 4865 3589 4927; x_wconf 81' lang='lat' dir='ltr'>sanatum,</span> <span class='ocrx_word' id='word_1_878' title='bbox 3611 4860 3681 4914; x_wconf 84' lang='lat' dir='ltr'>Et</span> <span class='ocrx_word' id='word_1_879' title='bbox 3697 4860 3789 4916; x_wconf 76' lang='lat' dir='ltr'>ait</span> 
     </span>
    </p>
   </div>
   <div class='ocr_carea' id='block_1_109' title="bbox 2131 4946 3780 5019">
    <p class='ocr_par' dir='ltr' id='par_1_109' title="bbox 2131 4946 3780 5019">
     <span class='ocr_line' id='line_1_109' title="bbox 2131 4946 3780 5019; baseline 0.002 -17"><span class='ocrx_word' id='word_1_880' title='bbox 2131 4946 2405 5002; x_wconf 87' lang='lat' dir='ltr'>sacerdos</span> <span class='ocrx_word' id='word_1_881' title='bbox 2432 4963 2443 5000; x_wconf 90' lang='lat'>:</span> <span class='ocrx_word' id='word_1_882' title='bbox 2499 4946 2650 5016; x_wconf 74' lang='lat' dir='ltr'>Quid</span> <span class='ocrx_word' id='word_1_883' title='bbox 2695 4951 2780 5001; x_wconf 82' lang='lat' dir='ltr'>est</span> <span class='ocrx_word' id='word_1_884' title='bbox 2827 4950 2934 5004; x_wconf 77' lang='lat' dir='ltr'>hoc</span> <span class='ocrx_word' id='word_1_885' title='bbox 2958 4950 2981 5001; x_wconf 71' lang='grc' dir='ltr'>Ρ</span> <span class='ocrx_word' id='word_1_886' title='bbox 3009 4947 3080 5002; x_wconf 85' lang='lat' dir='ltr'>Et</span> <span class='ocrx_word' id='word_1_887' title='bbox 3109 4947 3411 5019; x_wconf 86' lang='lat' dir='ltr'>respondit</span> <span class='ocrx_word' id='word_1_888' title='bbox 3440 4948 3742 5006; x_wconf 71' lang='lat' dir='ltr'>Heraelius</span> <span class='ocrx_word' id='word_1_889' title='bbox 3765 4968 3780 4980; x_wconf 88' lang='grc'><strong>·</strong></span> 
     </span>
    </p>
   </div>
   <div class='ocr_carea' id='block_1_110' title="bbox 2127 5035 3788 5108">
    <p class='ocr_par' dir='ltr' id='par_1_110' title="bbox 2127 5035 3788 5108">
     <span class='ocr_line' id='line_1_110' title="bbox 2127 5035 3788 5108; baseline 0.002 -16"><span class='ocrx_word' id='word_1_890' title='bbox 2127 5039 2272 5092; x_wconf 85' lang='lat' dir='ltr'>Cum</span> <span class='ocrx_word' id='word_1_891' title='bbox 2301 5051 2406 5106; x_wconf 90' lang='lat' dir='ltr'>ego</span> <span class='ocrx_word' id='word_1_892' title='bbox 2432 5035 2706 5091; x_wconf 82' lang='lat' dir='ltr'>venissem</span> <span class='ocrx_word' id='word_1_893' title='bbox 2735 5045 2870 5092; x_wconf 85' lang='lat' dir='ltr'>ante</span> <span class='ocrx_word' id='word_1_894' title='bbox 2898 5037 3202 5092; x_wconf 76' lang='lat' dir='ltr'>Dominum</span> <span class='ocrx_word' id='word_1_895' title='bbox 3213 5039 3788 5108; x_wconf 71' lang='lat' dir='ltr'>meum,deprecatus</span> 
     </span>
    </p>
   </div>
   <div class='ocr_carea' id='block_1_111' title="bbox 2132 5127 3785 5201">
    <p class='ocr_par' dir='ltr' id='par_1_111' title="bbox 2132 5127 3785 5201">
     <span class='ocr_line' id='line_1_111' title="bbox 2132 5127 3785 5201; baseline 0.003 -21"><span class='ocrx_word' id='word_1_896' title='bbox 2132 5141 2260 5180; x_wconf 89' lang='lat' dir='ltr'>sum</span> <span class='ocrx_word' id='word_1_897' title='bbox 2290 5141 2440 5190; x_wconf 88' lang='lat' dir='ltr'>eum,</span> <span class='ocrx_word' id='word_1_898' title='bbox 2473 5135 2539 5181; x_wconf 87' lang='lat' dir='ltr'>ut</span> <span class='ocrx_word' id='word_1_899' title='bbox 2568 5140 2863 5198; x_wconf 86' lang='lat' dir='ltr'>nunquam</span> <span class='ocrx_word' id='word_1_900' title='bbox 2891 5131 3010 5182; x_wconf 71' lang='lat' dir='ltr'>haec</span> <span class='ocrx_word' id='word_1_901' title='bbox 3038 5129 3211 5197; x_wconf 79' lang='lat' dir='ltr'>plaga</span> <span class='ocrx_word' id='word_1_902' title='bbox 3226 5127 3620 5196; x_wconf 61' lang='lat' dir='ltr'>claudentur,</span> <span class='ocrx_word' id='word_1_903' title='bbox 3638 5144 3785 5201; x_wconf 83' lang='lat' dir='ltr'>quo-</span> 
     </span>
    </p>
   </div>
   <div class='ocr_carea' id='block_1_112' title="bbox 2133 5215 3786 5286">
    <p class='ocr_par' dir='ltr' id='par_1_112' title="bbox 2133 5215 3786 5286">
     <span class='ocr_line' id='line_1_112' title="bbox 2133 5215 3786 5286; baseline 0.002 -15"><span class='ocrx_word' id='word_1_904' title='bbox 2133 5217 2292 5271; x_wconf 85' lang='lat' dir='ltr'>niam</span> <span class='ocrx_word' id='word_1_905' title='bbox 2321 5225 2563 5284; x_wconf 85' lang='lat' dir='ltr'>propter</span> <span class='ocrx_word' id='word_1_906' title='bbox 2591 5232 2724 5271; x_wconf 85' lang='lat' dir='ltr'>eum</span> <span class='ocrx_word' id='word_1_907' title='bbox 2749 5215 2924 5270; x_wconf 88' lang='lat' dir='ltr'>vitam</span> <span class='ocrx_word' id='word_1_908' title='bbox 2951 5217 3234 5286; x_wconf 68' lang='lat' dir='ltr'>finieram.</span> <span class='ocrx_word' id='word_1_909' title='bbox 3271 5221 3462 5273; x_wconf 69' lang='lat' dir='ltr'>Ethoc</span> <span class='ocrx_word' id='word_1_910' title='bbox 3480 5219 3630 5273; x_wconf 74' lang='lat' dir='ltr'>mini</span> <span class='ocrx_word' id='word_1_911' title='bbox 3649 5235 3786 5274; x_wconf 79' lang='lat' dir='ltr'>con-</span> 
     </span>
    </p>
   </div>
   <div class='ocr_carea' id='block_1_113' title="bbox 2133 5303 3790 5377">
    <p class='ocr_par' dir='ltr' id='par_1_113' title="bbox 2133 5303 3790 5377">
     <span class='ocr_line' id='line_1_113' title="bbox 2133 5303 3790 5377; baseline 0.002 -17"><span class='ocrx_word' id='word_1_912' title='bbox 2133 5304 2298 5360; x_wconf 88' lang='lat' dir='ltr'>cessit</span> <span class='ocrx_word' id='word_1_913' title='bbox 2328 5304 2618 5359; x_wconf 87' lang='lat' dir='ltr'>Dominus.</span> <span class='ocrx_word' id='word_1_914' title='bbox 2652 5303 2753 5360; x_wconf 84' lang='lat' dir='ltr'>His</span> <span class='ocrx_word' id='word_1_915' title='bbox 2785 5307 2958 5376; x_wconf 83' lang='lat' dir='ltr'>atque</span> <span class='ocrx_word' id='word_1_916' title='bbox 2981 5304 3251 5377; x_wconf 84' lang='lat' dir='ltr'>pluribus</span> <span class='ocrx_word' id='word_1_917' title='bbox 3274 5306 3512 5373; x_wconf 86' lang='lat' dir='ltr'>auditis,</span> <span class='ocrx_word' id='word_1_918' title='bbox 3537 5306 3790 5363; x_wconf 73' lang='lat' dir='ltr'>credidit</span> 
     </span>
    </p>
   </div>
   <div class='ocr_carea' id='block_1_114' title="bbox 2134 5391 3790 5468">
    <p class='ocr_par' dir='ltr' id='par_1_114' title="bbox 2134 5391 3790 5468">
     <span class='ocr_line' id='line_1_114' title="bbox 2134 5391 3790 5468; baseline 0.003 -21"><span class='ocrx_word' id='word_1_919' title='bbox 2134 5391 2438 5457; x_wconf 79' lang='lat' dir='ltr'>Amulius,</span> <span class='ocrx_word' id='word_1_920' title='bbox 2485 5396 2543 5447; x_wconf 89' lang='lat' dir='ltr'>et</span> <span class='ocrx_word' id='word_1_921' title='bbox 2585 5391 2888 5448; x_wconf 86' lang='lat' dir='ltr'>confessus</span> <span class='ocrx_word' id='word_1_922' title='bbox 2937 5397 3046 5461; x_wconf 89' lang='lat' dir='ltr'>est,</span> <span class='ocrx_word' id='word_1_923' title='bbox 3101 5398 3160 5448; x_wconf 88' lang='lat' dir='ltr'>et</span> <span class='ocrx_word' id='word_1_924' title='bbox 3211 5393 3480 5465; x_wconf 85' lang='lat' dir='ltr'>promisit</span> <span class='ocrx_word' id='word_1_925' title='bbox 3509 5395 3790 5468; x_wconf 85' lang='lat' dir='ltr'>episeopo</span> 
     </span>
    </p>
   </div>
   <div class='ocr_carea' id='block_1_115' title="bbox 2083 5480 3789 5556">
    <p class='ocr_par' dir='ltr' id='par_1_115' title="bbox 2083 5480 3789 5556">
     <span class='ocr_line' id='line_1_115' title="bbox 2083 5480 3789 5556; baseline 0.004 -20"><span class='ocrx_word' id='word_1_926' title='bbox 2083 5500 2086 5502; x_wconf 93' lang='grc'>·</span> <span class='ocrx_word' id='word_1_927' title='bbox 2135 5480 2482 5549; x_wconf 88' lang='lat' dir='ltr'>Albariensi,</span> <span class='ocrx_word' id='word_1_928' title='bbox 2517 5481 2672 5552; x_wconf 87' lang='lat' dir='ltr'>quod</span> <span class='ocrx_word' id='word_1_929' title='bbox 2705 5497 2900 5536; x_wconf 81' lang='lat' dir='ltr'>coram</span> <span class='ocrx_word' id='word_1_930' title='bbox 2932 5482 3093 5538; x_wconf 86' lang='lat' dir='ltr'>omni</span> <span class='ocrx_word' id='word_1_931' title='bbox 3124 5483 3506 5540; x_wconf 83' lang='lat' dir='ltr'>multitudine</span> <span class='ocrx_word' id='word_1_932' title='bbox 3557 5485 3789 5556; x_wconf 72' lang='lat' dir='ltr'>populi,</span> 
     </span>
    </p>
   </div>
   <div class='ocr_carea' id='block_1_116' title="bbox 2131 5569 3792 5646">
    <p class='ocr_par' dir='ltr' id='par_1_116' title="bbox 2131 5569 3792 5646">
     <span class='ocr_line' id='line_1_116' title="bbox 2131 5569 3792 5646; baseline 0.003 -21"><span class='ocrx_word' id='word_1_933' title='bbox 2131 5588 2240 5644; x_wconf 82' lang='lat' dir='ltr'>pro</span> <span class='ocrx_word' id='word_1_934' title='bbox 2291 5569 2697 5627; x_wconf 84' lang='lat' dir='ltr'>increduli-tate</span> <span class='ocrx_word' id='word_1_935' title='bbox 2746 5587 2854 5626; x_wconf 88' lang='lat' dir='ltr'>sua</span> <span class='ocrx_word' id='word_1_936' title='bbox 2899 5571 3132 5628; x_wconf 85' lang='lat' dir='ltr'>veniam</span> <span class='ocrx_word' id='word_1_937' title='bbox 3180 5577 3422 5646; x_wconf 83' lang='lat' dir='ltr'>peteret.</span> <span class='ocrx_word' id='word_1_938' title='bbox 3456 5571 3556 5629; x_wconf 86' lang='lat' dir='ltr'>Die</span> <span class='ocrx_word' id='word_1_939' title='bbox 3586 5577 3792 5630; x_wconf 82' lang='lat' dir='ltr'>autem</span> 
     </span>
    </p>
   </div>
   <div class='ocr_carea' id='block_1_117' title="bbox 2139 5660 3795 5732">
    <p class='ocr_par' dir='ltr' id='par_1_117' title="bbox 2139 5660 3795 5732">
     <span class='ocr_line' id='line_1_117' title="bbox 2139 5660 3795 5732; baseline 0.002 -15"><span class='ocrx_word' id='word_1_940' title='bbox 2139 5661 2474 5732; x_wconf 86' lang='lat' dir='ltr'>constituta,</span> <span class='ocrx_word' id='word_1_941' title='bbox 2510 5677 2646 5718; x_wconf 89' lang='lat' dir='ltr'>cum</span> <span class='ocrx_word' id='word_1_942' title='bbox 2675 5660 2930 5718; x_wconf 83' lang='lat' dir='ltr'>venisset</span> <span class='ocrx_word' id='word_1_943' title='bbox 2957 5667 3196 5720; x_wconf 81' lang='lat' dir='ltr'>vocatus</span> <span class='ocrx_word' id='word_1_944' title='bbox 3221 5663 3299 5722; x_wconf 82' lang='lat' dir='ltr'>ad</span> <span class='ocrx_word' id='word_1_945' title='bbox 3323 5661 3648 5720; x_wconf 66' lang='lat' dir='ltr'>consilium</span> <span class='ocrx_word' id='word_1_946' title='bbox 3677 5665 3795 5720; x_wconf 75' lang='lat' dir='ltr'>Ar-</span> 
     </span>
    </p>
   </div>
  </div>
