3996 6096
208 309 345 370 641

1240 307 1455 370 llAlM.
1501 308 1603 370 DE
1646 306 1916 371 AGILES
1965 309 2164 371 llIST.
2210 308 2622 372 HIEROSOL.

3516 312 3635 372 642

224 438 457 510 nullus,
489 440 664 514 coepit
700 440 888 497 dicere
921 441 1075 513 quod
1106 440 1254 498 bene
1284 441 1578 510 crederet;
1610 443 1711 498 sed
1742 454 1876 498 cum
1906 442 1960 510 Α
1992 442 2246 498 habebat
2275 460 2453 516 super
2481 446 2658 515 caput
2686 440 3049 514 replicatam,
3081 440 3306 514 ingredi
3339 442 3397 498 in
3438 443 3634 517 ignem

226 524 474 591 domino
504 544 612 588 suo
654 527 886 586 volebat
928 529 1110 604 loqui,
1144 534 1457 603 antequam
1486 530 1714 587 veniam
1748 530 1884 587 inde

226 622 477 693 peteret.
512 618 657 675 Cum
684 632 817 675 vero
858 619 967 675 hoc
1014 618 1277 675 audisset
1324 616 1526 675 Petrus
1580 619 1883 676 Bartholo-

214 718 440 776 ‘mazus,
464 706 651 764 iratus
673 706 946 777 nimium,
971 704 1116 764 dixit
1145 708 1301 764 sicut
1330 706 1502 764 homo
1540 707 1808 780 simplex,
1828 712 1884 765 et

228 797 333 870 qui
354 792 659 853 veritatem
682 797 828 852 bene
849 801 1084 853 noverat
1108 815 1121 852 :
1158 796 1280 854 Volo
1311 813 1376 854 ac
1402 796 1675 869 deprecor,
1708 805 1768 853 ut
1786 797 1887 868 ﬁat

414 887 713 955 mammas,
744 893 797 942 et
835 902 959 941 cum
1018 886 1212 943 lancea
1261 886 1484 943 Domini
1519 887 1762 943 transibo
1784 903 1885 958 per

225 972 496 1042 medium,
526 983 594 1043 et,
624 977 677 1031 si
707 975 898 1031 lancea
941 976 1165 1033 Domini
1215 985 1313 1044 est,
1356 977 1643 1033 incolumis
1703 984 1883 1033 trans-

220 1074 392 1131 eam;
419 1066 509 1120 sin
548 1072 730 1121 autem
769 1065 977 1136 falsum
1005 1072 1105 1131 est,
1136 1065 1424 1122 comburar
1452 1067 1513 1121 in
1543 1066 1689 1136 igne.
1725 1064 1882 1121 Video

215 1152 383 1209 enim
412 1155 544 1227 quia
582 1166 680 1209 nec
714 1154 892 1224 signis
932 1166 1032 1211 nec
1075 1152 1301 1211 testibus
1351 1155 1610 1211 creditur.
1644 1152 1883 1211 Placue-

230 1246 374 1299 runt
394 1243 515 1298 haec
536 1242 736 1299 omnia
765 1240 955 1311 nobis,
979 1242 1267 1301 etindicto
1288 1240 1338 1299 ei
1354 1243 1601 1316 jejunio,
1627 1242 1883 1300 diximus

230 1330 392 1404 quod
425 1344 492 1388 eo
525 1332 618 1389 die
650 1330 811 1388 ﬂeret
840 1331 1015 1406 ignis,
1049 1346 1164 1406 quo
1215 1330 1501 1390 Dominus
1553 1337 1751 1389 noster
1779 1346 1882 1406 pro

229 1420 426 1477 salute
474 1424 697 1488 nostra,
730 1418 1020 1495 plagatus,
1055 1428 1113 1478 et
1156 1422 1217 1477 in
1267 1438 1438 1479 cruce
1482 1421 1612 1479 fuit.
1646 1422 1716 1478 Et
1755 1426 1886 1495 post

229 1509 393 1565 diem
411 1512 535 1566 erat
560 1506 894 1566 Parasceve.
916 1508 1121 1582 Itaque
1150 1508 1526 1566 illucescente
1550 1509 1645 1566 die
1677 1509 1886 1565 consti-

224 1602 384 1667 tuta,
405 1597 562 1672 ignis
584 1602 824 1671 paratus
855 1603 944 1656 est
970 1603 1103 1672 post
1131 1598 1456 1655 meridiem.
1481 1598 1887 1655 Convenerunt

231 1703 301 1743 eo
321 1686 621 1760 principes
642 1692 700 1743 et
720 1700 994 1761 populus,
1022 1704 1207 1761 usque
1237 1687 1309 1744 ad
1340 1688 1731 1762 quadraginta
1753 1686 1884 1742 mil—

228 1776 315 1833 lia
337 1776 623 1845 virorum,
656 1776 1008 1851 fueruntque
1039 1778 1119 1833 ibi
1151 1777 1481 1833 sacerdotes
1520 1776 1695 1834 nudis
1726 1775 1885 1849 pedi-

230 1864 372 1932 bus,
406 1871 463 1921 et
490 1862 683 1921 induti
742 1866 1202 1923 sacerdotalibus
1255 1865 1641 1922 vestimentis.
1672 1866 1882 1921 Factus

234 1960 325 2011 est
339 1952 498 2029 ignis
514 1957 584 2011 de
600 1955 742 2012 oleis
759 1954 952 2024 siccis,
972 1960 1028 2012 et
1056 1955 1261 2012 habuit
1276 1954 1336 2011 in
1351 1954 1716 2029 longitudine
1738 1971 1884 2027 qua-

234 2043 565 2100 tuordecim
586 2045 761 2118 pedes
779 2061 792 2114 ;
812 2049 869 2100 et
884 2050 1053 2101 erant
1083 2045 1199 2101 duo
1227 2058 1488 2118 aggeres,
1512 2049 1569 2100 et
1592 2048 1715 2100 erat
1736 2043 1887 2098 inter

235 2138 523 2207 utrosque
551 2134 703 2191 duos
729 2148 969 2208 aggeres
1001 2133 1259 2207 spatium
1289 2131 1458 2206 quasi
1491 2133 1666 2189 unius
1699 2132 1882 2205 pedis,

235 2227 416 2297 atque
446 2222 507 2278 in
538 2220 849 2281 altitudine
878 2238 1159 2298 aggerum
1191 2227 1356 2280 erant
1405 2228 1657 2296 quatuor
1688 2222 1882 2294 pedes.

235 2312 386 2369 Cum
408 2324 545 2368 vero
566 2310 940 2368 vehementer
961 2311 1117 2387 ignis
1139 2326 1420 2369 accensus
1443 2316 1616 2381 esset,
1642 2312 1758 2366 dixi
1781 2326 1886 2384 ego

234 2394 613 2457 Raimundus
632 2414 828 2458 coram
850 2400 1009 2457 omni
1035 2399 1414 2457 multitudine
1437 2416 1449 2456 :
1474 2400 1538 2456 Si
1555 2403 1696 2457 Deus
1716 2401 1890 2456 omni-

232 2499 426 2563 potens
453 2489 585 2545 huic
614 2488 832 2546 homini
855 2490 1061 2546 locutus
1091 2498 1170 2547 est
1191 2491 1336 2563 facie
1363 2489 1433 2545 ad
1458 2492 1677 2562 facian,
1700 2497 1750 2545 et
1773 2489 1891 2544 bea-

238 2588 324 2636 tus
350 2578 598 2634 Andreas
628 2578 874 2635 lanceam
900 2577 1231 2635 dominicam
1262 2578 1493 2635 ostendit
1516 2580 1588 2649 ei,
1621 2595 1745 2634 cum
1777 2580 1890 2649 ipse

238 2670 525 2743 vigilaret,
561 2675 801 2724 transeat
860 2669 961 2724 iste
999 2668 1211 2725 illaesus
1255 2684 1356 2741 per
1414 2670 1616 2737 ignem.
1649 2667 1749 2724 Sin
1786 2685 1888 2724 au-

240 2767 346 2815 tem
392 2757 561 2813 aliter
613 2764 711 2826 est,
761 2764 813 2813 et
864 2756 1211 2813 mendacium
1267 2764 1384 2825 est;
1412 2756 1764 2814 comburatur
1794 2759 1893 2814 iste

238 2865 368 2904 cum
393 2847 604 2915 lancea,
638 2860 811 2919 quam
836 2846 1073 2918 portabit
1104 2847 1165 2902 in
1191 2847 1450 2901 manibus
1489 2848 1629 2903 suis.
1662 2847 1732 2902 Et
1762 2864 1891 2903 om-

242 2948 349 2994 nes
371 2934 539 2992 ﬂexis
564 2935 812 3008 genibus
832 2935 1259 3007 responderunt
1283 2950 1297 2989 :
1318 2935 1502 2991 Amen.
1521 2935 1893 2991 Exzcstuabat

240 3026 329 3081 ita
358 3024 699 3080 incendium
731 3027 798 3078 ut
827 3039 1012 3095 usque
1042 3022 1114 3077 ad
1145 3021 1388 3096 triginta
1418 3022 1645 3078 cubitos
1700 3039 1891 3079 aerem

240 3117 586 3187 occuparet;
604 3112 876 3169 accedere
892 3126 1027 3167 vero
1044 3126 1221 3184 prope
1237 3110 1438 3167 nullus
1459 3115 1704 3184 poterat.
1727 3113 1811 3167 Tu
1822 3128 1892 3167 nc

1989 530 2158 598 vidit,
2182 533 2238 587 et
2269 548 2403 587 cum
2433 530 2653 586 videret
2686 531 2837 603 quod
2874 547 2986 586 non
3020 531 3407 604 egrederetur,
3441 532 3635 588 existi-

1993 636 2163 675 mans
2185 620 2420 676 Petrum
2445 619 2937 675 Bartholomaeum
2960 619 3423 693 esse,lacrymari
3441 622 3635 694 coepit,

1992 709 2234 766 credens
2283 726 2417 764 eum
2456 707 2807 765 exstinctum
2840 726 2967 765 esse
2995 707 3052 763 in
3088 709 3242 781 igne.
3277 710 3412 765 Erat
3440 714 3638 766 autem

1992 794 2306 850 multitudo
2330 796 2407 851 ibi
2429 796 2759 865 hominum,
2785 814 2888 853 nec
2912 801 3179 869 poterant
3209 814 3412 854 omnes
3444 799 3642 855 omnia

1990 882 2202 940 videre.
2226 884 2295 940 Et
2318 884 2434 941 alia
2456 885 2643 941 multa
2665 886 2834 941 nobis
2856 886 3037 942 relata
3061 890 3217 955 sunt,
3238 891 3294 943 et
3315 887 3491 954 facta,
3511 902 3639 961 quae

1992 988 2101 1028 nos
2122 977 2450 1029 metuentes
2482 973 2811 1047 legentibus
2834 974 3156 1043 fastidium,
3183 976 3436 1032 scribere
3456 975 3643 1032 nolui-

1993 1077 2297 1127 mus,cum
2325 1062 2396 1117 ad
2417 1079 2653 1118 omnem
2686 1080 2923 1119 causam
2956 1067 3074 1119 tres
3100 1063 3291 1120 idonei
3323 1069 3503 1121 testes
3525 1062 3644 1121 su!-

1994 1149 2220 1205 ficiunt.
2254 1150 2446 1206 Unum
2496 1168 2630 1208 vero
2688 1168 2804 1208 non
2857 1156 3289 1224 praetereamus.
3324 1152 3641 1226 Postquam

1991 1238 2149 1296 enim
2173 1240 2378 1297 Petrus
2410 1258 2514 1313 per
2538 1240 2733 1313 ignem
2764 1241 3052 1309 transivit,
3096 1243 3232 1298 licet
3263 1243 3454 1300 adhuc
3485 1244 3641 1301 mul-

1992 1332 2119 1384 tum
2144 1334 2487 1385 exmstuaret
2511 1329 3083 1397 incendium,tamen
3107 1331 3361 1405 populus
3383 1331 3464 1389 ita
3477 1335 3641 1391 avide

1991 1416 2228 1474 titiones
2279 1416 2529 1490 collegit,
2564 1424 2621 1474 et
2678 1419 2958 1476 carbones
3015 1436 3149 1476 cum
3209 1421 3420 1490 cinere,
3474 1427 3540 1478 ut
3579 1423 3641 1478 in

1993 1506 2149 1562 brevi
2175 1508 2363 1579 spatio
2388 1506 2689 1563 nihil‘inde
2710 1512 3033 1581 appareret.
3054 1509 3116 1565 In
3140 1510 3252 1565 fide
3275 1510 3489 1567 etenim
3512 1511 3642 1568 illo-

1994 1612 2146 1664 rum,
2182 1595 2400 1652 multas
2431 1614 2532 1669 per
2562 1596 2683 1653 haec
2718 1597 2967 1653 virtutes
3016 1602 3289 1670 cperatus
3321 1604 3410 1657 est
3440 1605 3643 1673 postea

1995 1682 2298 1742 Dominus.
2332 1686 2406 1741 Ut
2452 1702 2586 1741 vero
2634 1685 2839 1743 Petrus
2889 1686 3347 1745 Bartholommus
3396 1689 3466 1746 de
3508 1690 3644 1763 igne

1995 1789 2267 1847 egressus
2289 1779 2396 1839 est,
2420 1774 2501 1830 ita
2524 1778 2589 1830 ut
2609 1791 2714 1830 nec
2737 1774 2937 1831 tunica
2958 1777 3087 1848 ejus
3109 1777 3416 1834 combusta
3447 1779 3640 1847 fuerit,

1995 1879 2100 1917 nec
2133 1862 2309 1917 etiam
2343 1862 2440 1919 ille
2471 1862 2899 1920 subtilissimus
2930 1881 3161 1937 pannus
3191 1867 3262 1922 de
3293 1883 3408 1938 quo
3440 1865 3645 1923 lancea

1994 1950 2226 2006 Domini
2256 1951 2515 2007 involuta
2543 1958 2667 2009 erat
2696 1953 2929 2026 signum
2964 1953 3215 2026 alicujus
3256 1953 3509 2013 laesionis
3539 1956 3643 2012 ha-

1995 2038 2260 2108 buisset;
2295 2042 2518 2113 accepit
2546 2058 2678 2097 eum
2714 2041 2985 2114 populus,
3018 2058 3153 2099 cum
3203 2043 3497 2116 signasset
3545 2060 3644 2102 eos

1995 2145 2128 2183 cum
2162 2128 2363 2184 lancea
2396 2129 2647 2197 Domini,
2681 2134 2739 2187 et
2769 2130 3081 2187 clamasset
3111 2130 3229 2187 alta
3256 2148 3426 2190 voce:
3461 2134 3640 2204 Deus,

1994 2234 2232 2283 sosuvs,
2265 2218 2505 2290 accepit,
2537 2218 2800 2291 inquam,
2824 2224 2881 2275 et
2908 2219 3083 2275 traxit
3110 2237 3244 2276 eum
3276 2238 3380 2294 per
3402 2225 3641 2290 terram,

1996 2311 2051 2362 et
2082 2305 2441 2362 conculcavit
2470 2324 2601 2362 eum
2664 2308 2857 2364 omnis
2908 2308 3010 2365 illa
3058 2309 3372 2366 multitudo
3421 2309 3643 2383 populi,

1996 2394 2139 2450 dum
2171 2395 2420 2468 quisque
2451 2395 2679 2452 volebat
2707 2413 2840 2452 eum
2872 2402 3131 2471 tangere,
3162 2396 3248 2454 vel
3282 2397 3544 2472 accipere
3574 2399 3646 2455 de

1996 2484 2341 2539 vestimento
2369 2484 2497 2555 ejus
2528 2483 2774 2557 aliquid,
2805 2490 2861 2541 et
2892 2487 3032 2542 dum
3066 2487 3337 2543 credebat
3360 2503 3495 2544 eum
3517 2504 3647 2545 esse

1998 2573 2312 2646 quisquam
2344 2574 2500 2647 apud
2532 2573 2735 2630 alium.
2763 2575 2962 2648 Itaque
2992 2577 3105 2631 tria
3131 2575 3373 2633 vulnera
3400 2577 3489 2634 vel
3509 2594 3649 2651 qua-

1998 2667 2131 2717 tuor
2159 2663 2419 2718 feceruut
2450 2663 2499 2718 ei
2530 2662 2587 2717 in
2621 2663 2910 2732 cruribus,
2943 2664 3312 2723 abscidentcs
3359 2666 3428 2723 de
3473 2682 3649 2724 carne

1998 2751 2147 2823 ejus,
2198 2756 2255 2807 et
2299 2752 2529 2824 spinam
2590 2751 2746 2808 dorsi
2807 2752 3256 2826 confringentes,
3295 2760 3650 2829 crepuerunt

1999 2857 2154 2896 eum.
2190 2840 2524 2913 Expirasset
2555 2844 2749 2896 autem
2782 2841 2862 2897 ibi
2886 2842 3109 2909 Petrus,
3134 2842 3288 2900 sicut
3317 2862 3424 2902 nos
3453 2846 3645 2903 credi-

2000 2947 2154 2996 mus,
2188 2930 2301 2987 nisi
2335 2930 2707 2985 Raimundus
2737 2929 2899 2985 Pclez
2928 2930 3335 2989 nobilissimus
3367 2933 3556 3003 miles,
3590 2938 3649 2993 et

1999 3019 2187 3085 fortis,
2223 3018 2372 3074 facto
2405 3018 2636 3091 agmine
2668 3019 2961 3074 sociorum
3006 3018 3315 3092 irrupisset
3348 3022 3405 3099 in
3437 3038 3648 3097 agmen

1999 3108 2183 3163 turba:
2213 3108 2479 3174 turbatae,
2503 3112 2560 3162 et
2581 3124 2768 3180 usque
2798 3109 2869 3163 ad
2906 3111 3151 3165 mortem
3175 3113 3490 3184 pugnando
3514 3112 3653 3169 libe-

241 3186 455 3259 Petrus
484 3196 968 3268 Bartholommus,
998 3200 1244 3256 indutus
1269 3197 1638 3255 solummodo
1668 3198 1888 3267 tunica,
1922 3186 1964 3251 C
2005 3200 2189 3253 rassct
2220 3212 2377 3251 eum.
2412 3196 2522 3252 Sed
2582 3214 2688 3253 nos
2735 3196 2795 3252 in
2845 3196 3243 3254 sollicitudine
3266 3270 3269 3273 _
3289 3204 3346 3256 et
3378 3201 3654 3275 angustia

241 3296 301 3348 et
316 3290 486 3347 ﬂexis
507 3288 758 3365 genibus
774 3292 908 3346 ante
922 3288 1262 3362 episcOpum
1276 3286 1701 3354 Albariensem,
1723 3288 1893 3344 Deum

238 3381 455 3438 testem
487 3378 793 3447 invocavit,
816 3378 956 3451 quod
974 3378 1117 3448 facie
1135 3378 1206 3434 ad
1225 3379 1425 3450 [aciem
1456 3392 1635 3449 ipsum
1660 3378 1717 3432 in
1736 3391 1895 3433 cruce

240 3470 445 3526 viderit
462 3490 484 3537 ;
510 3476 564 3526 et
589 3468 724 3536 haec,
758 3478 884 3540 quae
911 3482 1082 3539 supra
1125 3468 1331 3539 scripta
1358 3473 1488 3522 sunt
1517 3466 1583 3522 ab
1612 3482 1672 3523 eo
1702 3467 1894 3522 audie-

236 3560 336 3626 rit,
368 3566 424 3615 et
449 3574 487 3614 α
515 3556 681 3614 beatis
736 3556 992 3630 apostolis
1040 3560 1202 3612 Petro
1245 3563 1296 3611 et
1353 3554 1586 3622 Andrea,
1618 3563 1672 3612 et
1722 3570 1895 3630 neque

236 3647 545 3722 quidqu
572 3658 779 3713 eorum,
800 3658 926 3718 quae
940 3646 1051 3718 ipse
1079 3643 1180 3700 sub
1207 3646 1429 3701 nomine
1454 3645 1634 3700 sancti
1664 3643 1895 3702 Andreaz

232 3720 321 3794 uel
348 3720 529 3792 sancti
556 3735 727 3802 Petri,
744 3734 829 3791 vel
856 3735 1034 3806 ipsius
1058 3734 1283 3790 Domini
1309 3733 1457 3789 dixit
1482 3748 1541 3789 se
1567 3735 1894 3805 composuis-

234 3842 315 3895 se,
345 3834 400 3883 et
426 3827 483 3882 si
506 3822 806 3897 quidquam
855 3820 1115 3879 mentitus
1141 3828 1277 3889 erat,
1307 3836 1549 3894 praesens
1577 3822 1893 3878 incendium

236 3929 531 3988 nunquam
577 3915 881 3969 transisset.
916 3908 1123 3969 Caetera
1152 3922 1279 3984 quae
1310 3912 1422 3983 ipse
1450 3912 1799 3967 commisisset
1832 3912 1893 3966 in

240 4008 423 4062 Deum
476 4010 529 4060 et
560 4004 619 4058 in
642 4003 980 4075 proximum,
1010 3999 1307 4056 dimitteret
1334 4001 1388 4056 ei
1414 4000 1573 4067 Deus,
1601 4007 1653 4056 et
1675 4014 1775 4072 pro
1804 3999 1892 4056 his

239 4100 425 4151 oraret
451 4093 748 4165 episcopis,
778 4097 942 4162 atque
994 4104 1179 4146 omnes
1222 4088 1327 4145 alii
1373 4088 1688 4156 sacerdotes,
1718 4098 1770 4145 et
1793 4104 1891 4160 po-

237 4184 405 4256 pulus
436 4182 537 4255 qui
565 4179 635 4235 ad
662 4180 760 4236 hoc
787 4176 1161 4251 spectaculum
1195 4185 1575 4234 convenerant.
1602 4176 1740 4255 Post
1770 4174 1891 4233 haec

240 4284 377 4328 cum
409 4268 725 4344 episcopus
756 4267 1051 4342 posuisset
1069 4265 1121 4323 ei
1142 4266 1403 4323 lanceam
1421 4265 1480 4322 in
1498 4280 1711 4323 manus
1728 4264 1890 4323 ﬂexis

238 4359 515 4435 genibus,
549 4362 607 4414 et
634 4357 788 4414 facto
817 4355 983 4428 signo
1014 4353 1224 4423 crucis,
1257 4370 1392 4411 cum
1422 4353 1623 4412 lancea
1648 4354 1893 4412 viriliter

232 4454 295 4506 et
318 4444 761 4522 imperterritus
812 4444 1155 4502 incendium
1211 4443 1517 4519 ingressus
1573 4449 1679 4513 est,
1714 4450 1890 4517 atque

236 4536 429 4612 spatio
460 4534 718 4610 quodam
739 4536 799 4592 in
821 4534 1015 4623 medio
1036 4533 1190 4623 ignis
1221 4532 1558 4623 demoratus
1587 4537 1696 4603 est,
1716 4539 1775 4590 et
1805 4535 1889 4591 sic
1921 4558 1968 4623 Β

234 4642 344 4703 per
360 4624 468 4684 Dei
489 4625 742 4700 gratiam
769 4622 1060 4682 transivit.
1084 4622 1236 4680 Sunt
1256 4622 1525 4679 nonnulli
1553 4622 1766 4695 adhuc,
1790 4625 1892 4697 qui

238 4716 482 4792 signum
512 4712 623 4772 hoc
652 4712 734 4772 ibi
762 4712 1060 4785 viderunt;
1094 4713 1252 4785 quod
1282 4717 1596 4786 antequam
1626 4710 1894 4787 ingrede-

237 4812 404 4863 retur
430 4804 492 4860 in
524 4804 745 4879 ignem,
778 4804 1047 4877 quaedam
1086 4801 1209 4859 avis
1258 4802 1511 4875 desuper
1551 4802 1774 4871 volans,
1801 4801 1892 4858 lu-

234 4900 430 4951 strato
461 4894 619 4968 igne,
652 4906 722 4950 se
753 4893 914 4949 intus
945 4890 1109 4948 misit
1139 4908 1153 4948 :
1186 4890 1256 4948 Et
1285 4891 1394 4948 hoc
1423 4891 1570 4948 vidit
1598 4892 1894 4949 Ebrardus

236 4984 518 5042 sacerdos
548 4980 667 5051 ille,
698 4982 870 5055 cujus
912 4981 1183 5055 superius
1233 4981 1592 5037 mentionem
1622 4982 1890 5051 fecimus,

238 5073 343 5147 qui
373 5070 793 5143 Hierosolymis
838 5074 1041 5146 postea
1068 5086 1173 5145 pro
1203 5070 1319 5128 Deo
1350 5070 1649 5141 remansit,
1685 5076 1741 5128 et
1770 5071 1894 5127 Wi-

236 5162 499 5220 ibelmus
519 5160 663 5219 Boni
684 5160 866 5229 filius,
881 5160 1141 5234 optimus
1175 5159 1365 5229 miles,
1390 5165 1448 5217 et
1466 5161 1603 5217 boni
1633 5161 1895 5218 testimo-

237 5252 346 5321 nii,
378 5251 570 5325 patria
596 5248 976 5319 Arelatensis,
1008 5246 1119 5306 hoc
1146 5249 1347 5322 ipsum
1378 5265 1440 5305 se
1467 5248 1684 5306 vidisse
1714 5253 1891 5306 testa-

228 5346 360 5400 tur.
390 5338 558 5398 Alius
587 5334 825 5415 quidem
866 5338 1035 5396 miles
1066 5342 1155 5396 est
1182 5339 1463 5411 optimus,
1493 5354 1703 5412 genere
1732 5338 1892 5398 Nite«

222 5426 696 5499 Tensismomiue
715 5428 1046 5489 Willelmus
1070 5425 1261 5485 Malus
1281 5426 1552 5501 puer,qui
1574 5431 1893 5501 antequam

228 5520 449 5579 Petrus
475 5519 886 5595 ingrederetur
912 5518 975 5574 in
1004 5517 1327 5585 ﬂammam,
1361 5512 1677 5588 quemdam
1699 5515 1893 5576 homi-

230 5622 379 5671 nem
398 5609 684 5671 indutum
711 5610 874 5669 veste
902 5602 1273 5681 sacerdotali,
1305 5603 1419 5666 nisi
1444 5605 1599 5686 quod
1628 5606 1895 5672 casulam

2003 3286 2174 3342 modo
2196 3282 2389 3358 positi,
2412 3284 2667 3358 amplius
2688 3286 2758 3342 de
2778 3285 2870 3342 his
2894 3285 3147 3343 scribere
3168 3304 3285 3344 non
3310 3305 3647 3361 possumus.

2001 3375 2147 3431 Cum
2206 3392 2340 3430 vero
2399 3373 2711 3431 detulisset
2767 3374 3139 3433 Raimundus
3199 3377 3359 3434 Pelez
3415 3378 3649 3437 Petrum

2003 3465 2073 3520 ad
2134 3464 2373 3520 domum
2447 3467 2731 3532 nostram,
2782 3462 3071 3537 colligatis
3123 3464 3464 3524 vulneribus
3521 3470 3649 3541 ejus

2002 3553 2287 3626 cmpimus
2318 3570 2576 3625 quaerere
2606 3553 2680 3609 ab
2710 3570 2776 3609 eo
2817 3570 2998 3625 quare
3048 3570 3276 3611 moram
3326 3555 3560 3614 fecisset
3586 3558 3649 3614 in

2000 3642 2154 3715 igne.
2186 3642 2270 3697 Ad
2301 3641 2423 3697 haec
2456 3641 2583 3714 ipse
2640 3642 2939 3715 respondit
2971 3658 2985 3698 :
3019 3642 3268 3702 Occurrit
3292 3645 3439 3703 mihi
3467 3648 3653 3705 Domi-

1998 3748 2106 3787 nus
2136 3732 2198 3787 in
2224 3731 2402 3787 medio
2432 3733 2603 3801 igne;
2631 3739 2682 3788 et
2710 3731 3117 3804 apprehendens
3144 3750 3233 3791 me
3271 3752 3374 3807 per
3398 3752 3647 3807 manum,

2001 3818 2146 3876 dixit
2189 3819 2334 3875 mihi
2369 3836 2383 3875 :
2421 3820 2563 3889 Quia
2618 3819 2880 3877 dubitasti
2932 3819 2998 3876 de
3052 3822 3366 3879 inventione
3420 3824 3647 3896 lanceae,

1999 3927 2125 3965 cum
2154 3909 2339 3965 beatus
2368 3909 2612 3966 Andreas
2640 3926 2760 3965 eam
2791 3911 2895 3965 tibi
2922 3909 3649 3977 ostendisset,nonsictrans-

2001 3998 2108 4055 ibis
2138 4000 2369 4068 illu’sus,
2401 3998 2494 4055 sed
2517 4000 2797 4071 infernum
2827 4014 2938 4054 non
2966 3998 3193 4055 videbis.
3225 4000 3291 4056 Et
3330 4000 3429 4057 hoc
3481 4001 3648 4072 dicto,

1998 4089 2212 4145 dimisit
2236 4104 2341 4144 me.
2378 4088 2571 4143 Videte
2598 4089 2799 4160 itaque,
2814 4090 2865 4143 si
2891 4086 3430 4160 vultis,adustionem
3447 4107 3646 4148 meam.

1998 4179 2204 4234 Eterat
2220 4176 2415 4250 aliqua
2428 4176 2730 4233 adustioin
2747 4176 3038 4245 cruribus,
3062 4194 3262 4232 verum
3286 4194 3400 4233 non
3430 4179 3646 4250 multa;

2000 4267 2099 4324 sed
2116 4267 2302 4341 plaga:
2314 4271 2480 4322 erant
2492 4282 2737 4340 magnae.
2765 4266 2899 4324 Post
2918 4266 3039 4322 haec
3065 4267 3507 4327 convocavimus
3528 4287 3651 4327 om-

1998 4374 2104 4413 nes
2117 4356 2216 4429 qui
2230 4356 2301 4411 de
2315 4354 2519 4411 lancea
2534 4354 2759 4410 Domini
2782 4354 3209 4424 dubitaverant,
3230 4357 3570 4415 utvenirent
3591 4362 3651 4416 et

1996 4444 2259 4501 viderent
2291 4444 2497 4501 faciem
2528 4444 2677 4516 ejus,
2712 4448 2766 4500 et
2798 4448 2993 4516 caput,
3015 4448 3073 4500 et
3101 4443 3329 4517 reliqua
3360 4446 3647 4518 membra,

1999 4539 2055 4591 et
2086 4533 2497 4605 intelligerent,
2531 4534 2688 4607 quod
2746 4550 2948 4589 verum
3005 4536 3117 4601 est,
3175 4533 3463 4607 quidquid
3524 4535 3649 4609 ipse

2002 4624 2225 4681 dixerat
2245 4624 2314 4680 de
2338 4622 2559 4691 lancea,
2576 4628 2631 4679 et
2654 4624 2723 4679 de
2745 4621 2896 4691 aliis,
2911 4638 3044 4679 cum
3070 4639 3172 4696 pro
3199 4624 3531 4681 testimonio
3553 4640 3651 4682 eo-

2002 4730 2134 4770 rum
2165 4731 2279 4769 non
2313 4711 2685 4769 extimuisset
2716 4710 2953 4768 introire
2973 4710 3087 4767 tale
3108 4711 3651 4771 incendium.Vide-

2003 4808 2141 4859 runt
2170 4802 2367 4876 itaque
2398 4800 2591 4871 multi,
2625 4805 2682 4857 et
2724 4800 2990 4856 videntes
3046 4799 3253 4857 faciem
3296 4802 3426 4873 ejus
3477 4805 3652 4875 atque

2004 4896 2190 4949 totum
2220 4907 2455 4964 corpus,
2489 4888 2894 4963 gloriﬁcabant
2933 4894 3113 4946 Deum
3167 4890 3427 4947 dicentes
3460 4907 3472 4947 :
3508 4897 3652 4951 Bene

1996 4990 2171 5055 potest
2196 4997 2293 5037 nos
2320 4981 2584 5036 Dominus
2614 4978 2886 5036 custodire
2930 4981 3074 5035 inter
3127 4980 3339 5049 gladios
3395 4981 3650 5039 inimico-

2001 5088 2124 5126 ram
2152 5078 2489 5136 nostrorum,
2521 5070 2618 5140 qui
2647 5068 2922 5124 hominem
2952 5070 3119 5124 istum
3146 5069 3403 5124 liberavit
3419 5068 3484 5124 de
3503 5076 3652 5128 tanta

2001 5158 2253 5215 incendio
2307 5158 2676 5228 ﬂammarum.
2741 5157 2890 5214 Certe
2945 5174 3057 5213 non
3100 5157 3462 5227 credebamus,
3513 5159 3653 5230 quod

2001 5250 2204 5318 sagitta
2232 5248 2424 5319 aliqua
2451 5248 2533 5303 sic
2557 5248 2795 5304 transire
2829 5255 3004 5319 posset
3055 5248 3236 5305 illaesa
3288 5263 3388 5319 per
3444 5247 3651 5317 ignem,

2001 5337 2263 5411 quomodo
2292 5338 2390 5393 iste
2412 5338 2688 5393 transivit.
2704 5339 2843 5391 Post
2859 5335 2982 5391 haec
2998 5334 3204 5391 Petrus
3222 5335 3559 5392 convocavit
3578 5337 3653 5393 ad

2002 5440 2064 5482 se
2086 5425 2458 5500 capellanum
2481 5425 2980 5492 comitis,nomine
3002 5422 3490 5493 Raimundum,et
3510 5422 3658 5480 dixit

2003 5516 2053 5573 ei
2082 5532 2098 5571 :
2135 5521 2320 5590 Quare
2345 5518 2573 5575 voluisti
2598 5522 2661 5573 ut
2692 5529 2788 5583 ego
2819 5514 2884 5571 ob
2928 5514 3296 5571 testimonium
3348 5514 3658 5571 Dominicz

2006 5606 2235 5681 lanceae,
2266 5611 2318 5665 et
2344 5616 2672 5669 caeterorum
2698 5616 2825 5680 quae
2852 5620 2922 5663 ex
2943 5609 3102 5681 parte
3129 5600 3229 5663 Dei
3254 5598 3530 5675 dixeram,
3557 5611 3659 5676 per
3724 5683 3735 5691 .
