3994 6082
351 280 388 335 ti
405 281 466 340 i3

865 284 967 342 AD
1013 282 1527 346 GODEFRIDUM
1571 282 1900 344 APPEND.
1947 281 2024 342 II.
2060 315 2134 326 --
2161 279 2474 344 MONUM.
2519 283 2621 343 DE
2664 282 2916 344 BELLO
2961 283 3242 344 SACRO.

3633 282 3758 342 644

352 412 666 468 incendium
695 416 1032 472 transirem?
1059 416 1180 473 Scio
1225 420 1361 473 satis
1412 418 1538 489 quia
1579 417 1676 470 hoc
1704 425 1753 471 et
1784 417 1881 471 hoc
1903 432 1992 471 ρο·
2026 416 2075 481 Α
2105 413 2355 470 immisit
2384 414 2669 470 Dominus
2699 419 2764 470 ut
2793 415 2884 470 vix
2913 415 3135 488 fugere,
3169 419 3304 488 post
3349 413 3572 488 primos
3599 413 3758 472 ictus

347 503 578 571 gthlstis.
612 503 680 558 Et
713 503 857 558 dixit
888 504 935 559 ei
982 521 1108 576 quae
1158 505 1282 577 ipse
1331 505 1702 576 cogitaverat.
1739 505 2002 576 Cumque

343 590 443 662 ile
477 609 538 647 sc
566 591 761 648 taliter
819 593 1108 666 cogitasse
1167 599 1424 667 negaret,
1461 593 1760 664 respondit
1799 593 2001 648 Petrus

343 679 806 736 Bartholomzeus
845 699 856 736 :
892 682 1029 736 Mihi
1057 683 1276 754 quidem
1305 699 1506 753 negare
1533 699 1643 737 non
1667 691 1834 754 potes,
1867 684 2001 753 quia

345 777 550 826 certum
578 769 676 825 hoc
704 771 872 825 habeo
907 789 924 824 :
958 772 1172 826 Etenim
1205 772 1306 826 illa
1343 779 1496 826 nocte
1541 772 1652 841 fuit
1679 771 1772 826 hic
1801 771 1995 826 beatis-

343 860 484 913 sima
514 861 662 930 virgo
695 862 903 926 Maria,
937 868 987 915 et
1043 863 1323 932 episcopus
1377 860 1680 926 Podiensis,
1709 877 1808 932 per
1865 877 1995 932 quos

343 963 440 1016 ego
470 962 596 1019 qua?
615 955 672 1002 tu
703 964 868 1019 negas
897 948 1088 1004 didici.
1123 948 1290 1004 Miror
1341 951 1477 1004 satis
1535 966 1658 1004 cum
1711 949 1776 1004 de
1817 950 1994 1006 verbis

343 1036 568 1092 Domini
597 1044 648 1091 et
685 1037 1046 1109 apostolorum
1103 1037 1220 1109 ejus
1274 1053 1385 1094 non
1438 1037 1793 1102 dubitaveris,
1825 1055 1994 1109 quare

342 1125 774 1196 experimentum
803 1141 927 1180 eum
970 1127 1217 1196 periculo
1262 1143 1398 1192 meo,
1433 1127 1497 1181 de
1523 1128 1654 1182 solis
1681 1128 1767 1182 his
1795 1127 1992 1182 habere

341 1214 599 1268 volueris.
633 1215 797 1270 Tunc
830 1214 1254 1286 deprehensam
1287 1215 1696 1288 cogitationem
1728 1233 1916 1287 suam,
1934 1221 1990 1272 et

340 1318 402 1357 se
433 1301 786 1374 culpabilem
821 1307 952 1358 ante
985 1303 1168 1358 Deum
1203 1303 1569 1359 Raimundus
1596 1305 1986 1372 videns,ama-

341 1389 574 1446 rissime
618 1390 676 1446 in
729 1390 1020 1464 lacrymas
1073 1393 1359 1464 prorupit.
1394 1394 1462 1448 Et
1488 1393 1689 1449 Petrus
1720 1394 1791 1449 ad
1823 1393 1943 1449 haec
1970 1413 1982 1464 ;

337 1481 468 1536 Noli
494 1480 801 1552 desperare,
837 1483 965 1552 quia
996 1483 1253 1553 piissimo
1283 1484 1437 1550 virgo
1467 1482 1661 1549 Maria,
1694 1495 1743 1538 et
1768 1493 1988 1540 sanctus

336 1569 574 1625 Andreas
606 1570 709 1625 tibi
743 1573 954 1626 veniam
983 1571 1126 1642 aqud
1167 1573 1338 1627 Deum
1389 1574 1725 1628 obtinebunt.
1761 1574 1833 1628 Tu
1867 1590 1986 1629 vero

335 1660 556 1715 enixius
585 1675 676 1715 eos
705 1659 1012 1732 deprecare.

929 1749 1158 1806 CAPUT
1198 1750 1383 1806 XXIX.

404 1835 644 1892 Interim
677 1841 848 1892 tanta:
869 1854 934 1893 ac
953 1836 1097 1893 tales
1126 1837 1259 1894 lites
1291 1839 1442 1894 inter
1473 1839 1765 1911 principes
1800 1841 1978 1896 nostri

333 1925 621 1981 exercitus
651 1927 866 1982 obortaa
900 1931 1040 1982 sunt
1069 1931 1134 1982 ut
1167 1945 1310 2000 pene
1341 1932 1497 1983 totus
1524 1929 1809 1984 exercitus
1841 1929 1980 1984 divi-

335 2013 588 2070 deretur.
625 2015 736 2070 Sed
788 2015 940 2071 Deus
990 2016 1088 2088 qui
1143 2017 1350 2071 ductor
1397 2022 1538 2082 erat,
1591 2023 1646 2072 et
1694 2018 1980 2074 Dominus

333 2108 547 2169 noster,
581 2120 652 2158 ne
683 2103 824 2158 talia
861 2104 1063 2158 flerent
1093 2104 1391 2160 beneﬁciis
1439 2105 1562 2159 suis
1611 2105 1974 2176 prohibebat.

331 2189 468 2246 Erat
497 2190 701 2246 civitas
741 2190 975 2246 nomine
1007 2192 1278 2264 Tripolis,
1309 2193 1478 2264 cujus
1509 2193 1780 2266 superius
1813 2211 1976 2250 men-

330 2279 410 2334 tio
446 2279 594 2335 facta
625 2284 734 2348 est,
767 2297 882 2336 non
933 2279 1185 2336 multum
1234 2282 1403 2355 longe
1434 2300 1463 2337 a
1497 2283 1704 2339 castris
1735 2283 1972 2340 nostris.

334 2367 518 2438 Hujus
577 2367 756 2440 igitur
812 2367 1063 2424 civitatis
1123 2369 1418 2440 dominus,
1453 2387 1586 2425 cum
1621 2371 1974 2426 discordiam

329 2455 662 2529 principum
692 2461 1025 2512 nostrorum
1057 2455 1379 2524 didicisset,
1412 2459 1712 2530 respondit
1735 2459 1972 2526 nostris,

333 2544 432 2618 qui
465 2546 534 2600 de
561 2546 854 2601 reddendo
887 2546 1102 2601 tributo
1134 2563 1268 2602 eum
1327 2547 1701 2618 appellabant
1734 2565 1746 2603 :
1784 2553 1849 2604 Et
1878 2549 1976 2620 qui

326 2645 459 2691 sunt
487 2637 706 2692 Franci
729 2639 750 2690 Ρ
775 2640 839 2690 lit
871 2637 1068 2706 quales
1097 2637 1308 2690 milites
1336 2646 1466 2692 sunt
1491 2639 1513 2691 Ρ
1545 2641 1610 2692 Et
1639 2647 1855 2708 quanta
1885 2655 1974 2693 eo-

327 2741 460 2780 rum
491 2726 748 2795 potentia
772 2728 795 2780 ἒ
822 2729 962 2781 Ecce
984 2726 1192 2781 tertius
1221 2726 1433 2781 mensis
1473 2727 1644 2782 modo
1671 2729 1872 2798 agitur
1899 2747 1975 2784 ea:

321 2831 438 2888 quo
461 2814 752 2871 exercitus
773 2819 1128 2871 Francorum
1145 2816 1362 2870 obsedit
1372 2825 1630 2871 castrum
1650 2819 1971 2886 Archados,

328 2914 384 2961 et
411 2922 592 2974 neque
617 2906 903 2961 assultum
933 2921 1134 2960 eorum
1159 2906 1355 2973 habui,
1384 2921 1562 2977 neque
1590 2907 1841 2978 aliquem
1865 2925 1971 2962 ιη’-ι

325 3005 548 3051 malum
579 2995 648 3050 de
679 2995 818 3064 ipsis
847 2994 988 3065 vidi,
1021 3005 1074 3050 et
1107 3003 1300 3050 tamen
1352 3005 1485 3051 sunt
1538 3013 1718 3065 prope
1745 3013 1838 3052 me
1866 3013 1972 3066 per

327 3095 576 3157 quatuor
599 3085 815 3154 leugas.
841 3086 954 3140 Sed
981 3085 1206 3140 veniant
1239 3090 1364 3154 huc,
1399 3094 1454 3140 et
1483 3086 1774 3142 videamus
1797 3095 1973 3156 eos,et

2113 520 2310 559 eorum
2337 503 2516 576 aliqui
2541 508 2798 578 possent.
2823 505 2959 560 Erat
2978 504 3212 576 quidem
3233 505 3304 560 ad
3320 504 3637 560 videndum
3659 521 3758 560 sa-

2111 590 2186 646 tis
2212 591 2574 660 delectabile,
2597 609 2729 647 cum
2751 591 3082 664 aquaeducti
3113 591 3335 648 rivulus
3360 591 3572 665 raptim
3593 595 3759 648 trun-

2110 685 2238 735 cata
2261 681 2544 736 cadavera
2566 679 2850 736 nobilium
2865 680 3090 754 etvulgi
3104 680 3162 735 in
3177 681 3470 737 civitatem
3489 679 3754 738 inferret.

2107 769 2452 825 Ceciderunt
2483 771 2560 825 ibi
2597 770 2666 824 de
2697 771 2915 826 nostris
2937 788 3092 826 unus
3113 768 3198 827 vel
3223 771 3366 838 duo;
3391 771 3462 826 de
3481 769 3756 826 hostibus

2103 875 2258 926 vero,
2295 876 2480 931 usque
2513 859 2586 914 ad
2619 860 3024 932 septingentos
3067 857 3344 916 cecidisse
3395 859 3750 914 audivimus.

2105 947 2340 1004 Reversi
2399 949 2596 1020 itaque
2653 965 2788 1004 cum
2858 949 3064 1023 grandi
3117 947 3378 1016 victoria,
3432 953 3490 1005 et
3545 946 3753 1020 spoliis

2105 1036 2332 1104 multis,
2387 1037 2658 1092 dixerunt
2715 1037 2902 1093 nostri
2960 1037 3255 1111 principes
3312 1037 3384 1094 ad
3441 1035 3748 1110 populum.

2101 1126 2287 1180 Ilodie
2311 1126 2453 1181 vidit
2480 1141 2581 1181 nos
2613 1142 2722 1181 rex
2737 1126 3010 1196 Tripolis,
3025 1136 3078 1182 et
3091 1143 3192 1183 nos
3215 1127 3461 1182 vidimus
3483 1125 3754 1182 viaseivi-

2099 1215 2258 1282 tatis,
2280 1225 2334 1270 et
2367 1215 2855 1270 eonsideravimus
2875 1230 3135 1271 accessus
3159 1233 3182 1282 ,°
3211 1223 3266 1272 et
3285 1214 3521 1281 nunc,si
3548 1217 3749 1271 lauda-

2099 1304 2198 1374 tis,
2217 1303 2442 1374 justum
2457 1319 2580 1360 esse
2599 1304 2960 1362 decernimus
2971 1313 3032 1360 ut
3046 1319 3181 1360 cras
3203 1303 3393 1375 sapiat
3422 1320 3532 1360 rea:
3549 1306 3749 1376 quales

2095 1391 2310 1448 milites
2339 1409 2556 1449 sumus.
2596 1392 2829 1449 Reversi
2863 1393 3060 1466 itaque
3090 1391 3270 1448 altera
3300 1393 3591 1460 die,extra
3611 1391 3747 1448 civi-

2096 1482 2275 1536 tatem
2310 1480 2540 1536 nullum
2573 1481 3092 1538 invenerunt.Post
3121 1481 3244 1538 haec
3275 1487 3471 1538 autem
3503 1483 3745 1538 manda-

2093 1569 2176 1624 vit
2204 1587 2302 1624 rex
2333 1569 2583 1642 Tripolis
2613 1571 2683 1626 ad
2717 1574 2950 1626 nostros
2983 1569 3277 1644 principes
3308 1568 3356 1626 si
3389 1569 3742 1626 desisterent

2095 1658 2169 1712 ab
2195 1660 2630 1731 Oppugnatione
2660 1659 2980 1726 Archados,
3013 1659 3258 1715 donaret
3287 1659 3373 1716 eis
3403 1657 3739 1732 quindecim

2095 1746 2278 1802 millia
2309 1764 2540 1814 aureos,
2573 1751 2630 1804 et
2659 1765 2840 1820 equos
2871 1747 3091 1804 multos
3123 1751 3180 1804 et
3212 1746 3499 1814 mulas,et
3526 1751 3740 1818 vestes,

2091 1840 2148 1890 et
2175 1834 2470 1902 victualia,
2505 1841 2680 1909 atque
2731 1841 3054 1892 mercatum
3104 1836 3320 1893 faceret
3359 1836 3430 1891 de
3461 1836 3740 1893 omnibus

2090 1925 2264 1980 rebus
2287 1925 2446 1980 omni
2471 1924 2716 1997 populo;
2744 1929 3022 1998 praeterea
3052 1925 3318 1982 redderet
3339 1941 3543 1981 omnes
3563 1925 3744 1998 capti-

2087 2028 2210 2079 vos,
2247 2029 2396 2084 quos
2446 2012 2702 2069 habebat
2749 2014 2821 2068 de
2874 2017 3075 2070 nostra
3120 2017 3311 2088 gente.
3341 2012 3644 2070 Venerunt
3671 2029 3740 2070 eo

2088 2104 2350 2172 tempore
2373 2101 2446 2156 ab
2468 2099 2664 2157 Alexio
2695 2101 3048 2174 imperatore
3079 2100 3277 2174 legati,
3302 2118 3438 2157 cum
3463 2103 3738 2159 maximis

2087 2189 2473 2260 querimoniis
2504 2191 2574 2246 de
2601 2189 2944 2262 Boimundo,
2959 2207 3026 2247 eo
3049 2191 3204 2263 quod
3238 2189 3512 2246 retineret
3539 2189 3741 2247 civita-

2085 2283 2202 2336 tem
2237 2279 2574 2348 Antiochiae,
2610 2285 2816 2337 contra
2837 2281 3178 2354 juramenta
3225 2297 3354 2352 quae
3396 2280 3734 2354 imperatori

2085 2368 2319 2425 fecerat.
2354 2369 2618 2426 Habebat
2649 2369 2808 2426 enim
2850 2369 3216 2426 Boimundus
3263 2369 3633 2426 Antiochiam
3663 2385 3734 2426 eo

2085 2462 2365 2530 tempore.
2399 2459 2664 2531 Namque
2711 2476 2846 2515 cum
2898 2459 3161 2515 audisset
3205 2459 3276 2515 de
3306 2459 3540 2526 comite,
3572 2459 3731 2532 quod

2083 2549 2380 2618 profectus
2411 2553 2564 2602 esset
2594 2567 2626 2604 a
2659 2548 2852 2604 Marra
2883 2549 2940 2603 in
2977 2547 3252 2604 interiora
3280 2547 3482 2621 Syrias,
3511 2546 3736 2620 expulit

2081 2635 2350 2692 homines
2381 2637 2615 2692 comitis
2655 2637 2936 2693 violenter
2986 2637 3057 2692 de
3087 2637 3352 2694 turribus
3387 2635 3728 2707 Antiochiae,

2083 2741 2231 2796 quas
2265 2727 2592 2782 servabant.
2619 2728 2684 2782 Et
2719 2731 3027 2800 propterea
3057 2726 3358 2782 mandavit
3389 2724 3626 2782 Alcxius
3654 2727 3730 2782 ad

2081 2813 2376 2886 principes
2401 2820 2653 2882 nostros,
2679 2817 2834 2888 quod
2856 2816 3100 2872 donaret
3121 2832 3328 2872 aurum
3343 2819 3400 2871 et
3417 2818 3728 2888 argentum

2082 2903 2339 2959 multum
2372 2903 2476 2971 eis,
2507 2910 2563 2960 et
2594 2905 2816 2961 veniret
2871 2921 3007 2961 cum
3055 2903 3140 2960 eis
3186 2903 3246 2960 in
3293 2902 3640 2972 Jerusalem,
3675 2903 3728 2960 si

2080 2997 2482 3065 exspectarent
2512 3011 2698 3066 usque
2729 2995 2801 3049 ad
2833 2994 3206 3050 festivitatem
3243 2993 3428 3050 sancti
3459 2991 3725 3062 Joannis,

2079 3086 2136 3138 et
2166 3087 2304 3138 tunc
2337 3083 2594 3138 instabat
2643 3083 3014 3140 Dominicum
3065 3081 3306 3138 Pascha.
3340 3083 3620 3138 Dicebant
3650 3083 3726 3138 ob

326 3175 758 3244 comprobemus
787 3175 1058 3230 militiam
1077 3191 1298 3230 eorum.
1323 3179 1516 3244 Quare
1538 3193 1640 3246 ego
1662 3183 1968 3233 eorumho-
1999 3163 2041 3230 C
2079 3187 2147 3226 ea
2167 3171 2334 3226 multi
2359 3171 2418 3226 in
2441 3171 2658 3243 quibus
2677 3189 2870 3228 comes
2887 3176 3039 3228 erat:
3059 3176 3462 3241 Exspectemus
3473 3171 3728 3242 impera-

325 3267 547 3321 minum
575 3265 919 3320 tributarius
927 3266 1151 3335 ﬁerem,
1172 3281 1417 3338 quorum
1435 3266 1616 3336 facies
1635 3282 1745 3321 non
1767 3267 1900 3334 vidi,
1915 3275 1968 3322 et

324 3354 732 3427 fortitudinem
772 3353 1022 3424 ignoro?
1055 3353 1125 3408 Ut
1153 3370 1286 3409 vero
1337 3353 1458 3410 hanc
1501 3354 1684 3409 relata
1731 3360 1870 3410 sunt
1899 3356 1966 3410 ad

328 3443 644 3499 exercitum
677 3449 947 3499 nostrum
975 3460 988 3510 ;
1022 3443 1291 3498 dixerunt
1321 3443 1541 3515 quique
1571 3445 1642 3498 ad
1676 3443 1918 3499 invicem
1953 3461 1966 3498 :

329 3537 468 3589 Ecce
490 3533 640 3604 quod
655 3533 1058 3605 acquisivimus
1082 3545 1188 3601 pro
1212 3534 1664 3588 contentionibus
1686 3543 1740 3589 et
1761 3534 1972 3590 discor-

327 3623 436 3678 diis
465 3623 680 3678 nostris
713 3639 730 3676 :
764 3620 1213 3690 Blasphematur
1238 3623 1382 3676 Deus
1406 3641 1425 3686 ;
1447 3631 1500 3677 et
1531 3639 1630 3678 nos
1659 3624 1969 3678 contemni-

326 3727 481 3768 mur.
501 3713 700 3783 Itaque
723 3711 1130 3766 convenientes
1152 3710 1212 3764 in
1235 3728 1416 3765 unum
1447 3711 1741 3783 principes
1763 3711 1968 3779 nostri,

330 3805 665 3856 statuerunt
686 3805 751 3855 ut
771 3799 1130 3856 Albariensis
1150 3798 1460 3872 episcopus
1477 3817 1608 3856 cum
1627 3805 1790 3873 parte
1809 3819 1972 3857 exer-

329 3888 480 3944 citus
497 3893 688 3944 castra
704 3887 1487 3960 scrvaret,etprincipescum
1500 3889 1974 3964 ordinibuspedi-

328 3981 454 4033 tum
469 3982 527 4033 et
541 3976 1286 4048 militum,sicutpugnandi
1300 3995 1426 4033 mos
1439 3983 1740 4051 est,usque
1753 3981 1824 4034 ad
1845 3997 1973 4035 mu-

331 4083 426 4122 ros
456 4065 705 4121 civitatis
738 4065 1112 4122 assultarent.
1138 4066 1462 4122 Constituta
1491 4073 1685 4124 autem
1717 4068 1808 4124 die
1840 4086 1974 4124 cum

329 4155 513 4211 nostri
539 4153 732 4210 taliter
751 4155 1498 4229 proﬁciscerentur,egrcssi
1523 4157 1866 4230 Tripolitani
1881 4159 1979 4214 ob-

329 4243 482 4300 viam
505 4243 642 4310 illis,
667 4243 727 4299 in
751 4243 1128 4300 multitudine
1149 4251 1205 4300 et
1227 4245 1484 4301 tumultu
1509 4263 1614 4302 suo
1636 4247 1976 4319 conﬁsi,pu-

329 4350 510 4407 gnare
563 4349 698 4390 cum
755 4333 972 4390 nostris
1029 4335 1333 4406 parabant.
1368 4335 1468 4391 Est
1499 4335 1738 4408 quidam
1773 4353 1978 4393 murus

330 4423 711 4479 ﬁrmissimus
759 4423 1088 4496 aqumducti
1122 4424 1179 4478 in
1212 4423 1502 4480 civitatem
1535 4429 1592 4480 et
1621 4424 1796 4494 altus,
1830 4425 1980 4482 inter

329 4529 502 4584 quem
532 4515 590 4569 et
620 4529 802 4580 mare,
832 4529 948 4568 non
973 4513 1225 4568 multum
1249 4513 1446 4586 ampla
1469 4514 1559 4569 via
1581 4519 1670 4570 est
1696 4533 1708 4583 ;
1735 4533 1769 4570 a
1789 4515 1979 4572 tribus
2009 4538 2054 4602 D

328 4602 484 4657 enim
515 4601 783 4674 partibus
825 4601 1108 4675 Tripolim
1157 4619 1317 4659 mare
1365 4602 1566 4676 cingit.
1603 4604 1768 4660 Hunc
1799 4605 1979 4678 igitur

329 4709 566 4748 murum
580 4692 910 4765 aquaiducti
933 4711 1106 4766 quem
1130 4693 1407 4764 diximus,
1424 4693 1724 4750 Sarraccni
1750 4695 1976 4752 munie-

330 4786 485 4851 runt,
511 4786 575 4837 ut
595 4781 765 4854 quasi
797 4783 868 4838 de
899 4781 1136 4838 castello
1168 4781 1475 4838 castellum
1499 4783 1651 4839 exire
1673 4790 1728 4839 et
1748 4786 1976 4858 regredi

327 4875 586 4942 possent,
612 4870 661 4926 si
679 4871 819 4942 quid
837 4871 1062 4927 adversi
1095 4871 1456 4944 contigisset.
1478 4873 1757 4929 Videntes
1779 4874 1976 4947 itaque

328 4957 515 5014 nostri
547 4959 698 5015 hanc
731 4959 1171 5015 multitudinem
1222 4960 1346 5016 loco
1379 4966 1434 5016 et
1454 4961 1646 5030 armis
1677 4964 1974 5020 confiden-

327 5045 468 5109 tem,
493 5043 812 5101 invocando
837 5046 1038 5113 Deum,
1065 5052 1122 5102 et
1143 5048 1350 5104 erectis
1372 5049 1558 5105 hastis
1580 5050 1972 5124 conglobatim

329 5132 554 5204 pedites
583 5137 640 5188 et
671 5133 902 5202 milites,
929 5152 1088 5191 more
1120 5136 1530 5208 processionis,
1554 5157 1741 5211 usque
1770 5141 1840 5196 ad
1875 5157 1973 5198 eos

326 5225 628 5288 venerunt,
654 5227 718 5277 ut
748 5222 796 5278 si
832 5228 1064 5280 nostros
1088 5224 1357 5294 vidisses,
1386 5227 1605 5284 amicos
1628 5246 1741 5284 non
1775 5229 1974 5286 hostes

329 5325 456 5365 esse
487 5326 585 5366 eos
617 5310 883 5380 dixisses,
916 5317 980 5367 ut
1031 5317 1226 5370 autem
1287 5315 1552 5386 permisti
1585 5322 1742 5386 sunt,
1777 5318 1974 5376 hostes

329 5403 650 5455 esseetnon
666 5400 885 5456 amicos
909 5402 1192 5458 crederes.
1220 5403 1470 5460 Fedatur
1483 5405 1638 5461 enim
1663 5411 1816 5462 terra
1837 5425 1973 5464 san-

327 5486 505 5560 guine
536 5487 892 5559 Maurorum,
922 5493 978 5546 et
1008 5491 1336 5564 completur
1381 5495 1761 5566 aquaaductus
1807 5497 1974 5553 cada-

327 5576 562 5638 veribus
593 5594 816 5639 eorum.
841 5580 1094 5640 Tantum
1128 5597 1382 5658 namque
1411 5581 1683 5644 timorem
1704 5584 1974 5650 hostibus

2078 3269 2346 3326 torem,et
2367 3262 2695 3317 habebimus
2723 3261 2996 3317 donativo
3025 3262 3172 3332 ejus,
3202 3271 3258 3317 et
3284 3261 3604 3334 ipsum,qui
3627 3263 3726 3333 fa-

2077 3349 2186 3405 ciet
2217 3350 2376 3405 nobis
2403 3350 2600 3406 venire
2626 3360 2948 3408 mercatum
2977 3366 3084 3421 per
3111 3367 3277 3406 mare
3304 3359 3361 3406 et
3389 3359 3634 3418 terram,
3666 3359 3727 3408 et

2076 3441 2179 3494 sub
2208 3439 2386 3508 ipsius
2416 3439 2670 3496 dominio
2700 3441 3192 3497 concordabimus.
3221 3443 3434 3496 Omnes
3463 3440 3726 3497 civitates

2077 3545 2138 3584 se
2158 3529 2372 3584 dabunt
2393 3529 2468 3599 ei,
2489 3537 2545 3584 et
2565 3530 2662 3585 ille
2695 3529 2892 3586 vestiet
2919 3547 3062 3602 quas
3092 3529 3356 3596 voluerit,
3379 3538 3436 3586 et
3463 3545 3605 3603 quas
3629 3545 3728 3587 vo-

2081 3619 2254 3674 luerit
2279 3619 2552 3674 destruct.
2576 3620 2896 3688 Propterea
2915 3620 3160 3690 populus
3185 3621 3294 3676 iste
3311 3627 3526 3685 noster,
3545 3619 3734 3691 longis

2078 3717 2133 3762 et
2153 3708 2446 3764 diuturnis
2469 3709 3418 3782 defatigationibusconquassatus,
3438 3710 3490 3764 si
3511 3708 3738 3766 venerit

2079 3798 2140 3854 in
2169 3800 2518 3870 Jerusalem,
2534 3800 2678 3856 volet
2703 3800 2954 3871 fortasse
2984 3799 3219 3872 reverti,
3245 3807 3309 3855 ut
3330 3798 3549 3870 deforis
3577 3799 3738 3856 vide-

2080 3887 2162 3942 rit
2191 3903 2335 3942 eam.
2353 3891 2490 3958 Qua:
2520 3904 2656 3944 vero
2683 3896 2741 3944 et
2768 3897 2985 3962 quanta
3011 3889 3276 3960 pericula
3302 3897 3575 3945 maneant
3603 3888 3737 3944 illos

2082 3977 2182 4048 qui
2202 3977 2478 4046 perﬁcere
2509 3977 2625 4032 iter
2650 3977 3003 4046 desiderant,
3034 3977 3413 4049 perpenditis.
3428 3977 3628 4034 Adhuc
3641 3993 3745 4034 au-

2083 4075 2197 4121 tem
2215 4066 2536 4122 obsidemus
2565 4067 2864 4124 castellum
2885 4068 3197 4140 Archados,
3222 4076 3277 4124 et
3290 4083 3468 4141 usque
3485 4067 3562 4124 ad
3588 4082 3746 4122 men-

2083 4172 2202 4210 sem
2231 4157 2317 4212 vel
2345 4173 2406 4211 se
2435 4157 2675 4212 reddent
2696 4159 2783 4212 vel
2799 4157 2853 4212 vi
2866 4157 3263 4227 capientur,et
3291 4173 3421 4214 cum
3451 4157 3617 4228 longe
3641 4172 3747 4213 no-

2085 4254 2206 4301 tum
2231 4245 2304 4300 sit
2335 4246 2404 4301 de
2444 4245 2735 4302 obsidione
2767 4246 2897 4313 ista,
2930 4247 2983 4302 si
3011 4246 3375 4302 dimittamus
3403 4261 3532 4301 eam
3562 4255 3623 4302 ut
3648 4245 3739 4301 in-

2085 4352 2150 4389 ea
2162 4335 2510 4406 plieabilem,
2525 4337 2772 4390 multum
2785 4343 3182 4392 contemnatur
3202 4345 3398 4392 noster
3421 4335 3741 4404 exercitus,

2087 4425 2186 4496 qui
2195 4429 2467 4480 hactenus
2481 4425 2624 4480 nihil
2637 4425 2863 4494 incwpit
2877 4425 3026 4498 quod
3045 4425 3401 4496 inexpletum
3423 4424 3736 4480 dimiserit.

2089 4515 2156 4568 At
2184 4530 2316 4568 vero
2349 4513 2447 4568 alii
2478 4531 2508 4570 e
2539 4517 2742 4569 contra
2770 4513 3069 4570 dicebant:
3089 4515 3330 4585 Semper
3357 4515 3551 4570 nocuit
3579 4513 3745 4570 nobis

2086 4604 2432 4672 imperator,
2463 4619 2694 4672 semper
2721 4603 2995 4658 mentitus
3037 4611 3142 4676 est,
3169 4619 3400 4676 semper
3425 4604 3739 4660 adversum

2083 4708 2184 4748 nos
2210 4692 2496 4763 cogitavit.
2525 4697 2588 4748 Et
2611 4709 2761 4750 nunc
2781 4694 2918 4766 quia
2942 4693 3090 4750 videt
3109 4710 3172 4750 se
3192 4693 3336 4749 nihil
3363 4701 3616 4763 posse,et
3639 4707 3744 4749 nos

2085 4783 2276 4838 valere
2297 4797 2403 4852 per
2423 4783 2678 4853 gratiam
2702 4784 3102 4853 Dei,exstudio
3122 4783 3244 4856 agit
3263 4790 3542 4856 quatenus
3561 4797 3744 4852 apro-

2083 4873 2268 4942 posito
2319 4873 2546 4928 itineris
2603 4889 2706 4928 nos
2765 4879 3055 4944 retrahat,
3081 4890 3152 4928 ne
3203 4873 3264 4929 hi
3289 4872 3390 4946 qui
3415 4872 3734 4936 audierint,

2083 4963 2346 5032 exemplo
2374 4963 2565 5018 nostri
2590 4964 2786 5018 venire
2812 4963 3139 5033 disponant.
3163 4963 3274 5019 Sed
3293 4963 3422 5034 jam
3452 4977 3592 5035 quos
3617 4963 3742 5032 ipse

2081 5051 2375 5108 multoties
2395 5053 2538 5108 la‘sit
2563 5054 2746 5109 verbis
2761 5061 2816 5109 et
2844 5053 3188 5126 opere,ﬂdei
3205 5053 3332 5124 ejus
3358 5053 3588 5124 frustra
3616 5052 3740 5108 ani-

2081 5157 2204 5197 mos
2233 5142 2510 5197 adhibere
2537 5152 2792 5199 caveant.
2811 5144 3076 5200 Fidentes
3107 5144 3308 5215 igitur,
3325 5141 3552 5200 Christo
3570 5143 3736 5212 duce,

2081 5233 2180 5304 qui
2207 5249 2308 5288 nos
2336 5233 2405 5287 de
2424 5241 2544 5288 tam
2573 5234 2793 5305 multis,
2810 5242 3198 5306 praeterspem
3217 5233 3484 5290 liberavit
3504 5233 3736 5304 pericu-

2083 5322 2154 5377 lis
2180 5330 2236 5377 et
2255 5331 2460 5378 contra
2487 5325 2684 5380 omnia
2712 5324 3018 5380 molimina
3047 5321 3737 5394 imperatorisetfraudes

2082 5413 2209 5482 ejus
2232 5427 2334 5467 nos
2353 5421 2682 5470 eontutatus
2711 5423 2820 5482 est,
2841 5415 2993 5471 viam
3011 5430 3122 5485 pro
3142 5431 3256 5488 qua
3273 5414 3528 5472 venimus
3547 5412 3739 5484 ingre-

2083 5500 2340 5571 diantur,
2357 5510 2412 5556 et
2431 5502 2622 5574 facile
2641 5521 2716 5558 ex
2747 5503 2854 5560 Dei
2871 5504 3277 5574 promissione,
3294 5503 3445 5578 quod
3469 5503 3736 5562 volumus

2081 5597 2592 5667 consequemmnEt
2605 5608 2736 5654 cum
2752 5599 2856 5657 hoc
2871 5594 3130 5656 audierit
3148 5595 3492 5673 imperator,
3501 5601 3738 5672 captam
