3994 6082
245 323 365 386 645

1250 323 1469 386 ιὶΑιΜ.
1517 326 1620 387 DE
1665 325 1942 388 AGILES
1987 326 2189 389 HlS'l‘.
2235 326 2648 388 HIEROSOL.

3533 327 3652 386 646

243 461 455 516 scilicet
484 476 599 514 esse
625 458 948 524 Jerusalem,
982 466 1112 515 tunc
1141 459 1377 515 liberum
1406 461 1511 516 iter
1535 461 1675 532 quod
1721 461 1898 518 verbis
1924 463 1974 528 Α
2009 477 2239 516 crucem
2274 459 2330 515 in
2364 459 2572 516 hastile
2605 458 2878 532 positam,
2908 464 2964 516 et
3016 458 3254 532 quidam
3287 459 3527 516 indutus
3559 479 3650 516 sa-

242 549 564 614 simulabat,
594 564 752 620 opere
797 547 1109 620 complebit.
1142 547 1415 606 Similiter
1458 549 1524 604 de
1569 550 1686 621 ejus
1732 550 1897 606 dona-

244 640 374 696 tivis
404 639 512 694 erit
545 637 686 693 laus.
714 635 972 710 Populus
1003 636 1152 692 hanc
1182 637 1435 694 maxime
1464 637 1744 694 laudabat
1771 657 1897 695 sen-

245 725 514 782 tentiam.
539 725 652 782 Sed
685 725 824 798 quia
852 725 1086 782 cornitis
1117 725 1439 782 familiares
1471 731 1636 784 erant
1683 729 1850 784 multi
1879 747 1892 798 ;

245 817 464 890 quippe
487 831 620 872 cum
646 831 750 887 pro
780 814 994 888 populo
1025 833 1132 872 suo
1158 816 1506 883 comes,sine
1536 817 1666 873 aliis
1688 819 1898 891 princi-

245 905 444 978 pibus,
478 904 651 959 morti
681 905 1068 977 exposuisset,
1087 909 1144 960 et
1173 905 1442 978 pluribus
1473 924 1689 980 magna
1717 909 1898 982 etpri-

242 997 380 1050 vata
400 993 692 1056 beneﬁcia
721 992 1083 1060 contulisset,
1114 998 1421 1068 propterea
1459 997 1706 1053 consilia
1736 998 1897 1071 prin-

246 1081 448 1156 cipum
479 1085 536 1138 et
565 1080 767 1156 populi
793 1085 928 1138 vota
955 1083 1442 1155 impediebantur.

855 1170 1088 1228 CAPUT
1133 1171 1289 1230 XXX.

321 1259 770 1316 Praedicavimus
800 1276 866 1316 eo
898 1265 1158 1334 tempore
1178 1262 1499 1334 jejunium,
1523 1268 1579 1319 et
1609 1266 1899 1322 orationes

247 1353 306 1404 et
330 1348 731 1422 eleemosynas
762 1348 821 1404 in
857 1349 1092 1422 populo,
1126 1354 1191 1406 ut
1221 1351 1376 1407 Deus
1398 1353 1898 1427 omnipotens,qui

243 1451 386 1492 eum
417 1438 490 1493 de
521 1442 644 1493 tam
675 1437 882 1494 multis
913 1439 1248 1511 regionibus
1279 1441 1899 1510 conduxeratilluc,in-

246 1526 477 1598 spirare
501 1526 862 1600 dignaretur,
885 1527 1023 1600 quid
1053 1533 1177 1584 erat
1205 1533 1437 1602 gratum
1469 1531 1538 1586 de
1569 1531 1679 1588 hoc
1697 1533 1900 1589 itinere

245 1615 310 1670 in
343 1619 658 1689 conspectu
691 1632 818 1672 suo.
850 1615 1052 1689 Itaque
1084 1617 1346 1674 ﬁdelium
1395 1623 1526 1676 vota
1555 1621 1711 1692 quod
1743 1639 1904 1694 quae-

245 1704 460 1760 rebant
489 1705 644 1778 apud
675 1705 883 1773 Deum,
917 1705 1086 1761 facile
1114 1713 1584 1778 promeruerunt.
1616 1709 1902 1782 Apparuit

2005 548 2399 606 cerdotalibus
2428 547 2690 605 vestibus
2722 548 3078 620 sequebatur
3105 549 3489 618 eum,habens
3523 548 3650 603 lan-

2005 655 2168 694 ceam
2201 639 2353 693 inter
2381 655 2614 693 manus.
2639 639 2707 692 Et
2729 638 3052 710 episcopus
3088 637 3322 710 incmpit
3352 653 3655 709 responso-

2005 727 2158 782 rium
2190 726 2299 782 hoc
2333 745 2349 781 :
2384 726 2585 791 Gaude,
2619 726 2794 782 Maria
2822 728 2996 795 virgo,
3031 735 3250 782 cunctas
3279 727 3511 783 haereses
3539 726 3654 782 sola

2007 817 2354 872 interemisti.
2389 817 2458 870 Et
2486 814 2642 870 illico
2674 815 3038 887 incmperunt
3087 815 3212 869 sine
3244 831 3488 871 numero
3519 832 3652 870 cen-

2007 910 2143 961 tena
2173 903 2358 960 millia
2385 904 2668 973 virorum;
2691 909 2865 977 atque
2897 904 2980 960 sic
3012 903 3152 959 illud
3187 909 3454 960 sanctum
3488 903 3656 960 colle-

2007 993 2167 1065 gium
2202 993 2542 1048 abiit.Mane
2573 997 2769 1048 autem
2803 992 3137 1058 facto,venit
3167 993 3519 1061 sacerdos,et
3542 993 3656 1066 pri-

2007 1099 2170 1137 mum
2203 1081 2490 1154 quaesivit,
2525 1081 2572 1136 si
2609 1081 2962 1137 haberemus
2992 1081 3252 1136 lanceam
3281 1099 3294 1150 ;
3329 1085 3383 1137 et
3415 1098 3547 1138 cum
3579 1081 3658 1137 vi-

2009 1169 2189 1226 disset
2217 1185 2516 1237 eam,cum
2550 1168 2752 1224 multis
2782 1167 3054 1242 lacrymis
3086 1167 3257 1240 coepit
3286 1185 3558 1224 enarrare
3588 1185 3656 1226 ea

2009 1276 2136 1332 quae
2168 1259 2440 1331 superius
2471 1258 2744 1314 diximus.
2782 1258 2940 1314 Misit
2969 1259 3166 1332 itaque
3197 1276 3391 1316 comes
3423 1258 3656 1316 Guillel-

2008 1365 2175 1404 mum
2207 1348 2467 1420 Ugonem
2500 1348 2570 1402 de
2602 1346 2874 1402 Muntilio
2906 1348 3142 1404 fratrem
3177 1348 3478 1406 Podiensis
3511 1349 3659 1422 epis-

2009 1436 2135 1509 copi
2171 1437 2526 1504 Laodiciam,
2560 1436 2657 1491 ubi
2692 1441 2835 1492 crux
2867 1437 3113 1494 dimissa
3145 1438 3352 1508 fuerat,
3395 1456 3528 1495 cum
3561 1456 3657 1495 ca-

2009 1524 2163 1598 pella
2188 1525 2376 1596 ipsius
2406 1525 2684 1598 episcopi.

2617 1614 2845 1672 CAPUT
2864 1615 3050 1670 XXXI.

2085 1703 2308 1758 Interea
2339 1703 2544 1759 Petrus
2576 1703 3056 1773 Bartholomteus,
3074 1705 3275 1760 morbo
3305 1705 3661 1780 defatigatus

247 1793 410 1849 enim
441 1793 751 1867 episcopus
793 1795 1096 1851 Podiensis
1143 1795 1439 1868 Stephano
1471 1796 1800 1864 Valentino,
1832 1799 1902 1856 de
1933 1836 1980 1900 Β
2013 1809 2079 1847 ex
2108 1793 2600 1863 conquassatione
2631 1796 2686 1848 et
2713 1792 3074 1862 vulneribus,
3109 1794 3441 1851 convocavit
3481 1797 3661 1852 comi.

249 1899 370 1955 quo
405 1883 678 1955 superius
725 1883 1082 1940 mentionem
1117 1885 1386 1953 fecimus,
1420 1886 1559 1958 quia
1594 1887 1902 1943 Dominum

248 1987 389 2027 cum
421 1987 592 2027 cruce
619 1971 848 2041 viderit,
879 1977 936 2028 et
965 1972 1256 2046 percussit
1289 1989 1426 2030 eum
1458 1991 1594 2030 cum
1625 1975 1902 2047 virga,re-

247 2059 612 2133 gradientem
645 2061 718 2116 ad
751 2061 994 2116 domum
1025 2079 1196 2118 suam
1210 2067 1555 2134 pernoctem
1569 2065 1902 2138 episcopus,

249 2152 313 2204 et
339 2148 484 2204 dixit
511 2149 564 2204 ei
597 2149 924 2222 :Stephane.
958 2151 1029 2206 Et
1060 2151 1154 2208 ille
1187 2153 1487 2224 respondit
1520 2171 1532 2208 :
1565 2155 1812 2210 Domine.
1838 2156 1906 2210 Et

251 2237 576 2310 respiciens
629 2237 865 2312 agnovit
905 2257 1061 2294 eum.
1093 2241 1163 2295 Et
1209 2241 1290 2296 ait
1337 2241 1646 2314 episcopus
1681 2260 1692 2298 :
1731 2245 1907 2311 Quare

250 2327 554 2396 neglexisti
590 2329 756 2382 semel
801 2329 884 2384 vel
907 2328 1141 2384 secundo
1173 2329 1312 2402 quod
1351 2332 1459 2386 tibi
1483 2331 1609 2388 dixi
1634 2333 1698 2387 de
1727 2350 1904 2398 (νηί-ε,

248 2416 494 2474 domina
521 2425 570 2473 et
597 2421 792 2473 matris
819 2425 1023 2476 nostra?
1051 2435 1262 2490 semper
1299 2422 1532 2492 virginis
1584 2421 1813 2478 ΜανάἘῖ
1843 2423 1907 2478 de

250 2521 414 2560 cruce
439 2505 579 2573 dico,
613 2523 774 2578 quam
827 2523 921 2578 ego
947 2510 1212 2580 praeferri
1237 2511 1528 2580 faciebam,
1559 2518 1620 2565 ut
1650 2520 1906 2584 apporta-

250 2603 407 2650 retur
437 2596 497 2649 in
543 2597 861 2652 exercitum.
904 2597 968 2652 Et
1015 2597 1156 2669 quod
1201 2600 1420 2669 sign-um
1467 2601 1662 2654 melius
1707 2604 1909 2656 cruce?

253 2689 355 2739 Λη
399 2700 507 2740 non
557 2693 635 2740 est
683 2686 822 2740 satis
873 2687 974 2742 illa
1021 2702 1162 2742 crux
1193 2703 1293 2758 pro
1321 2689 1480 2744 nobis
1509 2688 1796 2760 lapidata?
1826 2689 1909 2744 An

252 2788 368 2828 non
400 2774 502 2828 illa
531 2789 672 2829 crux
700 2775 830 2831 bene
861 2791 952 2831 vos
981 2775 1438 2848 conduxit,qu
1465 2776 1534 2833 od
1553 2777 1797 2832 lanceam
1809 2780 1910 2833 Do-

253 2863 404 2917 mini
425 2865 451 2916 .9
480 2863 546 2918 Et
569 2879 720 2918 nunc
745 2865 826 2919 ait
854 2863 1078 2920 domina
1107 2873 1160 2920 et
1185 2867 1499 2924 beatissima
1518 2881 1730 2938 semper
1756 2869 1908 2938 virgo

254 2949 454 3016 Maria,
483 2951 624 3022 quod
650 2954 770 3007 nisi
795 2953 953 3008 illam
979 2969 1194 3009 erucem
1237 2954 1503 3021 habeatis,
1534 2971 1646 3010 non
1689 2957 1909 3027 potestis

254 3040 457 3095 habere
481 3041 871 3096 consilium.Et
901 3042 1177 3098 continuo
1197 3043 1279 3098 ait
1307 3043 1906 3100 sacerdos:0reveren-

254 3126 484 3184 ctissime
525 3128 760 3198 domme,
792 3137 845 3186 et
886 3131 986 3186 ubi
1031 3138 1111 3186 est
1157 3133 1469 3188 beatissima
1507 3134 1660 3204 virgo
1692 3133 1912 3189 Maria?

2015 1883 2128 1936 tem
2162 1884 2218 1935 et
2248 1880 2544 1953 principes
2573 1883 2723 1953 ejus,
2756 1885 2812 1937 et
2842 1882 2987 1938 dixit
3017 1883 3101 1939 eis
3139 1901 3152 1938 :
3186 1886 3346 1941 Finis
3377 1886 3506 1942 vita:
3524 1901 3664 1943 mea?

2013 1971 2494 2041 appropinquavit,
2527 1979 2578 2026 et
2604 1973 2715 2026 scio
2760 1974 2896 2028 satis
2941 1973 3073 2044 quia
3121 1973 3186 2029 de
3232 1975 3504 2043 omnibus,
3537 1989 3664 2046 quw

2011 2059 2156 2114 atate
2186 2060 2294 2126 feci
2321 2066 2373 2114 et
2399 2058 2544 2126 diri,
2575 2061 2656 2115 vel
2700 2062 2869 2116 etiam
2917 2063 3171 2130 cogitavi,
3205 2070 3331 2118 ante
3377 2063 3542 2120 Deum
3566 2065 3662 2136 ju-

2013 2147 2276 2214 dicabor;
2310 2150 2368 2202 in
2415 2149 2572 2220 cujus
2619 2156 2923 2222 conspectu,
2955 2151 3113 2206 hodie
3159 2153 3414 2224 testiﬁcor
3459 2154 3659 2226 ipsum,

2013 2252 2198 2291 coram
2227 2238 2487 2302 vobis,me
2512 2239 2660 2292 nihil
2688 2241 3054 2310 composuisse
3081 2255 3152 2294 ea:
3171 2241 3256 2296 his
3279 2243 3528 2297 omnibus
3539 2257 3666 2314 quae

2013 2342 2082 2380 σω
2107 2334 2262 2396 parte
2291 2327 2408 2396 Dei,
2441 2334 2490 2381 ct
2517 2327 2882 2398 apostolorum
2909 2329 3079 2400 ipsius
3125 2329 3274 2386 vobis
3303 2332 3582 2398 nuntiam,
3615 2340 3668 2388 et

2013 2415 2191 2468 adhuc
2229 2417 2379 2470 vobis
2425 2415 2624 2470 dicam.
2657 2417 2721 2472 Et
2767 2419 2906 2472 sicut
2950 2417 3164 2473 vidistis
3221 2436 3283 2474 ea
3334 2435 3458 2492 qua?
3517 2420 3664 2478 vobis

2015 2506 2390 2570 nuntiavi,sic
2415 2507 2538 2559 sine
2563 2505 2728 2560 dubio
2757 2506 3010 2561 videbitis
3036 2524 3100 2561 ea
3129 2523 3255 2578 qua?
3283 2510 3430 2564 vobis
3461 2509 3660 2577 dicam,

2014 2593 2289 2664 siquidem
2338 2595 2442 2648 Deo
2472 2593 2708 2663 ﬁdeliter
2742 2597 3014 2650 serviatis.
3063 2597 3136 2651 Tu
3164 2613 3288 2653 vero
3315 2613 3507 2666 comes,
3540 2615 3663 2655 cun:

2015 2684 2228 2738 veneris
2275 2684 2334 2737 in
2362 2683 2682 2749 Jerusalem,
2703 2685 2792 2754 fac
2820 2691 2882 2739 ut
2909 2693 3174 2740 exercttus
3211 2687 3445 2758 postulet
3471 2689 3663 2760 Deum,

2017 2780 2077 2828 ut
2099 2775 2266 2828 vitam
2290 2781 2440 2828 tuam
2457 2774 2759 2844 protonget,
2795 2781 2956 2845 atque
2975 2777 3268 2841 continuet,
3299 2783 3350 2832 et
3372 2777 3513 2832 Deus
3537 2793 3664 2849 pro-

2019 2861 2266 2933 longabit
2293 2878 2414 2917 eam
2447 2862 2783 2918 tantumdem
2812 2872 3076 2934 quantum
3113 2866 3326 2920 vixisti.
3363 2867 3438 2921 Tu
3485 2875 3667 2923 autem

2017 2967 2140 3006 cum
2171 2967 2414 3006 reversus
2439 2953 2616 3023 fueris
2639 2955 3058 3024 propequinque
3087 2953 3356 3025 leugas,in
3387 2955 3668 3011 ecclesiam

2019 3039 2208 3094 Sancti
2239 3041 2515 3112 Trophimi
2544 3042 2789 3096 lanceam
2833 3043 3060 3097 Domini
3083 3059 3264 3114 pones,
3289 3052 3339 3098 et
3387 3045 3668 3100 ecclesiam

2020 3129 2103 3183 ibi
2128 3129 2404 3199 fabricare
2431 3131 2620 3200 facies,
2651 3137 2702 3185 et
2727 3131 2818 3201 ﬁet
2860 3132 2942 3185 ibi
2969 3139 3204 3198 moneta,
3238 3149 3401 3204 quam
3431 3140 3490 3188 tu
3509 3134 3670 3205 jura-

255 3217 332 3272 Et
361 3215 559 3272 statim
589 3219 898 3291 episcopus
926 3235 1054 3275 eam
1089 3222 1435 3276 monstravit
1464 3222 1512 3276 ei
1523 3223 1679 3278 .Erat
1709 3227 1906 3278 autem
1938 3205 1980 3272 C
2021 3217 2104 3273 bis
2133 3233 2202 3272 ne
2229 3217 2376 3289 falsa
2423 3219 2538 3288 ﬁat.
2566 3219 2670 3274 Sed
2698 3235 2872 3290 neque
2900 3219 3054 3274 aliud
3084 3220 3297 3292 aliquid
3331 3222 3539 3293 falsum
3590 3225 3670 3278 ibi

259 3305 606 3362 beatissima
631 3307 794 3380 virgo
827 3307 1010 3364 Maria
1040 3308 1212 3382 longe
1234 3309 1308 3365 ab
1339 3326 1405 3366 eo
1419 3311 1586 3382 quasi
1609 3328 1810 3368 novem
1827 3312 1912 3368 vel

259 3395 467 3450 decem
501 3394 734 3467 cubitis,
768 3396 960 3468 specie
989 3401 1046 3452 et
1075 3402 1284 3454 ornatu
1314 3398 1480 3455 valde
1509 3399 1908 3470 admirabilis;

259 3489 321 3540 et
352 3484 712 3541 assistebant
739 3485 789 3540 ei
824 3485 992 3541 beata
1040 3487 1280 3560 Agathe,
1315 3492 1372 3544 et
1419 3490 1682 3561 quaedam
1731 3489 1913 3546 altera

254 3573 424 3646 virgo
454 3589 586 3628 cum
619 3573 850 3630 duobus
881 3575 1080 3632 cereis.
1117 3576 1186 3630 Et
1215 3580 1356 3632 tunc
1387 3578 1657 3634 sacerdos
1706 3579 1789 3634 ait
1839 3579 1911 3634 ad

254 3662 624 3736 episcopum,
657 3663 758 3735 qui
811 3663 1124 3720 assistebat
1153 3665 1204 3720 ei
1239 3682 1252 3720 :
1289 3669 1540 3732 Domine,
1574 3675 1776 3739 quanta
1823 3657 1910 3723 di-

252 3760 460 3806 cuntur
499 3751 565 3807 de
617 3752 767 3808 vobis
816 3755 872 3808 in
921 3756 1186 3821 exercitu,
1219 3755 1360 3826 quod
1409 3757 1469 3810 in
1512 3757 1733 3828 inferno
1764 3757 1912 3814 vobis

255 3841 432 3897 barba
460 3849 511 3897 et
535 3842 730 3914 capilli
757 3844 1027 3898 combusti
1051 3851 1200 3909 sunt,
1231 3851 1281 3900 et
1330 3845 1446 3900 alia
1491 3846 1667 3902 multa
1715 3846 1912 3919 quibus

250 3947 369 3985 non
397 3929 678 3986 creditur?
708 3931 774 3987 Et
794 3948 941 3987 nunc
969 3948 1082 3998 oro,
1114 3940 1177 3988 ut
1223 3949 1393 3988 unam
1441 3935 1506 3990 de
1551 3935 1794 3991 candelis
1839 3937 1913 3991 is-

255 4021 330 4074 tis
363 4021 424 4074 in
453 4022 824 4076 testimonium
869 4022 1062 4078 horum
1109 4037 1234 4094 qua:
1277 4022 1480 4091 dicitis,
1506 4023 1648 4079 mihi
1694 4024 1906 4080 donetis

256 4116 315 4162 ut
344 4107 586 4180 deferam
613 4109 684 4164 ad
711 4112 979 4166 comitem.
1013 4111 1176 4168 Tunc
1207 4111 1290 4168 ait
1318 4111 1416 4167 ille
1445 4113 1755 4185 episcopus
1781 4130 1793 4168 :
1829 4115 1912 4170 Vi-

254 4197 410 4262 dens,
445 4198 567 4254 vide
591 4201 794 4271 faciem
821 4216 1021 4256 meam.
1061 4201 1326 4273 Nunquid
1369 4210 1598 4274 perusta
1629 4206 1747 4258 est?
1775 4202 1912 4259 Post

255 4285 382 4342 haec
413 4287 657 4344 accessit
687 4287 999 4362 episcopus
1015 4290 1084 4346 ad
1107 4289 1510 4347 beatissimam
1529 4290 1914 4365 Virginem,et

257 4375 494 4448 cognita
520 4377 648 4449 ejus
677 4377 974 4434 voluntate
1005 4395 1308 4452 regressus
1339 4383 1428 4436 est
1440 4380 1510 4436 ad
1525 4381 1908 4450 sacerdotem,

255 4468 316 4520 et
346 4464 491 4520 dixit
517 4466 569 4520 ei
605 4483 619 4521 :
654 4465 802 4536 Quod
831 4475 890 4523 tu
920 4469 1446 4541 qua’risjmpetrare
1474 4485 1581 4525 non
1613 4478 1790 4542 potes;
1821 4469 1912 4526 sed

2017 3308 2316 3378 permittes.
2362 3307 2651 3362 Vocabitur
2692 3315 2873 3362 autem
2921 3308 3068 3363 locus
3115 3313 3276 3364 Mons
3325 3310 3525 3382 gaudii
3558 3329 3574 3366 :
3604 3313 3672 3368 Et
3731 3348 3738 3355 -

2021 3397 2152 3468 ﬁent
2198 3397 2319 3452 haec
2363 3397 2510 3451 intra
2557 3398 2919 3467 provinciam.
2971 3397 3186 3452 Etenim
3231 3397 3416 3453 beatus
3473 3403 3669 3456 Petrus

2020 3487 2290 3558 apostolus
2326 3487 2608 3556 Trophzmo
2638 3501 2735 3541 suo
2765 3485 3032 3557 discipulo
3057 3489 3332 3558 promisit,
3364 3488 3502 3560 quod
3555 3490 3668 3545 lan-

2019 3591 2170 3630 ceam
2203 3576 2426 3630 Domini
2453 3576 2506 3630 ei
2533 3576 2784 3630 mitteret.
2820 3574 2954 3629 Post
2983 3574 3104 3630 haec
3135 3575 3338 3631 Petrus
3369 3577 3670 3635 Bartholo-

2023 3681 2476 3729 maeus,securus
2505 3667 2561 3718 et
2587 3661 2647 3717 in
2673 3663 2984 3735 pace,hora
3005 3663 3116 3718 sibi
3149 3665 3308 3720 aDeo
3329 3667 3669 3736 constituta,

2022 3751 2293 3825 migravit
2323 3752 2394 3807 ad
2429 3751 3151 3825 Dominum;sepultusque
3180 3757 3268 3810 est
3300 3755 3357 3810 in
3389 3755 3514 3812 loco
3544 3756 3669 3824 illo,

2021 3839 2122 3895 ubi
2153 3858 2286 3896 cum
2314 3840 2514 3896 lancea
2544 3840 2775 3897 Domini
2809 3859 2910 3913 per
2929 3841 3126 3914 ignem
3155 3844 3488 3901 transierat.

2598 3930 2832 3986 CAPUT
2870 3931 3084 3988 XXXII.

2093 4023 2318 4076 Interea
2348 4036 2543 4076 comes
2573 4023 2748 4092 atque
2781 4019 3183 4094 alliprincipes
3197 4023 3266 4079 de
3284 4023 3668 4082 itinereJeru-

2021 4107 2224 4176 salem,
2259 4125 2386 4181 quae
2418 4108 2628 4164 melius
2661 4126 2727 4164 ac
2756 4107 2942 4164 levius
2975 4111 3232 4182 ﬁeret,ab
3250 4111 3456 4171 incolis
3493 4115 3673 4188 regio-

2021 4197 2114 4253 nis
2140 4198 2755 4270 perquirebant.Tunc
2784 4204 3159 4256 accesserunt
3192 4202 3264 4257 ad
3298 4220 3404 4259 nos
3429 4204 3670 4276 quidam

2021 4288 2276 4344 Suriani.
2305 4288 2456 4343 Sunt
2487 4287 2642 4343 enim
2677 4287 2756 4342 ibi
2789 4291 3070 4343 montana
3101 4289 3328 4358 Libani,
3361 4292 3419 4347 in
3451 4292 3671 4364 quibus

2021 4377 2093 4431 ad
2147 4375 2452 4448 sexaginta
2502 4373 2687 4430 millia
2716 4375 3063 4431 habitabant
3091 4375 3580 4446 Christianorum,
3614 4385 3672 4436 et

2020 4469 2235 4520 terram
2266 4464 2512 4531 illam,et
2543 4469 2823 4520 montana
2851 4463 3038 4521 multo
3067 4469 3329 4538 tempore
3351 4467 3667 4541 Christiani

253 4555 351 4610 hic
375 4555 620 4610 annulus
649 4572 807 4628 quem
833 4557 994 4612 habes
1024 4558 1086 4612 in
1111 4557 1287 4628 digito
1317 4565 1530 4625 tuo,nee
1544 4559 1649 4614 tibi
1672 4559 1907 4632 prodest,
1942 4579 1986 4644 Ι)
2023 4555 2427 4644 possederunt,
2461 4553 2562 4644 qui
2592 4557 2826 4644 propter
2853 4553 3146 4644 civitatem
3177 4555 3332 4628 Tyri,
3366 4573 3492 4629 quae
3543 4559 3668 4615 vul-

253 4659 358 4698 nec
381 4652 604 4716 portare
646 4661 771 4702 eum
819 4645 977 4702 debes
1007 4665 1027 4702 :
1061 4646 1218 4715 Vade,
1251 4655 1305 4703 et
1343 4647 1500 4704 dabis
1549 4664 1674 4704 eum
1703 4649 1906 4718 comiti,

256 4732 464 4788 dicens
491 4749 505 4786 :
540 4733 701 4805 Virgo
726 4743 904 4791 mater
933 4737 1295 4805 sanctissima,
1327 4738 1494 4793 mittit
1517 4739 1618 4794 tibi
1645 4739 1790 4794 hunc
1817 4756 1911 4794 an-

251 4821 475 4890 nulum,
507 4831 561 4879 et
603 4825 810 4895 quoties
855 4825 1114 4898 defeceris
1162 4829 1224 4882 in
1271 4827 1550 4898 aliquibus
1597 4829 1780 4891 rebus,
1825 4844 1908 4884 re-

251 4910 481 4968 cordare
509 4912 669 4968 illius
693 4913 936 4972 dominae
964 4930 1090 4988 qua?
1119 4918 1224 4971 tibi
1250 4917 1420 4972 mittit
1449 4917 1594 4971 hunc
1615 4917 1906 4986 annulum,

251 5005 306 5055 et
359 5001 663 5072 appellabis
727 5018 868 5068 eam,
925 5009 978 5058 et
1028 5003 1297 5058 Dominus
1357 5002 1735 5058 auxiliabitur
1783 5004 1906 5059 tibi.

255 5087 509 5156 Rursus,
542 5105 680 5145 cum
710 5095 994 5164 quaereret
1023 5091 1296 5148 sacerdos
1327 5091 1400 5147 ab
1432 5107 1496 5147 eo
1547 5091 1688 5163 quid
1738 5090 1910 5148 vellet

255 5181 323 5232 ut
371 5178 586 5234 faceret
638 5178 822 5236 frater
867 5197 1034 5249 suus,
1067 5179 1368 5252 respondit
1395 5180 1706 5252 episcopus
1737 5197 1750 5236 :
1786 5181 1911 5237 Oret

257 5267 392 5322 bene
436 5267 668 5324 electum
715 5270 1043 5342 episcopum,
1076 5278 1138 5326 ut
1161 5286 1262 5342 pro
1291 5269 1582 5325 animabus
1625 5279 1911 5342 parentem

255 5363 571 5412 nostrorum
597 5357 828 5414 celebret
877 5366 984 5416 tres
1027 5361 1223 5415 missas
1278 5359 1349 5414 ad
1382 5360 1697 5414 Dominum.
1734 5359 1801 5414 Et
1829 5357 1911 5414 ait

254 5445 469 5502 iterum
507 5465 520 5502 :
552 5449 824 5521 Prwcepit
863 5456 1041 5505 mater
1078 5456 1288 5514 nostra,
1320 5455 1382 5503 ut
1427 5447 1678 5520 deinceps
1719 5449 1909 5504 lancea

250 5552 365 5592 non
414 5545 750 5594 monstretur
799 5539 916 5594 nisi
959 5555 994 5595 a
1029 5537 1300 5595 sacerdote
1328 5537 1519 5595 induto
1548 5539 1722 5594 sacris
1751 5539 1908 5595 vesti-

255 5625 356 5688 bus
403 5633 456 5691 et
484 5643 626 5688 crux
677 5629 733 5690 ei
753 5631 1112 5711 prwferatur,
1139 5630 1239 5691 δίο·
1273 5627 1345 5690 Et
1371 5627 1560 5690 tenuit
1589 5627 1901 5710 episcopus

2019 4643 2236 4717 gariter
2265 4659 2421 4698 nunc
2449 4642 2558 4698 Sur
2585 4641 2928 4714 appellatur,
2961 4643 3195 4700 Suriani
3222 4652 3520 4702 vocantur.
3557 4647 3668 4704 Sed

2017 4733 2486 4806 insurgentibus,
2520 4748 2622 4804 per
2653 4731 2753 4788 Dei
2776 4731 3093 4802 judicium,
3129 4734 3464 4792 Sarracenis
3493 4740 3669 4809 atque

2018 4823 2244 4888 Turcis,
2276 4823 2336 4876 in
2364 4825 2526 4876 tanta
2556 4820 2934 4894 oppressione
2966 4823 3260 4880 servitutis
3287 4823 3382 4880 isti
3433 4826 3668 4882 Suriani

2019 4912 2278 4977 fuerunt,
2307 4928 2411 4983 per
2441 4911 2902 4984 quadringentos
2959 4917 3016 4968 et
3063 4912 3316 4985 amplius
3365 4932 3571 4984 annos,
3603 4921 3670 4972 ut

2019 5000 2188 5056 multi
2219 5017 2420 5056 eorum
2453 4997 2878 5072 compellantur
2903 5001 3154 5072 patriam
3186 5006 3242 5057 et
3271 5003 3666 5062 Christianam

2019 5089 2284 5146 deserere
2313 5089 2500 5162 legem
2536 5106 2548 5145 :
2584 5088 2643 5144 Si
2675 5089 2798 5162 qui,
2833 5107 2938 5162 per
2971 5089 3067 5146 Dei
3098 5092 3371 5164 gratiam,
3403 5099 3666 5151 contem-

2017 5179 2298 5252 psissent,
2354 5179 2711 5251 cogebantur
2762 5180 2990 5236 tradere
3055 5179 3332 5254 pulchros
3394 5185 3668 5256 parvulos

2017 5286 2158 5325 suos
2190 5269 2260 5324 ad
2297 5267 2837 5324 circumcidendum
2866 5268 2954 5326 vel
2983 5271 3454 5338 turcandum,vel
3477 5274 3666 5346 rapie-

2017 5357 2232 5412 bantur
2261 5359 2331 5413 de
2362 5356 2579 5412 ﬁnibus
2612 5358 3197 5426 matrum,interfecto
3229 5366 3392 5435 patre
3415 5361 3666 5421 etillusa

2016 5447 2505 5518 parente.Quippe
2534 5445 2594 5502 in
2627 5451 2852 5504 tantam
2884 5448 3169 5506 malitiam
3201 5453 3666 5511 cxarserantilla

2015 5535 2324 5592 hominum
2354 5552 2568 5610 genera
2600 5542 2663 5593 ut
2693 5537 2970 5596 ecclesias
3000 5539 3102 5596 Dei
3147 5541 3571 5610 subverterent,
3604 5547 3662 5600 et

2016 5625 2268 5704 ejus,ve1
2295 5629 2634 5687 sanctorum
2665 5627 2793 5705 ejus
2819 5626 3108 5711 imagines
3139 5629 3484 5708 delerent,et
3512 5647 3662 5712 quas
