3996 6096
135 316 258 377 653

1143 317 1362 377 RAIM.
1412 317 1512 377 DE
1555 316 1832 377 AGILES
1879 316 2079 377 lllS'l‘.
2128 317 2538 379 HlEltOSOL.

3419 322 3536 381 654

134 447 673 519 adaquarentur.At
704 447 1118 504 ubiSarraceni
1148 452 1784 520 cognoveruntnostros
1897 446 2205 504 imminere
2238 448 2435 505 hostes
2465 466 2603 505 suos
2635 450 2909 516 sentiant,
2936 450 3190 523 primum
3224 450 3539 521 projiciunt

132 535 394 592 inermes
438 536 763 592 discurrere
811 537 884 592 ad
934 537 1144 605 fontes,
1177 553 1279 609 per
1326 540 1607 592 montana
1653 554 1781 608 quae

133 628 279 680 sunt
306 624 651 698 asperrima,
684 624 930 682 insidias
960 625 1046 681 eis
1074 626 1413 693 tendebant,
1446 630 1501 682 et
1531 629 1784 699 quantos

134 730 205 769 ex
233 713 321 769 eis
348 713 620 770 volebant
648 714 1043 781 trucidabant,
1077 718 1135 771 et
1164 714 1572 786 captivahant;
1605 719 1661 770 et
1681 714 1782 786 ju-

132 806 338 859 menta
383 818 587 858 eorum
616 806 673 858 et
704 818 915 875 pecora
942 802 1327 859 deducebant.
1364 803 1563 876 Itaque
1593 802 1643 860 si
1673 802 1781 858 ali-

131 893 271 966 quis
302 891 609 948 detulisset
636 908 851 965 aquam
881 890 1144 948 venalem
1167 892 1226 947 in
1258 892 1779 965 plateis,quantum

129 980 369 1037 volebat
413 981 548 1037 inde
594 979 916 1054 accipiebat
960 980 1179 1053 quippe
1240 980 1499 1054 quinque
1544 980 1632 1036 vel
1682 997 1782 1037 sex

129 1069 389 1137 nummi,
427 1068 572 1127 satis
621 1086 738 1125 non
785 1069 1157 1125 sufﬁciebant
1205 1069 1380 1125 alicui
1429 1068 1649 1130 sitienti
1681 1086 1782 1141 per

127 1160 313 1227 diem,
347 1158 397 1216 si
428 1175 643 1237 aquam
672 1157 980 1230 limpidam
1013 1157 1258 1213 mercari
1290 1156 1518 1213 vellent.
1539 1158 1620 1214 De
1646 1157 1781 1213 vino

126 1253 331 1305 autem
364 1247 587 1315 nullus,
617 1246 703 1303 vel
736 1245 1075 1303 rarissimus
1103 1263 1296 1302 sermo
1326 1251 1482 1315 erat;
1506 1250 1783 1319 praeterea

126 1337 294 1393 calor
320 1342 377 1394 et
406 1335 618 1410 pulvis,
651 1340 709 1392 et
734 1339 963 1400 ventus.
995 1335 1045 1391 si
1078 1352 1194 1391 non
1226 1335 1369 1392 satis
1400 1352 1502 1409 per
1547 1352 1610 1391 se
1648 1335 1781 1391 sitis

126 1430 488 1500 posset,eam
521 1423 1019 1498 instigabant.Sed
1043 1424 1183 1497 quid
1214 1425 1286 1480 de
1314 1424 1409 1480 his
1436 1424 1622 1480 multa
1642 1424 1782 1479 dici-

127 1514 478 1573 mus?Pauci
508 1513 685 1570 etiam
717 1514 817 1570 Dei
849 1531 1140 1570 memores
1187 1519 1374 1581 erant,
1408 1530 1514 1569 nec
1542 1512 1779 1569 illorum

126 1623 259 1679 quae
288 1603 378 1661 vel
408 1604 481 1660 ad
512 1603 970 1677 oppugnandam
1002 1602 1293 1659 civitatem
1325 1619 1473 1674 opus
1503 1600 1779 1668 erant,vel

125 1712 260 1767 quae
291 1692 754 1750 misericordiam
790 1690 891 1747 Dei
934 1696 1335 1763 provocarent.
1367 1707 1568 1746 curam
1617 1707 1779 1764 gere-

126 1785 294 1841 bant.
327 1782 538 1855 Sicque
566 1796 757 1853 neque
786 1780 970 1836 Deum
1015 1779 1168 1836 inter
1213 1780 1453 1836 verbera
1499 1796 1779 1853 agnosce-

125 1875 365 1944 bamus,
395 1887 585 1945 neque
610 1869 737 1943 ipse
765 1869 1013 1942 ingratis
1044 1868 1492 1942 propitiabatur.

714 1957 947 2014 CAPUT
985 1957 1196 2014 XXXV.

201 2051 362 2106 Inter
390 2048 511 2106 haec
539 2051 825 2105 venerunt
852 2046 1068 2115 nuntii,
1092 2047 1245 2120 quod
1278 2063 1483 2103 novem
1514 2064 1691 2104 naves
1707 2048 1780 2104 de

123 2140 350 2196 nostris
379 2136 782 2211 applicuerunt
811 2136 1059 2209 Joppen,
1088 2140 1144 2191 et
1174 2136 1534 2191 mandabant
1564 2140 1775 2191 nautte.

126 2234 195 2284 ut
224 2228 565 2301 presidium
600 2227 930 2281 mitteretur
959 2225 1118 2291 illuc,
1154 2242 1268 2297 quo
1298 2230 1355 2280 et
1386 2224 1565 2280 turris
1594 2225 1778 2299 Joppe

125 2317 547 2385 custodiretur,
581 2318 637 2371 et
667 2314 778 2388 ipsi
812 2315 999 2370 securi
1033 2314 1091 2369 in
1126 2318 1293 2387 portu
1326 2315 1649 2369 essent.Est
1678 2332 1780 2369 au-

126 2414 246 2463 tem
280 2406 467 2478 Joppe
496 2404 701 2460 civitas
740 2404 1058 2469 destructa,
1090 2407 1297 2476 printer
1345 2402 1690 2472 castellum;
1724 2407 1781 2459 et

126 2495 277 2552 illud
310 2495 491 2551 etiam
521 2494 668 2550 satis
699 2492 1070 2564 dissipatum,
1095 2496 1302 2564 prater
1331 2508 1510 2547 unam
1542 2492 1776 2547 turrim.

125 2585 242 2642 Sed
294 2587 385 2640 est
430 2582 511 2639 ibi
558 2585 786 2655 portus,
817 2586 875 2637 et
902 2598 1079 2654 prope
1109 2584 1198 2637 est
1219 2579 1781 2648 Jerusalem,itinere

125 2674 245 2731 diei
276 2672 498 2740 unius;
529 2671 611 2727 ibi
656 2674 746 2727 est
794 2687 954 2726 mare
1000 2669 1242 2743 propius
1288 2669 1635 2726 Jerusalem.
1668 2672 1781 2726 Au-

124 2764 360 2820 dientes
388 2760 585 2834 itaque
615 2758 1174 2828 denavibus,omnes
1196 2757 1378 2816 nostri
1408 2758 1588 2831 gavisi
1619 2763 1779 2828 sunt,

124 2857 185 2908 et
214 2850 383 2908 misit
419 2849 500 2906 ibi
551 2866 747 2905 comes
795 2846 1230 2917 Galdemarum,
1264 2848 1362 2920 qui
1416 2847 1782 2920 Carpinellus

124 2940 372 3009 dicltur,
406 2956 543 2999 cum
569 2937 775 3011 viginti
805 2935 1113 3007 militibus,
1145 2940 1203 2992 et
1231 2936 1525 3008 peditibus
1555 2937 1784 2993 circiter

122 3029 587 3103 quinquaginta,
631 3030 690 3083 et
737 3031 868 3099 post
913 3025 1132 3099 ipsum,
1165 3025 1536 3082 Raimundus
1584 3025 1779 3081 Peleth

120 3136 264 3175 cum
298 3116 731 3190 quinquaginta
760 3113 1067 3182 militibus,
1100 3118 1159 3171 et
1203 3113 1539 3170 Villelmum
1573 3115 1644 3170 de
1676 3115 1781 3171 Sa-

1892 542 2215 609 arma,post
2246 538 2365 592 haec
2395 537 2977 609 vestimenta,deinde
3011 538 3309 596 subsellia.
3338 544 3537 613 Itaque

1890 624 1948 681 in
1982 626 2090 681 hoc
2120 626 2270 682 bello
2302 626 2548 699 contigit
2580 632 2644 682 ut
2674 629 2856 683 nostri
2890 627 3057 700 pauci
3091 627 3324 695 milites,
3351 629 3535 685 donec

1892 714 1962 769 ad
1997 713 2425 783 lassitudinem,
2457 732 2525 771 ex
2573 716 2672 772 illa
2729 716 3107 772 multitudine
3158 716 3530 774 inimicorum

1891 803 2239 873 occiderent,
2272 808 2330 859 et
2361 805 2720 877 reliquorum
2751 805 2938 877 spolia
2977 805 3311 861 retinerent.
3345 806 3532 863 Colle-

1891 892 1999 948 ctis
2029 892 2227 966 igitur,
2261 899 2317 949 et
2345 893 2547 950 divisis
2578 894 2799 967 spoliis,
2831 911 2961 949 cum
3002 895 3297 950 venissent
3344 896 3529 951 nostri

1891 981 2106 1036 milites
2153 983 2398 1055 Joppen,
2451 999 2584 1037 cum
2638 987 2801 1038 tanta
2866 982 3065 1037 lmtitia
3118 988 3173 1038 et
3222 984 3530 1040 securitate

1892 1074 2082 1126 nautae
2114 1087 2212 1127 eos
2243 1075 2646 1144 susceperunt,
2680 1077 2746 1126 ut
2777 1072 3013 1127 navium
3060 1072 3236 1127 etiam
3287 1089 3529 1128 suarum

1891 1158 2391 1226 obliviscerentur,
2423 1164 2480 1215 et
2506 1160 2737 1233 vigilias
2768 1177 2872 1232 per
2914 1177 3074 1217 mare
3106 1178 3222 1216 non
3272 1166 3528 1233 agerent,

1890 1252 1947 1304 et
1976 1265 2188 1320 panem
2237 1253 2293 1304 et
2321 1248 2521 1304 vinum
2569 1254 2626 1304 et
2672 1248 2881 1321 pisces,
2916 1267 3040 1321 quae
3071 1266 3270 1306 secum
3310 1249 3534 1306 detule-

1890 1341 2022 1391 rant
2050 1338 2136 1393 eis
2177 1337 2694 1393 communicarent.
2731 1338 2823 1393 Sic
2872 1338 3068 1410 itaque
3119 1355 3186 1394 ex
3234 1338 3533 1394 alacritate

1890 1429 1947 1482 et
1976 1426 2288 1483 securitate
2319 1431 2509 1482 nautae
2548 1426 2909 1500 negligentes
2959 1427 3165 1495 etl‘ecti,
3199 1428 3338 1483 dum
3384 1426 3533 1500 vigi-

1888 1515 1998 1571 lias
2057 1534 2161 1589 per
2214 1519 2446 1571 noctem
2506 1533 2619 1570 non
2677 1521 2878 1589 agunt,
2939 1518 3008 1572 de
3063 1516 3377 1589 improviso
3430 1533 3535 1588 per

1890 1598 2052 1661 mare
2100 1605 2173 1660 ab
2222 1604 2495 1661 hostibus
2542 1622 2645 1677 per
2694 1610 2923 1661 noctem
2972 1604 3315 1661 circumdati
3370 1609 3529 1661 sunt.

1889 1694 2153 1766 Cumque
2183 1692 2466 1748 vidissent
2494 1693 2752 1748 diluculo
2792 1693 2931 1765 quia
2977 1711 3094 1749 non
3140 1697 3377 1766 possent
3421 1710 3531 1766 pu-

1888 1798 2067 1855 gnare
2098 1784 2300 1837 contra
2326 1784 2552 1836 tantam
2585 1781 3044 1849 multitudinem,
3069 1782 3347 1855 expositis
3377 1782 3532 1838 navi-

1888 1871 1999 1926 bus
2022 1869 2146 1926 suis
2176 1868 2366 1942 spolia
2394 1873 2624 1925 tantum
2655 1869 3191 1943 detulerunt,atque
3212 1870 3297 1928 sic
3317 1871 3535 1944 pariter

1885 1959 2136 2015 victores
2163 1963 2219 2014 et
2245 1957 2379 2014 victi
2415 1958 2825 2032 Hierosolymis
2854 1959 3068 2016 reversi
3097 1963 3252 2017 sunt.
3271 1961 3383 2016 Sed
3415 1978 3534 2017 una

1887 2048 1960 2104 de
1991 2047 2239 2103 navibus
2264 2064 2383 2103 non
2413 2051 2501 2103 est
2531 2047 3004 2121 intercepta,quaa
3034 2049 3359 2122 praedatum
3376 2049 3532 2106 abie-

1887 2140 1996 2192 rat.
2030 2136 2161 2192 Haec
2192 2140 2386 2191 autem
2419 2136 2582 2191 navis
2610 2152 2744 2191 cum
2796 2137 3053 2192 maxima
3098 2137 3292 2209 praeda
3340 2154 3533 2211 regre-

1887 2226 2074 2293 diens,
2109 2242 2243 2281 cum
2276 2225 2516 2280 vidisset
2547 2225 2802 2297 reliquas
2834 2242 3009 2281 naves
3057 2225 3318 2283 inclusas
3349 2227 3533 2283 classe

1887 2313 2282 2381 inimicorum,
2317 2314 2494 2371 remis
2525 2318 2651 2369 acta
2698 2318 2756 2368 et
2783 2314 3272 2381 velo,Laodiciam
3305 2332 3533 2371 reversa

1887 2409 1996 2470 est,
2034 2403 2231 2475 ibique
2264 2403 2440 2459 sociis
2469 2406 2526 2457 et
2568 2403 2773 2458 amicis
2824 2403 3059 2471 nostris,
3092 2405 3165 2458 de
3212 2403 3382 2460 nobis
3432 2404 3531 2478 qui

1888 2510 2123 2549 eramus
2158 2491 2589 2566 Hierosolymis,
2621 2492 2789 2549 sicuti
2823 2497 2964 2559 erat,
2999 2493 3383 2549 denuntiavit.
3418 2493 3529 2551 Sed

1888 2568 2007 2637 haec
2039 2580 2237 2637 omnia
2265 2581 2455 2636 adhuc
2478 2582 2640 2652 juste
2657 2581 2971 2655 contigisse
2988 2582 3530 2655 cognovimus,cum

1886 2676 1943 2727 et
1974 2670 2367 2736 sermonibus,
2401 2670 2499 2742 qui
2530 2686 2564 2724 a
2597 2676 2704 2725 Deo
2753 2671 3187 2726 mandabantur
3234 2671 3423 2738 nobis,
3458 2671 3529 2726 ﬁ-

1888 2760 2019 2816 dem
2050 2761 2496 2832 abnegaremus,
2528 2763 2586 2815 et
2613 2759 2990 2831 desperantes
3036 2760 3106 2815 de
3160 2760 3253 2816 Dei
3303 2759 3530 2816 miseri-

1889 2849 2183 2915 cordia,ad
2217 2847 2567 2921 campestria
2586 2847 2826 2903 Jordani
2860 2848 3383 2916 descendebant,et
3413 2848 3530 2905 col-

1886 2938 2148 3011 ligebant
2177 2935 2258 2992 ibi
2292 2936 2608 3010 palmas,et
2638 2937 3086 3008 baptizabantur
3113 2936 3173 2991 in
3206 2937 3533 3007 ﬂumine,et

1889 3026 1961 3083 ob
1992 3025 2102 3081 hoc
2135 3026 2387 3080 maxime
2416 3029 2482 3079 ut
2511 3025 2891 3081 transferrent
2921 3042 2983 3081 se
3012 3025 3260 3098 Joppen,
3282 3026 3406 3083 visa
3434 3028 3529 3084 Je-

1888 3114 2141 3171 rusalem
2175 3118 2232 3169 et
2261 3112 2506 3168 dimissa
2537 3113 2856 3180 obsidione,
2882 3117 3057 3186 atque
3088 3114 3172 3169 sic
3204 3115 3529 3186 quomodoo

122 3189 483 3264 branoicum
515 3189 689 3261 sociis
721 3203 1016 3261 suis.Cum
1047 3220 1180 3259 vero
1212 3203 1543 3259 advenisset
1572 3202 1779 3259 Galde-
1810 3189 1851 3254 C
1884 3221 2114 3276 cunque
2144 3206 2384 3275 possent
2414 3203 2963 3269 reverterentur;sed
2997 3202 3068 3257 de
3098 3202 3366 3271 navibus,
3402 3221 3531 3276 pro-

124 3312 335 3354 marus
364 3295 436 3350 ad
468 3292 839 3366 campestria,
873 3309 1001 3365 quae
1032 3296 1172 3348 sunt
1202 3291 1345 3347 citra
1376 3292 1779 3359 Ramulas,oc-

121 3387 443 3444 currerunt
469 3382 522 3439 ei
554 3381 969 3455 quadringenti
1000 3381 1231 3447 Arabes,
1264 3384 1322 3436 et
1350 3380 1523 3436 Turci
1554 3380 1782 3437 circiter

119 3472 388 3532 ducenti.
425 3470 524 3528 llle
553 3470 1047 3537 vero,secundum
1079 3469 1454 3543 paucitatem,
1480 3469 1780 3543 dispositis

118 3562 422 3621 militibus
449 3559 658 3629 suis,et
688 3558 1005 3632 sagittariis
1036 3559 1096 3614 in
1127 3558 1319 3631 prima
1349 3560 1555 3627 fronte,
1578 3575 1780 3615 versus

120 3654 333 3709 hostes
362 3649 641 3707 tendebat
672 3647 816 3704 nihil
848 3647 1148 3714 dubitans,
1174 3647 1432 3704 confisus
1461 3646 1521 3703 in
1552 3646 1652 3703 Dei
1683 3664 1782 3703 au-

124 3740 292 3797 xilio.
327 3739 536 3795 Hostes
564 3741 760 3794 autem
793 3738 1095 3794 credentes
1124 3753 1186 3791 se
1218 3753 1350 3791 eum
1383 3753 1556 3809 posse
1586 3736 1784 3792 absor-

122 3832 284 3897 bere,
317 3845 453 3884 cum
484 3825 609 3883 suis
658 3825 1020 3893 hominibus,
1051 3829 1109 3881 et
1158 3825 1552 3891 incurrebant,
1585 3828 1643 3881 et
1687 3841 1780 3881 sa-

125 3919 428 3994 gittabant
457 3919 515 3972 et
543 3914 1000 3971 circumdabant.
1037 3911 1379 3969 Ceciderunt
1409 3912 1488 3969 ibi
1519 3913 1589 3970 de
1620 3918 1784 3987 parte

125 4005 465 4064 Galdemari
494 4008 614 4060 tres
643 4001 729 4059 vel
765 4006 1015 4076 quatuor
1044 4001 1281 4071 milites,
1305 4006 1362 4058 et
1388 4002 1692 4058 Achardus
1712 4003 1785 4061 de

122 4099 330 4152 monte
378 4091 621 4161 Merulo,
664 4090 1074 4149 nobilissimus
1116 4091 1376 4163 juvenis,
1426 4096 1484 4148 et
1530 4091 1784 4165 inclytus

118 4183 382 4250 miles,et
412 4179 511 4237 alii
543 4180 761 4255 plagati
789 4198 804 4248 ;
839 4179 1131 4254 sagittarii
1162 4197 1294 4237 vero
1326 4197 1530 4237 omnes
1561 4180 1783 4237 cecide-

124 4276 306 4342 runt;
339 4271 411 4327 de
442 4274 607 4344 parte
634 4287 768 4326 vero
798 4268 1196 4341 inimicorum,
1230 4269 1396 4325 multi
1431 4270 1781 4326 ceciderunt.

125 4364 336 4436 Neque
366 4364 567 4415 tamen
598 4359 671 4414 ob
701 4358 1786 4415 hocimminentiahostiumimminue-

126 4453 356 4509 bantur
386 4446 577 4516 bella;
611 4464 801 4520 neque
829 4448 1114 4504 fortitudo
1143 4452 1480 4504 nostrorum
1504 4447 1785 4518 militum,

1890 3293 2031 3348 vidit
2058 3292 2342 3349 Dominus
2374 3290 2498 3347 suis
2530 3289 2867 3345 incredulis.
2902 3290 3226 3348 Habuimus
3267 3308 3333 3348 co
3382 3296 3530 3348 tem-

1890 3397 2026 3456 pore
2057 3385 2395 3443 conventus,
2428 3379 2567 3451 quia
2598 3378 2889 3451 principes
2919 3379 3072 3435 male
3102 3379 3255 3436 inter
3300 3397 3361 3437 se
3391 3397 3530 3437 eon-

1886 3470 2215 3527 veniebant.
2250 3469 2317 3524 Et
2346 3467 2585 3541 quaestio
2617 3468 2816 3522 habita
2864 3472 2956 3523 est
3002 3469 3073 3524 de
3119 3470 3416 3526 Tancredo
3464 3486 3530 3527 eo

1890 3559 2045 3631 quod
2077 3556 2408 3614 Bethlehem
2441 3560 2873 3628 occupasset,et
2902 3573 3079 3629 super
3107 3558 3411 3614 ecclesiam
3426 3558 3534 3615 Do-

1890 3648 2116 3704 minicze
2146 3645 2665 3718 Nativitatis,quasi
2699 3661 2876 3716 super
2903 3662 3274 3701 communem
3289 3647 3531 3702 domum

1887 3736 2163 3793 vexillum
2194 3752 2369 3791 suum
2402 3734 2712 3806 posuisset.
2747 3733 3067 3799 Quaesitum
3096 3740 3186 3790 est
3223 3739 3289 3790 ut
3318 3735 3533 3808 aliquis

1891 3827 1961 3883 de
1992 3824 2357 3898 principibus
2388 3823 2447 3878 in
2482 3838 2675 3896 regem
2725 3822 3059 3896 eligeretur,
3092 3823 3191 3895 qui
3240 3824 3532 3881 civitatem

1891 3913 2229 3981 custodiret,
2264 3930 2336 3969 ne
2366 3910 2698 3968 communis
2730 3910 2900 3977 facta,
2933 3911 2981 3968 si
3015 3912 3185 3968 nobis
3221 3911 3382 3968 illam
3414 3917 3532 3969 tra-

1891 4005 2054 4060 deret
2084 4002 2260 4071 Deus,
2293 4019 2326 4056 a
2348 4000 2507 4057 nullo
2557 4000 2823 4056 custodia
2852 4000 3242 4056 communiter
3272 4001 3533 4058 destrue-

1892 4096 2070 4148 retur.
2105 4091 2325 4159 Quibus
2346 4091 2419 4146 ab
2447 4088 2735 4163 episcopis
2760 4092 2818 4144 et
2848 4106 2881 4144 a
2911 4089 3063 4145 clero
3086 4095 3538 4163 responsumest

1890 4198 2002 4237 non
2040 4182 2234 4237 debere
2281 4181 2363 4236 ibi
2406 4180 2543 4249 eligi
2585 4194 2783 4250 regem,
2814 4179 2914 4233 ubi
2941 4179 3080 4234 Deus
3116 4196 3309 4251 passus
3356 4187 3409 4235 et
3447 4196 3537 4237 co-

1891 4278 2113 4326 ronatus
2141 4277 2238 4326 est.
2273 4268 2421 4338 Quod
2450 4270 2500 4325 si
2530 4270 2589 4324 in
2619 4267 2774 4324 corde
2814 4283 2912 4323 suo
2957 4267 3156 4324 diceret
3185 4286 3204 4324 :
3228 4268 3393 4325 Sedeo
3439 4285 3538 4325 su-

1891 4374 1992 4429 per
2016 4359 2217 4415 sotium
2246 4357 2440 4426 David,
2472 4365 2521 4414 et
2552 4374 2783 4427 regnum
2815 4357 2930 4429 ejus
2959 4357 3189 4425 obtineo,
3220 4357 3449 4429 degener
3474 4357 3541 4414 de

1891 4448 1998 4521 ﬁde
2021 4454 2072 4504 et
2106 4448 2311 4503 virtute
2338 4447 2532 4516 David,
2577 4448 2830 4520 fortassis
2859 4445 3189 4518 disperderet
3213 4463 3339 4502 eum
3375 4448 3536 4516 Deus,

126 4540 201 4597 de
236 4538 337 4597 Dei
369 4536 773 4593 misericordia
805 4537 1171 4610 desperabat,
1192 4537 1292 4593 sed
1324 4553 1393 4593 ex
1420 4535 1784 4609 vulneribus,
1818 4561 1864 4623 ι)
1892 4547 1943 4594 et
1973 4539 2084 4594 loco
2112 4545 2165 4593 et
2192 4538 2344 4609 genti
2373 4538 2714 4593 irasceretur.
2736 4538 3011 4593 Praeterea
3032 4536 3233 4592 clamat
3257 4536 3538 4609 propheta,

126 4634 186 4687 et
214 4629 290 4684 ab
328 4627 458 4700 ipsa
486 4628 674 4681 morte
712 4624 1150 4694 incalescentes,
1184 4628 1346 4681 tanto
1395 4624 1647 4682 acriores
1697 4625 1788 4681 in-

128 4718 375 4775 stabant
402 4715 674 4772 hostibus
704 4719 925 4787 quanto
955 4714 1220 4789 graviora
1251 4731 1312 4771 se
1341 4715 1414 4770 ab
1444 4713 1528 4771 eis
1560 4731 1790 4788 perpes-

127 4825 232 4864 sos
262 4804 622 4863 sentiebant.
655 4803 767 4859 Sed
802 4803 942 4859 dum
984 4803 1167 4860 nostri
1214 4804 1414 4870 duces,
1440 4804 1567 4874 jam
1600 4802 1788 4876 magis

130 4893 363 4969 fatigati
395 4910 467 4949 ex
494 4890 845 4949 lassitudine
876 4909 1051 4965 quam
1078 4909 1146 4947 ex
1178 4892 1383 4947 timore
1413 4890 1789 4957 confecti,de-

131 4984 358 5041 clinare
389 4981 463 5038 ab
507 4981 632 5037 acie
658 4980 910 5050 vellent,
947 4981 1179 5055 cognito
1229 4980 1463 5053 pulvere
1514 4997 1549 5036 a
1592 4980 1782 5051 longe.

133 5070 513 5131 Raimundus
542 5068 763 5137 Peleth,
786 5087 1040 5143 praeceps
1072 5075 1128 5126 et
1160 5069 1411 5126 festinus
1438 5068 1495 5124 in
1528 5085 1787 5143 pugnam

130 5161 402 5232 intravit,
434 5163 611 5233 atque
660 5163 892 5215 tantum
938 5158 1230 5232 pulverem
1282 5159 1683 5214 commovebat
1731 5162 1796 5213 ut

134 5251 452 5309 crederent
498 5248 699 5306 hostes
728 5264 864 5304 cum
919 5264 986 5304 eo
1042 5264 1171 5304 esse
1220 5246 1507 5320 plurimos
1554 5246 1791 5303 milites.

135 5341 355 5414 Sicque
385 5354 491 5412 per
520 5336 623 5394 Dei
651 5336 899 5410 gratiam
931 5339 987 5392 et
1034 5336 1218 5393 nostri
1267 5335 1495 5392 liberati
1545 5339 1706 5401 sunt,
1739 5340 1798 5392 et

135 5430 342 5487 hostes
375 5427 492 5484 fusi
525 5430 701 5500 atque
733 5424 942 5500 fugati,
975 5430 1033 5482 et
1061 5424 1292 5482 circiter
1320 5423 1553 5481 ducenti
1603 5440 1673 5479 ex
1710 5424 1797 5483 eis

136 5516 529 5584 interfecti,et
558 5514 816 5591 plurima
846 5513 1035 5588 spolia
1062 5518 1233 5586 capta
1262 5512 1651 5570 sunt.Etenim
1681 5511 1800 5573 ista

136 5605 511 5670 consuetudo
540 5608 633 5668 est
660 5604 821 5686 apud
852 5601 984 5664 illas
1012 5604 1217 5683 gentes
1233 5600 1387 5681 quod
1419 5603 1467 5663 si
1499 5601 1726 5682 fugiant
1738 5609 1803 5665 et

1896 4627 2080 4683 dicens
2111 4645 2130 4682 :
2186 4626 2321 4681 Cum
2378 4626 2585 4681 venerit
2639 4631 2870 4682 Sanctus
2923 4632 3255 4693 sanctorum,
3313 4624 3543 4681 cessabit

1894 4718 2104 4782 unctio,
2129 4714 2271 4787 quod
2318 4712 2598 4769 advenisse
2644 4716 2854 4769 cunctis
2902 4715 3146 4785 gentibus
3189 4714 3543 4786 manifestum

1894 4812 2030 4860 erat.
2060 4803 2163 4859 Sed
2193 4806 2328 4859 esset
2358 4802 2565 4873 aliquis
2596 4801 2902 4869 advocatus,
2935 4804 3033 4873 qui
3064 4810 3114 4858 et
3143 4805 3417 4858 civitatem
3445 4818 3542 4857 cu-

1894 4893 2136 4959 stodiret,
2166 4899 2216 4947 et
2245 4890 2554 4947 custodibus
2603 4893 2864 4957 civitatis,
2912 4892 3120 4946 tributa
3166 4893 3408 4961 regionis
3456 4890 3542 4946 di-

1896 4980 2099 5036 videret
2145 4987 2195 5034 et
2243 4978 2504 5034 redditus.
2556 4979 2741 5050 Atque
2791 4978 2882 5035 his
2921 4983 2978 5034 et
3033 4978 3166 5034 aliis
3224 4979 3296 5034 de
3350 4976 3545 5034 causis

1899 5068 2102 5124 multis
2134 5067 2314 5123 dilata
2343 5066 2568 5133 electio,
2602 5072 2660 5121 et
2692 5066 2990 5138 impedita,
3043 5067 3224 5123 donec
3268 5068 3341 5123 ad
3389 5070 3547 5122 octa-

1901 5176 2040 5213 vum
2071 5158 2227 5213 diem
2262 5159 2393 5228 post
2424 5160 2652 5227 captam
2685 5154 3034 5212 Jerusalem.
3068 5156 3266 5228 Neque
3295 5155 3406 5210 hoc
3454 5170 3549 5211 so-

1903 5245 2050 5312 lum,
2082 5263 2285 5302 verum
2318 5244 2493 5300 etiam
2525 5244 2683 5301 aliud
2716 5243 2937 5317 aliquid
2969 5244 3138 5300 nobis
3186 5262 3301 5301 non
3350 5260 3551 5315 prove-

1904 5336 2123 5402 niebat,
2157 5336 2259 5392 sed
2289 5333 2454 5389 labor
2484 5338 2541 5390 et
2568 5332 2871 5392 tribulatio
2904 5349 3004 5407 per
3035 5332 3160 5389 dies
3189 5331 3455 5405 singulos
3492 5330 3554 5387 in

1905 5421 2121 5499 populo
2155 5421 2590 5495 duplicabatur.

2483 5509 2718 5569 CAPUT
2748 5509 2995 5570 XXXVI.

1977 5602 2242 5666 Tandem
2273 5604 2514 5682 propter
2541 5613 2782 5662 nonem
2810 5597 3344 5676 suum,misericors
3365 5601 3425 5655 et
3444 5608 3573 5674 pro.
3683 5679 3698 5692 .
