3996 6096
449 308 568 375 653

958 314 1061 375 AD
1107 310 1619 376 GODEFRIDUM
1668 312 2002 375 APPEND.
2049 310 2128 372 II.
2163 344 2236 356 -—-
2268 308 2579 373 MONUM.
2627 311 2728 371 DE
2770 311 3022 373 BELLO
3065 309 3339 373 SACRO.

3719 302 3831 373 656

447 444 630 518 pitius
686 444 990 515 Dominus,
1024 444 1202 501 simul
1253 464 1323 501 ne
1370 444 1683 501 adversarii
1739 442 1923 499 nostri
1979 442 2092 516 legi
2121 442 2176 511 Α
2204 444 2361 498 nium
2381 443 2557 498 seculi
2582 459 2772 498 sumus
2800 444 3093 499 Dominum
3120 458 3290 515 usque
3336 443 3408 499 ad
3454 442 3633 500 locum
3665 460 3834 500 ascen-

447 534 576 605 ejus
625 532 995 603 insultarent,
1040 534 1344 591 dicentes:
1399 535 1501 591 Ubi
1542 541 1619 590 est
1669 538 1809 591 Deus
1856 549 2045 589 eorum
2071 535 2097 587 .9

444 622 743 678 mandavit
774 622 941 680 nobis
954 641 1054 697 per
1065 623 1404 697 episcOpum
1425 623 1769 680 Podieusem
1783 622 2020 679 dominu
2032 640 2089 679 m

439 711 816 781 Ademarum,
850 712 1101 785 qualiter
1130 713 1275 768 iram
1307 714 1434 784 ejus
1466 711 1690 785 placere
1708 729 2016 785 possemus
2030 716 2087 769 et

443 799 754 873 impetrare
784 801 1264 857 misericordiam.
1297 801 1408 858 Sed
1440 806 1498 857 et
1528 818 1655 871 nos,
1687 801 1758 858 de
1809 802 2087 856 mandato

445 887 677 945 Domini
709 888 1376 956 reticentes,faciendum
1406 907 1534 947 esse
1562 888 1709 946 illud
1741 890 2092 963 praedicaba-

449 992 682 1046 mus,ne
709 978 758 1034 si
790 978 1042 1052 populus
1071 978 1182 1035 hoc
1211 980 1554 1034 mandatum
1588 979 2093 1051 praeterisset,cul-

449 1065 661 1140 pabilis
693 1067 901 1137 magis,
936 1067 1188 1123 maxime
1217 1064 1974 1140 atiligeretur.Etenimtam
2006 1068 2101 1124 be-

451 1154 668 1229 nignus
697 1171 837 1229 erga
865 1173 973 1212 nos
998 1160 1122 1213 erat
1155 1156 1436 1214 Dominus
1468 1160 1534 1213 ut
1580 1155 1804 1230 legatos
1853 1174 1995 1213 suos
2026 1157 2097 1213 ad

450 1258 560 1300 nos
591 1243 865 1312 mitteret,
880 1243 981 1300 sed
1012 1244 1152 1317 quia
1180 1244 1388 1301 fratres
1419 1250 1605 1314 erant,
1640 1260 1757 1301 non
1785 1245 2102 1302 credebant

451 1332 556 1389 eis.
592 1333 846 1389 Locutus
876 1337 966 1390 est
993 1350 1128 1407 ergo
1160 1333 1471 1407 episcopus
1494 1334 1662 1390 Petro
1693 1334 2102 1403 Desiderio,di-

451 1436 590 1478 cens
623 1438 637 1477 :
670 1421 909 1494 Loquere
954 1421 1025 1478 ad
1069 1424 1349 1496 principes
1390 1430 1443 1479 et
1489 1423 1559 1479 ad
1602 1438 1797 1480 omnen
1839 1424 2103 1496 populum

453 1517 506 1566 et
550 1509 697 1567 dices
716 1530 735 1566 :
764 1510 873 1567 Vos
896 1512 994 1585 qui
1023 1513 1248 1567 venistis
1277 1510 1342 1567 de
1377 1519 1489 1567 tam
1518 1512 1835 1584 longinquis
1854 1514 2104 1585 regioni-

458 1601 574 1667 bus,
607 1607 670 1656 ut
695 1602 860 1656 Deum
901 1608 953 1657 et
996 1601 1291 1658 Dominum
1338 1602 1677 1656 exercituum
1717 1602 1808 1656 hic
1848 1600 2101 1670 adoretis,

456 1689 821 1761 sancti/icami
867 1689 935 1745 ab
1008 1688 1375 1745 immunditiis
1430 1690 1623 1745 vestris
1684 1697 1738 1746 et
1798 1698 2106 1747 revertatur

456 1779 805 1879 unaquaque-
846 1777 915 1834 ab
952 1779 1214 1879 .operibus
1259 1780 1397 1879 suis.
1418 1778 1624 1879 pravis.
1675 1778 1741 1834 Et
1782 1779 2101 1879 postﬁhazc,
2134 1810 2180 1879 Β

458 1866 627 1923 nudis
652 1866 883 1940 pedibus
911 1868 1139 1924 circuite
1179 1867 1502 1934 Jerusalem,
1552 1868 1862 1923 invocantes
1912 1864 2100 1935 Deum,

458 1956 511 2012 et
530 1955 797 2028 jejunate.
829 1954 894 2012 Si
919 1958 1001 2011 sic
1027 1956 1269 2026 egeritis,
1300 1962 1353 2011 et
1389 1956 1837 2027 oppugnarevitis
1885 1957 2105 2013 Jerusa-

463 2044 568 2100 lem
608 2044 850 2101 viriliter
894 2060 1064 2117 usque
1119 2044 1189 2100 ad
1234 2060 1424 2100 novem
1476 2042 1609 2112 dies,
1642 2044 1905 2118 capietur.
1955 2046 2107 2102 Alio-

463 2134 621 2206 quin,
649 2134 837 2189 omnia
867 2134 1017 2189 mala
1069 2147 1194 2206 qua:
1234 2135 1389 2206 passi
1437 2134 1588 2200 estis,
1620 2133 1769 2189 vobis
1817 2151 1851 2188 a
1880 2134 2108 2193 Domino

456 2222 992 2296 multiplicabuntur.
1027 2223 1292 2295 Cumque
1314 2222 1435 2278 haec
1467 2221 1711 2277 dixisset
1741 2223 2012 2280 sacerdos
2033 2225 2105 2280 ad

460 2312 728 2384 fratrem;
747 2311 935 2385 ipsius
985 2311 1243 2384 episcopi
1291 2310 1569 2367 Willelmi
1617 2310 1879 2385 Ugonem
1930 2317 1986 2369 et
2033 2313 2106 2370 ad

457 2402 787 2459 Ysoardum
820 2398 1091 2457 comitem
1123 2398 1427 2455 dominum
1477 2416 1675 2470 suum,
1709 2404 1766 2456 et
1809 2400 1880 2457 ad
1931 2418 2106 2474 quos-

460 2491 597 2548 dam
631 2491 702 2547 de
732 2489 884 2546 clero
916 2489 1390 2545 coadunaverunt
1420 2487 1733 2544 consilium
1764 2489 1860 2545 die
1890 2490 2106 2562 princi-

461 2579 657 2654 pibus,
690 2583 748 2636 et
775 2579 845 2635 de
872 2578 1031 2635 omni
1064 2576 1363 2651 populo,et
1392 2577 1698 2634 dixerunt:
1739 2581 1864 2636 Viri
1889 2581 2105 2650 fratres,

460 2670 731 2739 vosuscitis
750 2683 876 2742 quae
904 2684 1069 2724 causa
1100 2669 1315 2723 itineris
1339 2669 1517 2723 nostri
1542 2669 1615 2724 sit
1666 2684 1732 2724 ac
1760 2676 1926 2725 tantae
1955 2668 2107 2741 defa-

463 2758 783 2828 tigationis;
810 2764 863 2813 et
888 2757 1226 2829 negligenter
1248 2758 1483 2827 agimus,
1515 2754 1647 2812 adeo
1677 2764 1738 2813 ut
1762 2773 1936 2829 neque
1949 2774 2107 2815 .com-

459 2864 718 2924 paremus
746 2865 812 2905 ea
842 2863 965 2921 qua:
991 2847 1295 2903 necessaria
1322 2854 1453 2901 sunt
1481 2845 1550 2900 ad
1580 2847 1999 2919 oppugnandam
2028 2848 2107 2903 ci-

465 2941 707 3006 vitatem,
736 2952 910 3009 neque
937 2952 1129 2992 curam
1156 2936 1399 3005 gerimus
1436 2934 1697 3007 quomodo
1742 2935 1911 2991 Deum
1951 2937 2109 2992 nobis

464 3026 895 3095 reconciliemus,
928 3040 1083 3098 quem
1112 3030 1223 3079 tam
1249 3022 1631 3095 multipliciter
1656 3039 1837 3080 omnes
1879 3024 1941 3080 in
1987 3041 2105 3082 om-

461 3116 626 3174 nibus
653 3113 1017 3189 oﬂ'endimus;
1048 3129 1206 3186 quem
1233 3129 1266 3169 a
1297 3112 1451 3169 nobis
1489 3112 1822 3184 erpulimus,
1852 3120 1904 3169 et
1950 3114 2111 3184 longe

458 3184 817 3278 multumeer
842 3210 1026 3260 nostra
1045 3184 1220 3275 parva
1255 3217 1419 3274 opera
1465 3219 1498 3256 a
1526 3202 1685 3257 nobis
1714 3201 2096 3275 eﬁugavimus.
2132 3184 2174 3252 C
2213 3201 2472 3258 mundus
2509 3201 2845 3275 praefecerat
2886 3184 3250 3262 Willelmum
3301 3206 3523 3265 Richau
3572 3210 3860 3284 operariis

454 3296 522 3352 Et
541 3310 709 3361 nunc,
740 3295 794 3349 si
820 3293 968 3349 vobis
988 3292 1202 3364 justum
1236 3290 1470 3357 videtur,
1502 3291 1881 3347 reconcilietur
1920 3308 2099 3348 unus-

455 3387 686 3459 quisque
712 3382 884 3457 fratri
927 3398 1024 3438 suo
1073 3396 1232 3453 quem
1279 3379 1522 3453 offendit,
1558 3387 1609 3436 et
1653 3383 1828 3451 frater
1871 3379 2101 3450 benigne

452 3475 624 3548 fratri
650 3470 925 3530 condonet.
962 3471 1025 3526 Et
1048 3477 1168 3542 post
1195 3470 1315 3526 haec
1349 3469 1707 3524 humiliemur
1752 3469 1878 3535 Dco,
1909 3476 1963 3525 et
1985 3471 2095 3525 cir-

454 3576 770 3620 cumeamus
796 3559 1094 3618 Jerusalem
1122 3556 1287 3613 nudis
1315 3555 1618 3629 pedibus,et
1646 3558 1750 3614 Dei
1796 3558 2100 3615 misericor-

450 3645 1720 3723 diam,persanctorumpatrociniaappellemus,
1742 3653 1801 3702 ut
1818 3646 1915 3702 ille
1946 3651 2096 3703 Deus

449 3741 806 3811 omnipotens,
838 3738 971 3809 quia
996 3751 1097 3809 pro
1126 3735 1303 3802 nobis,
1335 3732 1399 3789 de
1424 3733 1580 3789 nobis
1617 3734 1786 3790 servis
1814 3735 1931 3790 suis
1977 3752 2095 3791 car-

448 3844 573 3885 nem
600 3828 914 3899 assumpsit,
935 3825 1221 3881 exinanita
1247 3825 1429 3896 forma
1475 3821 1714 3879 dominii
1755 3823 1867 3889 sui,
1897 3832 1949 3879 et
1994 3826 2095 3897 qui

447 3918 736 3975 humiliter
784 3932 949 3989 super
992 3916 1209 3971 asinam
1254 3912 1460 3980 sedens,
1505 3929 1774 3986 passurus
1824 3916 1884 3970 in
1933 3931 2093 3971 cruce

444 4008 637 4065 mortis
665 4006 999 4079 supplicium
1026 4019 1125 4077 pro
1151 4001 1483 4072 nobistanc
1509 4003 1782 4059 civitatem
1811 4004 2089 4072 ingressus

444 4104 543 4161 est,
578 4094 753 4151 turbis
781 4096 837 4151 ei
863 4092 1269 4150 occurrentibus
1314 4108 1440 4148 cum
1483 4108 1680 4161 magno
1726 4094 2088 4165 processionis

442 4186 671 4254 honore;
706 4183 801 4239 ille
826 4200 923 4239 nos
946 4181 1021 4257 ad
1049 4183 1306 4238 honorem
1331 4188 1383 4236 et
1421 4181 1657 4252 gloriam
1684 4182 1926 4237 nominis
1971 4184 2081 4252 sui,

439 4282 494 4332 et
528 4276 803 4330 civitatem
831 4272 987 4328 nobis
1015 4271 1226 4343 aperiat
1255 4276 1305 4326 et
1331 4271 1511 4341 facere
1545 4269 1824 4341 judicium
1867 4269 1934 4326 de
1976 4273 2085 4329 ini-

435 4365 600 4421 micis
644 4363 761 4419 suis
805 4369 858 4418 et
891 4361 1112 4427 nostris,
1150 4358 1403 4416 omnibus
1444 4359 1601 4415 nobis
1656 4359 1926 4431 concedat,
1986 4363 2085 4433 qui

438 4453 615 4510 locum
644 4452 919 4521 passionis
947 4464 1068 4506 suae
1094 4456 1146 4505 et
1167 4448 1468 4520 sepultura:
1510 4447 1628 4519 ejus
1682 4447 1904 4519 indigne
1947 4451 2081 4505 obti-

432 4550 618 4599 nentes
647 4541 1042 4605 contaminant,
1071 4545 1120 4593 ct
1151 4538 1249 4610 qui
1276 4553 1373 4593 nos
1403 4555 1437 4591 a
1484 4544 1632 4593 tanto
1680 4537 1934 4608 beneﬁcio
1981 4539 2076 4594 hu-
2107 4559 2153 4624 Ι)

430 4632 685 4689 militatis
722 4630 946 4697 divinae,
997 4635 1049 4684 et
1093 4626 1477 4698 redemptionis
1511 4633 1716 4682 nostra
1779 4627 2076 4684 excludere

428 4719 774 4779 contendunt.
808 4716 1158 4774 Placuerunt
1190 4714 1311 4770 haec
1358 4712 1534 4770 verba
1580 4713 1966 4788 principibus,
2018 4722 2075 4773 et

428 4809 586 4866 omni
614 4807 848 4882 populo,
874 4811 930 4863 et
948 4807 1080 4863 ideo
1103 4803 1332 4879 publice
1342 4804 1586 4875 jussum
1611 4808 1717 4872 est,
1742 4806 1808 4858 ut
1828 4802 1885 4858 in
1910 4810 2073 4863 sexta

426 4898 571 4954 feria
599 4914 726 4970 qua:
760 4896 1023 4970 proxima
1051 4897 1195 4960 erat,
1215 4891 1407 4949 clerici
1440 4897 1834 4965 praepararent
1851 4910 1913 4950 se
1933 4910 2069 4951 cum

425 4987 697 5041 crucibus
727 4991 784 5040 et
813 4989 1151 5040 sanctorum
1184 4980 1533 5053 reliquiisad
1552 4981 2071 5054 processionem,et

423 5074 643 5129 milites
674 5078 848 5145 atque
878 5088 1081 5128 omnes
1102 5071 1207 5126 viri
1237 5072 1916 5142 l‘oi'tesscqucrentureos
1931 5088 2066 5129 cum

420 5162 581 5217 tubis
613 5166 670 5217 et
698 5160 941 5229 vexillis,
976 5165 1150 5232 atque
1181 5159 1389 5215 armati
1421 5159 1596 5214 nudis
1630 5158 1876 5231 pedibus
1907 5159 2064 5218 ince-

417 5250 641 5308 derent.
674 5251 808 5317 Quae
856 5247 1073 5316 omnia,
1124 5247 1448 5303 secundum
1486 5247 1815 5318 jussionem
1863 5248 1965 5305 Dei
2008 5254 2065 5307 et

414 5338 752 5413 principum
782 5337 1042 5394 latenter
1066 5335 1439 5408 explevimus.
1475 5337 1738 5409 Namque
1785 5352 1919 5393 cum
1966 5356 2059 5394 ve-

411 5428 710 5485 nissemus
740 5426 801 5482 in
836 5429 1096 5481 montem
1128 5423 1352 5490 Oliveti,
1386 5427 1443 5479 et
1488 5441 1753 5481 essemus
1799 5424 1858 5481 in
1906 5425 2057 5496 loco,

409 5517 568 5575 unde
596 5516 883 5574 Dominus
912 5516 1047 5589 post
1076 5511 1560 5570 resurrectionem
1590 5531 1761 5570 suam
1793 5516 2058 5572 ascendit

406 5605 470 5672 in
500 5602 731 5678 caelum,
760 5601 1209 5684 pradicavimus
1240 5600 1302 5661 in
1331 5599 1548 5678 populo
1579 5601 1875 5663 dicentes:
1898 5606 2053 5676 Quo-

2202 533 2376 597 sionis
2422 531 2563 604 ejus,
2609 538 2661 588 et
2707 532 2936 588 ulterius
2977 549 3202 605 pergere
3250 533 3560 605 nequimus,
3592 532 3835 589 condonet

2205 621 2581 693 unusquisque
2605 622 2775 693 fratri
2820 637 2918 677 suo
2964 623 3065 695 qui
3091 621 3258 679 laesus
3284 629 3383 689 est,
3417 626 3477 678 ut
3507 626 3649 678 Deus
3673 624 3836 679 omni-

2202 716 2390 782 potens
2418 711 2577 765 nobis
2607 711 2733 782 ﬁeri
2757 711 2927 782 possit
2944 712 3232 783 propitius.
3265 709 3413 778 Quid
3445 708 3677 767 multa?
3701 710 3836 767 Con-

2207 799 2573 854 donaverunt
2601 814 2827 865 omnes,
2861 803 2917 854 et
2942 798 3295 873 largissimis
3323 797 3703 873 eleemosynis
3739 796 3832 857 Dei

2210 886 2672 944 misericordiam
2728 886 3125 961 appellabant,
3178 890 3243 944 ut
3288 889 3349 944 in
3396 889 3512 945 fine
3566 889 3837 963 populum

2208 992 2384 1033 suum
2416 974 2573 1032 Deus
2601 993 2716 1032 non
2745 978 3057 1044 desereret,
3088 992 3264 1051 quem
3317 994 3504 1052 usque
3554 980 3627 1035 ad
3673 980 3838 1037 ﬁncm

2208 1063 2458 1138 gloriose
2487 1070 2546 1121 et
2574 1064 2926 1122 mirabiliter
2966 1067 3307 1124 adduxerat.
3344 1066 3613 1125 Placatur
3655 1069 3840 1143 itaque

2209 1152 2309 1210 Dei
2343 1154 2765 1223 misericordia,
2800 1152 3077 1228 quoniam
3123 1157 3321 1213 omnia
3368 1174 3497 1230 qua
3544 1159 3703 1231 prius
3748 1178 3844 1217 no-

2208 1241 2301 1299 bis
2330 1243 2573 1300 adversa
2615 1243 2866 1312 fuerant,
2901 1261 3057 1300 nunc
3088 1247 3391 1303 commode
3439 1247 3609 1305 nobis
3655 1264 3842 1322 prove-

2211 1331 2468 1388 niebant.

2761 1421 2995 1479 CAPUT
3030 1421 3301 1481 XXXVII.

2284 1509 2395 1566 Sed
2423 1508 2558 1566 licet
2588 1510 2775 1567 multa
2802 1512 3354 1585 prmtereamus,boc
3367 1530 3550 1571 unum
3566 1518 3847 1590 praeterire

2211 1615 2329 1655 non
2347 1597 2538 1655 libuit.
2562 1598 2709 1656 Cum
2731 1600 3117 1657 circuiremus
3137 1600 3428 1659 civitatem
3462 1605 3533 1661 de
3552 1602 3693 1663 foris
3715 1622 3845 1665 cum

2213 1686 2605 1761 processionis
2658 1688 3251 1756 tumultn,Sarraceni
3283 1696 3339 1748 et
3366 1692 3537 1750 Turci
3586 1694 3734 1752 infra
3777 1696 3853 1753 ci-

2211 1776 2450 1832 vitatem
2482 1776 3139 1850 gyrabant,multimode
3161 1795 3269 1837 nos
3282 1780 3850 1852 deridentes,multas

2214 1881 2417 1922 cruces
2447 1882 2626 1939 super
2654 1883 2856 1924 muros
2887 1868 3183 1941 ponebant
3209 1868 3269 1925 in
3302 1870 3853 1943 patibulis,aiﬁcien-

2213 1959 2303 2011 tes
2332 1971 2431 2010 eas
2461 1971 2595 2010 cum
2629 1956 2966 2013 verberibus
2994 1962 3054 2012 et
3096 1959 3490 2017 contumeliis.
3522 1962 3743 2029 Quibus
3772 1964 3850 2021 si-

2215 2042 2348 2117 gnis
2378 2060 2493 2099 non
2527 2060 2557 2100 e
2583 2044 2774 2101 vicino
2806 2043 3267 2103 misericordiam
3299 2046 3401 2105 Dei
3427 2057 3747 2124 sperantes,
3779 2054 3851 2110 ad

2215 2133 2664 2205 expugnandam
2695 2134 3012 2201 civitatem,
3035 2135 3128 2191 die
3159 2140 3451 2210 noctuque
3476 2140 3747 2213 operibus
3773 2141 3858 2200 in-

2216 2221 2931 2280 stabamusPrazfecerant
2960 2223 3157 2297 itaque
3186 2222 3304 2281 dux
3334 2232 3390 2283 et
3419 2243 3615 2286 comes
3644 2228 3854 2289 North-

2217 2310 2468 2366 manniaa
2501 2315 2559 2367 et
2590 2310 2873 2368 Flandriaa
2904 2311 3219 2370 Gastonem
3272 2315 3343 2372 de
3392 2312 3608 2375 Beardo
3655 2336 3857 2394 opera-

2217 2398 2322 2455 riis
2353 2400 2454 2472 qui
2484 2400 2789 2457 machinas
2818 2403 3258 2471 construebant,
3289 2409 3347 2461 et
3375 2408 3563 2464 crates
3602 2412 3658 2465 et
3685 2425 3859 2484 agge-

2215 2504 2330 2555 res,
2362 2490 2436 2544 ad
2470 2489 2863 2545 invadendum
2895 2507 3131 2547 murum
3166 2492 3611 2566 componebant.
3632 2498 3730 2555 Hic
3762 2514 3865 2556 au-

2216 2580 2334 2632 tem
2365 2578 2542 2633 Gasto
2572 2577 2981 2635 nobilissimus
3011 2579 3488 2655 principes,apud
3522 2602 3722 2644 omnes
3750 2588 3862 2645 bo-
3970 2582 3971 2639 l

2217 2669 2458 2720 noratus
2506 2670 2652 2733 erat,
2684 2666 2958 2724 utilitatis
3007 2686 3126 2724 sum
3171 2674 3229 2726 et
3273 2672 3583 2744 probitatis
3629 2674 3858 2749 merito,
3970 2692 3971 2695 ‘

2216 2758 2392 2828 atque
2422 2753 2553 2811 ideo
2575 2772 2725 2828 opus
2751 2756 2861 2813 sibi
2878 2756 3285 2831 aprincipibus
3299 2763 3681 2820 commissum
3697 2782 3864 2841 saga-

2216 2843 2359 2899 citcr
2383 2844 2664 2917 operariis
2695 2844 3285 2920 dividens,sapienter
3302 2850 3679 2910 accelerabat.
3696 2854 3863 2913 Prin-

2215 2932 2262 2988 ci
2271 2949 2372 3006 pes
2388 2938 2584 2989 autem
2602 2937 2828 2991 tantum
2854 2937 3341 3009 gerebantcuram
3354 2940 3425 2996 de
3439 2946 3862 3016 comportanda

2214 3020 2508 3095 lignorum
2542 3025 2870 3094 materia,ct
2898 3024 3091 3096 Gasto,
3124 3026 3196 3083 de
3227 3031 3635 3090 construendis
3666 3050 3864 3093 neces-
3972 3028 3973 3087 ἶ

2215 3111 2387 3168 seriis
2435 3110 2888 3169 sollicitudinem
2921 3115 3150 3189 agebat.
3184 3116 3466 3177 Similiter
3493 3137 3688 3179 comes
3720 3118 3861 3181 Rai-

2208 3290 2335 3347 suis
2381 3289 2440 3346 in
2487 3296 2747 3348 montem
2778 3291 2941 3364 Sion,
2973 3297 3031 3349 et
3077 3295 3419 3370 episcopum
3450 3297 3858 3359 Albariensem

2208 3376 2563 3450 Sarracenis,
2576 3384 2633 3436 et
2661 3380 2793 3437 aliis
2822 3381 2923 3453 qui
2949 3380 3109 3455 ligna
3136 3383 3862 3464 deferebantAcceperant

2207 3484 2462 3541 namque
2491 3467 2760 3526 homines
2791 3468 3042 3539 comitis,
3078 3472 3263 3531 multa
3310 3474 3549 3532 castella
3597 3483 3655 3534 et
3682 3478 3859 3539 villas

2205 3554 2683 3627 Sarracenorum,
2731 3564 2789 3615 et
2836 3558 3194 3633 Sarracenis,
3241 3563 3411 3636 quasi
3460 3567 3644 3624 servis
3701 3570 3856 3639 suis,

2203 3663 2379 3719 opera
2409 3647 2779 3718 indicabant;
2814 3649 2912 3722 qui
2942 3649 3369 3724 quinquaginta
3406 3653 3494 3711 vel
3545 3658 3861 3731 sexaginta

2203 3736 2514 3806 portabant
2543 3754 2651 3793 suo
2683 3737 2834 3794 collo
2864 3739 3090 3795 trabem
3139 3741 3478 3810 maximam,
3512 3760 3690 3818 quam
3731 3764 3856 3806 non

2200 3823 2490 3881 deferrent
2519 3830 2770 3898 quatuor
2798 3826 2962 3900 paria
3000 3827 3199 3897 boum,
3233 3829 3304 3886 ad
3354 3831 3658 3890 machinas
3708 3853 3855 3893 con-

2199 3914 2511 3971 struendae
2538 3914 2884 3972 Jerusalem.
2905 3916 3055 3984 Quid
3087 3916 3273 3975 multa
3291 3916 3321 3974 ?
3339 3934 3544 3978 omnes
3574 3940 3693 3980 uno
3727 3924 3859 3982 ani-

2198 4018 2294 4058 mo
2325 4002 2613 4077 parilique
2643 4020 2932 4062 consensu
2963 4022 3111 4078 opus
3144 4008 3593 4084 agebant,atque
3621 4010 3860 4072 labam-

2195 4091 2420 4158 bant,et
2449 4093 2956 4159 construebant,et
2987 4095 3364 4168 adjuvabant,
3390 4098 3589 4157 nullus
3618 4104 3853 4177 segnis,

2193 4180 2415 4238 nullius
2460 4198 2673 4238 manus
2729 4183 3197 4241 remittebantur.
3256 4184 3473 4245 Omnes
3533 4186 3856 4263 spontanei

2190 4271 2604 4343 operabantur,
2639 4276 2846 4345 praeter
2873 4272 3146 4330 artiﬁces.
3180 4273 3305 4332 Illis
3334 4276 3586 4334 dabatur
3612 4294 3856 4342 merces

2189 4360 2261 4415 de
2292 4359 2568 4429 collectis,
2603 4376 2729 4433 quae
2763 4362 2923 4416 facta
2958 4361 3016 4417 in
3046 4363 3262 4436 pepulo
3310 4362 3560 4423 fuerant.
3594 4366 3712 4424 Sed
3746 4387 3848 4427 co-

2188 4464 2313 4503 mes
2340 4448 2409 4504 de
2438 4464 2613 4503 censu
2649 4465 2755 4505 suo
2804 4447 2930 4505 suis
2978 4450 3259 4522 operariis
3303 4452 3499 4509 debita
3549 4454 3851 4517 solvebat.

2188 4537 2253 4591 Et
2296 4540 2448 4593 certe
2491 4553 2704 4593 manus
2752 4536 2985 4593 Domini
3033 4540 3403 4613 operabatur,
3437 4547 3495 4599 et
3516 4552 3848 4618 operantes

2184 4626 2516 4698 adjuvabat.
2551 4626 2814 4699 Cumque
2847 4627 3003 4683 brevi
3052 4627 3357 4687 intervallo
3404 4634 3605 4692 omnia
3651 4635 3841 4693 moli-

2182 4716 2345 4771 mina
2373 4718 2575 4772 nostra
2603 4719 2661 4771 et
2690 4714 2972 4771 machinae
3003 4722 3351 4790 comparatae
3383 4726 3599 4791 essent,
3615 4721 3855 4783 habue-

2179 4808 2319 4861 runt
2342 4804 2526 4862 nostri
2557 4804 2852 4878 principes
2883 4804 3218 4873 consilium,
3250 4812 3308 4865 et
3348 4809 3620 4869 dixerunt
3654 4830 3670 4869 :
3707 4813 3851 4871 0m-

2176 4896 2267 4950 nis
2300 4895 2456 4950 homo
2481 4902 2759 4966 praeparet
2803 4910 2860 4953 se
2901 4894 2973 4950 ad
3008 4911 3257 4967 pugnam
3307 4899 3368 4954 in
3413 4902 3615 4974 quinta
3658 4905 3847 4974 feria.

2174 4985 2400 5041 Interim
2422 4983 2784 5052 orationibus,
2827 4992 2877 5041 et
2904 4986 3115 5057 vigiliis
3158 5002 3379 5060 operam
3422 4988 3631 5058 demus,
3669 5000 3851 5066 atque

2174 5074 2548 5146 eleemosynis.
2597 5074 2851 5130 Iumenta
2894 5081 3072 5130 vostra
3119 5090 3244 5132 eum
3282 5078 3474 5148 pueris
3512 5081 3845 5152 artiﬁcibus

2174 5164 2376 5219 nostris
2423 5169 2473 5218 et
2523 5162 2784 5231 tignariis
2825 5170 3089 5235 praestate
3135 5171 3198 5220 ut
3239 5164 3491 5239 deferant
3537 5169 3750 5237 trabes,
3785 5178 3847 5228 et

2164 5253 2421 5324 perticas,
2454 5258 2615 5323 atque
2640 5250 2810 5323 palos,
2845 5258 2898 5308 et
2924 5253 3124 5323 .virgos
3178 5253 3249 5311 ad
3290 5263 3468 5312 crates
3509 5256 3843 5325 faciendas.

2168 5341 2284 5397 Dno
2313 5348 2365 5396 et
2392 5339 2498 5396 duo
2520 5341 2724 5396 mitiles
2754 5347 2956 5396 cratem
3000 5356 3172 5398 unam
3200 5356 3427 5400 curvam
3470 5346 3714 5419 faciant,
3748 5347 3847 5405 vel

2166 5444 2337 5483 unam
2363 5429 2609 5496 scalam;
2636 5436 2689 5484 et
2716 5444 2785 5484 ne
2810 5427 3068 5486 dubitetis
3091 5431 3343 5488 laborare
3384 5448 3484 5505 pro
3523 5433 3656 5502 Dco,
3691 5436 3843 5508 quia

2165 5517 2227 5573 in
2261 5518 2517 5589 proximo
2568 5517 2777 5574 labores
2824 5525 3026 5575 vestros
3073 5521 3411 5578 terminabit.
3443 5522 3571 5579 llaec
3617 5530 3844 5583 autem

2163 5603 2361 5666 omnia
2387 5603 2636 5665 libenter
2664 5610 2901 5684 accepta
2930 5612 3091 5668 sunt.
3125 5609 3259 5669 Post
3297 5608 3419 5670 haec
3466 5612 3844 5677 mandatum
