3996 6096
125 295 245 364 ϐδἾ
1130 293 1350 356 RAlM.
1397 292 1500 354 DE
1541 287 1818 353 AGILES
1862 287 2066 376 HIST.
2112 290 2524 356 HIEROSOL.
3409 285 3528 350 658

126 427 375 502 estquis
405 429 478 486 de
506 427 871 504 principibus
902 444 1038 486 cum
1072 445 1182 485 sua
1209 431 1378 502 gente
1409 443 1587 501 quam
1638 442 1774 498 par-
1805 421 1862 492 Α
1891 424 1962 480 ad
2003 441 2258 498 praesens
2290 443 2352 482 se
2383 426 2452 482 de
2481 425 2752 484 hostibus
2798 424 3179 488 vindicarent.
3215 423 3529 497 Fiehatque

122 523 244 576 tem
279 519 442 575 urbis
471 523 850 592 expugnaret,
881 523 939 576 et
967 535 1098 592 quae
1129 517 1414 574 machina)
1447 515 1662 589 quibus
1693 513 1776 570 lo-
1889 529 2088 586 pugna
2118 513 2278 570 nullo
2299 513 2513 570 indicio
2533 514 2912 584 victoriae,sed
2932 531 3064 570 cum
3089 515 3214 584 jam
3248 513 3532 586 proxima-

123 609 208 664 cis
239 608 693 682 applicarentur.
1889 608 2018 658 rent
2047 621 2180 660 cum
2214 604 2502 661 machinis
2533 606 2604 660 ad
2637 621 2977 672 muros,non
3010 603 3199 659 solum
3229 602 3454 676 lapides
3474 607 3533 657 et

671 697 901 754 CAPUT
939 697 1230 754 XXXVIII.
1889 692 2528 765 sagittae,verumetiam
2561 693 2720 766 ligna
2745 698 2801 749 et
2829 691 3048 764 stipula
3078 692 3535 764 projiciebautur

193 786 476 842 Videntes
522 791 720 842 autem
773 785 1076 843 Sarraceni
1134 783 1233 858 qui
1292 784 1444 840 infra
1487 783 1778 839 civitatem
1888 786 1944 838 et
1974 799 2148 854 super
2177 782 2296 838 hac
2327 783 2502 854 ignis,
2534 787 2591 837 et
2623 782 2815 838 mallei
2845 781 3022 855 lignei
3057 781 3300 836 involuti
3322 782 3532 854 pice,et

121 875 764 944 erant,multitudinem
781 875 1186 930 machinarum
1209 891 1336 946 quae
1367 872 1780 929 construeban-
1888 887 2039 937 cera,
2075 875 2131 926 et
2163 871 2464 943 sulphure,
2498 877 2554 927 et
2585 875 2758 944 stupa
2786 875 2842 927 et
2871 870 3204 942 panniculis
3234 870 3368 944 igne
3397 888 3529 928 suc-

120 969 245 1032 tur,
279 964 606 1021 inﬁrmiora
637 981 939 1020 murorum
987 963 1134 1032 loca,
1157 963 1300 1018 adeo
1331 963 1636 1018 adversum
1670 977 1778 1016 nos
1887 959 2079 1015 censis
2110 960 2568 1032 projiciebantur
2596 961 2655 1014 in
2686 959 3009 1016 machinas.
3045 958 3526 1031 Mallei,inquam,

119 1055 488 1118 munierunt,
530 1057 596 1110 ut
653 1053 1007 1125 quibusdam
1067 1052 1433 1124 desperabile
1487 1051 1780 1106 videretur
1887 1046 2092 1103 clavati
2146 1049 2216 1104 ab
2267 1049 2425 1104 omni
2471 1054 2651 1121 parte,
2687 1053 2753 1104 ut
2801 1065 3035 1120 quaqua
3065 1052 3227 1120 parte
3269 1047 3525 1115 ferirent,

119 1160 298 1216 posse
327 1141 940 1216 expugnari.lnstante
972 1144 1168 1196 autem
1193 1142 1374 1213 jussae
1396 1139 1779 1212 oppugnatio-
1886 1135 2186 1204 haarerent,
2221 1142 2276 1193 et
2302 1137 2569 1193 haerendo
2594 1137 3047 1194 inflammarent.
3074 1137 3266 1208 Ligna
3291 1153 3424 1192 vero
3476 1138 3532 1196 et

118 1233 216 1288 nis
246 1232 487 1298 die,dux
515 1237 572 1288 et
601 1247 796 1288 comes
825 1229 1402 1302 Flandreusis,atqne
1431 1228 1778 1285 Northman-
1887 1225 2137 1298 stipulas
2167 1227 2295 1282 ideo
2317 1227 2616 1297 jaciebant
2646 1232 2712 1282 ut
2741 1227 2934 1283 saltim
2967 1227 3237 1282 incendia
3269 1226 3404 1282 inde
3428 1243 3528 1282 ac-

116 1321 232 1377 uiaa
263 1337 483 1388 comes,
515 1336 650 1376 cum
679 1319 966 1374 vidissent
996 1319 1152 1391 quod
1186 1318 1486 1374 Sarraceni
1519 1321 1680 1373 tanta
1711 1333 1776 1372 ac
1887 1332 2060 1371 censa
2091 1317 2610 1388 retardarentquos
2629 1333 2814 1388 neque
2844 1316 3075 1389 gladius
3096 1319 3152 1372 et
3173 1315 3290 1371 alta
3316 1315 3531 1372 mtenia

115 1409 263 1478 talia
295 1408 626 1465 munimina
673 1412 1158 1482 argumentorum
1189 1411 1392 1463 contra
1419 1423 1622 1463 omnes
1653 1423 1773 1461 ma-
1886 1405 2339 1472 retardarentur,
2373 1422 2478 1461 nec
2509 1406 2862 1478 profundum
2893 1405 3109 1462 vallum
3148 1405 3395 1461 retinere
3425 1421 3531 1477 po-

115 1499 328 1556 chinas
359 1503 592 1553 nostras
621 1495 1244 1568 composuissent,tota
1277 1500 1442 1551 nocte
1473 1495 1776 1552 machinas
1885 1498 2320 1568 t_erat.Acta.est
2349 1494 2550 1566 itaque
2577 1513 2774 1568 pugna
2805 1496 2875 1551 ab
2907 1499 3039 1550 ortu
3071 1495 3210 1552 solis
3239 1512 3426 1568 usque
3457 1495 3526 1551 ad

113 1605 278 1656 suas,
303 1592 360 1643 et
391 1592 579 1642 crates
601 1589 660 1642 et
689 1602 931 1659 aggeres
982 1587 1528 1658 transportaverunt
1576 1589 1778 1640 contra
1885 1599 2159 1639 occasum
2191 1583 2284 1637 die
2313 1581 2433 1649 illa,
2465 1583 2548 1638 ita
2577 1582 2923 1638 mirabiliter
2949 1588 3015 1638 ut
3040 1601 3330 1656 nusquam
3354 1585 3531 1641 mira-

113 1677 282 1733 urbis
307 1680 560 1749 partem,
593 1691 721 1747 quia
753 1679 842 1730 est
872 1675 943 1730 ab
977 1673 1224 1730 ecclesia
1256 1674 1452 1730 Sancti
1495 1673 1774 1746 Stephani
1886 1671 2066 1728 bilius
2097 1672 2317 1743 aliquid
2342 1677 2573 1744 gestum
2593 1689 2722 1728 esse
2749 1673 3113 1728 credatur.Et
3133 1673 3323 1730 adhuc
3346 1675 3530 1731 Deum

115 1783 312 1840 usque
340 1766 412 1820 ad
438 1763 648 1820 vallem
678 1763 1104 1835 Josaphat.Vos
1124 1779 1256 1819 vero
1282 1763 1381 1834 qui
1415 1763 1535 1818 haec
1560 1762 1772 1836 legitis,
1809 1795 1854 1860 Β
1885 1761 2343 1832 omnipotentem
2377 1761 2584 1816 ducem
2619 1778 2684 1816 ac
2714 1762 3123 1818 conductorem
3148 1768 3412 1820 nostrum
3431 1781 3536 1836 ap-

114 1873 235 1912 nou
270 1853 491 1928 putetis
522 1870 764 1926 parvum
794 1852 1053 1908 laborem
1087 1855 1262 1924 atque
1292 1851 1643 1908 industriam
1694 1852 1774 1908 ibi
1812 1849 1851 1860 “’
1887 1849 2273 1924 pellabamus,
2307 1850 2664 1906 conﬁdentes
2699 1851 2768 1906 de
2799 1853 2927 1922 ejus
2959 1851 3376 1908 misericordia.
3411 1855 3534 1910 Nox

115 1945 327 2001 fuisse.
351 1942 578 1998 Etenim
612 1941 729 1998 fere
760 1940 1104 1996 milliarium
1136 1943 1226 1998 est
1264 1940 1365 2008 ibi,
1401 1958 1435 1996 a
1465 1940 1590 1997 loco
1622 1941 1778 1996 unde
1887 1943 2084 2004 autem
2116 1941 2773 2012 adveniens,utrumque
2802 1941 3073 1996 timorem
3107 1946 3372 1998 nostrum
3404 1960 3536 1999 cou-

114 2033 408 2090 machina
439 2030 734 2088 dissolutae
779 2047 882 2104 per
926 2031 1193 2086 membra
1238 2030 1774 2102 comportabantur,
1887 2028 2567 2101 duplicavit.Metuebant
2587 2028 2743 2085 enim
2777 2021 3047 2086 Saraceni
3074 2048 3144 2086 ne
3174 2049 3276 2104 per
3303 2037 3532 2089 noctem

112 2140 308 2197 usque
337 2122 410 2177 ad
441 2138 577 2176 eum
611 2120 805 2176 locum
839 2119 939 2174 ubi
971 2119 1659 2174 construebantnr.Mane
1680 2136 1775 2174 au-
1887 2119 2090 2175 civitas
2122 2135 2155 2174 a
2183 2117 2398 2174 nostris
2429 2125 2755 2190 caperetur,
2810 2119 2899 2176 vel
2947 2121 3214 2192 sequenti
3265 2121 3377 2190 die,
3405 2123 3532 2194 jam

111 2217 239 2269 tem
273 2211 426 2267 facto
483 2227 617 2266 cum
667 2207 949 2268 vidissent
997 2208 1300 2263 Sarraceui
1333 2207 1531 2262 omnia
1558 2207 1778 2262 instru-
1888 2207 2085 2264 fractis
2115 2207 2604 2275 antemuralibus,
2639 2212 2695 2264 et
2733 2208 3020 2281 completo
3047 2209 3220 2280 vallo,
3251 2211 3534 2268 citissime

120 2304 511 2371 mentaatque
535 2297 1097 2364 tentoria,nocturno
1119 2300 1378 2369 tempore
1410 2295 1548 2351 illuc
1580 2297 1782 2368 depor-
1888 2313 2094 2352 murus
2121 2297 2546 2369 pervaderetur.
2580 2298 2653 2352 At
2678 2315 2810 2352 vero
2841 2298 3022 2353 nostri
3054 2299 3162 2355 hoc
3193 2299 3384 2356 solum
3413 2318 3535 2356 me-

121 2396 267 2458 tata,
303 2389 756 2460 obstupuerunt.
809 2387 923 2442 Nec
963 2384 1154 2441 solum
1189 2385 1547 2457 Sarracenis,
1577 2403 1779 2441 verum
1887 2387 2150 2454 tucbant,
2185 2402 2256 2441 ne
2277 2387 2544 2442 admotas
2572 2386 2874 2444 machinas
2904 2388 3100 2461 aliquo
3134 2390 3304 2446 modo
3334 2392 3536 2447 Sarra-

124 2479 303 2538 etiam
340 2476 509 2532 nobis
541 2476 598 2532 in
629 2479 928 2547 stuporem
968 2474 1162 2529 ﬁebat.
1210 2474 1514 2529 Manifeste
1563 2474 1779 2530 ctenim
1889 2475 2014 2532 ceni
2046 2475 2443 2541 incenderent,
2477 2479 2534 2531 et
2572 2475 2656 2532 sic
2707 2477 3191 2534 confortarentur.
3227 2484 3538 2552 Propterea

121 2567 324 2642 potuit
353 2566 604 2639 quisque
635 2580 982 2636 cognoscere
1013 2562 1202 2618 ﬁdelis
1235 2563 1388 2635 quod
1423 2580 1634 2619 manus
1671 2563 1780 2619 Do-
1889 2566 1961 2621 ab
1994 2566 2256 2636 utrisque
2288 2565 2666 2632 custodiae,ab
2699 2564 2963 2638 uirisque
2985 2566 3248 2635 labor,ab
3273 2569 3536 2642 utrisque

121 2656 276 2714 mini
311 2655 620 2710 nobiscum
652 2657 794 2709 erat.
832 2653 960 2708 Haec
990 2655 1186 2707 autem
1237 2650 1678 2724 transmigratio
1709 2653 1780 2709 ob
1890 2654 2195 2710 insomnos
2228 2671 2398 2709 curae.
2435 2654 2600 2719 Hinc,
2643 2671 2777 2726 spes
2808 2655 3162 2724 certissima;
3214 2657 3398 2726 illinc,
3429 2660 3537 2715 du-

125 2747 240 2806 hoc
271 2745 426 2799 facta
456 2747 546 2798 est
578 2742 713 2814 quia
737 2741 900 2797 locus
929 2740 1139 2813 planus
1169 2744 1314 2808 erat,
1348 2746 1404 2796 et
1435 2741 1784 2797 conveniens
1891 2743 2026 2799 hius
2057 2743 2254 2799 timor.
2289 2743 2694 2816 Operabantur
2737 2743 2836 2799 isti
2887 2763 2988 2816 pro
3037 2747 3172 2815 Deo,
3206 2749 3534 2820 spontanei,

123 2831 544 2896 instrumentis
573 2831 643 2888 ad
677 2847 916 2886 murum
948 2829 1360 2902 adjungendis,
1394 2847 1520 2902 qua
1551 2846 1666 2884 non
1690 2846 1784 2902 po-
1893 2849 2068 2905 Opera
2099 2833 2170 2886 ad
2204 2832 2554 2904 capiendum
2583 2850 2597 2899 ;
2630 2834 3018 2905 operabaniur
3049 2835 3132 2891 illi
3163 2853 3266 2908 pro
3309 2835 3538 2911 legibus

125 2927 332 2980 terant
354 2920 464 2977 nisi
485 2937 586 2994 per
603 2919 778 2993 plana
805 2919 1087 2987 conduci;
1123 2923 1179 2973 et
1208 2919 1384 2973 etiam
1406 2919 1478 2975 ob
1511 2918 1786 2991 hoc,quia
1893 2920 2218 2976 Babumeth
2269 2921 2456 2989 inviti,
2489 2937 2662 2992 opera
2695 2923 2765 2978 ad
2797 2923 3207 2980 resistendum.
3241 2928 3374 2992 Quae
3405 2943 3539 2983 vero

126 3012 236 3074 illa
265 3027 404 3084 pars
437 3009 600 3065 urbis
631 3009 685 3063 in
699 3007 917 3064 ﬁrmior
945 3025 1072 3063 esse
1101 3007 1428 3079 videbatur,
1449 3007 1585 3078 quia
1614 3007 1784 3080 longe
1893 3013 1949 3064 et
1970 3008 2168 3082 qualia
2184 3007 2488 3064 molimina
2502 3009 2574 3062 ab
2593 3008 2856 3080 utrisque
2875 3015 3214 3082 pernoctem
3240 3014 3393 3069 facta
3415 3014 3538 3070 fue-

126 3104 377 3160 steterat
407 3117 442 3156 a
469 3098 697 3164 castris,
732 3095 1046 3152 immunita
1071 3095 1172 3154 ilta
1197 3114 1337 3170 pars
1370 3101 1732 3152 remanserat
1769 3113 1781 3151 :
1826 3165 1856 3170 ᾧ
1893 3097 2030 3167 rint,
2064 3095 2333 3152 mirabile
2378 3095 2613 3152 credite.
2667 3095 2833 3152 Mane
2885 3101 3078 3153 autem
3136 3087 3304 3166 facto,
3338 3105 3538 3158 tantus

129 3192 262 3248 Haec
293 3193 494 3244 autem
526 3205 661 3260 pars
692 3186 939 3242 civitatis
969 3189 1057 3242 est
1104 3202 1138 3240 a
1186 3165 1608 3257 septentrione:
1628 3183 1784 3240 Nihil
1815 3165 1857 3232 (ἶ
1891 3165 2064 3241 ardor
2093 3184 2308 3240 nostris
2339 3185 2624 3252 incubuit,
2658 3189 2722 3240 ut
2749 3202 2934 3256 usque
2965 3187 3039 3242 ud
3072 3204 3269 3244 muros
3300 3206 3537 3262 progre-

127 3280 338 3352 minus
366 3277 672 3336 laborabat
701 3291 896 3334 comes
943 3278 999 3330 et
1047 3273 1139 3329 sui
1169 3274 1228 3330 in
1261 3278 1458 3329 monte
1489 3274 1647 3341 Sion,
1682 3273 1783 3346 qui
1894 3274 2253 3340 derentur,et
2285 3271 2586 3327 machinas
2615 3271 2753 3326 illuc
2785 3273 3243 3330 deducerunt.At
3271 3277 3537 3352 Sarrace-

126 3349 222 3430 est
253 3365 476 3424 civitati
506 3366 579 3422 ad
610 3363 932 3430 meridiem,
985 3363 1086 3419 sed
1117 3362 1372 3418 habebat
1399 3367 1542 3420 tunc
1568 3362 1786 3420 multos
1895 3363 1954 3418 ni
1986 3365 2178 3416 tantas
2193 3360 2495 3416 machinas
2517 3360 2772 3415 fecerant
2791 3361 3182 3434 utunicuique
3203 3364 3272 3420 de
3291 3347 3532 3435 nostris,

126 3459 456 3530 adjutores,
505 3454 725 3510 scilicet
751 3451 1116 3508 Willelmum
1161 3451 1493 3519 Ebriacum,
1544 3455 1601 3507 et
1651 3469 1786 3507 cum
1895 3468 2100 3508 novem
2131 3449 2216 3506 vel
2247 3450 2443 3506 decem
2477 3454 2926 3521 apponerentur,
2964 3455 3139 3524 atque
3168 3453 3250 3509 sic
3281 3454 3537 3512 multum

128 3564 198 3608 eo
231 3562 442 3604 omnes
473 3549 683 3599 nautas
713 3545 1070 3608 Genuenses,
1103 3541 1203 3613 qui
1237 3557 1410 3596 naves
1443 3558 1604 3606 suas,
1636 3541 1791 3597 sicut
1898 3538 2202 3594 molimina
2232 3542 2430 3593 nostra
2459 3537 2874 3610 impediebant.
2908 3539 2978 3594 Et
3007 3547 3201 3598 tamen
3248 3543 3370 3600 haac
3415 3545 3540 3603 dies

129 3635 411 3710 superius
442 3631 990 3703 narravimus,apud
1013 3630 1237 3703 Joppen
1269 3629 1668 3701 perdiderant;
1688 3631 1789 3686 sed
1900 3646 2054 3684 nona
2083 3632 2225 3693 erat,
2245 3627 2315 3682 de
2348 3645 2462 3699 qua
2491 3629 2761 3684 sacerdos
2793 3629 3034 3700 dixerat,
3061 3633 3216 3702 quod
3239 3650 3424 3706 usque
3468 3637 3541 3691 ad

131 3727 516 3783 extraxerunt
543 3723 615 3777 de
644 3720 890 3777 navibus
915 3720 1039 3776 suis
1061 3719 1268 3774 cordas
1289 3723 1346 3774 et
1369 3717 1610 3774 mallcos
1635 3718 1790 3786 ferri,
1902 3735 2030 3776 eam
2061 3717 2263 3772 civitas
2293 3718 2732 3788 caperetur.Sed
2757 3717 2895 3789 quid
2919 3717 3160 3775 nimiam
3183 3738 3407 3778 moram
3427 3725 3546 3797 agi-

131 3821 316 3888 atque
345 3811 558 3879 clavos,
593 3815 648 3866 et
679 3809 890 3875 ascias,
932 3813 1108 3880 atque
1150 3807 1420 3864 dolabras
1452 3812 1509 3863 et
1537 3825 1794 3875 secures,
1905 3807 2077 3863 mus?
2106 3806 2236 3860 Jam
2269 3804 2550 3860 machina:
2582 3810 2790 3860 nostrae
2833 3809 3266 3878 quassabantur
3307 3813 3376 3866 ad
3423 3817 3546 3868 tam

134 3921 267 3978 qua
290 3900 650 3975 permaxima
683 3897 852 3955 nobis
883 3897 1222 3953 necessariae
1256 3896 1492 3951 fuerunt
1520 3897 1629 3952 Sed
1654 3895 1796 3968 quid
1906 3897 2138 3952 crebros
2167 3893 2428 3966 lapidum
2471 3892 2644 3960 ictus,
2704 3899 2761 3949 et
2807 3895 2914 3949 viri
2965 3896 3310 3954 deﬁciebant
3341 3902 3546 3969 nostri,

135 3989 738 4061 moramur?Jamque
757 3987 880 4043 dies
893 4003 1100 4059 pugna
1115 3985 1445 4040 constitutae
1465 3986 1796 4051 advenerat,
1908 3983 2251 4041 multimoda
2281 3982 2714 4054 defatigati.Sed
2746 3985 3001 4040 restabat
3031 3987 3221 4042 adhuc
3245 3988 3342 4061 D_ei
3377 3990 3551 4046 mise-

135 4087 197 4138 et
225 4077 590 4152 Oppugnatio
620 4076 871 4148 incmpta
900 4075 1126 4131 estSed
1151 4073 1258 4129 hoc
1285 4091 1466 4128 unum
1500 4073 1557 4129 in
1593 4073 1801 4146 primis
1910 4074 2488 4142 ricordia,nunquam
2507 4073 3232 4147 expugnabilis.nusquam
3255 4054 3552 4150 superata,

137 4170 337 4230 dicere
367 4167 640 4223 volumus
674 4164 848 4238 quod,
905 4181 1007 4236 pro
1056 4163 1328 4235 opinione
1377 4161 1698 4218 multorum
1747 4167 1804 4217 et
1909 4163 1968 4220 in
2005 4159 2480 4217 tribulationibus
2511 4176 2742 4231 semper
2763 4167 3108 4234 opportuna.
3135 4165 3245 4221 Sed
3279 4166 3386 4222 hoc
3417 4184 3555 4239 prae-

137 4262 565 4329 uostra,usque
599 4255 669 4310 ad
703 4253 1003 4326 sexaginta
1027 4251 1214 4306 millia
1236 4251 1540 4307 hominum
1573 4251 1806 4325 belligc-
1914 4251 2084 4308 terire
2117 4267 2230 4304 non
2263 4248 2604 4319 libuitquod
2629 4249 2768 4304 dum
2799 4251 2924 4305 duaa
2948 4252 3220 4309 mulieres
3240 4255 3552 4327 petrariam

137 4353 410 4408 ratorum
442 4349 610 4402 erant
644 4344 794 4399 infra
825 4341 1138 4408 civitatem,
1175 4339 1428 4412 exceptis
1459 4339 1717 4412 parvulis
1749 4344 1806 4395 et
1915 4357 2092 4397 unam
2125 4339 2194 4393 de
2225 4335 2439 4392 nostris
2471 4337 2754 4392 fascinare
2783 4338 3168 4414 vellent,lapis
3199 4343 3440 4400 viriliter
3465 4361 3556 4400 ex.

139 4433 519 4500 mulieribus,
552 4433 623 4488 de
662 4433 1010 4504 quibusnon
1027 4434 1466 4485 eratnumerus.
1497 4430 1566 4483 Et
1587 4430 1658 4484 de
1679 4446 1808 4484 nos-
1915 4447 2144 4495 cussus,
2178 4426 2451 4482 mulieres
2499 4425 2892 4483 carminantes
2941 4447 3073 4485 cum
3124 4432 3311 4488 tribus
3359 4415 3558 4505 pueris

137 4524 250 4582 tris
271 4523 349 4579 ad
369 4521 894 4586 armavalentes,in
925 4524 1212 4592 quantum
1254 4535 1358 4574 nos
1377 4517 1804 4584 existimamus,
1843 4537 1884 4601 ι’)
1917 4517 2112 4582 allisit,
2183 4520 2357 4588 atque
2411 4514 2722 4571 animabus
2791 4518 3072 4587 excussis,
3133 4519 3559 4578 incantationes

141 4609 782 4670 uumerumduodecim
800 4607 1178 4664 milliumnon
1195 4607 1684 4662 transcendebant
1705 4607 1806 4662 sed
1917 4606 2124 4664 avertit
2158 4621 2170 4659 :
2205 4620 2456 4676 cumque
2480 4604 2606 4674 jam
2638 4605 2790 4660 circa
2822 4607 3120 4664 meridiem
3153 4626 3355 4666 omnes
3375 4609 3560 4665 nostri

139 4701 517 4758 habebamus
548 4698 763 4754 multos
786 4695 1007 4753 debiles
1029 4701 1204 4769 atque
1226 4696 1610 4768 pauperes.Et
1639 4701 1806 4751 erant
1915 4694 2548 4760 conturbarentur,tam
2571 4691 2919 4751 lassitudine
2941 4713 3118 4767 quam
3137 4697 3561 4769 desperatione,

142 4791 204 4846 in
236 4787 497 4847 exercitu
530 4792 727 4843 nostro
753 4785 918 4859 mille
943 4785 1175 4841 ducenti
1195 4783 1280 4839 vel
1301 4784 1540 4840 trecenti
1567 4783 1802 4839 m'lites.
1917 4784 2132 4855 quippe
2163 4799 2296 4836 cum
2329 4781 2646 4854 unicuique
2677 4783 2746 4838 de
2772 4784 2986 4840 nostris
3018 4784 3214 4857 plures
3245 4785 3562 4842 adversasii

142 4885 212 4938 ut
235 4895 349 4952 ego
377 4877 649 4944 arbitror,
683 4893 800 4932 non
831 4874 1103 4947 amplius.
1121 4875 1246 4928 Haec
1278 4877 1476 4928 autem
1509 4872 1639 4928 ideo
1663 4873 1806 4928 dixi-
1917 4873 2284 4936 resisterent;
2320 4875 2598 4942 praeterea
2630 4889 2835 4928 murus
2884 4873 3262 4929 ﬁrmissimus
3292 4879 3349 4929 et
3387 4873 3566 4942 altus,

147 4986 308 5036 mus,
343 4972 407 5024 ut
439 4964 777 5038 intelligetis
808 4964 962 5038 quod
1005 4964 1124 5019 sive
1175 4962 1414 5036 grande,
1450 4962 1569 5018 sive
1602 4980 1809 5034 parum
1919 4967 1976 5018 et
2007 4959 2192 5016 multa
2223 4958 2390 5030 copia
2411 4963 2584 5030 atque
2609 4961 3171 5034 opportunitas,qua2
3201 4962 3471 5017 hostibus
3493 4964 3566 5018 ad

145 5058 245 5125 sit,
281 5056 440 5129 quod
472 5055 531 5110 in
565 5053 801 5110 nomine
831 5051 1062 5108 Domini
1091 5050 1392 5123 incipitur,
1419 5049 1564 5105 nihil
1598 5051 1814 5107 frustra
1923 5049 2247 5118 munimen,
2280 5046 2449 5102 nobis
2480 5052 2674 5102 autem
2719 5050 2980 5106 adversa.
3031 5051 3186 5106 Inter
3227 5050 3570 5124 huiusmodi

147 5146 418 5214 evenire;
454 5145 610 5218 quod
643 5143 1009 5215 subsequens
1035 5139 1250 5214 pagina
1281 5139 1558 5196 continet.
1611 5139 1684 5195 Ut
1712 5158 1810 5196 au-
1917 5140 2206 5195 defectum
2241 5141 2529 5192 nostrum.
2563 5141 2620 5192 et
2651 5137 2910 5193 hostium
2959 5139 3428 5206 exsultationem,
3469 5156 3566 5195 ac-

149 5239 273 5292 tem
326 5232 511 5290 nostri
559 5239 750 5289 turres
782 5248 848 5287 ac
879 5246 1080 5288 muros
1111 5228 1336 5284 minare
1382 5233 1703 5301 cmpcrunt,
1736 5229 1809 5284 ab
1918 5227 2094 5284 cessit
2125 5224 2430 5282 mediatrix
2463 5224 2560 5281 Dei
2597 5224 3018 5293 misericordia,
3053 5245 3182 5298 quae
3211 5228 3434 5284 luctum
3469 5246 3574 5284 no-

151 5323 316 5382 omni
347 5327 513 5396 parte
541 5320 814 5378 volabant
844 5319 1068 5394 lapides
1117 5316 1345 5373 excussi
1396 5334 1430 5372 a
1475 5318 1808 5383 tormentis,
1919 5321 2104 5372 strum
2139 5315 2197 5369 in
2225 5313 2507 5386 gaudium
2539 5315 2850 5384 convertit,
2875 5316 3031 5387 quod
3064 5315 3227 5371 nulla
3257 5317 3383 5372 dies
3411 5316 3580 5372 nobis

151 5418 329 5485 atque
353 5409 657 5484 petrariis;
683 5414 740 5465 et
761 5408 984 5482 sagitta:
1005 5412 1069 5462 ut
1089 5406 1309 5479 grando
1327 5405 1808 5463 innumerabiles.
1921 5405 2162 5460 auferat.
2211 5401 2436 5456 Etenim
2480 5401 2800 5460 consilium
2857 5404 3247 5478 quorumdam
3285 5405 3409 5474 jam
3451 5418 3584 5474 age-

151 5503 264 5561 Sed
299 5499 416 5556 ista
443 5499 730 5572 patienter
787 5496 937 5552 servi
970 5494 1072 5551 Dei
1104 5493 1492 5561 sustinebant,
1527 5493 1812 5552 habentes
1921 5495 2113 5558 batur,
2169 5496 2231 5546 ut
2279 5489 2561 5547 machina:
2617 5493 2849 5553 nostrae
2899 5491 3312 5548 reducerentur
3341 5506 3591 5561 quarum

157 5589 292 5662 ﬁdei
315 5587 716 5663 propositum,
751 5585 910 5662 quod
941 5583 1027 5640 vel
1077 5581 1505 5649 occumbcrcnt,
1540 5580 1625 5636 vel
1654 5587 1814 5652 quod
1923 5599 2058 5658 pars
2082 5580 2610 5650 combusta,altera
2634 5583 3051 5652 conquassata
3066 5579 3424 5634 tuerat.Tum
3445 5591 3608 5644 ecce‘
