3996 6096
156 301 282 370 661

1169 299 1390 364 RAIM.
1437 300 1538 363 DE
1583 297 1862 362 AGILES
1907 296 2112 362 HIST.
2160 298 2574 362 HIEROSOL.

3461 298 3580 360 662

161 431 553 512 provinciales
573 432 634 492 in
660 433 770 493 hoc
799 434 1037 494 domino
1068 452 1174 494 suo
1201 434 1397 492 comiti
1431 433 1815 492 adversaban-
1847 430 1902 499 Α
1932 433 2191 504 beneﬁcio.
2223 433 2370 488 vobis
2413 431 2749 489 relabimus‘?
2797 430 3019 489 Posthae
3068 430 3436 489 deduxerunt
3481 449 3580 490 eos

159 531 280 591 tur,
303 543 512 590 verum
538 527 714 582 etiam
740 525 928 582 multa
947 527 1017 582 de
1039 543 1104 582 eo
1128 525 1321 598 turpia
1345 527 1823 596 composuerunt,

107 613 128 630 ⁸
161 633 237 671 ne
267 615 586 688 eligeretur
619 615 677 669 in
712 631 928 686 regem.
954 615 1280 671 Destitutus
1303 613 1500 685 itaque
1524 627 1720 668 comes
1745 628 1831 678 so_

158 704 392 761 ciorum
416 708 472 760 et
501 704 824 758 amicorum
849 703 1114 774 consilio,
1133 702 1474 776 projudicio
1500 701 1828 784 subeundo,

164 793 414 850 tradidit
444 798 667 848 turrem
713 791 771 847 in
816 809 997 848 manu
1027 792 1386 848 Albariensis
1417 791 1696 863 episcOpi.
1732 789 1832 844 Ille

163 899 326 951 vero,
351 900 468 939 non
497 885 830 953 exspectato
863 881 1108 952 judicio,
1145 881 1388 936 tradidit
1417 885 1640 935 turrem
1674 878 1830 956 duci.

163 975 432 1043 Cumque
463 970 858 1043 appellaretur
881 971 1188 1042 episcopus
1218 971 1289 1025 de
1312 969 1420 1025 hoc
1445 970 1614 1035 facto,
1641 968 1835 1040 prodi-

167 1065 263 1116 tor
291 1060 522 1116 dicebat
550 1075 678 1115 sese
707 1065 972 1114 coactum
1004 1058 1206 1125 fuisse,
1243 1063 1419 1130 atque
1446 1073 1690 1131 passum
1721 1057 1838 1112 vio—

165 1148 437 1205 lentiam.
471 1149 576 1204 Sed
613 1147 721 1203 hoc
751 1163 857 1220 ego
898 1147 956 1202 in
1001 1147 1242 1204 veritate
1291 1147 1546 1220 comperi
1581 1145 1835 1218 plurima

145 1245 339 1296 arma
364 1255 493 1294 esse
523 1237 684 1292 illata
711 1238 772 1292 in
803 1237 1251 1309 patriarchalem
1282 1237 1547 1302 domum,
1579 1235 1674 1291 ubi
1709 1234 1833 1307 epi-

167 1343 389 1400 scopus
413 1327 689 1382 manebat
710 1341 887 1398 prope
917 1324 1221 1380 ecclesiam
1244 1325 1531 1381 Dominici
1556 1323 1832 1396 sepulcri.

168 1417 284 1472 Sed
319 1417 392 1472 de
419 1414 696 1470 violentia
725 1415 837 1468 sibi
869 1413 1030 1469 illata
1061 1413 1158 1468 ille
1181 1414 1440 1480 dicebat;
1477 1419 1533 1468 et
1564 1413 1831 1485 frequen-

168 1510 264 1562 ter
283 1504 435 1561 clam
457 1504 706 1576 hujusce
728 1503 810 1558 rei
834 1501 1066 1558 comitis
1087 1503 1405 1558 familiares
1428 1502 1835 1562 insimulabat.

171 1593 426 1651 Reddita
445 1593 645 1666 itaque
667 1596 844 1660 turre,
864 1591 925 1646 in
949 1608 1230 1665 magnum
1250 1592 1449 1648 odium
1476 1596 1678 1647 contra
1697 1609 1837 1647 suos

173 1699 376 1740 comes
407 1683 643 1748 exarsit,
673 1681 876 1737 dicens
925 1697 987 1737 se
1031 1681 1466 1748 inhonoratum,
1502 1697 1618 1736 non
1667 1697 1837 1752 posse

173 1789 418 1830 manere
447 1772 506 1826 in
538 1770 638 1826 illa
667 1769 875 1842 patria.
910 1769 1112 1842 Itaque
1145 1770 1380 1841 profecti
1409 1770 1480 1825 ab

173 1861 294 1918 mis
323 1860 576 1926 Jericho,
607 1864 666 1915 et
695 1857 949 1931 acceptis
980 1858 1192 1931 palmis
1224 1859 1489 1914 venimus
1520 1859 1591 1913 ad
1623 1859 1834 1914 Jorda-

175 1967 339 2018 nem,
361 1954 420 2006 et
450 1949 605 2007 sicut
634 1953 989 2021 praeceperat
1021 1949 1226 2004 Petrus
1256 1947 1734 2013 Bartholomaaus,
1760 1948 1836 2002 fa-

175 2045 274 2098 cta
305 2044 428 2095 rate
458 2039 528 2095 de
556 2037 921 2102 viminimus,
945 2041 1004 2092 ot
1029 2037 1305 2110 imposito
1337 2038 1591 2108 desuper
1623 2036 1834 2092 comite

175 2127 610 2188 transveximus
631 2143 798 2194 eum;
824 2125 1040 2200 quippe
1062 2142 1196 2180 cum
1225 2141 1338 2180 non
1362 2125 1711 2180 haberemus
1733 2141 1836 2180 na-

175 2235 332 2284 vem,
348 2217 433 2274 sic
452 2216 623 2273 nobis
643 2215 854 2271 melius
870 2214 1060 2270 visum
1085 2214 1214 2268 fuit.
1231 2214 1367 2270 Post
1383 2213 1504 2269 haec
1523 2217 1837 2269 convocata

180 2305 566 2364 multitudine
587 2304 908 2377 exegimus,
925 2307 1215 2376 quatenus
1239 2308 1510 2375 rogarent
1528 2302 1709 2358 Deum
1734 2319 1834 2374 pro

177 2397 302 2454 vita
323 2394 554 2451 comitis
577 2397 633 2449 et
654 2392 904 2448 aliorum
927 2391 1291 2464 principum;
1319 2390 1530 2447 dehinc
1560 2391 1833 2446 indutum

175 2483 444 2552 camisia,
469 2489 528 2540 et
575 2482 802 2538 braccis
851 2481 1034 2546 novis,
1063 2480 1215 2536 sicut
1264 2480 1433 2536 nobis
1481 2484 1834 2553 praeceptum

175 2575 375 2631 fuerat
407 2571 761 2646 peregimus,
786 2569 888 2625 sed
921 2586 1101 2641 quare
1129 2568 1324 2626 taliter
1355 2569 1527 2625 homo
1559 2569 1659 2624 Dei
1690 2587 1833 2642 prae-

175 2662 420 2737 ceperit,
453 2661 646 2718 adhuc
675 2659 1036 2733 ignoramus.

807 2775 1038 2832 CAPUT
1075 2775 1215 2830 XLI.

251 2874 570 2950 (ﬁliisque
595 2865 870 2946 peractis,
905 2872 1116 2928 reversi
1163 2885 1372 2927 sumus
1401 2870 1832 2927 Jerosolimam.

174 2967 401 3024 Eodem
433 2969 696 3036 tempore
727 2961 1002 3018 Arnulfus
1032 2959 1370 3034 capellanus
1399 2959 1834 3016 Northmanniae

177 3055 438 3122 comitis,
465 3070 498 3109 a
519 3052 874 3124 quibusdam
908 3051 966 3105 in
998 3049 1390 3123 patriarcham
1417 3048 1676 3122 eligitur,
1699 3067 1835 3105 con-

1938 523 2008 578 ad
2041 523 2334 594 quoddam
2357 523 2570 578 atrium
2595 523 2902 590 ecclessize,
2921 526 2976 578 et
2997 522 3076 578 ibi
3101 523 3437 578 eﬂ‘odientes
3459 524 3582 578 red-

1940 612 2228 667 diderunt.
2255 612 2442 667 Gavisi
2495 615 2634 667 sunt
2681 613 2877 684 itaque
2907 629 3110 668 omnes
3141 611 3345 678 nostri,
3381 616 3436 666 et
3466 612 3581 667 Deo

1940 701 2322 772 omnipotenti
2353 699 2558 756 laudes
2598 705 2652 756 et
2702 702 2920 773 gratias
2952 702 3294 768 referebant,
3318 700 3418 772 qui
3465 717 3579 755 non

1942 790 2131 845 solum
2168 790 2368 845 urbem
2400 790 2458 844 in
2488 807 2602 862 qua
2621 807 2831 862 passus
2860 795 2970 855 est,
2994 791 3094 846 sed
3125 789 3300 845 etiam
3328 789 3583 861 insignia

1941 878 2233 950 passionis
2256 897 2372 933 suae
2395 883 2568 951 atque
2589 879 2838 933 victorias
2862 879 3031 934 nobis
3050 877 3402 946 reddidit,ut
3422 883 3583 934 tanto

1942 985 2077 1023 eum
2111 968 2382 1023 manibus
2414 968 2546 1023 fidei
2585 967 2801 1023 arctius
2832 967 3334 1040 amplccteremur,
3363 973 3582 1040 quanto

1943 1058 2188 1112 certiora
2218 1060 2428 1112 nostras
2457 1056 2664 1112 salutis
2691 1060 3118 1112 contueremur.

2544 1173 2775 1228 CAPUT
2812 1173 2976 1228 XLII.

2014 1271 2302 1342 Dumque,
2332 1269 2484 1325 sicut
2513 1270 2782 1343 superius
2810 1271 3088 1339 diximus,
3111 1271 3182 1326 de
3203 1272 3349 1327 duce
3381 1272 3585 1328 Lotha—
3659 1307 3666 1314 -

1944 1359 2142 1432 ringiae
2165 1359 2498 1414 ordinatum
2521 1363 2691 1426 esset,
2718 1361 2868 1431 quod
2903 1359 3194 1415 civitatem
3222 1361 3469 1417 retinere
3491 1363 3585 1417 de-

1945 1449 2124 1520 beret,
2155 1454 2212 1504 et
2242 1465 2435 1504 comes
2467 1448 2661 1503 dolore
2709 1453 2763 1502 et
2822 1448 3038 1520 injuria
3093 1450 3484 1516 exercebatur,
3518 1466 3584 1506 eo

1945 1539 2098 1610 quod
2131 1555 2323 1593 arcem
2355 1537 2555 1604 David,
2587 1537 2807 1593 scilicet
2837 1538 3016 1593 totius
3047 1537 3208 1610 regni
3237 1539 3467 1595 Judaici
3499 1557 3591 1595 ca-

1945 1633 2070 1700 put,
2093 1627 2294 1682 leviter
2321 1627 2666 1698 perdiderat,
2693 1632 2748 1681 et
2773 1628 2844 1681 ob
2875 1627 2982 1681 hoc
3007 1627 3228 1699 regredi
3253 1645 3386 1684 cum
3409 1629 3588 1686 maxi-

1945 1734 2041 1772 ma
2072 1721 2234 1787 parte
2266 1721 2475 1771 nostrze
2521 1715 2712 1788 gentis
2745 1717 3096 1788 disponeret,
3131 1716 3467 1774 nuntiatum
3498 1723 3588 1775 est

1565 1770 1574 1780 .
1947 1769 2040 1772 -ην
2270 1769 2281 1770 κ
2318 1769 2367 1771 η
2414 1769 2443 1770 η
2521 1769 2629 1788 οη
2694 1769 2705 1771 ἡ
2755 1769 2777 1770 η
3134 1769 3467 1774 πη--ωτ--π
3503 1769 3582 1775 η-

1514 1769 1835 1877 Η¹,θ¹;(ἶ³⁰]’
1865 1805 1912 1870 Β
1945 1806 2113 1860 nobis
2144 1806 2296 1877 quod
2339 1821 2433 1860 rex
2486 1804 2928 1877 Babyloniorum
2979 1805 3260 1862 Ascalona
3308 1807 3582 1876 venisset,

1945 1913 2078 1951 cum
2112 1893 2526 1950 innumerabili
2573 1910 2934 1967 paganorum
2978 1895 3376 1962 multitudine,
3411 1901 3485 1966 et,
3522 1901 3586 1953 ut

1943 1985 2112 2040 nobis
2135 1983 2379 2039 relatum
2404 1987 2512 2048 est,
2538 1983 2690 2055 quod
2713 1983 3120 2040 Jerosolimam
3144 2002 3479 2059 expugnare
3499 2004 3588 2043 ve-

1945 2077 2126 2140 nerat,
2151 2077 2206 2128 ct
2235 2071 2494 2128 occidere
2521 2073 2766 2127 Francos
2797 2089 2999 2129 omnes
3033 2091 3066 2129 a
3094 2073 3298 2148 viginti
3331 2077 3501 2132 annis
3531 2080 3588 2133 et

1943 2179 2140 2234 supra,
2171 2165 2227 2216 et
2256 2161 2544 2232 captivare
2573 2159 2828 2232 reliquos
2859 2177 2992 2216 cum
3025 2163 3390 2231 mulieribus,
3415 2165 3587 2220 datu-

1945 2268 2044 2305 rus
2073 2251 2226 2306 viros
2259 2249 2602 2305 mulieribus
2625 2250 2696 2305 de
2719 2267 2825 2304 sua
2845 2255 3037 2322 gente,
3055 2252 3439 2322 etjuvenibus
3462 2270 3590 2308 mu-

1942 2339 2132 2405 lieres,
2157 2345 2221 2394 ut
2252 2338 2696 2411 Babyloniorum
2729 2339 2948 2394 domini
2977 2339 3250 2413 deinceps
3281 2341 3588 2399 bellicosas

1944 2428 2200 2484 familias
2229 2429 2530 2494 haberent,
2557 2428 2628 2483 de
2658 2445 2866 2500 genere
2895 2429 3270 2484 Francorum.
3305 2431 3436 2503 Sed,
3470 2449 3587 2488 non

1942 2519 2036 2579 his
2067 2519 2258 2574 adhuc
2308 2521 2636 2584 contentus,
2668 2516 2938 2572 similiter
2983 2519 3299 2574 Antiochiae
3346 2525 3403 2576 et
3451 2521 3591 2576 Boa-

1945 2609 2164 2664 mundo
2198 2607 2488 2662 facturum
2520 2623 2581 2662 se
2610 2605 2818 2673 aiebat,
2845 2606 3114 2662 Damasci
3146 2607 3344 2675 etiam,
3376 2613 3434 2665 et
3461 2608 3589 2666 reli-

1943 2713 2193 2770 quarum
2223 2695 2524 2752 civitatum
2549 2695 2820 2751 diadema
2845 2695 3020 2768 capiti
3040 2713 3146 2752 suo
3169 2695 3587 2769 impositurum

1943 2803 2005 2842 se
2037 2785 2284 2853 dicebat,
2316 2783 2463 2839 nihil
2493 2785 2734 2854 Turcos,
2774 2783 2921 2838 nihil
2967 2785 3238 2854 Francos,
3263 2786 3586 2843 Turcorum

1941 2875 2188 2930 victores
2218 2890 2346 2930 esse
2378 2872 2626 2939 dicebat,
2665 2872 3034 2928 considerata
3078 2873 3454 2931 multitudine
3483 2892 3588 2948 pe-
3625 2883 3640 2900 ‘

1944 2964 2132 3020 ditum
2167 2979 2406 3020 suorum
2438 2967 2496 3018 et
2526 2961 2800 3017 militum.
2837 2962 2947 3017 Sed
2981 2978 3085 3018 nec
3116 2962 3293 3018 etiam
3323 2962 3416 3020 his
3446 2980 3589 3019 con-

1944 3057 2160 3118 tentus,
2203 3053 2260 3107 in
2300 3052 2485 3107 Deum
2515 3049 2916 3123 blasphemiae
2964 3049 3359 3124 intorquebat,
3389 3051 3589 3110 dicens

173 3142 609 3202 tradicentibus
631 3141 821 3210 bonis,
839 3144 966 3195 tum
984 3139 1123 3211 quia
1140 3155 1253 3194 non
1269 3142 1396 3194 erat
1415 3139 1833 3206 subdiaconus,
1865 3173 1908 3240 Ο
1947 3143 2102 3214 quod
2123 3142 2328 3198 locum
2377 3139 2690 3196 Dominica:
2721 3139 3059 3208 nativitatis,
3084 3143 3141 3195 et
3182 3157 3458 3213 praesepe,
3489 3141 3588 3197 ubi

177 3233 440 3291 maxime
458 3231 632 3286 etiam
658 3228 796 3302 quia
818 3233 942 3284 erat
963 3230 1032 3284 de
1063 3244 1270 3301 genere
1296 3227 1662 3294 sacerdotali,
1691 3231 1748 3282 et
1774 3227 1833 3282 in

177 3324 397 3380 itinere
426 3324 626 3376 nostro
672 3319 742 3374 de
792 3316 1218 3374 incontinentia
1266 3316 1668 3382 accusabatur,
1695 3317 1836 3372 adeo

178 3418 253 3469 ut
285 3410 552 3483 vulgares
575 3413 781 3464 cantus
813 3407 883 3462 de
914 3423 980 3462 eo
1008 3405 1313 3461 inhoneste
1343 3405 1833 3478 composuissent.

180 3501 300 3559 Sed
333 3499 430 3555 ille
456 3515 560 3554 nec
593 3513 884 3552 canonum
916 3496 1148 3551 decreta
1186 3494 1487 3562 reveritus,
1511 3498 1676 3549 tanta
1707 3511 1836 3549 am-

181 3589 408 3647 bitione
440 3591 659 3654 tentus,
703 3601 806 3640 nec
855 3601 1062 3658 genus,
1112 3600 1216 3638 nec
1267 3582 1632 3638 conscientiae
1685 3581 1838 3638 infa-

179 3679 391 3744 miam,
415 3681 618 3731 contra
668 3675 852 3730 bonos
900 3673 1182 3745 populum
1215 3671 1541 3736 concitavit,
1576 3675 1747 3743 atque
1778 3688 1839 3726 se

181 3786 323 3825 cum
349 3764 584 3839 hymnis
603 3769 659 3819 et
679 3763 948 3818 cantibus
974 3762 1030 3816 in
1054 3762 1190 3816 sede
1214 3759 1606 3833 patriarchali,
1629 3777 1838 3832 magno

181 3855 540 3932 populorum
591 3853 800 3926 plausu
851 3852 1073 3907 elevare
1105 3849 1258 3905 fecit.
1285 3850 1394 3904 Sed
1449 3851 1521 3904 de
1569 3849 1840 3921 episcopo

180 3941 684 4014 Matranensi,qui
707 3941 953 4012 hujusce
979 3940 1060 3995 rei
1089 3938 1356 3994 incentor
1383 3942 1439 3993 et
1467 3937 1840 3993 administra-

179 4041 278 4092 tor
309 4034 518 4102 fuerat,
541 4029 797 4086 vindicta
824 4028 1102 4084 divinitus
1134 4031 1370 4098 sumpta
1394 4044 1507 4082 non
1532 4027 1704 4081 modo
1734 4028 1841 4081 Ar-

181 4125 422 4181 nulfum
457 4139 571 4176 non
604 4119 831 4184 terruit,
857 4119 957 4173 sed
990 4117 1233 4189 insuper
1265 4115 1506 4171 clericos
1534 4115 1632 4188 qui
1664 4115 1844 4171 habe-

184 4215 334 4269 bant
365 4208 571 4265 alteria
603 4207 660 4261 in
693 4206 936 4262 ecclesia
968 4204 1256 4260 Dominici
1299 4203 1570 4276 sepulcri,
1596 4203 1682 4259 vel
1716 4205 1843 4276 qui-

183 4303 304 4358 bus
326 4303 492 4356 erant
516 4313 616 4369 pro
638 4295 904 4351 custodia
925 4294 1220 4349 mercedes
1246 4292 1596 4358 constitutae,
1620 4293 1846 4365 privare

185 4386 490 4447 beneﬁciis
525 4403 636 4440 non
683 4384 1006 4439 desinebat.
1039 4383 1256 4437 Nactus
1313 4381 1510 4452 itaque
1572 4381 1846 4437 Arnulfus

185 4480 343 4536 hanc
367 4479 734 4550 potestatem,
751 4473 925 4545 coepit
947 4470 1237 4543 requirere
1255 4471 1326 4525 ab
1350 4469 1556 4525 incolis
1573 4471 1843 4538 civitatis,

1947 3231 2229 3286 Dominus
2260 3228 2574 3285 reclinatus
2605 3232 2710 3295 est,
2739 3232 2795 3282 et
2823 3227 3014 3283 locum
3048 3228 3340 3300 passionis
3371 3232 3426 3284 et
3455 3228 3590 3284 Gol-

1942 3320 2140 3393 gotha,
2155 3319 2255 3374 ubi
2278 3317 2491 3373 dicitur
2511 3318 2662 3388 quod
2685 3317 2927 3389 sanguis
2948 3315 3177 3372 Domini
3201 3317 3508 3390 pendentis
3528 3317 3588 3374 in

1927 3426 2112 3471 cruce
2144 3405 2472 3472 defluxerit;
2507 3411 2562 3460 ct
2590 3405 2783 3461 locum
2822 3406 3136 3461 Dominicze
3167 3405 3502 3478 sepulturae,
3533 3409 3591 3463 et

1944 3497 2059 3552 alia
2088 3496 2283 3551 omnia
2314 3495 2438 3550 loca
2467 3499 2670 3549 sancta
2708 3512 2833 3566 quae
2871 3495 2929 3549 in
2962 3494 3212 3562 civitate,
3243 3493 3332 3550 vel
3356 3496 3527 3566 juxta
3557 3513 3590 3551 a

1946 3584 2159 3658 populo
2198 3588 2547 3638 venerantur
2585 3583 2930 3651 Christiano,
2955 3583 3035 3639 ita
3067 3583 3301 3652 deleret,
3326 3588 3392 3639 ut
3415 3583 3590 3640 etiam

1947 3693 1980 3730 a
2010 3675 2209 3746 stirpe,
2243 3691 2276 3728 a
2315 3677 2469 3727 terra
2526 3671 2891 3728 abstraheret
2946 3677 3002 3728 et
3059 3672 3502 3740 comminueret,
3537 3677 3596 3729 et

1948 3763 2202 3837 posthaec
2233 3761 2527 3834 pulverem
2558 3762 2618 3815 in
2649 3761 2796 3816 mari
2842 3761 3166 3833 projiceret,
3200 3765 3265 3816 ut
3298 3777 3409 3817 non
3442 3765 3598 3818 esset

1949 3853 2184 3925 aliquod
2215 3849 2585 3931 Dominicum
2630 3849 3024 3916 memorabile,
3051 3850 3204 3922 quod
3239 3851 3594 3906 Francorum

1950 3959 2092 4015 gens
2125 3941 2182 3994 in
2217 3939 2550 4012 regionibus
2599 3937 2714 3994 illis
2765 3937 3008 3994 ulterius
3040 3938 3418 4010 requirerent.
3455 3939 3599 3994 Cum

1951 4036 2147 4086 autem
2178 4029 2296 4083 hzec
2329 4033 2384 4083 et
2415 4027 2527 4083 alia
2557 4029 2762 4093 multa,
2791 4032 2849 4083 et
2886 4028 2958 4083 de
2999 4027 3376 4084 multitudine
3407 4027 3600 4100 gentis

1951 4137 2079 4192 qua:
2112 4136 2243 4174 cum
2275 4117 2402 4190 ipso
2437 4121 2678 4189 tyranno
2705 4122 2846 4182 erat,
2879 4118 3046 4173 nobis
3077 4117 3511 4183 nuntiarentur,
3542 4122 3601 4174 et

1952 4208 2106 4280 quod
2139 4222 2341 4262 omnes
2385 4204 2478 4259 isti
2527 4205 2858 4276 congregati
2909 4210 3076 4260 erant
3121 4205 3436 4272 Ascalonaa,
3471 4223 3598 4278 quae

1953 4297 2217 4370 proxima
2255 4298 2378 4349 erat
2423 4292 2747 4348 Jerusalem
2808 4310 2910 4364 per
2966 4293 3142 4358 diem,
3177 4299 3232 4349 et
3263 4293 3597 4361 dimidium,

1954 4382 2304 4457 congregati.
2329 4385 2466 4437 sunt
2512 4381 2694 4436 nostri
2750 4381 3040 4453 principes
3071 4387 3127 4436 et
3157 4381 3366 4448 clerus,
3401 4387 3455 4437 et
3485 4401 3600 4438 nu-

1955 4474 2046 4530 dis
2092 4472 2340 4545 pedibus
2395 4469 2730 4525 incedentes
2787 4473 2918 4525 ante
2974 4470 3309 4542 sepulcrum
3369 4471 3600 4527 Domini

187 4567 292 4624 ubi
326 4545 466 4622 crux
496 4569 620 4619 erat
650 4579 827 4634 quam
863 4559 1149 4633 peregrini
1185 4564 1318 4614 ante
1349 4563 1579 4630 captam
1612 4559 1842 4615 Jeroso-
1875 4545 1922 4610 D
1955 4580 2087 4619 cum
2123 4559 2320 4616 multis
2353 4557 2714 4614 orationibus
2738 4563 2794 4613 et
2819 4557 3113 4630 lacrymis,
3137 4557 3599 4616 misericordiam

183 4658 394 4713 limam
430 4653 668 4709 adorare
692 4653 1131 4706 consueverant.
1159 4648 1381 4714 Quibus
1414 4649 1848 4720 negantibus,et

177 4747 524 4819 juramento
554 4745 610 4796 et
641 4740 770 4795 aliis
794 4739 980 4812 signis
1011 4755 1072 4794 se
1108 4737 1329 4792 nescire
1351 4737 1595 4808 probare
1615 4736 1854 4792 volenti-

187 4836 326 4900 bus,
359 4832 596 4887 tandem
642 4828 822 4884 coacti
875 4831 1034 4895 sunt,
1069 4831 1124 4881 et
1152 4827 1274 4881 hanc
1323 4825 1597 4880 dixerunt
1629 4843 1640 4879 :
1677 4826 1851 4881 Mani-

185 4928 388 4997 festum
416 4929 494 4976 est
531 4918 669 4992 quod
714 4919 853 4973 Deus
903 4933 992 4972 vos
1035 4917 1218 4984 elegit,
1253 4923 1302 4971 et
1351 4931 1420 4970 ea:
1469 4915 1721 4970 omnibus
1751 4918 1853 4971 tri-

193 5011 573 5068 ὺπιιιιίσηὶὺυδ
624 5025 711 5063 vos
761 5008 988 5078 eripuit,
1021 5013 1072 5061 et
1117 5007 1260 5058 hanc
1295 5005 1574 5059 civitatem
1622 5012 1673 5060 et
1715 5006 1857 5060 alios

191 5101 398 5158 multa:
431 5098 577 5154 vobis
609 5098 823 5166 tribuit,
857 5111 968 5150 non
1023 5095 1085 5149 in
1141 5095 1360 5148 virtutis
1406 5100 1600 5148 vestrae
1648 5096 1859 5161 robore,

193 5189 293 5248 sed
321 5192 382 5245 in
407 5191 596 5260 furore
625 5203 722 5241 suo
764 5200 1046 5242 exercens
1091 5184 1303 5254 impios,
1327 5190 1378 5237 et
1407 5184 1648 5238 civitates
1678 5186 1860 5238 muni-

200 5281 448 5338 tissima:
481 5278 630 5333 vobis
659 5277 897 5347 aperuit,
929 5281 980 5329 et
1018 5273 1160 5327 bella
1201 5271 1557 5342 formidolosa
1583 5273 1732 5326 vobis
1762 5273 1865 5328 du-

191 5378 320 5443 ctor
350 5375 405 5422 et
433 5367 696 5421 Dominus
728 5371 902 5419 vester
932 5378 1034 5434 pro
1062 5362 1210 5416 vobis
1243 5362 1354 5431 ipse
1382 5361 1578 5430 pergit.
1616 5360 1726 5427 Qua
1763 5363 1868 5416 ita-

201 5475 312 5531 que
331 5457 642 5531 pertinacia
663 5471 788 5508 cum
826 5453 1092 5508 Dominus
1123 5449 1392 5503 vobiscum
1425 5449 1721 5514 videamus,
1755 5453 1872 5522 ejus

301 5601 382 5672 (1)
412 5601 546 5667 Quae
578 5602 909 5670 sequuntur
939 5610 1054 5651 non
1087 5594 1226 5647 sunt
1256 5589 1584 5646 Raimundi.

1959 4671 1993 4709 a
2049 4649 2293 4707 Domino
2364 4647 2856 4719 deprecabantur,
2933 4651 2996 4701 ut
3067 4649 3349 4719 populum
3427 4665 3601 4704 suum

1961 4741 2134 4796 modo
2206 4737 2516 4802 liberaret,
2591 4753 2765 4807 quem
2843 4735 3126 4791 hactenus
3199 4735 3478 4792 victorem
3535 4737 3606 4793 de

1963 4827 2239 4885 omnibus
2270 4826 2510 4891 fecerat;
2540 4829 2595 4879 et
2625 4824 2724 4896 qui
2755 4823 2948 4879 locum
2980 4824 3458 4880 sanctificationis
3488 4842 3608 4881 sua:

1965 4917 2366 4979 mundaverat,
2402 4914 2647 4969 ulterius
2679 4913 3062 4969 contaminari
3117 4919 3351 4986 propter
3397 4932 3608 4970 nomen

1968 5022 2141 5063 suum
2174 5022 2288 5060 non
2343 5007 2657 5075 pateretur.
2685 5001 2943 5058 Posthaec
2975 5002 3245 5058 similiter
3294 5004 3467 5060 nudis
3515 5021 3612 5076 pe-

1970 5093 2510 5162 dibus,incedentes
2554 5092 2610 5146 in
2663 5089 2906 5162 psalmis
2936 5096 2992 5146 et
3023 5092 3276 5165 hymnis,
3301 5096 3356 5148 et
3385 5095 3616 5148 sancto-

1973 5200 2104 5240 rum
2137 5181 2424 5254 praesidiis
2471 5179 2931 5236 misericordiam
2985 5181 3084 5235 Dei
3133 5180 3513 5253 appellantes,
3545 5181 3620 5235 ad

1975 5273 2259 5344 templum
2292 5269 2521 5326 Domini
2544 5269 2836 5336 venimus,
2863 5270 3058 5341 ibique
3091 5272 3287 5326 animo
3309 5273 3364 5324 et
3386 5285 3625 5340 corpore

1979 5365 2110 5417 ante
2141 5359 2330 5422 etl‘usi,
2363 5360 2424 5411 ut
2455 5354 2884 5413 benedictionis
2916 5373 3034 5410 sua:
3074 5357 3291 5411 ibidem
3321 5355 3516 5409 effusa:
3548 5370 3632 5408 re-

1981 5450 2318 5505 cordaretur
2351 5463 2362 5500 :
2397 5448 2461 5501 Si
2503 5445 2806 5519 pecawcrit
2843 5451 2895 5503 in
2931 5454 2979 5501 te
3028 5446 3255 5516 populus
3287 5451 3410 5499 tuus
3439 5451 3489 5497 et
3517 5457 3641 5496 con-
