3996 6096
286 267 406 328 663

788 258 1460 341 ADZGODEFBIDUM
1503 257 1845 319 APPEND.
1887 255 1968 317 II.
2001 288 2076 301 —
2107 257 2416 321 NONUM.
2463 254 2566 319 DE
2607 257 2860 321 BELLO
2903 258 3179 321 SACRO.

3572 252 3701 321 664

288 397 673 468 υθνδαενεσενίι
692 395 1089 468 paenitentiam,
1116 394 1441 465 veniensque
1468 392 1704 448 oraverit
1734 392 1792 446 in
1824 390 1936 447 loco
1963 391 2019 458 Α
2046 389 2191 447 ritas
2223 391 2350 447 ideo
2382 391 2553 449 nobis
2592 396 2738 460 erat,
2761 392 2901 465 quia
2946 393 3332 450 credebamus
3376 384 3697 451 Dominum

293 492 416 555 isto,
457 497 517 545 tu
550 485 810 543 exaudies
836 485 900 541 de
924 484 1074 551 cwlo,
1106 484 1333 539 Domine
1362 499 1381 536 :
1410 488 1463 537 et
1504 481 1677 536 libera
1722 496 1847 535 cum
1872 479 1941 535 de

291 578 550 636 manibus
606 577 959 633 inimicorum
1012 589 1237 628 suarum
1293 571 1387 641 (111
1439 572 1566 641 Reg.
1598 572 1742 639 vm).
1775 568 1939 624 Post-

294 668 417 726 haac
449 671 718 739 percepta
734 662 1141 721 benedictione
1170 661 1242 716 ab
1273 660 1585 733 episcopis.
1606 662 1940 715 statuerunt

296 757 589 831 principes
618 756 687 811 de
717 754 850 811 belli
900 750 1425 816 administratione,
1452 754 1507 804 ct
1554 748 1626 804 de
1674 746 1942 803 custodia

295 846 565 903 civitatis.
590 844 888 900 Profectus
908 847 998 898 est
1026 841 1223 911 itaque
1246 841 1365 895 dux
1391 843 1448 893 et
1479 836 1696 893 milites
1718 838 1846 907 ejus
1875 841 1941 892 ut

292 935 691 993 certissimum
729 931 1174 1004 comprobarent
1202 929 1249 984 si
1282 929 1353 983 de
1380 925 1706 982 Admiravis
1736 926 1818 980 ita
1846 942 1940 981 res

291 1042 353 1082 se
382 1024 642 1087 haberet,
670 1026 735 1077 ut
763 1022 922 1077 fama
960 1019 1281 1086 ferebatur;
1304 1017 1404 1089 qui
1438 1030 1571 1072 cum
1604 1016 1673 1071 ad
1707 1031 1938 1086 campe-

290 1114 436 1170 stria
466 1111 849 1168 Ramularum
896 1108 1273 1182 pervenisset,
1300 1122 1540 1162 causam
1588 1103 1806 1177 negotii
1841 1121 1941 1176 pcr

290 1202 629 1275 episcopum
684 1200 1115 1254 Matronensem
1164 1194 1579 1267 Hierosolymis
1610 1193 1836 1249 remisit
1863 1193 1934 1247 ad

289 1291 550 1348 comites.
574 1288 660 1346 Illi
694 1294 888 1344 autem
922 1285 1222 1343 certillcati
1257 1286 1326 1340 de
1359 1284 1530 1351 bello,
1565 1298 1934 1339 communem

290 1378 589 1456 pugnandi
622 1395 859 1435 causam
888 1376 1046 1450 apud
1071 1391 1275 1431 omnes
1298 1374 1473 1430 fortes
1497 1372 1596 1445 qui
1627 1371 1687 1427 in
1710 1370 1939 1427 civitate

290 1473 714 1533 remanserant,
746 1465 1100 1523 detulerunt.
1134 1465 1335 1536 Itaque
1378 1460 1777 1535 supplicantes
1830 1465 1938 1516 lteo

290 1564 348 1616 et
373 1558 624 1632 acceptis
655 1555 836 1613 armis
878 1560 937 1611 et
983 1553 1347 1610 Dominicam
1381 1551 1665 1615 lanceam,
1690 1547 1938 1622 profecti

291 1666 500 1706 sumus
549 1649 620 1703 ab
651 1645 1037 1711 Jerosolimis,
1070 1647 1128 1699 et
1158 1641 1426 1698 venimus
1468 1641 1541 1696 ad
1589 1637 1941 1711 campestria

2050 479 2355 536 nobiscum
2385 498 2531 550 esse,
2558 480 2711 537 sicut
2737 486 2797 538 et
2822 481 2885 537 in
2914 481 3159 554 reliquis
3186 481 3456 554 negotiis,
3481 486 3542 539 et
3558 492 3701 555 pro-

2046 576 2177 644 pter
2196 571 2593 644 blasphemiae
2609 572 2717 629 sibi
2739 570 2952 639 illatas,
2968 586 3139 646 agere
3156 574 3395 645 propter
3408 573 3695 646 seipsum,

2049 661 2098 716 si
2119 661 2296 717 etiam
2316 677 2499 717 causa
2517 667 2721 717 nostra
2758 661 3014 718 invalida
3051 661 3278 719 fuisset.
3302 661 3466 718 Unde
3492 662 3553 718 in
3587 672 3701 718 no-

2047 754 2171 806 stra
2200 755 2362 823 parte
2405 751 2791 814 defensorem,
2814 756 2872 807 et
2900 751 2959 807 in
2990 768 3099 808 sua
3127 751 3426 824 adjutores
3457 742 3538 807 illi
3564 768 3701 807 esse

2046 839 2361 897 voluimus.
2396 841 2613 898 Deinde
2652 841 3082 898 conclamatum
3114 845 3205 897 est
3244 857 3350 914 per
3376 842 3696 898 exercitum

2048 933 2115 985 ut
2140 944 2315 986 mane
2345 931 2414 986 ad
2448 946 2704 1004 pugnam
2750 946 2958 987 omnes
2992 930 3182 1002 parati
3214 934 3429 998 essent,
3453 935 3512 986 et
3532 930 3699 1003 quis-

2042 1032 2162 1091 que
2181 1019 2546 1092 principibus
2562 1020 2634 1075 de
2650 1034 2758 1076 sua
2777 1023 2948 1093 gente
2964 1020 3434 1093 coniungeretur,
3448 1026 3503 1075 et
3523 1030 3700 1077 nemo

2048 1110 2303 1181 praedam
2325 1112 2610 1182 tangeret.
2628 1114 2685 1165 et
2698 1109 3184 1166 excommunicati
3200 1113 3340 1165 sunt
3359 1110 3702 1183 quicunque

2046 1214 2175 1253 eam
2198 1201 2522 1269 tangerent,
2545 1197 2659 1253 nisi
2691 1197 2852 1270 prius
2882 1196 3032 1254 bello
3062 1198 3344 1255 confecto.
3368 1198 3701 1254 Mansimus

2047 1303 2116 1342 ea
2140 1292 2307 1342 nocte
2363 1286 2508 1343 satis
2549 1287 2952 1361 pauperrime;
3000 1287 3217 1344 etenim
3275 1288 3526 1344 tentoria
3577 1302 3698 1344 non

2046 1373 2432 1443 habebamus,
2459 1390 2671 1449 panem
2702 1376 2895 1449 pauci,
2918 1374 3119 1432 vinum
3149 1366 3375 1440 nullus,
3398 1380 3697 1433 annonam

2047 1468 2221 1537 atque
2241 1463 2423 1520 salem
2444 1464 2818 1538 paucissimi;
2843 1466 2944 1522 sed
2968 1465 3140 1538 copia
3158 1466 3353 1522 carnis
3382 1470 3507 1522 erat
3526 1467 3697 1540 quasi
3770 1525 3776 1529 .

2046 1568 2243 1618 arena,
2261 1555 2362 1609 sed
2384 1548 2766 1610 vescebamur
2783 1555 3089 1623 carnibus;
3108 1560 3170 1611 et
3182 1568 3292 1629 pro
3313 1570 3482 1629 pane,
3499 1556 3696 1613 ovium

2046 1656 2180 1698 caro
2208 1647 2354 1698 erat.
2372 1645 2444 1699 Et
2463 1645 2589 1715 jam
2622 1660 2835 1701 aurora
2869 1644 3137 1718 sequenti
3164 1644 3261 1702 die
3290 1646 3606 1716 oriebatur,
3640 1650 3700 1703 et

292 1737 384 1794 die
416 1737 535 1793 illa.
563 1736 757 1792 Altera
778 1739 980 1829 autem
1007 1733 1124 1829 die
1171 1732 1480 1829 cpnjuncto
1529 1727 1801 1795 exercitu,
1838 1744 1941 1829 p‘er
1970 1765 2018 1829 Β
2048 1731 2288 1829 pervigil
2336 1735 2529 1801 turba,
2559 1735 2720 1792 tubis
2750 1739 2808 1791 et
2832 1736 3133 1792 cornuhus
3181 1734 3242 1791 in
3290 1750 3547 1813 pugnam
3576 1734 3703 1792 ani»

290 1824 495 1883 ﬁrmas
523 1823 825 1898 dispositis
854 1821 1142 1896 praesidiis
1171 1821 1243 1876 ab
1275 1820 1431 1875 omni
1460 1823 1644 1891 parte,
1675 1816 1941 1889 procede-

290 1916 523 1973 bamus.
555 1916 615 1972 In
647 1930 886 1986 vespere
904 1929 1037 1969 vero
1063 1927 1199 1967 cum
1220 1909 1586 1964 venissemus
1619 1922 1796 1978 prope
1828 1904 1941 1959 ﬂu-

290 2007 449 2062 vium
471 2004 571 2078 qui
595 2010 687 2060 est
716 2003 773 2058 in
802 2002 1006 2058 itinere
1030 1999 1308 2056 euntibus
1331 1997 1405 2053 ab
1424 1994 1752 2053 Jerusalem
1775 1996 1945 2049 Asca-

291 2095 508 2163 lonam,
538 2093 853 2167 pascebant
886 2090 988 2162 libi
1026 2089 1244 2145 Arabes
1274 2102 1479 2160 greges
1526 2083 1740 2150 ovium,
1765 2086 1822 2139 et
1851 2099 1941 2137 ar-

290 2188 490 2239 menta
518 2178 1198 2254 boumijnnumerabilia,
1223 2183 1281 2233 et
1312 2175 1439 2232 sine
1479 2190 1724 2229 numero
1751 2188 1942 2227 came-

288 2273 395 2329 los.
413 2274 560 2329 Cum
581 2272 867 2327 vidissent
886 2274 1084 2324 autem
1114 2265 1298 2322 nostri
1324 2265 1475 2320 hanc
1501 2260 1943 2318 multitudinem

287 2368 345 2420 et
365 2365 669 2421 hominum
686 2367 747 2418 ‘ct
765 2355 1538 2423 animalium,existimantes
1555 2350 1774 2408 bellum
1792 2366 1946 2406 esse.

288 2455 537 2528 arreptis
564 2451 746 2510 armis
778 2451 849 2507 ad
880 2445 1354 2523 prospiciendum
1378 2441 1594 2499 milites
1624 2457 1812 2512 usque
1835 2439 1942 2495 du-

289 2550 490 2601 centos
508 2541 945 2616 praemiserunt;
968 2535 1155 2594 caeteri
1175 2552 1307 2591 vero
1330 2530 1560 2599 armati,
1575 2534 1638 2587 ut
1659 2529 1941 2601 diximus,

296 2633 357 2690 in
379 2650 583 2689 novem
605 2630 820 2687 turmis
839 2627 1205 2684 incedebant.
1226 2625 1403 2680 Erant
1418 2626 1613 2678 autem
1636 2627 1755 2678 tres
1777 2639 1811 2677 a
1834 2627 1943 2678 ter»

296 2727 516 2797 go,tres
531 2739 565 2777 a
581 2721 913 2784 fronte,tres
930 2716 987 2771 in
1008 2716 1134 2770 med
1146 2713 1311 2780 io,sic
1327 2713 1603 2768 ordinatae
1622 2716 1686 2767 ut
1701 2711 1943 2768 ubicun-

296 2829 409 2885 que
431 2810 651 2868 bcllum
673 2826 734 2867 se
754 2809 1075 2881 emergeret
1094 2804 1153 2860 in
1177 2803 1366 2859 tribus
1387 2801 1692 2857 ordinibus
1717 2800 1832 2858 illis
1852 2818 1942 2858 oc-

290 2905 642 2968 curreretur,
666 2904 863 2955 turma
883 2894 1076 2951 media
1098 2896 1368 2948 manente
1389 2891 1617 2947 cunctis
1637 2890 1709 2947 ad
1738 2889 1935 2963 praesi-

291 2989 757 3047 dium.Videntes
774 2992 965 3042 autem
990 2987 1255 3056 pastores
1275 2981 1532 3037 Arabum
1550 2984 1783 3037 nostros
1800 2997 1940 3052 prae-

291 3078 505 3139 missos
527 3077 760 3143 milites,
776 3072 1055 3131 animalia
1077 3073 1552 3137 deseruerunt,et
1575 3069 1933 3152 tanquam,8i

2051 1820 2340 1877 mabatur.
2358 1823 2557 1895 Itaque
2574 1836 2808 1879 summo
2822 1822 3082 1880 diluculo
3100 1824 3696 1899 proibctiﬁispositis,

2052 1912 2119 1963 ut
2138 1909 2264 1979 jam
2288 1911 2564 1981 diximus,
2590 1913 2665 1968 ab
2690 1913 2848 1968 omni
2875 1917 3038 1985 parte
3050 1913 3699 1986 praesidiis,exercitum

2053 1998 2146 2053 Dei
2177 2001 2236 2054 in
2258 2005 2450 2056 castra
2470 2001 3208 2075 Mab‘umet'dirigeba‘mus.
3232 2004 3307 2060 At
3333 2018 3466 2060 vero
3493 1998 3699 2061 hostes

2050 2085 2204 2143 infra
2249 2094 2441 2145 castra
2488 2106 2594 2146 sua
2638 2091 3445 2166 demorabanttxr,uunquam
3494 2093 3699 2150 θεῖετῇ

2053 2182 2283 2233 montes
2311 2180 2464 2251 quod
2498 2179 2653 2236 infra
2680 2180 2894 2237 minoia
2922 2181 2995 2237 ad
3025 2181 3340 2237 adventum
3364 2196 3573 2239 eorum
3600 2183 3699 2240 vix

2052 2267 2503 2325 contineremur.
2536 2270 2763 2325 Etenim
2810 2282 2947 2326 cum
2985 2269 3293 2327 audissent
3330 2270 3410 2327 de
3452 2284 3595 2328 nece
3626 2276 3700 2329 et

2053 2358 2192 2431 fuga
2220 2362 2542 2431 pastorum,
2564 2358 2873 2415 dicebant:
2904 2360 3133 2431 Propter
3156 2359 3400 2431 prmium
3420 2368 3699 2418 munt

2050 2451 2273 2515 Franci,
2304 2455 2357 2504 et
2397 2462 2523 2504 cum
2549 2464 2614 2504 ea
2642 2454 3002 2505 revertuntur.
3028 2448 3259 2521 |Quippe
3303 2449 3702 2507 edocebantur

2051 2538 2312 2610 quotidie
2344 2538 2416 2594 ab
2446 2537 2541 2594 his
2560 2537 2661 2611 qui
2688 2538 2960 2610 fugerant
2979 2537 3053 2593 ab
3081 2536 3520 2613 Hierosolymis,
3545 2540 3700 2596 etde

2049 2626 2342 2699 paucitate
2390 2631 2611 2695 nostra,
2644 2643 2710 2683 ac
2750 2626 3051 2683 debilitate
3076 2626 3236 2700 vulgi
3284 2630 3341 2685 ει
3372 2636 3695 2702 equorum.

2049 2717 2327 2773 Praeterea
2353 2732 2597 2773 numero
2626 2720 2800 2789 atque
2822 2715 3046 2775 viribus
3070 2717 3195 2774 suis
3221 2718 3445 2785 conﬁsi,
3470 2718 3528 2774 in
3551 2718 3699 2775 solis

2047 2806 2241 2878 sputis
2272 2823 2380 2863 nos
2431 2811 2491 2863 et
2535 2809 2728 2862 castra
2757 2811 2958 2863 nostra
2988 2807 3363 2879 submergere
3408 2824 3474 2864 se
3520 2824 3697 2880 posse

2045 2898 2378 2954 credebant.
2410 2896 2825 2953 Cautellatores
2871 2896 3049 2954 etiam
3098 2912 3298 2953 eorum
3330 2901 3389 2953 et
3416 2912 3695 2969 augures,

2049 2991 2113 3044 ut
2142 2988 2341 3054 fertur,
2383 2987 2653 3043 dixerant
2681 2990 2749 3042 ut
2784 3002 2917 3042 non
2954 2978 3256 3041 moverent
3296 2984 3538 3043 castella
3568 3004 3698 3044 sua

2045 3093 2233 3149 usque
2262 3077 2331 3132 ad
2374 3076 2690 3149 septimam
2734 3073 2961 3141 feriam,
2993 3090 3181 3146 neque
3231 3079 3559 3148 pugnarent
3587 3076 3697 3132 ad-

288 3135 453 3242 aequo
473 3168 644 3224 modo
663 3167 735 3222 ad
749 3135 883 3222 illos
904 3169 968 3220 ut
984 3162 1057 3218 ad
1076 3179 1182 3217 nos
1201 3135 1477 3233 reciperet
1490 3164 1660 3225 Deus,
1674 3135 1929 3233 pug-nam
1964 3135 2008 3201 C
2044 3135 2278 3222 versum
2314 3135 2631 3231 nos..Quod
2652 3164 2701 3220 si
2729 3135 3023 3220 maturius
3051 3135 3275 3236 aliquid
3304 3135 3376 3221 de
3404 3164 3503 3221 his
3518 3179 3699 3239 agere

288 3274 423 3314 cum
453 3256 730 3313 omnibus
759 3254 928 3310 nobis
966 3250 1114 3308 inire
1154 3249 1514 3306 debuissent.
1548 3250 1729 3305 Erant
1757 3248 1815 3304 in
1849 3266 1936 3304 ar-

287 3347 400 3403 mis
431 3347 501 3401 de
533 3343 866 3418 pastoribus
918 3342 1148 3397 circiter
1183 3339 1297 3396 tria
1331 3337 1546 3405 millia;
1580 3338 1639 3393 in
1679 3338 1932 3394 exercitu

283 3452 417 3491 vero
449 3437 648 3489 nostro
678 3448 857 3504 supra
887 3429 1046 3485 mille
1077 3430 1356 3485 ducentos
1387 3427 1724 3485 dubitanter
1751 3430 1930 3485 ascri-

282 3524 508 3591 bimus;
540 3521 640 3578 sed
673 3526 732 3578 et
759 3520 1020 3592 peditum
1057 3515 1493 3573 multitudinem
1541 3516 1696 3573 ultra
1724 3534 1930 3574 novem

282 3610 469 3667 millia
497 3611 814 3683 producere
835 3625 949 3664 non
972 3606 1278 3663 audemus.
1303 3606 1584 3679 Eﬂ‘ugatis
1605 3606 1804 3678 itaque
1833 3624 1927 3679 pa-

279 3700 557 3767 storibus,
574 3699 837 3772 cepimus
859 3697 1423 3770 praedam,quantam
1441 3699 1575 3751 ante
1591 3695 1747 3751 diem
1764 3695 1926 3752 illam

278 3805 393 3845 non
414 3788 765 3852 vidimus,et
786 3785 969 3859 aliqui
994 3785 1065 3841 de
1093 3783 1426 3857 pastoribus
1448 3783 1732 3840 interfecti
1766 3789 1923 3852 sunt,

278 3883 335 3935 et
363 3876 531 3952 pauci
562 3876 737 3951 capti.
766 3875 1021 3932 Postbzac
1045 3878 1239 3930 autem
1273 3872 1602 3929 mansimus
1632 3873 1688 3928 in
1722 3874 1925 3930 eodem

276 3966 424 4033 loco,
438 3967 577 4039 quia
595 3982 835 4039 vespera
849 3969 992 4021 erat.
1011 3964 1082 4019 Et
1098 3968 1237 4018 tunc
1259 3961 1558 4036 coegimus
1574 3962 1831 4034 captivos
1853 3964 1925 4019 ad

280 4056 673 4112 confitendum
722 4054 979 4111 hostium
1009 4051 1365 4108 voluntatem
1398 4054 1454 4106 et
1492 4050 1922 4120 habitudinem,

278 4149 336 4201 et
369 4159 700 4200 numerum.
735 4141 991 4198 Confessi
1042 4144 1182 4197 sunt
1225 4139 1423 4213 itaque
1452 4139 1607 4212 quod
1656 4138 1926 4197 voluntas

277 4250 479 4289 eorum
511 4236 634 4289 erat
663 4230 928 4287 obsidere
969 4227 1318 4295 Jerusalem,
1350 4232 1407 4283 et
1435 4244 1767 4301 expugnare
1795 4246 1921 4285 om-

277 4338 381 4378 nes
412 4322 686 4387 Francos,
707 4325 767 4377 et
805 4319 1132 4374 interﬁcere
1163 4323 1220 4373 et
1260 4318 1578 4389 captivare;
1610 4320 1667 4373 et
1696 4318 1924 4375 addunt

2039 3254 2270 3320 vellent,
2296 3254 2355 3310 in
2386 3253 2697 3309 adversum
2731 3256 3186 3311 converteretur.
3209 3253 3328 3310 Nos
3374 3257 3595 3320 autem,
3627 3257 3698 3311 ut

2041 3342 2573 3409 diximus,ordinati
2585 3387 2598 3410 ,
2617 3343 2677 3398 in
2696 3357 2901 3399 novem
2919 3341 3134 3398 turmis
3150 3341 3692 3416 progrediebsmur.

2042 3430 2451 3505 Multiplicavit
2478 3431 2633 3487 Deus
2678 3429 2995 3487 exercitum
3043 3446 3241 3496 suum,
3274 3430 3420 3487 adeo
3448 3434 3514 3485 ut
3540 3430 3697 3488 infe-

2040 3523 2222 3579 riores
2258 3538 2503 3577 numero
2561 3519 2833 3577 hostibus
2890 3535 3006 3577 non
3062 3518 3424 3575 videbamur.
3458 3519 3691 3577 Etenim

2038 3613 2466 3685 conjungerant
2492 3626 2555 3667 se
2584 3608 2754 3666 nobis
2784 3607 3063 3667 animalia
3090 3625 3220 3680 qua:
3249 3607 3691 3677 dimiseramus,

2037 3705 2093 3757 et
2122 3700 2292 3758 factis
2320 3699 2617 3773 gregibus,
2637 3698 2872 3756 nemine
2893 3695 3300 3771 compellente,
3324 3713 3431 3753 nos
3452 3697 3697 3755 comita-

2036 3789 2274 3855 bantur,
2292 3788 2437 3846 adeo
2457 3792 2523 3844 ut
2542 3791 2765 3845 starent
2783 3803 2917 3843 cum
2949 3785 3266 3852 stantibus,
3282 3803 3417 3843 cum
3448 3802 3692 3844 curren-

2035 3878 2195 3935 tibus
2222 3881 2546 3944 currereut,
2580 3893 2716 3933 cum
2766 3875 3228 3949 praecedentibus
3275 3875 3690 3948 praecederent.

2033 3971 2165 4023 Haec
2214 3971 2409 4023 autem
2455 3966 2847 4039 pretiosarum
2897 3963 3326 4021 inaestimabilis
3371 3963 3693 4022 multitudo

2033 4060 2177 4113 erat.
2202 4057 2511 4113 Armorum
2540 4060 2735 4111 autem
2761 4059 2936 4126 atque
2967 4050 3332 4126 papitionum
3364 4069 3691 4121 summam,

2032 4143 2166 4217 quis
2195 4145 2569 4200 dinumerare
2607 4141 2906 4199 sufficiat?
2934 4140 3214 4198 Videntes
3258 4139 3441 4214 igitur
3486 4141 3692 4199 hostes

2035 4232 2238 4301 nostri,
2261 4236 2319 4288 et
2349 4248 2590 4288 suorum
2618 4247 2830 4287 casam
2870 4228 3327 4295 multitudinem,
3360 4234 3419 4286 et
3448 4235 3691 4288 nostros

2030 4321 2092 4378 in
2122 4321 2332 4378 castris
2378 4319 2504 4378 suis
2550 4324 2609 4376 et
2654 4336 2757 4393 pro
2785 4317 3028 4376 victoria
3056 4322 3114 4374 et
3140 4316 3345 4391 spoliis
3393 4334 3600 4376 secure
3626 4325 3692 4378 et

276 4410 432 4483 quod
460 4408 790 4466 Admiravis
830 4408 909 4463 ibi
954 4424 1131 4480 prope
1180 4405 1441 4479 quinque
1490 4405 1676 4480 leugis
1707 4412 1830 4464 erat
1860 4408 1918 4463 in
2029 4409 2300 4466 alacriter
2326 4426 2518 4483 agere,
2542 4409 2753 4466 reversi
2787 4408 2859 4465 ad
2891 4424 2956 4464 se
2982 4407 3293 4463 dixerunt:
3322 4407 3516 4464 Solum
3538 4425 3687 4480 prm-

272 4499 503 4561 castris,
528 4498 807 4571 postridie
839 4497 1205 4569 profecturus
1226 4494 1535 4550 adversum
1559 4512 1681 4551 nos.
1718 4500 1798 4551 De
1819 4514 1923 4552 nu-
1954 4500 1999 4567 ο
2027 4499 2235 4555 sidiam
2263 4501 2401 4571 fuga
2427 4506 2526 4569 est,
2557 4506 2608 4554 ct
2638 4498 2770 4570 quid
2816 4500 3147 4554 moramur?
3170 4498 3240 4553 Si
3276 4495 3436 4552 hodie
3479 4495 3687 4569 defati-

273 4604 433 4644 mcro
464 4592 659 4643 autem
686 4587 782 4642 vix
825 4585 1040 4657 aliquis
1070 4588 1266 4640 certus
1296 4588 1440 4649 erat,
1474 4582 1612 4655 quia
1657 4586 1919 4657 quotidie
2027 4590 2144 4659 gati
2164 4605 2235 4644 ex
2263 4588 2478 4654 itinere,
2507 4587 2654 4658 [ante
2680 4595 2732 4642 et
2759 4587 2858 4642 siti
2890 4601 3032 4658 pene
3073 4586 3435 4652 semimortui,
3466 4601 3687 4642 0mm

271 4674 833 4748 multiplicabuntur.
855 4673 935 4729 De
965 4689 1025 4728 se
1044 4688 1177 4728 vero
1207 4676 1266 4727 et
1287 4670 1357 4726 de
1378 4670 1552 4727 sociis
1573 4672 1907 4744 quiessent,
2018 4686 2265 4735 nostram
2288 4675 2699 4732 multitudinem
2738 4690 2845 4730 uno
2875 4676 3082 4746 impetu
3095 4681 3523 4746 praevenerunt,
3546 4675 3687 4747 quid

269 4763 633 4838 interrogati,
666 4762 937 4819 dixerunt
968 4761 1123 4834 quod
1168 4763 1430 4832 pastores
1459 4765 1657 4816 essent
1685 4762 1918 4819 anima-
2025 4766 2309 4839 reponenti
2354 4772 2407 4821 et
2446 4765 2731 4835 rcfecti,et
2783 4765 3011 4820 iactares
3068 4769 3259 4819 contra
3310 4765 3604 4820 semineces
3624 4774 3687 4823 et

266 4852 435 4920 lium,
458 4870 585 4925 quae
618 4851 926 4907 dividenda
974 4854 1140 4906 erant
1177 4849 1234 4905 in
1268 4848 1579 4921 stipendiis
1608 4867 1710 4923 per
1755 4868 1915 4909 exer-
2027 4857 2343 4912 imminuto:
2370 4861 2532 4926 atque
2554 4852 2783 4924 pavidas
2809 4850 3051 4924 facient?
3073 4851 3272 4924 itaque
3302 4851 3523 4919 hostes,
3540 4869 3687 4910 con-

265 4941 446 4997 citum
471 4939 941 5012 Babyloniorum.
965 4939 1115 4994 Certi
1150 4938 1346 5011 itaque
1369 4938 1551 4993 nostri
1575 4939 1646 4995 de
1676 4938 1827 4996 bello
1857 4945 1915 4999 et
2022 4943 2274 4999 turbatis
2302 4941 2518 4998 animis
2548 4940 2762 4997 reversi
2805 4945 2946 4996 sunt
2970 4938 3276 5008 Ascalona,
3305 4957 3433 5012 qua:
3461 4940 3676 4999 millia-

263 5028 509 5094 alacres,
532 5028 705 5084 sociis
737 5027 861 5083 suis
901 5043 1183 5083 noxarum
1213 5043 1423 5083 causas
1477 5030 1655 5098 atque,
1681 5033 1913 5085 contro-
2022 5033 2177 5087 rium
2206 5049 2242 5087 a
2271 5030 2482 5087 castris
2502 5028 2723 5087 nostris
2739 5028 2962 5095 aberat,
2984 5029 3086 5085 sed
3110 5045 3236 5085 non
3255 5044 3482 5097 omnes,
3507 5031 3680 5089 Tunc

260 5117 461 5173 versis:
514 5116 905 5173 remittebant.
941 5115 1197 5171 Posthaac
1227 5114 1478 5172 confessi
1517 5116 1588 5173 de
1634 5118 1907 5189 peccatis,
2020 5119 2242 5193 placuit
2268 5119 2469 5177 comiti
2501 5117 2852 5185 Raimundo,
2876 5121 2943 5174 ut
2970 5117 3233 5175 mitteret
3258 5108 3675 5176 Beamundum

262 5210 321 5262 et
351 5205 421 5262 de
450 5204 821 5279 negligentiis
860 5204 1006 5271 suis,
1039 5205 1182 5261 adeo
1221 5204 1395 5260 erecti
1428 5210 1569 5261 sunt
1598 5205 1811 5261 animis
1842 5212 1909 5264 ut
2018 5210 2356 5281 quemdam,
2388 5210 2645 5265 Turnum
2690 5222 2919 5280 genere.
2951 5206 3023 5263 ad
3052 5205 3401 5275 Admiravis,
3422 5206 3677 5265 obtentu

256 5294 351 5350 vix
382 5293 688 5351 credibiles
716 5293 801 5350 eis
833 5293 993 5350 fieret
1023 5293 1220 5350 hostes
1252 5294 1323 5349 ad
1356 5311 1614 5368 pugnam
1643 5311 1772 5350 esse
1804 5313 1906 5368 pa-
2015 5296 2285 5353 ineunda
2330 5296 2601 5352 amicitiis
2635 5311 2649 5349 :
2683 5294 3017 5350 accusando
3045 5310 3183 5351 eum
3214 5295 3367 5367 quod
3416 5295 3677 5354 uoluerit

257 5386 433 5437 ratos.
462 5382 878 5439 Innascebatur
906 5383 1062 5439 enim
1106 5386 1275 5437 tanta
1303 5383 1587 5438 securitas
1618 5382 1677 5438 iu
1709 5385 1902 5440 cordi-
2013 5384 2259 5443 liberam
2288 5385 2529 5440 reddere
2575 5381 2924 5449 Jerusalem,
2946 5386 3006 5438 et
3046 5382 3147 5455 qui
3199 5383 3508 5442 adversum
3557 5402 3674 5445 nos

253 5471 366 5526 bus
396 5470 785 5542 singulorum,
810 5477 876 5527 ut
900 5470 1199 5526 crederent
1232 5488 1371 5527 suos
1401 5471 1597 5528 hostes
1623 5472 1806 5529 cervis
1835 5474 1902 5529 ti-
2012 5491 2177 5530 arma
2204 5473 2509 5541 detulerat,
2534 5471 2710 5527 simul
2742 5475 2809 5527 ut
2828 5471 3191 5543 praesentiret
3215 5473 3414 5547 fugam
3440 5489 3517 5529 an
3546 5472 3675 5531 bel-

247 5556 544 5625 midiores,
567 5565 623 5615 et
660 5558 866 5617 ovibus
914 5558 1363 5615 innocentiores.
1399 5560 1509 5616 Sed
1558 5558 1679 5617 hzec
1725 5578 1897 5618 secu-
2008 5560 2207 5619 lumin
2226 5558 3664 5635 animopararetﬂtiquemoddﬁctumsatiataerat.
