3996 6096
220 238 343 308 εδδ
1223 241 1440 305 nam.
1486 242 1589 304 ne
1632 239 1909 303 ACILES
1957 236 2161 301 msr.
2210 237 2623 301 Hreaosot.
3505 220 3625 300 eos

818 374 1051 434 CAPUT
1088 374 1278 433 XLIII.

295 470 520 526 Interea
549 467 795 524 nuntius
826 466 983 523 venit
1009 464 1405 534 Tancredo,et
1433 464 1632 521 comiti
1663 465 1873 519 Eusta-

220 558 378 627 ehio,
402 563 473 614 ut
519 559 916 631 praepararent
947 570 1028 623 se,
1063 560 1120 611 et
1148 559 1454 628 pergerent
1483 555 1553 610 ad
1587 553 1876 626 recipien-

220 650 364 706 dam
396 648 601 704 urbem
634 644 959 719 Neapolim.
992 646 1063 700 At
1095 644 1177 700 illi
1208 644 1557 712 exierunt,et
1584 644 1878 698 duxerunt

224 746 428 795 secum
448 735 678 792 multos
702 733 947 800 milites,
979 738 1037 789 et
1064 733 1341 806 pedones,
1387 736 1445 789 et
1492 735 1879 805 pervenerunt

224 827 301 883 ad
334 827 561 883 urbem.
593 822 961 881 Habitatores
1003 839 1140 879 vero
1186 823 1347 878 illius
1395 821 1774 879 reddiderunt
1816 837 1878 876 se

226 915 406 971 illico.
432 913 697 972 Posthac
718 911 1022 969 mandavit
1064 912 1183 967 illis
1230 913 1349 968 dux
1377 909 1743 977 Godel‘ridus,
1777 909 1879 983 qui

230 1009 292 1062 et
312 1018 418 1061 rex
447 1002 796 1068 Jerusalem,
826 1006 893 1057 ut
921 1000 1033 1057 cito
1059 1000 1327 1058 venirent
1357 1002 1428 1057 ad
1460 999 1694 1065 bellem,
1726 999 1879 1071 quod

226 1093 589 1152 A‘mmiratus
619 1090 942 1164 Babyloniae
973 1095 1393 1163 praeparaverat
1420 1090 1505 1147 eis
1533 1088 1877 1146 Aschalone.

227 1183 321 1241 Illi
353 1185 548 1239 uelem
581 1174 911 1237 Destinando
938 1180 1305 1236 intrarerunt
1335 1183 1696 1245 montanam,
1719 1195 1882 1251 quae-

226 1272 907 1329 rantes'Sarraeeneru‘m
930 1262 1109 1337 bella,
1132 1273 1190 1325 et
1218 1273 1505 1325 venerunt
1533 1269 1878 1326 Caesaream.

224 1361 807 1433 Venientesqiioque
842 1358 1016 1431 juxta
1061 1372 1222 1414 mare
1250 1358 1323 1414 ad
1356 1358 1560 1415 urbem
1610 1358 1878 1426 Ramore,

228 1450 354 1508 illic
392 1450 738 1507 invenerunt
783 1447 1002 1504 multos
1053 1448 1291 1514 Arabes,
1341 1447 1441 1520 qui
1493 1463 1883 1520 preacursores

226 1544 400 1597 erant
429 1537 586 1596 belli.
620 1540 776 1605 Quos
806 1536 991 1594 nostri
1020 1541 1457 1611 persequentes,
1489 1536 1884 1609 apprehende-

227 1634 373 1686 runt
401 1628 600 1702 plures
646 1643 716 1683 ex
769 1627 875 1692 eis,
907 1626 1009 1699 qui
1040 1626 1312 1682 dixerunt
1336 1626 1536 1682 omnia
1565 1625 1704 1682 belli
1736 1642 1885 1681 nova

228 1718 336 1776 ubi
372 1720 679 1815 essent,et
725 1719 1051 1815 quotuaut-
1093 1715 1459 1815 ubi-bellare
1509 1716 1881 1788 disponerent
1915 1749 1962 1815 Β

229 1812 440 1865 contra
466 1805 848 1863 Christianos.
891 1806 1055 1872 Quod
1098 1804 1343 1861 audiens
1373 1806 1731 1871 Tancredus,
1766 1809 1883 1860 sta-

229 1898 347 1955 tim
391 1895 555 1952 misit
601 1894 877 1951 nuntium
922 1894 1249 1951 Jerusalem
1280 1893 1417 1971 duci
1464 1894 1798 1959 Godel‘rido,
1828 1897 1887 1949 et

232 1984 605 2061 patriarchae,
635 1984 1029 2056 omnibusque
1058 1982 1650 2056 principibus,dicens
1682 1999 1696 2040 :
1725 1984 1884 2040 Scia-

233 2079 313 2134 tis
358 2074 499 2149 quod
539 2075 700 2131 nobis
744 2081 1004 2146 paratum
1048 2081 1128 2130 est
1158 2073 1361 2129 bellum
1411 2073 1772 2130 Aschetoan
1817 2074 1885 2128 ab

232 2165 557 2222 Ammirato.
608 2164 789 2233 Igitur
831 2164 1005 2220 venite
1051 2165 1377 2236 festinanter
1420 2179 1545 2217 cum
1589 2163 1742 2218 omni
1780 2163 1888 2217 vir-

233 2263 368 2321 tute,
400 2270 566 2327 quam
593 2252 792 2309 habere
814 2253 1253 2324 poteritis.'l‘unc
1276 2251 1459 2323 jussit
1488 2253 1607 2306 dux
1635 2268 1888 2307 commo-

235 2342 365 2400 neri
393 2345 691 2408 omnes,ut
712 2340 963 2398 ﬂdeﬁter
992 2340 1142 2396 irent
1169 2339 1477 2414 praeparati
1496 2340 1883 2397 Ascbalonam

234 2432 471 2490 obviam
501 2431 758 2488 inimicis
778 2430 1153 2503 nostris.lpse
1178 2446 1313 2486 vero
1350 2442 1487 2486 cum
1535 2428 1884 2502 patriarcha,

234 2526 297 2579 et
326 2521 578 2578 Roberto
601 2519 942 2576 Flandrensi
974 2518 1384 2585 comite,exivit
1402 2519 1473 2576 de
1496 2520 1637 2575 urbe
1664 2519 1722 2574 in
1744 2518 1889 2575 feria

234 2609 432 2678 tertia,
464 2613 523 2666 et
567 2608 1031 2666 Marturanensis
1078 2607 1388 2681 episcopus
1427 2625 1563 2665 cum
1593 2608 1698 2665 eis.
1733 2609 1887 2664 Tum

234 2717 376 2757 vero
409 2699 605 2755 Sancti
633 2697 839 2773 Egidii
888 2714 1086 2754 comes
1114 2714 1181 2753 ac
1212 2697 1499 2754 Robertus
1530 2696 1886 2753 Northman-

234 2806 355 2846 nus
382 2786 653 2845 dixerunt
680 2804 744 2843 se
771 2803 887 2844 non
937 2787 1214 2858 exituros,
1248 2785 1363 2843 nisi
1408 2791 1632 2843 certum
1667 2785 1886 2843 bellum

236 2878 480 2936 scirent.
512 2878 832 2934 Jusserunt
862 2892 999 2949 ergo
1030 2875 1319 2932 militibus
1339 2876 1558 2943 suis,ut
1582 2880 1890 2949 pergerent

233 2968 434 3025 videre
463 2965 514 3022 si
535 2965 754 3022 bellum
783 2982 916 3022 vere
943 2969 1118 3035 esset,
1151 2970 1209 3021 et
1245 2969 1673 3021 reverterentur
1701 2983 1886 3038 quan-

234 3056 455 3122 tocius,
487 3054 627 3128 quia
654 3053 768 3128 ipsi
803 3071 939 3111 mox
966 3059 1163 3112 essent
1194 3053 1378 3127 parati
1407 3053 1621 3110 venire.
1654 3054 1888 3110 Iverunt

1899 374 1948 441 Α
1980 392 2012 431 a
2044 376 2559 435 Domino.Summo
2589 391 2723 431 vero
2754 373 3404 445 diluculo,intraverunt
3430 371 3490 431 in
3506 373 3629 433 val-

1982 466 2098 524 lem
2131 466 2308 523 nimis
2339 465 2666 538 pulchram,
2702 483 2872 523 secus
2902 465 3067 523 littus
3097 465 3365 533 maris,in
3396 483 3513 539 qua
3532 483 3631 523 or‘

1985 558 2333 613 dinavernnt
2362 573 2501 613 suas
2532 556 2705 613 acies.
2738 556 2865 612 Dux
2905 555 3184 612 instruxit
3214 572 3405 622 suam,
3428 572 3635 614 'comes

1985 647 2425 703 Northmannus
2473 662 2667 711 suam,
2700 662 2896 702 comes
2942 645 3141 702 Sancti
3187 644 3393 719 Egidii
3440 661 3631 717 suam,

1985 752 2182 793 comes
2214 735 2588 793 Flandrensis
2620 753 2810 803 suam,
2830 722 3028 792 comes
3059 735 3413 792 Eustachius
3440 748 3632 802 suam,

1987 827 2324 882 Tancredus
2372 829 2429 882 et
2475 825 2692 882 Gaston
2726 842 2915 881 suam.
2949 824 3375 882 Ordinaverunt
3404 841 3636 898 quoque

1986 915 2210 988 pedites
2240 919 2297 971 et
2326 914 2660 988 sagittarios
2709 915 2809 988 qui
2858 916 3254 988 praecederent
3298 913 3548 982 milites;
3580 918 3639 971 et

1987 1004 2073 1061 sic
2101 1005 2518 1060 ordinaverunt
2547 1003 2746 1061 omnia
2773 1021 2787 1060 :
2823 1004 3149 1077 Statimque
3178 1002 3427 1076 praeliari
3458 1019 3637 1076 crepe-

1988 1100 2127 1151 runt
2156 1094 2215 1149 in
2244 1093 2480 1150 nomine
2506 1093 2739 1149 Domini
2772 1092 2955 1150 nostri
3000 1094 3141 1150 Jesu
3194 1092 3427 1149 Christi.
3460 1092 3527 1149 In
3558 1092 3639 1149 si-

1989 1184 2175 1240 nistra
2202 1187 2365 1256 parte
2396 1183 2508 1238 fuit
2537 1182 2655 1239 dux
2685 1182 3031 1239 Godet‘ridus
3061 1198 3196 1238 cum
3227 1196 3336 1238 sua
3367 1180 3510 1250 acie,
3543 1197 3639 1238 co-

1989 1290 2115 1330 mes
2161 1271 2358 1329 Sancti
2408 1272 2613 1344 Egidii
2655 1273 2824 1344 juxta
2876 1261 3057 1341 mare,
3108 1271 3168 1327 in
3218 1271 3417 1327 dextra
3455 1274 3637 1343 parte,

1990 1379 2187 1419 comes
2216 1361 2880 1429 Northmannus,comes
2908 1377 3142 1433 quoque
3163 1359 3557 1425 Flandrensis,
3583 1362 3643 1416 et
3702 1418 3711 1425 ,

1990 1452 2329 1509 Tancredus
2353 1467 2674 1523 omnesque
2694 1449 2791 1506 alii
2817 1450 3158 1523 equitabant
3175 1449 3235 1505 in
3257 1448 3641 1506 medio.'l‘uno

1989 1541 2172 1599 nostri
2212 1544 2512 1613 coeperunt
2552 1538 2834 1611 paulatim
2885 1537 3215 1609 ambulare;
3264 1536 3641 1613 pagani’vero

1992 1632 2225 1688 stabant
2254 1630 2442 1703 parati
2470 1630 2542 1686 ab
2574 1628 3243 1702 bellum.Unusquisque
3272 1645 3447 1685 suum
3469 1628 3644 1686 babe-

1992 1721 2092 1777 bat
2119 1718 2421 1775 vasculum
2450 1719 2711 1791 pendens
2734 1717 2978 1785 collo,ex
2998 1718 3214 1789 quibus
3235 1721 3501 1791 potarent
3521 1733 3644 1790 per-

1994 1813 2305 1883 sequentes
2337 1825 2479 1876 nos;
2512 1808 2614 1864 sed
2641 1806 2761 1863 illis
2790 1824 2906 1863 non
2945 1804 3130 1875 licuit,
3163 1806 3352 1879 gratia
3384 1805 3503 1863 Dei.
3534 1806 3642 1864 Co-

1993 1915 2119 1955 mes
2149 1901 2345 1955 autem
2378 1896 2838 1961 Northmannus,
2872 1912 3115 1952 cernens
3141 1895 3450 1952 Ammirati
3478 1898 3640 1953 stan-

1992 1994 2187 2045 tarum
2217 1988 2527 2044 habentem
2551 1986 2846 2058 quoddam
2873 2002 3114 2058 pomum
3137 2000 3380 2041 aureum
3402 1984 3464 2041 in
3485 2001 3645 2043 sum-

1994 2078 2197 2134 mitate
2226 2077 2430 2145 hastae,
2463 2092 2591 2148 qua:
2622 2078 2747 2131 erat
2775 2079 3044 2146 cooperta
3073 2073 3519 2148 argento,irruit
3545 2090 3642 2131 ve-

1993 2166 2296 2224 hementer
2325 2182 2502 2238 super
2527 2162 2975 2235 illum,eumque
3002 2162 3323 2219 vulneravit
3352 2179 3540 2236 usque
3568 2164 3642 2220 ad

1993 2260 2262 2312 mortem.
2292 2256 2374 2310 Ex
2419 2254 2533 2309 alia
2586 2257 2749 2325 parte
2791 2269 2986 2309 comes
3038 2251 3433 2317 Flandrensis,
3466 2251 3643 2310 nimis

1994 2345 2207 2403 acriter
2234 2360 2334 2400 eos
2360 2342 2594 2399 invasit.
2618 2342 2955 2399 Tancredus
2987 2340 3168 2415 igitur
3194 2340 3481 2414 impetum
3507 2340 3646 2398 fecit

1994 2451 2100 2508 per
2128 2432 2388 2490 medium
2420 2431 2738 2489 tentorium
2770 2444 2995 2487 eorum.
3039 2431 3203 2497 Quod
3249 2429 3511 2487 videntes
3540 2447 3642 2504 pa-

1994 2523 2152 2598 gani,
2184 2522 2460 2579 continuo
2491 2520 2865 2594 arripuerunt
2894 2521 3115 2593 fugam.
3138 2519 3505 2593 Paganon
3536 2536 3642 2577 au-

1990 2617 2114 2670 tem
2148 2611 2460 2667 multitudo
2481 2615 2607 2667 erat
2623 2608 3531 2682 innumerabilis,numerumque
3550 2625 3643 2667 eo-

1996 2719 2127 2758 rum
2161 2717 2331 2757 nemo
2362 2700 2492 2766 scit,
2526 2699 2640 2755 nisi
2690 2698 2852 2755 solus
2904 2699 3079 2754 Deus.
3114 2697 3275 2754 Bella
3317 2714 3452 2755 vero
3477 2703 3644 2755 erant

1988 2790 2305 2857 immensa,
2326 2790 2426 2845 sed
2456 2788 2643 2844 virtus
2674 2787 2871 2844 divina
2899 2787 3292 2843 comitabatur
3310 2786 3639 2859 nobiscum,

1995 2885 2115 2935 tam
2130 2882 2490 2952 magna,tam
2503 2877 2670 2933 fortis
2683 2877 2836 2948 quod
2855 2876 3053 2933 statim
3069 2875 3474 2949 superavimus
3486 2875 3639 2944 illos,

1997 2969 2246 3025 Stabant
2273 2984 2408 3023 vero
2439 2966 2661 3022 inimici
2692 2964 2793 3022 Dei
2823 2964 3109 3031 excaecati,
3140 2968 3199 3020 et
3223 2965 3555 3037 stupefacti,
3573 2982 3641 3022 ac

1995 3056 2259 3114 videntes
2305 3055 2516 3112 Christi
2565 3054 2801 3122 milites,
2835 3053 3054 3126 apertis
3093 3052 3277 3110 oculis
3308 3054 3454 3110 nihil
3486 3053 3642 3111 vide-

233 3145 348 3213 illi,
381 3118 768 3217 videruntque
798 3142 1019 3201 bellum
1048 3118 1340 3216 paratum,
1369 3146 1427 3199 et
1454 3142 1569 3199 cito
1600 3143 1893 3199 renuntia-
1920 3118 1963 3185 (ἶ
1997 3148 2172 3215 bant;
2208 3151 2266 3202 et
2286 3118 3090 3215 contraChristian'oserigere
3106 3159 3169 3199 se
3189 3159 3305 3198 non
3323 3143 3639 3210 audebant,

234 3238 451 3291 verunt
481 3250 547 3290 se
571 3233 788 3290 vidisse
816 3232 1001 3289 oculis
1031 3232 1176 3289 suis.
1209 3232 1497 3288 Continuo
1528 3233 1647 3288 dux
1691 3250 1892 3305 appre-

235 3318 869 3380 hensoltlarturanensi
888 3321 1159 3395 episcopo
1171 3321 1471 3377 mandavit
1488 3320 1547 3376 in
1563 3320 1888 3379 Jerusalem

236 3430 359 3488 quo
388 3404 606 3469 milites
628 3410 729 3485 qui
750 3410 831 3468 ibi
854 3415 1020 3468 erant
1040 3414 1434 3485 prwpararent
1462 3414 1610 3478 se,et
1628 3411 1890 3468 venirent

234 3501 313 3560 ad
348 3499 601 3558 bellum.
641 3500 970 3573 Episcopus
1019 3516 1154 3557 vero
1199 3499 1662 3556 Marturanensis
1680 3499 1884 3568 .rediit,

231 3594 544 3664 reportans
560 3589 739 3646 verba
755 3588 939 3645 missa
957 3587 1386 3662 patriarchas,et
1403 3587 1537 3644 duci
1556 3606 1570 3658 ;
1602 3588 1887 3645 exierunt-

230 3690 352 3755 que
379 3677 689 3736 Sarraceni
731 3677 961 3735 obviam
1007 3677 1084 3743 ei,
1115 3682 1174 3734 et
1220 3677 1653 3750 apprehensum
1684 3694 1885 3734 secum

230 3769 550 3825 duxerunt.
572 3767 784 3825 Petrus
808 3784 942 3825 vero
970 3765 1226 3825 Eremita
1254 3766 1537 3823 remansit
1566 3766 1625 3822 in
1656 3767 1887 3824 Jerusa-

230 3858 371 3929 lem,
404 3856 733 3914 ordinando
761 3860 819 3914 et
845 3856 1231 3930 praecipiendo
1277 3854 1491 3912 Graecis
1534 3859 1593 3911 et
1642 3856 1883 3923 Latinis,

228 3963 301 4004 ae
330 3944 582 4015 clericis,
617 3950 685 4002 ut
711 3943 958 4002 fideliter
986 3945 1105 4001 Deo
1147 3944 1580 4018 processionem
1629 3944 1884 4001 celebra-

230 4040 386 4104 rent,
407 4039 467 4092 et
493 4032 894 4110 elcemosynas
923 4033 1331 4106 orationesque
1363 4033 1707 4102 facerent,ut
1731 4034 1886 4091 Deus

229 4123 453 4199 populo
482 4141 590 4181 suo
618 4122 924 4181 victoriam
954 4121 1351 4190 daret,Clerici
1381 4124 1438 4179 et
1467 4123 1887 4196 presbyteriin-

229 4213 579 4270 dutimrie
608 4212 867 4270 vestibus
897 4212 969 4268 ad
994 4210 1290 4284 tem-plum
1321 4210 1553 4268 Domini
1582 4208 1882 4269 'conduxe-

228 4306 374 4359 runt
396 4301 868 4375 processiouem;
900 4316 969 4357 ac
999 4300 1215 4358 missas
1234 4304 1292 4356 et
1310 4296 1605 4356 orationes
1633 4299 1887 4358 celebra-

226 4392 395 4461 bant,
431 4397 497 4446 ut
524 4389 679 4448 Deus
707 4404 884 4446 suum
906 4388 1253 4445 defenderet
1282 4387 1585 4462 populum.
1619 4388 1883 4462 Denique

1995 3237 2208 3292 virtute
2238 3234 2338 3291 Dei
2367 3233 2713 3291 tremefacti.
2764 3232 2870 3288 Pro
2917 3230 3099 3288 nimio
3148 3248 3402 3304 namque
3432 3230 3642 3289 timore

1996 3325 2389 3382 ascendebant
2416 3322 2477 3379 in
2509 3321 2829 3388 arbores,in
2860 3320 3076 3394 quibus
3105 3320 3391 3394 putabant
3418 3336 3483 3378 se
3503 3320 3642 3378 eti’u-

1995 3431 2153 3488 gere,
2182 3412 2273 3469 vel
2303 3412 2679 3470 abscondere.
2710 3411 2785 3466 At
2814 3410 2997 3467 nostri
3033 3408 3385 3483 sagittando,
3416 3413 3475 3466 et
3504 3426 3641 3467 cum

1993 3502 2212 3560 lanceis
2244 3506 2301 3559 et
2330 3501 2569 3558 ensibus
2600 3500 2936 3567 occidendo,
2959 3516 3060 3556 eos
3088 3499 3160 3555 ad
3190 3502 3410 3555 terram
3441 3497 3644 3572 praeci-

1994 3593 2279 3665 pitabant.
2301 3590 2411 3647 Alii
2435 3590 2741 3662 jactahant
2767 3605 2829 3645 se
2856 3587 2918 3644 in
2948 3592 3185 3656 terram,
3212 3604 3326 3644 non
3358 3588 3642 3646 audentes

1994 3698 2056 3737 se
2087 3681 2306 3752 erigere
2332 3684 2534 3736 contra
2562 3695 2689 3734 nos.
2722 3675 2916 3735 Nostri
2946 3677 3129 3749 igitur
3165 3675 3298 3733 illos
3329 3676 3642 3733 detrunca-

1992 3769 2315 3837 bant,sicut
2343 3767 2559 3840 aliquis
2581 3768 2889 3823 detruncat
2905 3764 3184 3845 animalia
3211 3766 3282 3821 ad
3304 3764 3638 3824 macellum.

1992 3858 2200 3916 Comes
2227 3875 2359 3914 vero
2390 3857 2587 3913 Sancti
2618 3855 2844 3928 Egidii,
2886 3855 3059 3926 juxta
3106 3871 3268 3911 mare
3314 3854 3527 3911 occidit
3573 3872 3642 3912 ex

1992 3948 2078 4004 eis
2109 3947 2235 4004 sine
2268 3962 2533 4002 numero.
2563 3944 2671 4002 Alii
2699 3961 2831 4000 vero
2862 3960 2924 3999 se
2955 3943 3396 4016 prmeipitabant
3422 3943 3484 3999 in
3514 3960 3638 4000 ma-~

1990 4053 2072 4104 re,
2105 4034 2205 4092 alii
2228 4034 2532 4108 fugiebant
2550 4032 2666 4089 buc
2686 4031 2962 4105 illucque.
3000 4030 3258 4088 Veniens
3287 4032 3483 4105 itaque
3510 4034 3642 4088 Am-

1992 4124 2240 4181 miratus
2269 4122 2599 4197 Babyloniae
2639 4125 2773 4178 ante
2812 4120 3056 4177 Ascalon
3089 4119 3401 4187 civitatem,
3436 4120 3642 4178 dolens

1991 4218 2050 4270 et
2094 4228 2348 4269 mcerens
2395 4211 2772 4284 lacrymando
2821 4209 3015 4266 dixit:
3047 4211 3094 4268 Ο
3120 4208 3344 4265 deorum
3371 4208 3635 4281 spiritus!

1989 4304 2115 4375 quis
2162 4318 2408 4374 unquam
2452 4301 2591 4356 vidit
2619 4300 2704 4356 vel
2733 4298 2946 4354 audivit
2972 4297 3152 4354 talia?
3185 4298 3359 4352 Tanta
3382 4304 3638 4369 potestas,

1990 4399 2146 4448 tanta
2173 4392 2367 4457 virtus,
2420 4396 2573 4445 tanta
2618 4389 2845 4455 militia,
2895 4401 3023 4459 quae
3077 4398 3362 4459 nunquam
3403 4385 3472 4442 ab
3513 4386 3641 4444 ulla.

223 4478 566 4555 patriarcha
594 4484 651 4536 et
678 4478 934 4553 episcopi
978 4477 1195 4551 aliique
1244 4476 1514 4535 seniores
1547 4479 1881 4552 congregati
1912 4488 1959 4552 ι)
1989 4487 2142 4553 qente
2167 4480 2279 4551 fuit
2306 4486 2578 4551 superata,
2607 4476 2764 4533 modo
2793 4492 2827 4531 α
2856 4475 3079 4532 tantilla
3105 4482 3258 4546 gente
3288 4472 3639 4531 Christiano-

222 4575 367 4626 sunt
386 4569 463 4625 ad
487 4568 733 4625 ﬂuvium
762 4567 918 4641 quod
950 4571 1041 4623 est
1062 4583 1132 4624 ex
1162 4567 1272 4623 hae
1300 4570 1467 4639 parte
1495 4566 1878 4624 Aschaloniaa.

220 4658 475 4731 liliaque
504 4657 694 4714 multa
723 4654 1230 4726 animalia,boum,
1265 4655 1644 4723 camelorum,
1665 4656 1881 4726 ovium,

222 4752 408 4822 atque
438 4745 705 4803 omnium
735 4744 1029 4802 bonorum
1059 4742 1379 4819 deprazdati
1409 4747 1566 4800 sunt.
1589 4743 1886 4801 Venerunt

222 4840 427 4893 autem
484 4836 706 4893 Arabes
748 4835 874 4892 fere
926 4833 1188 4903 trecenti,
1238 4831 1653 4907 irrueruntque
1700 4833 1887 4891 nostri

223 4941 410 4998 super
439 4922 602 4993 illos;
645 4922 1427 4997 et=apprebenderunt~duos
1452 4939 1523 4979 ex
1546 4923 1655 4988 eis,
1689 4939 1884 4995 perse-

223 5016 481 5088 quentes
496 5010 877 5085 mlius'usque
894 5012 977 5068 ad
1009 5026 1212 5068 eorum
1243 5011 1583 5067 exercitum.
1606 5012 1745 5069 Sero
1776 5027 1886 5068 au-

221 5106 347 5159 tem
380 5102 553 5170 facta,
584 5100 920 5176 patriarcha
946 5098 1085 5157 fecit
1122 5098 1441 5174 praeconeri
1486 5116 1590 5173 per
1645 5114 1879 5157 omnem

221 5190 575 5261 exercitum,
604 5194 671 5246 ut
700 5188 760 5246 in
792 5206 1025 5247 summo
1056 5206 1228 5245 mane
1259 5204 1465 5245 omnes
1510 5188 1572 5244 in
1624 5189 1880 5246 crastino

221 5284 429 5339 essent
474 5279 663 5354 parati
693 5279 768 5337 ad
801 5277 1042 5346 bellum,
1090 5278 1573 5335 excomunieans
1615 5294 1686 5333 ne
1731 5279 1880 5336 ullus

219 5370 385 5428 homo
414 5369 717 5426 inludent
758 5367 833 5424 ad
876 5368 995 5423 ulla
1044 5367 1246 5439 spolia,
1293 5365 1460 5421 donec
1507 5366 1713 5422 bellum
1746 5376 1884 5425 esset

216 5461 465 5532 factum;
493 5459 596 5515 sed
626 5474 693 5515 eo
725 5457 901 5523 facto,
932 5456 1361 5512 reverterentur
1389 5470 1526 5511 cum
1555 5453 1708 5510 {elici
1740 5472 1881 5528 gau-

217 5547 419 5621 dio,ad
441 5547 796 5624 capiendum
814 5542 1105 5621 quidquid
1122 5541 1208 5598 eis
1225 5541 1698 5615 praedestinatum
1721 5554 1881 5608 esset

1990 4584 2119 4624 rum
2170 4575 2251 4623 est
2295 4567 2531 4623 devicta.
2583 4566 2698 4621 Heu
2747 4564 2914 4629 mihi,
2947 4565 3120 4620 tristis
3161 4562 3473 4619 acdolensl
3507 4563 3640 4635 quid

1991 4657 2230 4728 amplius
2288 4656 2504 4711 dicam?
2556 4653 2856 4727 Superatus
2902 4667 3024 4708 sum
3069 4669 3103 4707 a
3156 4659 3314 4722 gente
3368 4650 3635 4720 mendica,

1991 4746 2195 4801 inermi
2219 4752 2272 4800 et
2296 4745 2671 4816 pauperrima,
2705 4758 2827 4816 quae
2854 4757 2966 4797 non
2994 4742 3153 4797 habet
3188 4742 3307 4797 nisi
3348 4756 3563 4799 saccum
3589 4749 3643 4798 et

1984 4849 2198 4908 peram.
2220 4834 2345 4905 Ipsa
2374 4833 2529 4889 mede
2557 4832 2902 4904 persequitur
2929 4837 2983 4886 et
3011 4829 3211 4886 occidit
3222 4837 3437 4900 gentem
3464 4830 3638 4902 Ασῒθῃ-

1987 4924 2385 4996 ριίαεωηῃαιτ
2414 4921 2505 4977 illi
2531 4921 2832 4992 pleruon
2858 4934 2991 4975 suas
3020 4919 3318 4988 largitaest
3342 4919 3639 4990 elsemosy-

1990 5011 2252 5080 nas,dum
2279 5012 2414 5068 olim
2438 5024 2538 5083 per
2564 5022 2777 5064 omnem
2802 5014 3049 5063 nostram
3091 5008 3337 5078 patriam
3386 5005 3640 5063 mendica

1936 5140 1941 5149 .
1990 5107 2087 5155 ret.
2138 5100 2255 5155 Huc
2296 5098 2539 5156 conduxi
2583 5096 2653 5153 ad
2700 5095 3136 5151 communionem
3174 5094 3411 5150 ducenta
3445 5095 3641 5151 millia

1987 5188 2253 5253 militum,
2282 5196 2333 5245 et
2362 5186 2519 5243 video
2550 5186 2673 5242 illos
2704 5182 2851 5239 laxis
2880 5182 3062 5259 frenis
3089 5183 3357 5255 fugientes
3376 5198 3473 5254 per
3492 5183 3643 5238 viam

1986 5277 2403 5347 Babylonicum,
2436 5284 2489 5332 et
2532 5291 2643 5333 non
2694 5271 2898 5331 audent
2925 5273 3125 5328 reverti
3151 5271 3406 5329 adversus
3429 5278 3644 5341 genam

1986 5367 2401 5435 Francigenam.
2432 5366 2565 5422 Iuro
2603 5378 2703 5437 per
2745 5360 3025 5420 Dia/mmet
3047 5369 3100 5417 et
3129 5376 3230 5432 per
3278 5362 3471 5417 om
3511 5359 3645 5415 deo-

1986 5470 2115 5511 rum
2143 5454 2395 5522 numina,
2427 5453 2566 5527 quod
2595 5452 2747 5508 ultra
2768 5466 2884 5509 non
2915 5451 3155 5508 retinebo
3182 5448 3389 5505 milites
3421 5460 3649 5506 conven-

1991 5544 2143 5602 tione
2169 5543 2386 5615 aliqua,
2415 5545 2548 5618 quia
2583 5537 2847 5613 expulsus
2876 5555 3003 5599 sum
3030 5556 3065 5597 a
3091 5545 3245 5611 gente
3271 5535 3464 5597 aliena
3480 5542 3532 5594 et
3548 5531 3649 5589 ad-
