3996 6096
266 304 389 366 669

1058 300 1401 363 ROBERTI
1447 297 1800 361 MONACHI
1845 299 2049 360 IIIS'I‘.
2096 292 2509 358 IIIE-ROSOL.
2542 329 2620 340 —
2647 294 2797 357 LIB.
2842 294 2891 357 I.

3552 292 3674 356 670

1662 660 2279 792 INCIPIT

680 917 1258 1007 PRZEFATIO
1318 912 2120 1003 APOLOGETICA
2186 910 2712 1000 MONACHI
2771 910 3270 998 ROBERTI
3367 928 3371 932 ’

1386 1095 1459 1151 ΙΝ
1499 1092 1841 1151 HISTORIA
1878 1090 2568 1148 HIEROSOLYMITANA

1766 1280 2193 1293 ..ι-,-

348 1436 662 1495 Universos
696 1436 795 1511 qui
825 1437 977 1493 hanc
1006 1435 1313 1492 historiam
1345 1433 1614 1509 legerint,
1647 1433 1766 1490 sive
1814 1432 1926 1506 legi
1957 1434 2009 1502 Α
2040 1436 2154 1488 test
2183 1437 2240 1488 et
2265 1430 2469 1487 levitas
2498 1429 2798 1498 carminis,
2831 1433 2888 1486 et
2914 1430 3157 1486 minime
3188 1431 3490 1504 phalerata
3518 1452 3683 1495 com-

275 1526 598 1596 audierint,
629 1531 687 1582 et
741 1524 1004 1581 auditam
1059 1522 1465 1591 intellexerint,
1517 1523 1814 1596 deprecor,
1866 1525 1931 1578 ut

276 1633 417 1675 cum
450 1615 510 1672 in
532 1632 600 1671 ea
613 1613 838 1687 aliquid
864 1614 1151 1669 inurbane
1168 1611 1556 1685 compositum
1581 1611 1927 1678 invenerint,

278 1704 606 1763 concedant
632 1702 884 1772 veniam,
920 1701 1060 1775 quia
1087 1701 1239 1757 hanc
1289 1701 1542 1757 scribere
1588 1700 1930 1773 compulsus

279 1793 368 1851 fui
395 1810 499 1867 per
525 1790 937 1849 obedientiam.
971 1789 1220 1859 Quidam
1269 1791 1425 1847 enim
1457 1789 1660 1857 abbas,
1693 1789 1931 1845 nomine

276 1881 711 1951 N.,litterarum
732 1879 1046 1937 scientiaet
1066 1896 1298 1935 morum
1322 1878 1610 1952 probitate
1630 1878 1930 1951 praeditus,

279 1969 539 2028 ostendit
568 1968 712 2025 mihi
742 1984 923 2025 unam
952 1967 1257 2025 historiam
1289 1969 1612 2024 secundum
1635 1967 1785 2022 hanc
1808 1984 1931 2022 ma-

279 2060 516 2129 teriam,
541 2058 643 2116 sed
672 2057 725 2116 ei
756 2058 1075 2114 admodum
1105 2056 1452 2130 displicebat
1484 2073 1497 2111 :
1532 2055 1931 2130 partim,quod

280 2149 520 2206 initium
553 2164 728 2205 suum
754 2147 909 2221 quod
939 2146 1001 2202 in
1031 2144 1406 2203 Clarimontis
1435 2145 1679 2202 concilio
1709 2144 1930 2201 consti-

280 2242 479 2295 tutum
508 2237 641 2305 fuit,
675 2254 791 2293 non
821 2236 1102 2304 habebat;
1135 2235 1348 2309 partim
1382 2235 1535 2308 quod
1584 2234 1763 2290 series
1811 2238 1933 2290 tam

280 2327 542 2402 pulchrae
575 2325 832 2383 materiae
852 2323 1074 2381 inculta
1083 2325 1108 2396 j
1117 2325 1403 2392 acebat,et
1422 2321 1759 2379 litteralinm
1783 2340 1935 2379 com-

279 2415 499 2490 positio
547 2413 872 2471 dictionum
933 2412 1231 2469 incondita
1276 2410 1606 2468 vacillabat.
1659 2411 1935 2485 Praecepit

281 2522 426 2578 ergo
458 2504 603 2560 mihi
638 2508 703 2559 ut
724 2502 822 2576 qui
846 2500 1219 2558 Clarimontis
1250 2499 1489 2556 interfui
1524 2499 1788 2567 concilio,
1815 2516 1937 2557 ace-

282 2591 477 2668 phalaz
510 2591 773 2648 materiei
803 2595 978 2663 caput
1006 2605 1423 2664 praeponerem,
1453 2594 1507 2645 et
1536 2588 1775 2644 lecturis
1805 2605 1934 2644 eam

284 2681 635 2740 accuratiori
665 2680 814 2755 style
835 2696 1265 2753 componerem.
1289 2679 1406 2752 Ego
1432 2678 1739 2751 vero,quia
1769 2681 1933 2734 nota-

285 2772 445 2829 rium
473 2788 586 2828 non
606 2770 785 2827 habui
808 2769 990 2826 alium
1012 2767 1127 2824 nisi
1158 2770 1334 2838 me,et
1352 2767 1586 2834 dictavi,
1608 2772 1666 2823 et
1688 2766 1896 2840 scripsi
1919 2784 1933 2821 :

282 2861 375 2919 sic
404 2861 556 2935 quod
588 2859 974 2917 continuatim
1000 2857 1169 2932 parui
1199 2856 1382 2913 menti
1411 2860 1706 2925 manus,et
1734 2855 1936 2912 manui

279 2953 573 3024 penna,et
595 2965 799 3023 pennis
829 2947 1064 3022 pagina,
1077 2950 1135 3004 et
1162 2947 1339 3002 fidem
1371 2946 1516 3002 satis
1547 2948 1820 3019 praestare
1841 2961 1941 3018 po-

2037 1520 2248 1595 positio
2279 1520 2570 1576 dictionis.
2602 1520 2786 1588 Unde,
2819 1519 2870 1577 si
2901 1519 2994 1576 cui
3034 1521 3503 1581 academicorum
3553 1530 3686 1584 stu-

2037 1610 2150 1667 diis
2184 1610 2467 1666 innutrito
2499 1608 2769 1681 displicet
2797 1609 2919 1665 haac
2977 1615 3179 1666 nostra
3226 1610 3425 1683 editio,
3454 1616 3527 1672 ob
3575 1615 3686 1674 hoc

2038 1700 2284 1756 forsitan
2336 1698 2491 1772 quod
2543 1698 2795 1770 pedestri
2854 1716 3122 1756 sermone
3180 1699 3516 1761 incedentes
3551 1705 3687 1778 plus

2031 1789 2197 1861 justo
2230 1788 2291 1843 in
2322 1804 2391 1843 ea
2429 1787 2928 1858 rusticaverimus,
2977 1789 3273 1847 notificare
3317 1792 3369 1847 ei
3415 1792 3687 1854 volumus

2039 1877 2196 1951 quod
2245 1877 2400 1950 apud
2434 1894 2540 1933 nos
2587 1875 2950 1949 probabilius
2993 1881 3102 1949 est,
3136 1879 3481 1938 abscondita
3508 1884 3687 1940 rusti-

2040 1966 2224 2023 cando
2256 1965 2565 2033 elucidare,
2600 1981 2779 2039 quam
2824 1970 3024 2039 aperta
3067 1966 3534 2042 philosophando
3584 1973 3688 2030 ob-

2041 2054 2326 2111 nubilare.
2362 2054 2564 2110 Sermo
2595 2054 2749 2111 enim
2792 2073 3023 2129 semper
3051 2066 3309 2127 exactus,
3340 2076 3575 2134 semper
3600 2066 3690 2121 est

2039 2145 2336 2218 ingratus;
2372 2144 2512 2217 quia
2541 2146 2696 2217 quod
2747 2144 2971 2200 difficili
3017 2145 3317 2204 intellectu
3349 2150 3686 2224 percipitur;

2041 2232 2292 2290 surdiori
2326 2250 2465 2289 aure
2494 2233 2781 2288 hauritur.
2796 2234 2913 2290 Nos
2938 2252 3070 2291 vero
3088 2235 3315 2309 plebeio
3342 2238 3574 2296 incessu
3605 2241 3690 2299 sic

2040 2322 2315 2379 volumus
2362 2322 2628 2395 progredi
2684 2339 3012 2379 sermonem
3055 2330 3345 2397 nostrum,
3379 2331 3445 2384 ut
3498 2329 3690 2402 quivis

2042 2428 2176 2467 cum
2238 2409 2507 2476 audierit,
2566 2414 2761 2483 speret
2812 2411 2997 2480 idem;
3032 2416 3089 2468 et
3135 2414 3185 2470 si
3233 2415 3501 2473 fortassis
3532 2418 3687 2475 idem

2025 2499 2352 2583 Itentaverit
2382 2516 2529 2567 esse,
2563 2499 2734 2572 longe
2783 2506 3087 2572 separetur
3133 2503 3206 2559 ab
3251 2504 3430 2562 idem.
3463 2507 3522 2564 Si
3556 2508 3691 2582 quis

2044 2589 2278 2644 affectat
2334 2589 2483 2644 scire
2530 2588 2722 2644 locum
2775 2605 2889 2662 quo
2934 2589 3055 2648 haec
3085 2590 3329 2649 historia
3366 2597 3693 2670 composita

2044 2677 2237 2746 fuerit,
2262 2677 2409 2733 sciat
2437 2694 2565 2734 esse
2596 2677 2919 2734 claustrum
2953 2680 3264 2752 cujusdam
3296 2682 3452 2740 cella:
3484 2686 3542 2742 S.
3577 2687 3690 2744 Re-

2046 2766 2209 2839 migii
2243 2767 2574 2822 constitutae
2605 2767 2665 2822 in
2694 2767 3034 2841 episcopatu
3068 2769 3360 2827 Remensi.
3395 2772 3455 2830 Si
3477 2791 3690 2833 nomen

2045 2855 2301 2912 auctoris
2351 2855 2622 2929 exigitur,
2675 2855 2778 2929 qui
2818 2874 2946 2913 eam
3004 2860 3354 2933 composuit,
3394 2861 3692 2923 Rossnrus

2045 2943 2393 3018 appellatur.

1435 3271 1844 3359 INCIPIT
1908 3268 2544 3357 PROLOGUS

366 3470 522 3525 Inter
548 3485 752 3526 omnes
782 3467 1285 3541 historiographos
1317 3466 1458 3523 Novi
1490 3484 1556 3522 ac
1574 3466 1801 3522 Veteris
1828 3468 1937 3522 'l‘e-

284 3557 569 3617 stamenti
625 3558 815 3614 Moses
861 3560 1102 3613 sanctus
1140 3556 1363 3613 obtinet
1390 3555 1803 3629 principatum,
1835 3555 1935 3627 qui

284 3645 486 3705 divino
515 3646 725 3719 spiritu
758 3644 1401 3718 prophetiazﬂebraicis
1432 3643 1661 3711 litteris,
1687 3660 1936 3716 quarum

282 3737 415 3810 ipse
448 3739 617 3792 autor
644 3734 886 3799 exstitit,
914 3735 1118 3789 mundi
1161 3733 1474 3806 descripsit
1523 3732 1847 3800 exnrdium,
1881 3735 1939 3787 ct

281 3824 490 3900 prima;
520 3823 707 3880 aetatis
738 3840 805 3879 ac
837 3823 1105 3879 secundae
1134 3822 1283 3878 facta
1308 3820 1800 3892 mirabiliora,ncc
1822 3838 1937 3877 non

282 3919 346 3972 et
374 3912 841 3988 patriarcharum
896 3916 1061 3986 gesta
1087 3910 1256 3967 nobis
1288 3910 1531 3967 adduxit
1560 3910 1620 3965 in
1652 3910 1934 3966 medium.

283 4002 478 4076 Hujus
507 4001 837 4075 exemplum
860 4000 1043 4057 secuti
1070 4004 1211 4056 sunt
1229 4004 1403 4056 Jesus
1423 4000 1596 4067 Nave,
1613 3998 1849 4054 Samuel
1883 4003 1941 4054 et

286 4090 487 4158 David,
519 4107 769 4164 quorum
803 4089 1029 4163 primus
1058 4089 1237 4145 Josue
1266 4087 1504 4153 librum,
1539 4088 1833 4143 secundus
1884 4090 1941 4143 et

285 4180 500 4238 tertius
514 4180 736 4253 Regum
758 4178 1036 4236 historias
1057 4176 1550 4249 conscripserunt.
1566 4177 1647 4231 Ex
1668 4175 1776 4231 hoc
1803 4191 1938 4249 ergo

286 4268 520 4343 liquido
550 4266 742 4341 colligi
776 4271 965 4341 potest
994 4266 1151 4339 quod
1182 4283 1380 4322 revera
1408 4265 1524 4321 Deo
1554 4264 1632 4321 sit
1671 4270 1939 4336 accepta-

289 4356 429 4425 bile,
464 4360 533 4413 ut
560 4355 927 4413 ad'notitiam
958 4354 1217 4411 ﬁdelium
1252 4371 1491 4410 suorum
1523 4352 1732 4410 litteris
1780 4371 1939 4410 com-

288 4444 624 4513 mandetur,
647 4460 782 4500 cum
813 4443 871 4498 in
902 4448 1056 4500 terra
1087 4442 1312 4516 peragit
1343 4441 1495 4515 quod
1530 4441 1781 4515 praefixis
1798 4445 1941 4497 tem-

288 4534 538 4608 poribus
564 4533 687 4590 ﬂeri
718 4531 1030 4606 disposuit,
1061 4531 1300 4604 aliquod
1333 4548 1481 4603 opus
1514 4529 1798 4586 mirabile.
1828 4531 1960 4594 Sed.

289 4621 436 4697 quid
466 4628 598 4695 post
623 4620 975 4678 creationem
1008 4620 1213 4677 mundi
1237 4619 1566 4677 mirabilius
1587 4618 1805 4674 factum
1826 4623 1936 4685 est,

286 4715 506 4785 praeter
557 4709 870 4768 salutiferae
919 4709 1110 4766 crucis
1157 4708 1527 4783 mysterium,
1562 4724 1740 4780 quam
1782 4707 1939 4779 quod

286 4799 592 4858 modernis
622 4799 983 4873 temporibus
1013 4802 1207 4855 actum
1242 4802 1331 4855 est
1360 4799 1420 4853 in
1451 4796 1561 4853 hoc
1592 4795 1795 4852 itinere
1834 4811 1940 4850 no-

2046 3470 2301 3521 strorum
2316 3463 2892 3537 Ilicrosolymitarum
2905 3466 2932 3521 ?
2951 3468 3112 3532 Quod
3138 3472 3356 3540 quanto
3368 3471 3693 3529 studiosius

2045 3554 2296 3627 quisque
2325 3554 2654 3621 adverterit,
2678 3557 2839 3609 tanto
2873 3555 3108 3611 uberius
3139 3555 3294 3613 intra
3324 3560 3540 3617 mentis
3570 3577 3690 3618 sua)

2047 3641 2321 3697 dilatatos
2336 3642 2881 3715 sinus‘obtupcscet.
2899 3644 3017 3700 Hoc
3036 3644 3193 3700 enim
3218 3663 3333 3702 non
3362 3648 3472 3704 fuit
3490 3648 3698 3707 huma-

2047 3748 2187 3786 num
2222 3748 2390 3803 opus,
2424 3732 2521 3786 sed
2557 3731 2839 3787 divinum.
2874 3733 2944 3789 Et
2972 3733 3101 3790 ideo
3133 3733 3369 3791 litterali
3398 3738 3696 3813 compagi-

2045 3819 2280 3875 natione
2332 3820 2729 3876 commendari
2779 3822 2949 3878 debet
3000 3822 3215 3878 notitiae
3264 3828 3383 3880 tam
3440 3843 3697 3899 praesen-

2048 3908 2199 3963 tium
2231 3925 2408 3980 quam
2440 3910 2793 3978 futurorum,
2820 3915 2886 3965 ut
2915 3928 3017 3984 per
3045 3911 3155 3968 hoc
3184 3917 3242 3969 et
3271 3931 3405 3986 spes
3426 3915 3484 3970 in
3510 3916 3695 3972 Deum

2046 3996 2376 4052 Christiana
2407 3997 2597 4071 magis
2627 3997 2930 4067 solidetur,
2966 4006 3022 4055 et
3050 4000 3180 4057 laus
3209 4003 3339 4073 ejus
3390 4003 3451 4058 in
3491 4021 3695 4061 eorum

2048 4085 2344 4140 mentibus
2374 4084 2626 4141 vivacior
2655 4085 2946 4144 incitetur.
2978 4089 3123 4145 Nam
3160 4090 3297 4163 quis
3340 4107 3545 4165 regum
3595 4096 3698 4148 aut

2047 4172 2381 4245 principum
2416 4178 2610 4241 posset
2640 4175 2908 4247 subigere
2938 4180 3023 4231 tot
3060 4177 3320 4234 civitates
3350 4182 3408 4234 et
3434 4179 3693 4247 castella,

2000 4255 2014 4278 ‘
2050 4266 2278 4328 natura,
2313 4267 2457 4327 arte,
2492 4279 2593 4317 seu
2624 4262 2883 4318 humano
2917 4264 3148 4337 ingenio
3179 4268 3548 4338 praemunita,
3583 4267 3693 4324 nisi

2050 4352 2402 4407 Francorum
2439 4353 2592 4407 boum
2621 4369 2771 4423 gens,
2805 4354 2957 4425 cujus
2986 4363 3064 4409 est
3093 4357 3360 4412 Dominus
3407 4359 3567 4424 Deus,
3596 4374 3695 4429 po-

2044 4441 2210 4531 pulus
2227 4456 2383 4513 quem
2397 4441 2559 4531 elegit
2653 4441 3030 4531 hwredz'Iatem
3047 4444 3194 4499 sibi?
3211 4445 3392 4515 (Psal.
3406 4447 3607 4512 xxxnd
3618 4448 3696 4518 2.)

2050 4529 2263 4585 Inferat
2293 4546 2429 4603 ergo
2462 4529 2631 4586 nobis
2672 4530 2771 4586 Dei
2818 4532 3107 4604 sapientia
3153 4535 3307 4605 qnod
3357 4535 3429 4590 ad
3461 4535 3697 4605 laudem

2050 4618 2139 4675 sui
2176 4618 2430 4674 nominis
2452 4619 2837 4691 proferamus.
2864 4602 2933 4676 Et
2956 4602 3274 4694 sciant,qui
3306 4621 3427 4679 haec
3448 4602 3698 4698 legerint

2049 4708 2167 4763 sive
2198 4707 2512 4773 audierint,
2546 4710 2701 4780 quod
2751 4707 2894 4764 nihil
2946 4708 3156 4777 frivoli,
3191 4710 3338 4766 nihil
3384 4713 3695 4780 mendacii,

2050 4794 2197 4850 nihil
2230 4812 2547 4869 nugarum,
2580 4795 2693 4852 nisi
2724 4798 2878 4870 quod
2908 4815 3111 4855 verum
3142 4800 3700 4870 est,enarrabimus.

1607 4911 1937 5009 EXPLICI'I‘
1976 4910 2372 4968 PROLOGUS.

1342 5074 1750 5163 INCIPIT
1827 5073 2138 5160 LIBER
2222 5074 2640 5161 PRIMUS

828 5223 1057 5280 CAPUT
1096 5223 1408 5281 PRIMUM.

365 5404 530 5459 Anno
575 5401 756 5476 igitur
798 5400 1115 5458 Dominicaa
1162 5400 1584 5458 Incarnationis
1628 5399 1943 5459 millesimo

286 5490 676 5566 nonagesimo
708 5490 1225 5565 quinto,magnum
1245 5488 1396 5545 inter
1409 5490 1556 5545 ﬁnes
1575 5486 1772 5543 Gallia;
1798 5507 1942 5549 con-

286 5581 496 5640 cilium
528 5579 888 5638 celebratum
919 5583 1027 5647 est,
1061 5579 1123 5635 in
1152 5576 1428 5634 Arvernia
1455 5576 1698 5640 scilicet,
1717 5575 1778 5633 in
1810 5580 1945 5640 civi-

2051 5226 2168 5278 tate
2196 5240 2323 5296 quae
2354 5222 2735 5281 Clarusmons
2766 5224 3112 5298 appellatur.
3133 5226 3238 5283 Cui
3265 5244 3417 5301 papa
3436 5227 3704 5288 Urbanus

2053 5313 2348 5368 secundus
2389 5328 2523 5368 cum
2572 5313 2867 5386 episcopis
2915 5319 2973 5371 et
3017 5314 3417 5372 cardinalibus
3446 5318 3703 5389 praefuit.

2052 5402 2187 5457 Fuit
2218 5406 2409 5457 autem
2446 5401 2592 5458 illud
2648 5402 2969 5460 concilium
3014 5402 3184 5460 valde
3231 5404 3703 5475 celeberrimum,

2052 5495 2337 5547 conventu
2361 5489 2661 5548 Gallorum
2695 5505 2761 5544 ac
2794 5492 3373 5564 Germanorum,tam
3404 5493 3708 5566 episcopo-

2054 5595 2187 5636 rum
2219 5595 2398 5652 quam
2430 5581 2793 5654 principum.
2823 5580 3121 5639 Ordinatis
3140 5579 3321 5654 igitur
3350 5580 3411 5638 in
3432 5598 3499 5640 eo
3530 5580 3711 5639 rebus
