3994 6082
300 263 411 336 671

818 267 920 334 ΑΙ)
967 267 1479 338 GODEFRIDUM
1521 271 1856 335 APPEND.
1902 268 1981 332 ΙΙ.
2015 303 2092 316 --
2119 268 2430 335 MONUM.
2476 270 2579 335 DE
2621 270 2872 336 BELLO
2915 268 3188 335 SACRO.

3577 268 3702 338 67$

300 400 730 473 ecclesiasticis,
755 403 926 461 exivit
946 406 1223 463 dominus
1254 424 1404 479 papa
1434 405 1491 460 in
1526 405 1780 478 quadam
1803 420 1936 476 spa-
1966 402 2021 469 Α
2049 407 2174 458 tum
2209 407 2266 460 et
2295 405 2611 477 conjugum
2645 403 2903 461 continet
2920 404 3181 473 aﬂ‘ectus,
3204 419 3276 460 en
3300 398 3534 460 recolite
3555 400 3696 474 quid

301 493 461 548 tiosaa
478 494 805 550 latitudinis
827 496 1180 568 platea,quia
1204 514 1316 550 non
1339 500 1565 567 poterat
1585 494 1714 549 illos
1740 509 1943 564 capere

299 583 612 653 cujuslibet
632 584 857 639 aediﬁcii
891 584 1183 641 clausura.
1211 585 1316 651 Qui
1348 584 1454 639 hac
1486 583 1725 639 suadela
1748 582 1940 637 rheto-

298 669 428 727 ricae
458 673 806 736 dulcedinis,
829 674 1175 747 generaliter
1202 675 1272 728 ad
1304 691 1506 728 omnes
1538 672 1595 726 in
1629 673 1748 727 haec
1770 671 1945 725 verba

297 762 796 834 prorupit,dicens
819 766 897 830 (1)
925 781 938 816 :
965 787 990 812 ‹‹
1021 764 1174 819 Gens
1199 765 1725 833 Francorum,gens
1751 765 1943 814 trans-

298 857 600 916 montana,
623 853 948 924 gens,sicut
981 852 1037 906 in
1073 851 1340 923 pluribus
1371 851 1580 907 vestris
1601 849 1786 905 elucet
1808 865 1941 920 ope-

297 942 534 1007 ribus,a
564 942 678 994 Deo
739 940 948 995 dilecta
997 946 1053 994 et
1084 941 1280 1007 electa,
1317 945 1435 994 tam
1481 939 1595 994 situ
1655 944 1942 993 terrarum

295 1047 470 1102 quam
506 1030 616 1084 ﬁde
646 1029 1144 1101 catholica,qnam
1179 1030 1396 1084 honore
1419 1034 1629 1083 sancta
1653 1026 1941 1089 Ecclesia",

294 1120 367 1174 ab
398 1118 683 1173 universis
735 1119 1070 1173 nationibus
1118 1123 1441 1191 segregata,
1474 1119 1545 1172 ad
1595 1134 1696 1171 vos
1752 1132 1942 1171 sermo

293 1212 489 1264 noster
516 1207 808 1278 dirigitur,
826 1208 1107 1279 vobisque
1137 1208 1458 1262 exhortatio
1490 1211 1689 1262 nostra
1712 1211 1944 1277 proten-

294 1296 470 1350 ditur.
507 1295 665 1352 Scire
715 1313 813 1352 vos
860 1296 1131 1352 volumus
1181 1314 1308 1369 quae
1359 1297 1627 1369 lugubris
1662 1311 1839 1350 causa
1871 1293 1940 1348 ad

288 1390 514 1440 vestros
548 1385 692 1440 ﬁnes
726 1403 830 1439 nos
864 1385 1190 1453 adduxerit,
1225 1403 1352 1458 qua:
1387 1384 1704 1440 necessitas
1753 1387 1946 1438 vestra

290 1479 754 1546 cunctorumque
811 1473 1072 1529 (idolium
1123 1475 1447 1530 attraxerit.
1476 1475 1564 1528 Ab
1619 1470 1944 1544 Hierosoly-

288 1580 523 1619 morum
557 1563 774 1619 finibus
807 1569 862 1618 et
893 1565 1034 1619 urbe
1067 1563 1716 1634 Constantinopolitana
1740 1560 1943 1616 relatio

287 1653 480 1726 gravis
509 1653 766 1717 emersit,
801 1657 858 1707 et
890 1653 1213 1724 saepissime
1235 1654 1362 1723 jam
1396 1652 1467 1706 ad
1501 1668 1675 1706 aures
1708 1655 1941 1704 nostras

291 1741 550 1813 pervenit
586 1742 740 1813 quod
772 1741 1044 1798 videlicet
1072 1760 1215 1815 gens
1247 1741 1410 1813 regni
1441 1742 1770 1803 Persarum,
1797 1756 1941 1811 gens
1971 1773 2018 1838 B

286 1830 618 1898 maledicta,
654 1835 926 1886 extranea
985 1848 1128 1902 gens
1186 1847 1428 1902 prorsus
1477 1848 1510 1884 a
1559 1830 1672 1884 Deo
1724 1827 1937 1898 aliena,

284 1919 579 1992 generatio
611 1919 832 1975 scilicet
863 1937 989 1992 qua:
1023 1937 1135 1974 non
1171 1920 1382 1974 direxit
1410 1936 1508 1974 cor
1537 1921 1799 1984 suum,et
1823 1933 1937 1970 non

283 2013 372 2064 est
400 2008 657 2064 creditus
688 2026 819 2063 cum
854 2009 969 2063 Deo
993 2009 1236 2080 spiritus
1267 2010 1394 2079 ejus
1418 2009 1586 2077 (Psal.
1614 2023 1817 2071 Lxxvu,
1843 2005 1894 2076 8)
1921 2022 1934 2060 :

282 2101 467 2152 terras
497 2096 730 2152 illorum
766 2097 1231 2153 Christianorum
1267 2096 1543 2152 invaserit
1574 2097 1750 2162 ferro,
1784 2093 1935 2165 rapi-

283 2202 378 2252 na,
409 2185 679 2241 incendio
711 2185 1147 2258 depopulaverit
1180 2186 1454 2257 ipsosque
1496 2184 1753 2256 captivos
1805 2200 1934 2255 par-

284 2272 391 2328 tim
449 2275 509 2328 in
561 2279 779 2328 terram
832 2291 999 2329 suam
1062 2273 1390 2340 abduxerit,
1424 2273 1756 2345 partimque
1796 2287 1934 2326 nece

283 2362 601 2417 miserabili
635 2363 1014 2434 prostraverit
1043 2363 1320 2418 ecclesias
1367 2363 1466 2417 Dei
1521 2367 1623 2416 aut
1667 2360 1933 2415 funditus

281 2450 566 2517 everterit,
582 2455 684 2506 aut
711 2468 950 2506 suorum
987 2451 1123 2506 ritui
1156 2468 1455 2506 sacrorum
1488 2448 1930 2520 mancipaverit.

282 2537 499 2594 Altaria
527 2539 652 2594 suis
685 2540 1042 2596 fceditatibus
1070 2541 1378 2612 inquinata
1400 2537 1933 2604 subvertunt,Chri-

283 2627 505 2684 stianoe
532 2628 981 2696 circumcidunt,
1015 2645 1280 2684 cruorem
1313 2626 1800 2695 circumcisionis,
1830 2631 1932 2681 aut

281 2733 458 2789 super
489 2717 695 2772 altaria
726 2718 999 2782 fundunt,
1034 2722 1135 2772 aut
1165 2718 1224 2772 in
1255 2717 1410 2772 vasis
1444 2715 1766 2789 baptisterii
1814 2715 1929 2769 im-

280 2810 571 2878 mergunt.
597 2807 666 2860 Et
695 2823 843 2878 quos
896 2807 980 2861 eis
1028 2806 1214 2878 placet
1262 2806 1418 2877 turpi
1470 2805 1736 2861 occubitu
1785 2802 1930 2859 mul-

281 2898 459 2961 ctare,
493 2893 840 2949 umbilicum
880 2893 964 2949 eis
1013 2893 1328 2966 perforant,
1364 2897 1540 2965 caput
1594 2891 1927 2946 vitaliorum

279 2982 651 3049 abstrahunt,
685 2983 755 3038 ad
791 2982 1050 3054 stipitem
1102 2982 1307 3054 ligant,
1341 2987 1398 3037 et
1444 2981 1526 3037 sic
1579 2979 1926 3052 ﬂagellando

279 3071 1062 3143 circumducunt,quoadusq
1073 3088 1142 3126 ue
1164 3069 1438 3126 extractis
1459 3069 1784 3125 visceribus
1803 3068 1926 3124 solo

279 3159 553 3233 prostrati
573 3133 870 3216 corruunt.
888 3133 1181 3226 Quosdam
1201 3159 1383 3232 stipiti
1403 3159 1608 3231 ligatos
1621 3157 1923 3230 sagittant;
1957 3133 2000 3198 C

280 3249 570 3322 quosdam
601 3253 832 3304 extento
864 3248 1010 3304 collo
1041 3254 1099 3304 et
1131 3250 1350 3304 nudato
1399 3248 1592 3320 gladio
1623 3250 1926 3318 appetunt.

280 3343 338 3392 et
393 3343 590 3392 utrum
640 3354 756 3392 uno
805 3336 924 3392 ictu
975 3341 1247 3392 truncare
1297 3337 1525 3408 possint
1575 3339 1924 3406 pertentant.

281 3426 430 3492 Quid
462 3425 651 3480 dicam
683 3426 755 3481 de
787 3426 1037 3481 nefanda
1069 3424 1383 3480 mulierum
1416 3422 1929 3494 constupratione?

280 3514 361 3569 De
392 3530 509 3585 qua
555 3512 716 3585 loqui
765 3514 1022 3569 deterius
1071 3517 1159 3568 est
1207 3530 1384 3585 quam
1437 3512 1626 3566 silere.
1663 3512 1927 3583 Regnum

279 3605 608 3657 Graecorum
633 3603 760 3672 jam
795 3602 878 3656 eis
907 3601 1279 3657 emutilatum
1309 3606 1416 3666 est,
1449 3605 1506 3656 et
1549 3600 1673 3655 suis
1720 3599 1928 3654 usibus

280 3689 737 3762 emancipatum,
771 3691 923 3762 quod
958 3689 1304 3746 transmeari
1337 3705 1452 3743 non
1484 3691 1674 3760 potest
1723 3686 1928 3741 itinere

281 3779 532 3834 duorum
564 3779 1116 3845 mensium.Quibus
1157 3779 1339 3852 igitur
1387 3778 1459 3832 ad
1498 3778 1604 3832 hoc
1635 3776 1928 3832 ulciscen-

282 3865 531 3933 dum,ad
563 3865 672 3922 hoc
701 3866 1266 3940 eripiendum,labor
1294 3864 1722 3933 incumbit,nisi
1742 3863 1924 3929 vobis,

283 3955 497 4028 quibus
529 3973 643 4028 prae
676 3957 897 4012 czeteris
928 3957 1202 4029 geutibus
1233 3954 1478 4011 contulit
1511 3954 1788 4009 Dominus
1839 3952 1925 4006 in-

282 4043 448 4116 signe
495 4044 674 4099 decus
721 4061 1042 4113 armorum,
1077 4043 1542 4117 magnitudinem
1573 4042 1926 4107 animorum,

283 4132 606 4206 agilitatem
638 4134 1249 4205 corporum,virtutem
1273 4131 1625 4188 humiliandi
1653 4130 1927 4186 verticem

283 4221 479 4294 capilli
509 4221 671 4276 vobis
704 4223 1141 4278 resistentium?
1165 4224 1430 4278 Moveant
1458 4239 1558 4276 vos
1589 4227 1644 4275 et
1687 4219 1931 4274 incitent

283 4309 514 4366 animos
553 4315 775 4366 vestros
826 4312 897 4366 ad
945 4311 1279 4366 virilitatem
1331 4315 1497 4383 gesta
1545 4309 1927 4380 praedecesso-

283 4416 437 4466 rum,
473 4399 734 4470 probitas
764 4405 822 4455 et
851 4401 1196 4472 magnitudo
1227 4399 1414 4454 Caroli
1448 4397 1641 4469 Magni
1670 4397 1842 4470 regis,
1876 4401 1932 4451 et

2052 493 2106 548 in
2142 493 2449 566 Evangelio
2480 494 2634 550 dicat
2665 495 2949 550 Dominus
2984 511 2996 550 :
3034 495 3139 562 Qui
3166 501 3315 548 amat
3354 501 3567 564 patrem
3603 498 3702 547 aut

2049 591 2278 638 matrem
2307 600 2470 655 super
2497 600 2600 644 me.
2634 601 2743 639 non
2772 592 2852 640 est
2876 600 2961 639 me
3008 583 3208 652 dignus
3256 581 3461 651 (Matth.
3493 598 3549 648 x,
3581 582 3696 650 37).

2052 671 2240 727 Omnis
2269 675 2368 745 qui
2395 674 2678 744 reliquerit
2705 673 3052 738 domum,aut
3077 680 3418 745 patrem,aut
3445 679 3695 738 matrem,

2050 770 2144 816 aut
2173 771 2521 827 u..eorem,aut
2548 764 2713 833 ﬁlios,
2733 770 2830 817 aut
2847 778 3007 830 agros
3033 769 3253 834 propter
3280 777 3476 816 nomen
3495 776 3695 827 meum,

2050 853 2362 924 centuplum
2415 854 2661 923 accipiet,
2720 859 2772 906 et
2836 853 3004 906 vitam
3070 859 3336 908 aeternam
3405 848 3703 921 possidebit

2053 939 2253 1011 (Matth.
2286 958 2401 1006 xIx,
2435 945 2546 1008 29).
2581 941 2706 996 Non
2739 957 2840 995 vos
2870 938 3172 1012 protrahat
3211 937 3332 994 ulla
3381 936 3694 1010 possessio,

2017 1027 2174 1083 ,ulla
2205 1029 2283 1084 rei
2321 1029 2625 1084 familiaris
2670 1028 3022 1095 sollicitudo,
3055 1028 3331 1100 quoniam
3383 1031 3538 1082 terra
3577 1025 3697 1080 haec

2051 1134 2228 1189 quam
2261 1118 2606 1174 inhabitatis
2636 1117 2911 1173 clausura
2940 1117 3120 1172 maris
3155 1115 3412 1188 undique
3440 1119 3497 1170 et
3532 1114 3697 1186 jugis

2052 1207 2340 1262 montium
2364 1207 2745 1274 circumdata,
2780 1205 3202 1262 numerositate
3229 1209 3423 1261 vestra
3451 1220 3700 1276 coangu-

2051 1300 2266 1365 statur;
2303 1314 2406 1352 nec
2437 1296 2602 1369 copia
2631 1295 2966 1351 divitiorum
2999 1295 3305 1364 exuberat;
3338 1297 3392 1350 et
3440 1293 3535 1348 vix
3577 1291 3702 1348 sola

2051 1385 2329 1441 alimenta
2379 1385 2504 1440 suis
2564 1383 2889 1441 cultoribus
2947 1383 3342 1441 administrat.
3410 1382 3549 1438 Inde
3613 1384 3703 1440 est

2051 1475 2207 1547 quod
2264 1491 2363 1530 vos
2423 1474 2672 1530 invicem
2733 1473 3036 1541 mordetis,
3081 1476 3138 1529 et
3181 1471 3516 1540 comeditis;
3550 1469 3704 1526 bella

2052 1563 2317 1629 movetis,
2340 1568 2397 1618 et
2418 1563 2762 1636 plerumque
2793 1562 3021 1618 mutuis
3050 1561 3391 1619 vulneribus
3414 1558 3699 1616 occiditis.

2050 1652 2291 1708 Cessent
2321 1653 2501 1725 igitur
2529 1651 2680 1707 inter
2708 1668 2809 1707 vos
2854 1651 3008 1716 odia,
3041 1651 3437 1706 conticescant
3478 1649 3703 1722 jnrgia,

2052 1741 2203 1796 beila
2233 1741 2538 1813 quiescant
2562 1746 2618 1796 et
2645 1741 2826 1796 totins
2858 1739 3262 1796 controversiae
3297 1736 3704 1794 dissensiones

2049 1830 2376 1902 sopiautur.
2426 1830 2595 1885 Viam
2650 1831 2830 1885 sancti
2886 1829 3127 1901 sepulcri
3173 1827 3436 1900 incipite,
3486 1831 3703 1884 terram

2047 1918 2210 1975 illam
2245 1919 2478 1974 nefaria
2509 1918 2667 1992 genti
2700 1919 3194 1990 auferte,eamque
3214 1916 3380 1972 vobis
3405 1915 3702 1987 subjicite.

2048 2010 2226 2064 Terra
2247 2008 2347 2063 illa
2375 2008 2514 2063 filiis
2534 2007 2703 2064 Israel
2734 2024 2768 2062 a
2797 2007 2912 2062 Deo
2941 2005 2998 2060 in
3034 2009 3381 2078 potestatem
3413 2005 3549 2059 data
3570 2004 3704 2073 fuit,

2046 2097 2198 2152 sicut
2227 2097 2530 2168 Scriptura
2562 2095 2701 2151 dicit
2732 2111 2856 2168 qua?
2899 2097 3034 2151 lacte
3083 2102 3131 2150 et
3175 2094 3337 2149 melle
3363 2095 3491 2164 ﬂuit
3518 2093 3702 2163 (Num.

2042 2202 2167 2250 xm,
2199 2189 2310 2253 28).
2339 2186 2682 2241 Hierusalem
2715 2183 3029 2241 umbilicus
3059 2187 3148 2239 est
3195 2187 3505 2249 terrarum,
3540 2186 3704 2238 terra

2043 2291 2157 2346 praa
2190 2275 2412 2331 caateris
2438 2273 2936 2346 fructifera,quasi
2968 2272 3115 2328 alter
3136 2271 3444 2344 paradisus
3467 2269 3681 2326 delicia

2043 2382 2172 2419 rum
2199 2364 2294 2436 (2).
2330 2364 2491 2418 Hanc
2521 2364 2855 2434 redemptor
2885 2360 3127 2416 humani
3155 2360 3382 2433 generis
3411 2376 3518 2416 suo
3549 2342 3709 2415 ί11ιι-ρ

2042 2454 2248 2508 stravit
2298 2454 2575 2517 adventu,
2612 2451 2906 2506 decoravit
2956 2451 3415 2515 conversatione,
3447 2448 3703 2505 sacravit

2042 2542 2334 2614 passione,
2367 2546 2551 2596 morte
2584 2539 2848 2608 redemit,
2885 2539 3187 2610 sepultura
3218 2537 3539 2614 insignivit.
3561 2537 3695 2593 Haac

2041 2631 2222 2704 igitur
2252 2629 2456 2686 civitas
2489 2629 2702 2702 regalis
2733 2629 2790 2682 in
2823 2628 2981 2684 orbis
3013 2629 3206 2683 medio
3237 2628 3453 2700 posita,
3478 2643 3635 2681 nunc
3659 2643 3694 2682 a

2040 2721 2163 2776 suis
2208 2720 2476 2775 hostibus
2523 2718 2751 2790 captiva
2798 2723 3050 2788 tenetur,
3083 2717 3241 2773 etab
3281 2714 3690 2790 ignorantibus

2039 2810 2219 2864 Deum
2239 2807 2372 2864 ritui
2395 2807 2661 2882 gentium
2685 2806 3238 2873 ancillatur.Quaerit
3255 2805 3438 2880 igitur
3457 2808 3514 2860 et
3529 2807 3692 2876 optat

2036 2897 2291 2966 liberari,
2327 2902 2382 2953 et
2413 2901 2479 2952 ut
2506 2897 2556 2952 ei
2586 2896 2951 2952 subveniatis
2982 2913 3097 2950 non
3131 2901 3321 2951 cessat
3351 2892 3682 2968 imprecari.

2034 2988 2080 3041 A
2110 2987 2272 3042 vobis
2303 2986 2540 3058 quidem
2589 2985 2876 3058 praecipue
2924 2984 3102 3058 exigit
3149 2983 3503 3049 subsidium,
3538 2999 3684 3054 quo-

2039 3075 2196 3131 niam
2230 3093 2264 3130 a
2295 3076 2410 3130 Deo
2435 3075 2602 3130 vobis
2634 3073 2914 3130 collatum
2935 3079 3025 3129 est
3054 3071 3418 3146 praecurret-is
3432 3070 3689 3127 nationi-

2040 3166 2169 3231 bus,
2205 3169 2268 3218 ut
2288 3165 2415 3235 jam
2439 3164 2716 3228 diximus,
2749 3163 2978 3236 insigne
3011 3163 3190 3218 decus
3229 3177 3546 3218 armorum.
3579 3161 3686 3216 Ar-

2037 3255 2082 3309 ri
2092 3253 2208 3326 pite
2240 3252 2421 3326 igitur
2448 3252 2598 3308 viam
2626 3251 2862 3316 hanc,in
2888 3251 3291 3307 remissionem
3316 3254 3689 3323 peccatorum

2034 3347 2382 3412 vestrorum,
2416 3341 2604 3398 securi
2663 3341 2734 3396 de
2781 3339 3256 3396 immarcessibili
3305 3337 3492 3411 gloria
3522 3337 3690 3412 regni

2037 3431 2344 3486 caelorum.
2377 3452 2404 3480 ››

2693 3517 2922 3575 CAPUT
2967 3521 3035 3574 ll.

2109 3609 2239 3663 Haac
2270 3612 2326 3662 et
2356 3607 2412 3661 id
2445 3623 2631 3678 genus
2662 3605 2920 3679 plurima
2950 3607 3047 3663 ubi
3081 3623 3233 3679 papa
3271 3606 3541 3663 Urbanus
3589 3623 3691 3660 ur.

2037 3698 2188 3753 bano
2235 3712 2504 3752 sermone
2537 3695 2847 3768 peroravit,
2881 3696 2963 3751 ita
2993 3696 3259 3752 omnium
3301 3695 3401 3768 qui
3447 3695 3693 3752 aderant

2037 3787 2279 3842 affectus
2310 3784 2370 3839 in
2402 3801 2586 3840 unum
2610 3783 3032 3849 c,onciliavit,ut
3047 3801 3252 3841 omnes
3274 3783 3690 3852 acclamarent,

2036 3877 2174 3931 Deus
2204 3874 2354 3940 vult;
2386 3874 2523 3928 Deus
2554 3873 2687 3928 vult.
2719 3873 2883 3938 Quod
2917 3877 2980 3930 ut
3017 3874 3386 3930 venerandus
3435 3871 3694 3946 pontifex

2038 3965 2337 4019 Romanus
2369 3961 2609 4028 audivit,
2643 3961 2848 4018 erectis
2877 3961 3222 4029 luminibus,
3259 3962 3319 4017 in
3341 3961 3551 4020 caalum
3573 3961 3692 4019 Deo

2036 4049 2256 4122 gratias
2313 4050 2453 4121 egit,
2503 4054 2559 4106 et
2618 4066 2796 4104 manu
2859 4049 3158 4108 silentium
3213 4049 3500 4115 indicens,
3559 4048 3687 4105 ait:

2038 4163 2065 4189 «
2103 4141 2332 4194 Fratres
2367 4137 2722 4204 charissimi,
2755 4137 2929 4196 hodie
2959 4140 3019 4194 in
3050 4139 3214 4196 vobis
3245 4144 3336 4196 est
3385 4143 3691 4195 ostensum

2039 4228 2192 4299 quod
2229 4226 2516 4282 Dominus
2547 4225 2689 4282 dicit
2718 4226 2776 4280 in
2807 4227 3118 4301 Evangelia
3150 4245 3164 4284 :
3204 4229 3304 4286 Ubi
3340 4227 3447 4284 duo
3475 4227 3555 4284 vel
3585 4235 3693 4282 tres

2035 4318 2248 4388 fuerint
2273 4317 2592 4384 congregati
2622 4316 2680 4369 in
2710 4318 2932 4372 nomine
2953 4333 3088 4384 meo,
3107 4318 3189 4372 ibi
3218 4317 3277 4371 in
3307 4315 3484 4372 medio
3505 4331 3698 4374 eorum

2037 4421 2158 4460 sum
2189 4404 2408 4471 (Matth.
2437 4420 2596 4470 xvm,
2628 4404 2740 4475 20).
2773 4427 2800 4453 ‹‹
2835 4403 2959 4460 Nisi
2991 4404 3148 4462 enim
3198 4403 3485 4464 Dominus
3537 4403 3696 4463 Deus

285 4487 560 4543 Ludovici
593 4487 696 4542 filii
727 4489 876 4558 ejus,
911 4489 1278 4560 aliorumque
1310 4504 1511 4559 regum
1559 4491 1923 4552 vestrorum;
1960 4501 2003 4563 Ι)
2035 4492 2095 4547 in
2129 4491 2426 4546 mentibus
2447 4491 2656 4547 vestris
2690 4491 2918 4560 fuisset,
2953 4511 3070 4548 una
3119 4493 3384 4550 omnium
3433 4496 3697 4548 vestrum

284 4576 384 4650 qui
418 4593 597 4650 regna
627 4577 951 4632 Turcorum
983 4579 1422 4643 destruxerunt,
1455 4581 1512 4630 et
1561 4574 1618 4627 in
1667 4573 1751 4629 eis
1783 4576 1928 4628 lines

284 4671 497 4722 saneta:
552 4665 817 4722 Ecclesia:
877 4666 1287 4721 dilataverunt.
1323 4662 1647 4718 Praesertim
1705 4666 1931 4717 moveat

281 4770 383 4809 vos
414 4759 684 4810 sanctum
715 4755 947 4810 Domini
983 4754 1165 4809 nostri
1206 4751 1521 4808 Salvatoris
1570 4750 1927 4822 sepulcrum,

285 4844 437 4915 quod
497 4844 568 4898 ab
620 4843 944 4898 immundis
992 4841 1265 4914 gentibus
1314 4840 1665 4912 possidetur,
1700 4844 1758 4894 et
1807 4838 1933 4895 loca

285 4937 489 4988 sancta
518 4949 644 5004 quaa
677 4948 833 4986 nunc
882 4931 1189 4986 inhoneste
1241 4934 1570 4984 tractantur
1620 4933 1676 4983 et
1721 4929 1930 4984 irreve-

286 5026 479 5076 renter
503 5037 705 5076 eorum
736 5019 1132 5074 immunditiis
1164 5018 1560 5073 sordidantur.
1595 5020 1639 5071 0
1679 5016 1931 5072 fortissi-

287 5109 364 5162 mi
402 5107 636 5174 milites,
664 5112 720 5162 et
751 5107 1097 5162 invictorum
1129 5123 1386 5180 propago
1417 5105 1932 5179 parentum,nolite

286 5197 659 5268 degenerare,
679 5195 779 5250 sed
811 5194 1052 5250 virtutes
1083 5197 1377 5265 majorum
1409 5200 1734 5250 vestrorum
1759 5195 1931 5250 remi-

287 5283 606 5341 niscimini.
641 5283 802 5350 Quod
834 5283 881 5338 si
914 5301 1015 5340 vos
1046 5284 1258 5340 charus
1290 5284 1607 5339 liberornm
1639 5289 1694 5338 et
1725 5301 1931 5355 paren-

2039 4597 2145 4635 vox
2175 4597 2289 4635 non
2323 4579 2548 4636 fuisset.
2587 4579 2739 4636 Licet
2783 4582 2940 4636 enim
2989 4598 3096 4638 vox
3146 4587 3339 4638 vestra
3369 4597 3700 4640 numerosa

2039 4668 2340 4742 prodierit,
2372 4672 2569 4723 tamen
2621 4668 2782 4742 origo
2836 4670 2992 4726 vocis
3052 4687 3174 4730 una
3218 4671 3349 4726 fuit.
3387 4669 3700 4744 PrOpterea

2040 4759 2169 4813 dico
2200 4756 2363 4812 vobis
2395 4757 2547 4828 quod
2582 4756 2734 4813 Deus
2765 4758 2916 4814 hanc
2948 4777 2982 4814 a
3009 4760 3172 4816 vobis
3201 4758 3422 4827 elicuit,
3453 4757 3555 4831 qui
3576 4775 3698 4814 ves-

2037 4843 2146 4900 tris
2204 4862 2333 4900 eam
2384 4844 2718 4916 pectoribus
2769 4847 3037 4903 inseruit.
3075 4848 3162 4904 Sit
3209 4864 3347 4921 ergo
3393 4847 3560 4903 vobis
3588 4863 3698 4902 vox

2039 4934 2155 4989 ista
2185 4935 2240 4988 in
2278 4934 2451 4988 rebus
2484 4933 2709 4990 bellicis
2742 4935 2992 4992 militare
3015 4935 3428 5010 signum,quia
3450 4935 3696 4992 verbum

2041 5022 2151 5078 hoc
2192 5039 2226 5076 a
2256 5022 2370 5077 Deo
2403 5026 2493 5078 est
2524 5022 2837 5093 prolatum.
2873 5025 3019 5080 Cum
3049 5025 3110 5080 in
3141 5024 3370 5080 hostem
3403 5025 3503 5080 ﬂet
3531 5023 3696 5078 belli-

2040 5109 2159 5166 cosi
2173 5111 2425 5181 impetus
2452 5111 2810 5184 congressio,
2841 5113 2955 5168 erit
2977 5114 3286 5170 universus
3301 5113 3424 5168 hac
3444 5129 3514 5169 ex
3533 5117 3698 5185 parte

2043 5198 2143 5254 Dei
2175 5215 2291 5253 una
2321 5197 2654 5256 vociferatio
2680 5217 2692 5254 :
2719 5205 2863 5258 Deus
2889 5219 3056 5271 vum,
3084 5204 3236 5259 Deus
3274 5219 3438 5258 vum.
3463 5202 3533 5256 Et
3581 5218 3698 5258 non

2044 5287 2417 5360 praecipimus
2447 5293 2550 5343 aut
2578 5291 2989 5360 suademus,ut
3019 5308 3188 5348 senes
3219 5296 3322 5347 aut
3351 5289 3696 5358 imbecilles,

1407 5388 1717 5444 NUTULIE
1756 5391 2217 5449 MARGINALES
2259 5393 2378 5448 MS.
2420 5393 2578 5449 COD.

289 5480 365 5563 (1)
397 5478 504 5545 Qui
536 5477 680 5563 legis
708 5478 828 5561 haec
854 5479 1118 5563 dicta,n‘e
1137 5479 1226 5559 .sit
1254 5477 1357 5563 tibi
1389 5494 1556 5532 mens
1579 5478 1729 5534 male
1752 5480 1887 5536 ficta
1911 5498 1924 5535 :

537 5521 752 5619 υἷι.)ᾶηὶ
785 5568 968 5624 papae,
994 5521 1190 5607 dulcia
1217 5551 1391 5605 verba
1421 5565 1584 5620 cape.

2039 5483 2116 5556 (2)
2141 5481 2467 5538 Jerusalem
2490 5484 2698 5555 gaude,
2724 5485 2828 5541 tibi
2847 5490 3078 5542 constat
3098 5485 3230 5542 laus
3251 5485 3378 5544 sine
3399 5485 3624 5542 fraude.
