  <div class='ocr_page' id='page_1' title='image "/cluster/home/n/w/nwhite01/storage/ocr_20150623/155/hvd.32044054760137/342.png"; bbox 0 0 3996 6096; ppageno 0'>
   <div class='ocr_carea' id='block_1_1' title="bbox 283 215 404 275">
    <p class='ocr_par' dir='ltr' id='par_1_1' title="bbox 283 215 404 275">
     <span class='ocr_line' id='line_1_1' title="bbox 283 215 404 275; baseline 0 -1"><span class='ocrx_word' id='word_1_1' title='bbox 283 215 404 275; x_wconf 83' lang='grc'><strong>677</strong></span> 
     </span>
    </p>
   </div>
   <div class='ocr_carea' id='block_1_2' title="bbox 1062 225 2923 298">
    <p class='ocr_par' dir='ltr' id='par_1_2' title="bbox 1062 225 2923 298">
     <span class='ocr_line' id='line_1_2' title="bbox 1062 225 2923 298; baseline 0.007 -13"><span class='ocrx_word' id='word_1_2' title='bbox 1062 225 1405 288; x_wconf 81' lang='lat' dir='ltr'><strong>ROBER’I‘I</strong></span> <span class='ocrx_word' id='word_1_3' title='bbox 1452 228 1804 291; x_wconf 83' lang='lat' dir='ltr'><strong>MONACIII</strong></span> <span class='ocrx_word' id='word_1_4' title='bbox 1851 231 2516 294; x_wconf 69' lang='lat' dir='ltr'><strong>llIS&#39;l‘.~HIEROSOL.</strong></span> <span class='ocrx_word' id='word_1_5' title='bbox 2551 270 2628 278; x_wconf 86' lang='lat'><strong>——</strong></span> <span class='ocrx_word' id='word_1_6' title='bbox 2657 238 2801 298; x_wconf 90' lang='lat' dir='ltr'><strong>LIB.</strong></span> <span class='ocrx_word' id='word_1_7' title='bbox 2849 239 2923 298; x_wconf 90' lang='lat' dir='ltr'><strong>Il.</strong></span> 
     </span>
    </p>
   </div>
   <div class='ocr_carea' id='block_1_3' title="bbox 3569 243 3687 307">
    <p class='ocr_par' dir='ltr' id='par_1_3' title="bbox 3569 243 3687 307">
     <span class='ocr_line' id='line_1_3' title="bbox 3569 243 3687 307; baseline 0.025 -4"><span class='ocrx_word' id='word_1_8' title='bbox 3569 243 3687 307; x_wconf 79' lang='lat'><strong>678</strong></span> 
     </span>
    </p>
   </div>
   <div class='ocr_carea' id='block_1_4' title="bbox 282 351 3687 440">
    <p class='ocr_par' dir='ltr' id='par_1_4' title="bbox 282 351 3687 440">
     <span class='ocr_line' id='line_1_4' title="bbox 282 351 3687 440; baseline 0.009 -36"><span class='ocrx_word' id='word_1_9' title='bbox 282 352 446 417; x_wconf 88' lang='lat' dir='ltr'><strong>sunt,</strong></span> <span class='ocrx_word' id='word_1_10' title='bbox 478 353 537 404; x_wconf 92' lang='lat' dir='ltr'><strong>et</strong></span> <span class='ocrx_word' id='word_1_11' title='bbox 557 351 804 422; x_wconf 88' lang='lat' dir='ltr'><strong>jubente</strong></span> <span class='ocrx_word' id='word_1_12' title='bbox 833 357 1193 427; x_wconf 91' lang='lat' dir='ltr'><strong>nequissimo</strong></span> <span class='ocrx_word' id='word_1_13' title='bbox 1229 357 1574 431; x_wconf 76' lang='lat' dir='ltr'><strong>imperatore</strong></span> <span class='ocrx_word' id='word_1_14' title='bbox 1603 363 1930 418; x_wconf 84' lang='lat' dir='ltr'><strong>Constanti—</strong></span> <span class='ocrx_word' id='word_1_15' title='bbox 1964 366 2015 430; x_wconf 85' lang='grc' dir='ltr'><strong>Α</strong></span> <span class='ocrx_word' id='word_1_16' title='bbox 2047 365 2422 436; x_wconf 83' lang='lat' dir='ltr'><strong>comparavit.</strong></span> <span class='ocrx_word' id='word_1_17' title='bbox 2457 367 2558 423; x_wconf 84' lang='lat' dir='ltr'><strong>His</strong></span> <span class='ocrx_word' id='word_1_18' title='bbox 2608 368 2688 423; x_wconf 87' lang='lat' dir='ltr'><strong>ita</strong></span> <span class='ocrx_word' id='word_1_19' title='bbox 2717 369 2917 440; x_wconf 79' lang='lat' dir='ltr'><strong>gestis,</strong></span> <span class='ocrx_word' id='word_1_20' title='bbox 2951 370 3092 436; x_wconf 78' lang='lat' dir='ltr'><strong>huic</strong></span> <span class='ocrx_word' id='word_1_21' title='bbox 3118 375 3435 431; x_wconf 82' lang='lat' dir='ltr'><strong>narrationi</strong></span> <span class='ocrx_word' id='word_1_22' title='bbox 3482 378 3687 434; x_wconf 86' lang='lat' dir='ltr'><strong>termi-</strong></span> 
     </span>
    </p>
   </div>
   <div class='ocr_carea' id='block_1_5' title="bbox 282 437 1932 520">
    <p class='ocr_par' dir='ltr' id='par_1_5' title="bbox 282 437 1932 520">
     <span class='ocr_line' id='line_1_5' title="bbox 282 437 1932 520; baseline 0.01 -29"><span class='ocrx_word' id='word_1_23' title='bbox 282 437 543 510; x_wconf 91' lang='lat' dir='ltr'><strong>nopolim</strong></span> <span class='ocrx_word' id='word_1_24' title='bbox 578 441 823 514; x_wconf 78' lang='lat' dir='ltr'><strong>regressi</strong></span> <span class='ocrx_word' id='word_1_25' title='bbox 855 449 1013 500; x_wconf 90' lang='lat' dir='ltr'><strong>sunt.</strong></span> <span class='ocrx_word' id='word_1_26' title='bbox 1039 445 1363 518; x_wconf 85' lang='lat' dir='ltr'><strong>Imperator</strong></span> <span class='ocrx_word' id='word_1_27' title='bbox 1391 449 1627 520; x_wconf 86' lang='lat' dir='ltr'><strong>quidem</strong></span> <span class='ocrx_word' id='word_1_28' title='bbox 1651 468 1784 506; x_wconf 89' lang='lat' dir='ltr'><strong>cum</strong></span> <span class='ocrx_word' id='word_1_29' title='bbox 1809 452 1932 507; x_wconf 84' lang='lat' dir='ltr'>suis</span> 
     </span>
    </p>
   </div>
   <div class='ocr_carea' id='block_1_6' title="bbox 281 526 1936 604">
    <p class='ocr_par' dir='ltr' id='par_1_6' title="bbox 281 526 1936 604">
     <span class='ocr_line' id='line_1_6' title="bbox 281 526 1936 604; baseline 0.008 -23"><span class='ocrx_word' id='word_1_30' title='bbox 281 526 501 585; x_wconf 70' lang='lat' dir='ltr'><strong>Graecis</strong></span> <span class='ocrx_word' id='word_1_31' title='bbox 532 530 602 586; x_wconf 89' lang='lat' dir='ltr'><strong>de</strong></span> <span class='ocrx_word' id='word_1_32' title='bbox 631 531 871 588; x_wconf 82' lang='lat' dir='ltr'><strong>victoria</strong></span> <span class='ocrx_word' id='word_1_33' title='bbox 914 535 1237 592; x_wconf 89' lang='lat' dir='ltr'><strong>Turcorum</strong></span> <span class='ocrx_word' id='word_1_34' title='bbox 1269 537 1598 604; x_wconf 76' lang='lat' dir='ltr'><strong>exsultavit,</strong></span> <span class='ocrx_word' id='word_1_35' title='bbox 1633 545 1690 596; x_wconf 91' lang='lat' dir='ltr'><strong>et</strong></span> <span class='ocrx_word' id='word_1_36' title='bbox 1739 539 1936 595; x_wconf 86' lang='lat' dir='ltr'><strong>omnia</strong></span> 
     </span>
    </p>
   </div>
   <div class='ocr_carea' id='block_1_7' title="bbox 282 623 1935 702">
    <p class='ocr_par' dir='ltr' id='par_1_7' title="bbox 282 623 1935 702">
     <span class='ocr_line' id='line_1_7' title="bbox 282 623 1935 702; baseline 0.007 -30"><span class='ocrx_word' id='word_1_37' title='bbox 282 632 451 673; x_wconf 86' lang='lat' dir='ltr'><strong>arma</strong></span> <span class='ocrx_word' id='word_1_38' title='bbox 482 623 838 702; x_wconf 86' lang='lat' dir='ltr'><strong>nostrorum,</strong></span> <span class='ocrx_word' id='word_1_39' title='bbox 873 627 937 678; x_wconf 91' lang='lat' dir='ltr'><strong>ut</strong></span> <span class='ocrx_word' id='word_1_40' title='bbox 982 640 1080 680; x_wconf 89' lang='lat' dir='ltr'><strong>eos</strong></span> <span class='ocrx_word' id='word_1_41' title='bbox 1109 623 1361 682; x_wconf 83' lang='lat' dir='ltr'><strong>inermes</strong></span> <span class='ocrx_word' id='word_1_42' title='bbox 1407 628 1692 696; x_wconf 82' lang='lat' dir='ltr'><strong>redderet,</strong></span> <span class='ocrx_word' id='word_1_43' title='bbox 1727 628 1935 684; x_wconf 88' lang='lat' dir='ltr'><strong>callide</strong></span> 
     </span>
    </p>
   </div>
   <div class='ocr_carea' id='block_1_8' title="bbox 2043 458 3688 539">
    <p class='ocr_par' dir='ltr' id='par_1_8' title="bbox 2043 458 3688 539">
     <span class='ocr_line' id='line_1_8' title="bbox 2043 458 3688 539; baseline 0.012 -33"><span class='ocrx_word' id='word_1_44' title='bbox 2043 470 2182 507; x_wconf 91' lang='lat' dir='ltr'><strong>num</strong></span> <span class='ocrx_word' id='word_1_45' title='bbox 2218 471 2529 526; x_wconf 84' lang='lat' dir='ltr'><strong>ponamus,</strong></span> <span class='ocrx_word' id='word_1_46' title='bbox 2556 462 2611 512; x_wconf 88' lang='lat' dir='ltr'><strong>et</strong></span> <span class='ocrx_word' id='word_1_47' title='bbox 2643 458 2856 530; x_wconf 83' lang='lat' dir='ltr'><strong>stylum</strong></span> <span class='ocrx_word' id='word_1_48' title='bbox 2899 465 3048 516; x_wconf 90' lang='lat' dir='ltr'><strong>retro</strong></span> <span class='ocrx_word' id='word_1_49' title='bbox 3089 469 3505 524; x_wconf 80' lang='lat' dir='ltr'><strong>convcrtcntes.</strong></span> <span class='ocrx_word' id='word_1_50' title='bbox 3539 485 3688 539; x_wconf 85' lang='lat' dir='ltr'><strong>quo-</strong></span> 
     </span>
    </p>
   </div>
   <div class='ocr_carea' id='block_1_9' title="bbox 2043 541 3692 623">
    <p class='ocr_par' dir='ltr' id='par_1_9' title="bbox 2043 541 3692 623">
     <span class='ocr_line' id='line_1_9' title="bbox 2043 541 3692 623; baseline 0.012 -28"><span class='ocrx_word' id='word_1_51' title='bbox 2043 542 2216 597; x_wconf 89' lang='lat' dir='ltr'><strong>modo</strong></span> <span class='ocrx_word' id='word_1_52' title='bbox 2247 541 2388 598; x_wconf 91' lang='lat' dir='ltr'><strong>illuc</strong></span> <span class='ocrx_word' id='word_1_53' title='bbox 2417 547 2750 602; x_wconf 88' lang='lat' dir='ltr'><strong>convenerit</strong></span> <span class='ocrx_word' id='word_1_54' title='bbox 2788 552 2988 604; x_wconf 89' lang='lat' dir='ltr'><strong>nostra</strong></span> <span class='ocrx_word' id='word_1_55' title='bbox 3029 567 3173 622; x_wconf 86' lang='lat' dir='ltr'><strong>gens</strong></span> <span class='ocrx_word' id='word_1_56' title='bbox 3222 553 3600 623; x_wconf 77' lang='lat' dir='ltr'><strong>Francorum,</strong></span> <span class='ocrx_word' id='word_1_57' title='bbox 3630 562 3692 614; x_wconf 85' lang='lat' dir='ltr'><strong>et</strong></span> 
     </span>
    </p>
   </div>
   <div class='ocr_carea' id='block_1_10' title="bbox 2043 631 3240 706">
    <p class='ocr_par' dir='ltr' id='par_1_10' title="bbox 2043 631 3240 706">
     <span class='ocr_line' id='line_1_10' title="bbox 2043 631 3240 706; baseline 0.011 -23"><span class='ocrx_word' id='word_1_58' title='bbox 2043 646 2176 684; x_wconf 89' lang='lat' dir='ltr'><strong>cum</strong></span> <span class='ocrx_word' id='word_1_59' title='bbox 2210 631 2424 702; x_wconf 90' lang='lat' dir='ltr'><strong>quibus</strong></span> <span class='ocrx_word' id='word_1_60' title='bbox 2455 632 2836 706; x_wconf 87' lang='lat' dir='ltr'><strong>principibus,</strong></span> <span class='ocrx_word' id='word_1_61' title='bbox 2861 637 3240 696; x_wconf 83' lang='lat' dir='ltr'><strong>disseramus.</strong></span> 
     </span>
    </p>
   </div>
   <div class='ocr_carea' id='block_1_11' title="bbox 1535 762 2443 822">
    <p class='ocr_par' dir='ltr' id='par_1_11' title="bbox 1535 762 2443 822">
     <span class='ocr_line' id='line_1_11' title="bbox 1535 762 2443 822; baseline 0.006 -5"><span class='ocrx_word' id='word_1_62' title='bbox 1535 762 1860 819; x_wconf 88' lang='lat' dir='ltr'><strong>EXPLICIT</strong></span> <span class='ocrx_word' id='word_1_63' title='bbox 1902 763 2112 818; x_wconf 79' lang='lat' dir='ltr'><strong>LIBER</strong></span> <span class='ocrx_word' id='word_1_64' title='bbox 2152 765 2443 822; x_wconf 86' lang='lat' dir='ltr'><strong>PRIMUS.</strong></span> 
     </span>
    </p>
   </div>
   <div class='ocr_carea' id='block_1_12' title="bbox 1241 957 2730 1054">
    <p class='ocr_par' dir='ltr' id='par_1_12' title="bbox 1241 957 2730 1054">
     <span class='ocr_line' id='line_1_12' title="bbox 1241 957 2730 1054; baseline 0.008 -12"><span class='ocrx_word' id='word_1_65' title='bbox 1241 957 1647 1046; x_wconf 88' lang='lat' dir='ltr'><strong>INCIPIT</strong></span> <span class='ocrx_word' id='word_1_66' title='bbox 1709 959 2030 1048; x_wconf 79' lang='lat' dir='ltr'><strong>LIBER</strong></span> <span class='ocrx_word' id='word_1_67' title='bbox 2095 960 2730 1054; x_wconf 81' lang='lat' dir='ltr'><strong>SECUNDUS.</strong></span> 
     </span>
    </p>
   </div>
   <div class='ocr_carea' id='block_1_13' title="bbox 819 1103 1401 1163">
    <p class='ocr_par' dir='ltr' id='par_1_13' title="bbox 819 1103 1401 1163">
     <span class='ocr_line' id='line_1_13' title="bbox 819 1103 1401 1163; baseline 0.01 -6"><span class='ocrx_word' id='word_1_68' title='bbox 819 1103 1052 1160; x_wconf 84' lang='lat' dir='ltr'><strong>CAPUT</strong></span> <span class='ocrx_word' id='word_1_69' title='bbox 1099 1105 1401 1163; x_wconf 86' lang='lat' dir='ltr'><strong>PRIMUM.</strong></span> 
     </span>
    </p>
   </div>
   <div class='ocr_carea' id='block_1_14' title="bbox 357 1187 1934 1267">
    <p class='ocr_par' dir='ltr' id='par_1_14' title="bbox 357 1187 1934 1267">
     <span class='ocr_line' id='line_1_14' title="bbox 357 1187 1934 1267; baseline 0.008 -26"><span class='ocrx_word' id='word_1_70' title='bbox 357 1187 430 1259; x_wconf 92' lang='lat'><strong>(7)</strong></span> <span class='ocrx_word' id='word_1_71' title='bbox 458 1187 681 1245; x_wconf 87' lang='lat' dir='ltr'><strong>Interea</strong></span> <span class='ocrx_word' id='word_1_72' title='bbox 701 1191 841 1246; x_wconf 93' lang='lat' dir='ltr'><strong>dum</strong></span> <span class='ocrx_word' id='word_1_73' title='bbox 875 1191 995 1249; x_wconf 67' lang='lat' dir='ltr'><strong>haec</strong></span> <span class='ocrx_word' id='word_1_74' title='bbox 1027 1197 1388 1267; x_wconf 88' lang='lat' dir='ltr'><strong>aguntur,de</strong></span> <span class='ocrx_word' id='word_1_75' title='bbox 1414 1198 1651 1254; x_wconf 85' lang='lat' dir='ltr'><strong>remotis</strong></span> <span class='ocrx_word' id='word_1_76' title='bbox 1673 1200 1934 1254; x_wconf 86' lang='lat' dir='ltr'><strong>occiden-</strong></span> 
     </span>
    </p>
   </div>
   <div class='ocr_carea' id='block_1_15' title="bbox 279 1275 1934 1356">
    <p class='ocr_par' dir='ltr' id='par_1_15' title="bbox 279 1275 1934 1356">
     <span class='ocr_line' id='line_1_15' title="bbox 279 1275 1934 1356; baseline 0.009 -25"><span class='ocrx_word' id='word_1_77' title='bbox 279 1275 495 1333; x_wconf 87' lang='lat' dir='ltr'><strong>talium</strong></span> <span class='ocrx_word' id='word_1_78' title='bbox 519 1280 806 1351; x_wconf 79' lang='lat' dir='ltr'><strong>partibus,</strong></span> <span class='ocrx_word' id='word_1_79' title='bbox 823 1298 857 1337; x_wconf 86' lang='lat' dir='ltr'><strong>a</strong></span> <span class='ocrx_word' id='word_1_80' title='bbox 873 1287 1035 1354; x_wconf 90' lang='lat' dir='ltr'><strong>parte</strong></span> <span class='ocrx_word' id='word_1_81' title='bbox 1057 1283 1350 1356; x_wconf 87' lang='lat' dir='ltr'><strong>aquilonis</strong></span> <span class='ocrx_word' id='word_1_82' title='bbox 1369 1286 1636 1343; x_wconf 87' lang='lat' dir='ltr'><strong>excitavit</strong></span> <span class='ocrx_word' id='word_1_83' title='bbox 1652 1288 1934 1346; x_wconf 90' lang='lat' dir='ltr'><strong>Dominus</strong></span> 
     </span>
    </p>
   </div>
   <div class='ocr_carea' id='block_1_16' title="bbox 275 1366 1934 1450">
    <p class='ocr_par' dir='ltr' id='par_1_16' title="bbox 275 1366 1934 1450">
     <span class='ocr_line' id='line_1_16' title="bbox 275 1366 1934 1450; baseline 0.008 -30"><span class='ocrx_word' id='word_1_84' title='bbox 275 1366 528 1423; x_wconf 87' lang='lat' dir='ltr'><strong>comites</strong></span> <span class='ocrx_word' id='word_1_85' title='bbox 551 1368 719 1437; x_wconf 91' lang='lat' dir='ltr'><strong>duos,</strong></span> <span class='ocrx_word' id='word_1_86' title='bbox 744 1371 960 1441; x_wconf 87' lang='lat' dir='ltr'><strong>quibus</strong></span> <span class='ocrx_word' id='word_1_87' title='bbox 985 1391 1168 1428; x_wconf 91' lang='lat' dir='ltr'><strong>unum</strong></span> <span class='ocrx_word' id='word_1_88' title='bbox 1193 1392 1427 1443; x_wconf 88' lang='lat' dir='ltr'><strong>nomen,</strong></span> <span class='ocrx_word' id='word_1_89' title='bbox 1455 1395 1572 1432; x_wconf 90' lang='lat' dir='ltr'><strong>una</strong></span> <span class='ocrx_word' id='word_1_90' title='bbox 1593 1379 1934 1450; x_wconf 85' lang='lat' dir='ltr'><strong>consangui-</strong></span> 
     </span>
    </p>
   </div>
   <div class='ocr_carea' id='block_1_17' title="bbox 275 1455 1928 1536">
    <p class='ocr_par' dir='ltr' id='par_1_17' title="bbox 275 1455 1928 1536">
     <span class='ocr_line' id='line_1_17' title="bbox 275 1455 1928 1536; baseline 0.008 -26"><span class='ocrx_word' id='word_1_91' title='bbox 275 1455 460 1521; x_wconf 87' lang='lat' dir='ltr'><strong>nitas,</strong></span> <span class='ocrx_word' id='word_1_92' title='bbox 483 1474 650 1529; x_wconf 61' lang='lat' dir='ltr'><strong>aequa</strong></span> <span class='ocrx_word' id='word_1_93' title='bbox 703 1462 982 1530; x_wconf 87' lang='lat' dir='ltr'><strong>potestas,</strong></span> <span class='ocrx_word' id='word_1_94' title='bbox 1017 1461 1173 1517; x_wconf 91' lang='lat' dir='ltr'><strong>idem</strong></span> <span class='ocrx_word' id='word_1_95' title='bbox 1233 1469 1289 1519; x_wconf 91' lang='lat' dir='ltr'><strong>et</strong></span> <span class='ocrx_word' id='word_1_96' title='bbox 1345 1464 1525 1520; x_wconf 88' lang='lat' dir='ltr'><strong>armis</strong></span> <span class='ocrx_word' id='word_1_97' title='bbox 1584 1470 1640 1522; x_wconf 92' lang='lat' dir='ltr'><strong>ct</strong></span> <span class='ocrx_word' id='word_1_98' title='bbox 1695 1467 1928 1536; x_wconf 92' lang='lat' dir='ltr'><strong>animis,</strong></span> 
     </span>
    </p>
   </div>
   <div class='ocr_carea' id='block_1_18' title="bbox 275 1543 1931 1624">
    <p class='ocr_par' dir='ltr' id='par_1_18' title="bbox 275 1543 1931 1624">
     <span class='ocr_line' id='line_1_18' title="bbox 275 1543 1931 1624; baseline 0.01 -27"><span class='ocrx_word' id='word_1_99' title='bbox 275 1543 457 1600; x_wconf 88' lang='lat' dir='ltr'><strong>etiam</strong></span> <span class='ocrx_word' id='word_1_100' title='bbox 515 1545 701 1618; x_wconf 86' lang='lat' dir='ltr'><strong>gloria</strong></span> <span class='ocrx_word' id='word_1_101' title='bbox 732 1548 1072 1607; x_wconf 88' lang='lat' dir='ltr'><strong>consulatus</strong></span> <span class='ocrx_word' id='word_1_102' title='bbox 1113 1568 1436 1624; x_wconf 89' lang='lat' dir='ltr'><strong>compares,</strong></span> <span class='ocrx_word' id='word_1_103' title='bbox 1488 1555 1931 1613; x_wconf 89' lang='lat' dir='ltr'><strong>Northmannus</strong></span> 
     </span>
    </p>
   </div>
   <div class='ocr_carea' id='block_1_19' title="bbox 276 1631 1929 1718">
    <p class='ocr_par' dir='ltr' id='par_1_19' title="bbox 276 1631 1929 1718">
     <span class='ocr_line' id='line_1_19' title="bbox 276 1631 1929 1718; baseline 0.008 -31"><span class='ocrx_word' id='word_1_104' title='bbox 276 1631 505 1689; x_wconf 89' lang='lat' dir='ltr'><strong>scillcet</strong></span> <span class='ocrx_word' id='word_1_105' title='bbox 546 1639 604 1690; x_wconf 90' lang='lat' dir='ltr'><strong>et</strong></span> <span class='ocrx_word' id='word_1_106' title='bbox 655 1634 1028 1696; x_wconf 86' lang='lat' dir='ltr'><strong>Flandrensis</strong></span> <span class='ocrx_word' id='word_1_107' title='bbox 1075 1657 1291 1710; x_wconf 90' lang='lat' dir='ltr'><strong>comes,</strong></span> <span class='ocrx_word' id='word_1_108' title='bbox 1315 1659 1448 1698; x_wconf 92' lang='lat' dir='ltr'><strong>cum</strong></span> <span class='ocrx_word' id='word_1_109' title='bbox 1499 1644 1716 1716; x_wconf 89' lang='lat' dir='ltr'><strong>quibus</strong></span> <span class='ocrx_word' id='word_1_110' title='bbox 1765 1645 1929 1718; x_wconf 89' lang='lat' dir='ltr'><strong>Hugo</strong></span> 
     </span>
    </p>
   </div>
   <div class='ocr_carea' id='block_1_20' title="bbox 2047 1117 3687 1201">
    <p class='ocr_par' dir='ltr' id='par_1_20' title="bbox 2047 1117 3687 1201">
     <span class='ocr_line' id='line_1_20' title="bbox 2047 1117 3687 1201; baseline 0.014 -39"><span class='ocrx_word' id='word_1_111' title='bbox 2047 1125 2234 1181; x_wconf 91' lang='lat' dir='ltr'><strong>usque</strong></span> <span class='ocrx_word' id='word_1_112' title='bbox 2273 1119 2677 1182; x_wconf 85' lang='lat' dir='ltr'><strong>pervenerunt.</strong></span> <span class='ocrx_word' id='word_1_113' title='bbox 2711 1117 2797 1182; x_wconf 89' lang='lat' dir='ltr'><strong>Et,</strong></span> <span class='ocrx_word' id='word_1_114' title='bbox 2831 1135 2862 1174; x_wconf 97' lang='lat' dir='ltr'><strong>o</strong></span> <span class='ocrx_word' id='word_1_115' title='bbox 2894 1118 3148 1190; x_wconf 88' lang='lat' dir='ltr'><strong>gloriosa</strong></span> <span class='ocrx_word' id='word_1_116' title='bbox 3194 1121 3405 1180; x_wconf 87' lang='lat' dir='ltr'><strong>Christi</strong></span> <span class='ocrx_word' id='word_1_117' title='bbox 3457 1127 3687 1201; x_wconf 89' lang='lat' dir='ltr'><strong>militia,</strong></span> 
     </span>
    </p>
   </div>
   <div class='ocr_carea' id='block_1_21' title="bbox 2046 1207 3687 1285">
    <p class='ocr_par' dir='ltr' id='par_1_21' title="bbox 2046 1207 3687 1285">
     <span class='ocr_line' id='line_1_21' title="bbox 2046 1207 3687 1285; baseline 0.014 -33"><span class='ocrx_word' id='word_1_118' title='bbox 2046 1214 2222 1269; x_wconf 89' lang='lat' dir='ltr'><strong>quam</strong></span> <span class='ocrx_word' id='word_1_119' title='bbox 2256 1217 2369 1256; x_wconf 92' lang='lat' dir='ltr'><strong>non</strong></span> <span class='ocrx_word' id='word_1_120' title='bbox 2404 1207 2717 1274; x_wconf 90' lang='lat' dir='ltr'><strong>potuerunt</strong></span> <span class='ocrx_word' id='word_1_121' title='bbox 2747 1207 3038 1264; x_wconf 88' lang='lat' dir='ltr'><strong>continere</strong></span> <span class='ocrx_word' id='word_1_122' title='bbox 3070 1213 3186 1265; x_wconf 89' lang='lat' dir='ltr'><strong>tam</strong></span> <span class='ocrx_word' id='word_1_123' title='bbox 3220 1213 3486 1285; x_wconf 72' lang='lat' dir='ltr'><strong>spatiosae</strong></span> <span class='ocrx_word' id='word_1_124' title='bbox 3524 1219 3687 1276; x_wconf 90' lang='lat' dir='ltr'><strong>urbis</strong></span> 
     </span>
    </p>
   </div>
   <div class='ocr_carea' id='block_1_22' title="bbox 2042 1284 3686 1366">
    <p class='ocr_par' dir='ltr' id='par_1_22' title="bbox 2042 1284 3686 1366">
     <span class='ocr_line' id='line_1_22' title="bbox 2042 1284 3686 1366; baseline 0.015 -27"><span class='ocrx_word' id='word_1_125' title='bbox 2042 1284 2198 1342; x_wconf 89' lang='lat' dir='ltr'><strong>intra</strong></span> <span class='ocrx_word' id='word_1_126' title='bbox 2229 1289 2516 1347; x_wconf 89' lang='lat' dir='ltr'><strong>incolatus</strong></span> <span class='ocrx_word' id='word_1_127' title='bbox 2555 1293 2644 1348; x_wconf 91' lang='lat' dir='ltr'><strong>sui</strong></span> <span class='ocrx_word' id='word_1_128' title='bbox 2677 1294 2864 1366; x_wconf 87' lang='lat' dir='ltr'><strong>spatia</strong></span> <span class='ocrx_word' id='word_1_129' title='bbox 2903 1296 2989 1352; x_wconf 90' lang='lat' dir='ltr'><strong>vel</strong></span> <span class='ocrx_word' id='word_1_130' title='bbox 3029 1284 3350 1359; x_wconf 86' lang='lat' dir='ltr'><strong>domicilia!</strong></span> <span class='ocrx_word' id='word_1_131' title='bbox 3388 1310 3443 1359; x_wconf 89' lang='lat' dir='ltr'><strong>et</strong></span> <span class='ocrx_word' id='word_1_132' title='bbox 3475 1306 3546 1361; x_wconf 93' lang='lat' dir='ltr'><strong>ob</strong></span> <span class='ocrx_word' id='word_1_133' title='bbox 3578 1307 3686 1364; x_wconf 90' lang='lat' dir='ltr'><strong>hoc</strong></span> 
     </span>
    </p>
   </div>
   <div class='ocr_carea' id='block_1_23' title="bbox 2042 1375 3689 1457">
    <p class='ocr_par' dir='ltr' id='par_1_23' title="bbox 2042 1375 3689 1457">
     <span class='ocr_line' id='line_1_23' title="bbox 2042 1375 3689 1457; baseline 0.014 -28"><span class='ocrx_word' id='word_1_134' title='bbox 2042 1375 2212 1430; x_wconf 91' lang='lat' dir='ltr'><strong>multi</strong></span> <span class='ocrx_word' id='word_1_135' title='bbox 2245 1384 2404 1433; x_wconf 80' lang='lat' dir='ltr'><strong>extra</strong></span> <span class='ocrx_word' id='word_1_136' title='bbox 2447 1381 2646 1436; x_wconf 87' lang='lat' dir='ltr'><strong>urbem</strong></span> <span class='ocrx_word' id='word_1_137' title='bbox 2703 1401 2768 1438; x_wconf 81' lang='lat' dir='ltr'><strong>ex</strong></span> <span class='ocrx_word' id='word_1_138' title='bbox 2817 1385 3180 1457; x_wconf 88' lang='lat' dir='ltr'><strong>principibus</strong></span> <span class='ocrx_word' id='word_1_139' title='bbox 3209 1407 3315 1446; x_wconf 92' lang='lat' dir='ltr'><strong>sua</strong></span> <span class='ocrx_word' id='word_1_140' title='bbox 3367 1393 3538 1450; x_wconf 80' lang='lat' dir='ltr'><strong>ﬁxere</strong></span> <span class='ocrx_word' id='word_1_141' title='bbox 3569 1399 3689 1452; x_wconf 87' lang='lat' dir='ltr'><strong>ten-</strong></span> 
     </span>
    </p>
   </div>
   <div class='ocr_carea' id='block_1_24' title="bbox 2041 1464 3688 1546">
    <p class='ocr_par' dir='ltr' id='par_1_24' title="bbox 2041 1464 3688 1546">
     <span class='ocr_line' id='line_1_24' title="bbox 2041 1464 3688 1546; baseline 0.015 -29"><span class='ocrx_word' id='word_1_142' title='bbox 2041 1464 2206 1532; x_wconf 86' lang='lat' dir='ltr'><strong>toria,</strong></span> <span class='ocrx_word' id='word_1_143' title='bbox 2237 1467 2317 1522; x_wconf 86' lang='lat' dir='ltr'><strong>lbi</strong></span> <span class='ocrx_word' id='word_1_144' title='bbox 2359 1469 2582 1541; x_wconf 89' lang='lat' dir='ltr'><strong>aliquot</strong></span> <span class='ocrx_word' id='word_1_145' title='bbox 2616 1471 2822 1528; x_wconf 87' lang='lat' dir='ltr'><strong>diebus</strong></span> <span class='ocrx_word' id='word_1_146' title='bbox 2851 1483 3297 1546; x_wconf 69' lang='lat' dir='ltr'><strong>common-antes,</strong></span> <span class='ocrx_word' id='word_1_147' title='bbox 3332 1480 3457 1538; x_wconf 90' lang='lat' dir='ltr'><strong>loca</strong></span> <span class='ocrx_word' id='word_1_148' title='bbox 3484 1489 3688 1542; x_wconf 83' lang='lat' dir='ltr'><strong>sancta</strong></span> 
     </span>
    </p>
   </div>
   <div class='ocr_carea' id='block_1_25' title="bbox 2039 1555 3687 1636">
    <p class='ocr_par' dir='ltr' id='par_1_25' title="bbox 2039 1555 3687 1636">
     <span class='ocr_line' id='line_1_25' title="bbox 2039 1555 3687 1636; baseline 0.016 -31"><span class='ocrx_word' id='word_1_149' title='bbox 2039 1555 2345 1627; x_wconf 88' lang='lat' dir='ltr'><strong>peregrina</strong></span> <span class='ocrx_word' id='word_1_150' title='bbox 2400 1559 2820 1616; x_wconf 88' lang='lat' dir='ltr'><strong>consuetudine</strong></span> <span class='ocrx_word' id='word_1_151' title='bbox 2875 1565 3459 1636; x_wconf 88' lang='lat' dir='ltr'><strong>perambulaverunt,</strong></span> <span class='ocrx_word' id='word_1_152' title='bbox 3510 1577 3567 1629; x_wconf 88' lang='lat' dir='ltr'><strong>et</strong></span> <span class='ocrx_word' id='word_1_153' title='bbox 3624 1590 3687 1631; x_wconf 86' lang='lat' dir='ltr'><strong>se</strong></span> 
     </span>
    </p>
   </div>
   <div class='ocr_carea' id='block_1_26' title="bbox 2039 1647 3685 1728">
    <p class='ocr_par' dir='ltr' id='par_1_26' title="bbox 2039 1647 3685 1728">
     <span class='ocr_line' id='line_1_26' title="bbox 2039 1647 3685 1728; baseline 0.016 -35"><span class='ocrx_word' id='word_1_154' title='bbox 2039 1647 2376 1698; x_wconf 88' lang='lat' dir='ltr'><strong>sanctorum</strong></span> <span class='ocrx_word' id='word_1_155' title='bbox 2435 1647 2854 1717; x_wconf 84' lang='lat' dir='ltr'><strong>apostolorum,</strong></span> <span class='ocrx_word' id='word_1_156' title='bbox 2913 1650 3279 1728; x_wconf 90' lang='lat' dir='ltr'><strong>aliorumque</strong></span> <span class='ocrx_word' id='word_1_157' title='bbox 3338 1660 3561 1716; x_wconf 88' lang='lat' dir='ltr'><strong>meritis</strong></span> <span class='ocrx_word' id='word_1_158' title='bbox 3619 1679 3685 1719; x_wconf 89' lang='lat' dir='ltr'><strong>ac</strong></span> 
     </span>
    </p>
   </div>
   <div class='ocr_carea' id='block_1_27' title="bbox 277 1721 3685 1816">
    <p class='ocr_par' dir='ltr' id='par_1_27' title="bbox 277 1721 3685 1816">
     <span class='ocr_line' id='line_1_27' title="bbox 277 1721 3685 1816; baseline 0.008 -50"><span class='ocrx_word' id='word_1_159' title='bbox 277 1721 550 1795; x_wconf 63' lang='lat' dir='ltr'><strong>Magnus,</strong></span> <span class='ocrx_word' id='word_1_160' title='bbox 576 1723 754 1780; x_wconf 73' lang='lat' dir='ltr'><strong>frater</strong></span> <span class='ocrx_word' id='word_1_161' title='bbox 786 1725 1031 1800; x_wconf 78' lang='lat' dir='ltr'><strong>Philippi</strong></span> <span class='ocrx_word' id='word_1_162' title='bbox 1067 1729 1218 1803; x_wconf 65' lang='lat' dir='ltr'><strong>regis</strong></span> <span class='ocrx_word' id='word_1_163' title='bbox 1261 1731 1636 1802; x_wconf 60' lang='lat' dir='ltr'><strong>Francorum,</strong></span> <span class='ocrx_word' id='word_1_164' title='bbox 1671 1733 1770 1805; x_wconf 77' lang='lat' dir='ltr'><strong>qui</strong></span> <span class='ocrx_word' id='word_1_165' title='bbox 1801 1733 1928 1806; x_wconf 79' lang='lat' dir='ltr'><strong>ipso</strong></span> <span class='ocrx_word' id='word_1_166' title='bbox 1962 1749 2006 1813; x_wconf 72' lang='grc' dir='ltr'><strong>Β</strong></span> <span class='ocrx_word' id='word_1_167' title='bbox 2038 1729 2303 1799; x_wconf 77' lang='lat' dir='ltr'><strong>precibus</strong></span> <span class='ocrx_word' id='word_1_168' title='bbox 2337 1735 2914 1795; x_wconf 85' lang='lat' dir='ltr'><strong>commendaverunt.</strong></span> <span class='ocrx_word' id='word_1_169' title='bbox 2943 1741 3020 1794; x_wconf 89' lang='lat' dir='ltr'><strong>Ac</strong></span> <span class='ocrx_word' id='word_1_170' title='bbox 3051 1741 3132 1796; x_wconf 93' lang='lat' dir='ltr'><strong>sic</strong></span> <span class='ocrx_word' id='word_1_171' title='bbox 3164 1721 3480 1816; x_wconf 78' lang='lat' dir='ltr'><strong>apostolica</strong></span> <span class='ocrx_word' id='word_1_172' title='bbox 3511 1749 3685 1807; x_wconf 87' lang='lat' dir='ltr'><strong>bene-</strong></span> 
     </span>
    </p>
   </div>
   <div class='ocr_carea' id='block_1_28' title="bbox 275 1813 1928 1892">
    <p class='ocr_par' dir='ltr' id='par_1_28' title="bbox 275 1813 1928 1892">
     <span class='ocr_line' id='line_1_28' title="bbox 275 1813 1928 1892; baseline 0.008 -27"><span class='ocrx_word' id='word_1_173' title='bbox 275 1814 541 1883; x_wconf 88' lang='lat' dir='ltr'><strong>tempore</strong></span> <span class='ocrx_word' id='word_1_174' title='bbox 572 1813 875 1869; x_wconf 87' lang='lat' dir='ltr'><strong>Franciam</strong></span> <span class='ocrx_word' id='word_1_175' title='bbox 904 1833 1010 1872; x_wconf 92' lang='lat' dir='ltr'><strong>suo</strong></span> <span class='ocrx_word' id='word_1_176' title='bbox 1041 1819 1395 1890; x_wconf 86' lang='lat' dir='ltr'><strong>subjugabat</strong></span> <span class='ocrx_word' id='word_1_177' title='bbox 1416 1820 1678 1892; x_wconf 91' lang='lat' dir='ltr'><strong>imperio.</strong></span> <span class='ocrx_word' id='word_1_178' title='bbox 1709 1822 1806 1877; x_wconf 82' lang='lat' dir='ltr'><strong>llic</strong></span> <span class='ocrx_word' id='word_1_179' title='bbox 1830 1821 1928 1878; x_wconf 94' lang='lat' dir='ltr'><strong>ho-</strong></span> 
     </span>
    </p>
   </div>
   <div class='ocr_carea' id='block_1_29' title="bbox 275 1902 1925 1980">
    <p class='ocr_par' dir='ltr' id='par_1_29' title="bbox 275 1902 1925 1980">
     <span class='ocr_line' id='line_1_29' title="bbox 275 1902 1925 1980; baseline 0.007 -27"><span class='ocrx_word' id='word_1_180' title='bbox 275 1905 503 1955; x_wconf 87' lang='lat' dir='ltr'><strong>nestate</strong></span> <span class='ocrx_word' id='word_1_181' title='bbox 535 1918 786 1968; x_wconf 89' lang='lat' dir='ltr'><strong>morum,</strong></span> <span class='ocrx_word' id='word_1_182' title='bbox 815 1907 872 1958; x_wconf 89' lang='lat' dir='ltr'><strong>et</strong></span> <span class='ocrx_word' id='word_1_183' title='bbox 901 1902 1188 1976; x_wconf 84' lang='lat' dir='ltr'><strong>elegantia</strong></span> <span class='ocrx_word' id='word_1_184' title='bbox 1218 1907 1494 1980; x_wconf 89' lang='lat' dir='ltr'><strong>corporis,</strong></span> <span class='ocrx_word' id='word_1_185' title='bbox 1520 1914 1575 1964; x_wconf 91' lang='lat' dir='ltr'><strong>et</strong></span> <span class='ocrx_word' id='word_1_186' title='bbox 1604 1909 1784 1965; x_wconf 90' lang='lat' dir='ltr'><strong>animi</strong></span> <span class='ocrx_word' id='word_1_187' title='bbox 1812 1911 1925 1966; x_wconf 90' lang='lat' dir='ltr'><strong>vir-</strong></span> 
     </span>
    </p>
   </div>
   <div class='ocr_carea' id='block_1_30' title="bbox 273 1989 1928 2072">
    <p class='ocr_par' dir='ltr' id='par_1_30' title="bbox 273 1989 1928 2072">
     <span class='ocr_line' id='line_1_30' title="bbox 273 1989 1928 2072; baseline 0.008 -30"><span class='ocrx_word' id='word_1_188' title='bbox 273 1990 426 2055; x_wconf 84' lang='lat' dir='ltr'><strong>tute,</strong></span> <span class='ocrx_word' id='word_1_189' title='bbox 453 1989 702 2062; x_wconf 88' lang='lat' dir='ltr'><strong>regalem</strong></span> <span class='ocrx_word' id='word_1_190' title='bbox 734 1991 803 2046; x_wconf 92' lang='lat' dir='ltr'><strong>de</strong></span> <span class='ocrx_word' id='word_1_191' title='bbox 833 2009 948 2064; x_wconf 90' lang='lat' dir='ltr'><strong>qua</strong></span> <span class='ocrx_word' id='word_1_192' title='bbox 977 1997 1138 2048; x_wconf 86' lang='lat' dir='ltr'><strong>ortus</strong></span> <span class='ocrx_word' id='word_1_193' title='bbox 1168 2000 1292 2050; x_wconf 88' lang='lat' dir='ltr'><strong>erat</strong></span> <span class='ocrx_word' id='word_1_194' title='bbox 1321 1998 1769 2054; x_wconf 87' lang='lat' dir='ltr'><strong>commendabat</strong></span> <span class='ocrx_word' id='word_1_195' title='bbox 1803 2017 1928 2072; x_wconf 86' lang='lat' dir='ltr'><strong>pro-</strong></span> 
     </span>
    </p>
   </div>
   <div class='ocr_carea' id='block_1_31' title="bbox 251 2075 1926 2158">
    <p class='ocr_par' dir='ltr' id='par_1_31' title="bbox 251 2075 1926 2158">
     <span class='ocr_line' id='line_1_31' title="bbox 251 2075 1926 2158; baseline 0.008 -26"><span class='ocrx_word' id='word_1_196' title='bbox 251 2075 525 2148; x_wconf 65' lang='lat' dir='ltr'><strong>&#39;sapiam.</strong></span> <span class='ocrx_word' id='word_1_197' title='bbox 550 2079 690 2133; x_wconf 89' lang='lat' dir='ltr'><strong>Cum</strong></span> <span class='ocrx_word' id='word_1_198' title='bbox 721 2095 836 2150; x_wconf 91' lang='lat' dir='ltr'><strong>quo</strong></span> <span class='ocrx_word' id='word_1_199' title='bbox 864 2085 920 2134; x_wconf 90' lang='lat' dir='ltr'><strong>et</strong></span> <span class='ocrx_word' id='word_1_200' title='bbox 950 2081 1282 2154; x_wconf 83' lang='lat' dir='ltr'><strong>Stephanus</strong></span> <span class='ocrx_word' id='word_1_201' title='bbox 1307 2086 1676 2142; x_wconf 86' lang='lat' dir='ltr'><strong>Carnotensis</strong></span> <span class='ocrx_word' id='word_1_202' title='bbox 1709 2106 1926 2158; x_wconf 89' lang='lat' dir='ltr'><strong>comes,</strong></span> 
     </span>
    </p>
   </div>
   <div class='ocr_carea' id='block_1_32' title="bbox 275 2164 1923 2244">
    <p class='ocr_par' dir='ltr' id='par_1_32' title="bbox 275 2164 1923 2244">
     <span class='ocr_line' id='line_1_32' title="bbox 275 2164 1923 2244; baseline 0.009 -27"><span class='ocrx_word' id='word_1_203' title='bbox 275 2164 380 2236; x_wconf 91' lang='lat' dir='ltr'><strong>qui</strong></span> <span class='ocrx_word' id='word_1_204' title='bbox 415 2181 450 2219; x_wconf 89' lang='lat' dir='ltr'><strong>a</strong></span> <span class='ocrx_word' id='word_1_205' title='bbox 478 2165 644 2222; x_wconf 88' lang='lat' dir='ltr'><strong>bonis</strong></span> <span class='ocrx_word' id='word_1_206' title='bbox 673 2164 860 2222; x_wconf 88' lang='lat' dir='ltr'><strong>initiis</strong></span> <span class='ocrx_word' id='word_1_207' title='bbox 889 2185 1096 2240; x_wconf 91' lang='lat' dir='ltr'><strong>pravos</strong></span> <span class='ocrx_word' id='word_1_208' title='bbox 1130 2169 1402 2244; x_wconf 87' lang='lat' dir='ltr'><strong>deinceps</strong></span> <span class='ocrx_word' id='word_1_209' title='bbox 1433 2174 1688 2230; x_wconf 88' lang='lat' dir='ltr'><strong>obtinuit</strong></span> <span class='ocrx_word' id='word_1_210' title='bbox 1711 2177 1923 2232; x_wconf 82' lang='lat' dir='ltr'><strong>exitus.</strong></span> 
     </span>
    </p>
   </div>
   <div class='ocr_carea' id='block_1_33' title="bbox 273 2253 1925 2330">
    <p class='ocr_par' dir='ltr' id='par_1_33' title="bbox 273 2253 1925 2330">
     <span class='ocr_line' id='line_1_33' title="bbox 273 2253 1925 2330; baseline 0.008 -22"><span class='ocrx_word' id='word_1_211' title='bbox 273 2253 321 2308; x_wconf 94' lang='grc' dir='ltr'><strong>Ο</strong></span> <span class='ocrx_word' id='word_1_212' title='bbox 355 2270 532 2325; x_wconf 90' lang='lat' dir='ltr'><strong>quam</strong></span> <span class='ocrx_word' id='word_1_213' title='bbox 561 2253 659 2310; x_wconf 87' lang='lat' dir='ltr'><strong>alii</strong></span> <span class='ocrx_word' id='word_1_214' title='bbox 690 2254 984 2313; x_wconf 88' lang='lat' dir='ltr'><strong>innumeri</strong></span> <span class='ocrx_word' id='word_1_215' title='bbox 1023 2258 1336 2330; x_wconf 87' lang='lat' dir='ltr'><strong>optimates</strong></span> <span class='ocrx_word' id='word_1_216' title='bbox 1377 2267 1433 2317; x_wconf 92' lang='lat' dir='ltr'><strong>et</strong></span> <span class='ocrx_word' id='word_1_217' title='bbox 1481 2263 1724 2320; x_wconf 89' lang='lat' dir='ltr'><strong>minoris</strong></span> <span class='ocrx_word' id='word_1_218' title='bbox 1758 2266 1925 2321; x_wconf 70' lang='lat' dir='ltr'><strong>fama}</strong></span> 
     </span>
    </p>
   </div>
   <div class='ocr_carea' id='block_1_34' title="bbox 271 2341 1929 2421">
    <p class='ocr_par' dir='ltr' id='par_1_34' title="bbox 271 2341 1929 2421">
     <span class='ocr_line' id='line_1_34' title="bbox 271 2341 1929 2421; baseline 0.008 -23"><span class='ocrx_word' id='word_1_219' title='bbox 271 2341 570 2411; x_wconf 85' lang='lat' dir='ltr'><strong>consules,</strong></span> <span class='ocrx_word' id='word_1_220' title='bbox 594 2359 730 2400; x_wconf 90' lang='lat' dir='ltr'><strong>cum</strong></span> <span class='ocrx_word' id='word_1_221' title='bbox 754 2345 847 2402; x_wconf 91' lang='lat' dir='ltr'><strong>his</strong></span> <span class='ocrx_word' id='word_1_222' title='bbox 866 2352 1005 2402; x_wconf 89' lang='lat' dir='ltr'><strong>sunt</strong></span> <span class='ocrx_word' id='word_1_223' title='bbox 1025 2349 1298 2404; x_wconf 90' lang='lat' dir='ltr'><strong>associati</strong></span> <span class='ocrx_word' id='word_1_224' title='bbox 1323 2354 1442 2406; x_wconf 87' lang='lat' dir='ltr'><strong>tam</strong></span> <span class='ocrx_word' id='word_1_225' title='bbox 1465 2353 1729 2421; x_wconf 83' lang='lat' dir='ltr'><strong>ejusdem</strong></span> <span class='ocrx_word' id='word_1_226' title='bbox 1756 2356 1929 2411; x_wconf 86' lang='lat' dir='ltr'><strong>Fran-</strong></span> 
     </span>
    </p>
   </div>
   <div class='ocr_carea' id='block_1_35' title="bbox 274 2431 1926 2515">
    <p class='ocr_par' dir='ltr' id='par_1_35' title="bbox 274 2431 1926 2515">
     <span class='ocr_line' id='line_1_35' title="bbox 274 2431 1926 2515; baseline 0.007 -28"><span class='ocrx_word' id='word_1_227' title='bbox 274 2431 382 2487; x_wconf 70' lang='lat' dir='ltr'><strong>cia:</strong></span> <span class='ocrx_word' id='word_1_228' title='bbox 418 2447 596 2504; x_wconf 89' lang='lat' dir='ltr'><strong>quam</strong></span> <span class='ocrx_word' id='word_1_229' title='bbox 645 2434 887 2505; x_wconf 85' lang='lat' dir='ltr'><strong>majoris</strong></span> <span class='ocrx_word' id='word_1_230' title='bbox 915 2438 970 2490; x_wconf 91' lang='lat' dir='ltr'><strong>et</strong></span> <span class='ocrx_word' id='word_1_231' title='bbox 1001 2434 1244 2492; x_wconf 91' lang='lat' dir='ltr'><strong>minoris</strong></span> <span class='ocrx_word' id='word_1_232' title='bbox 1277 2437 1616 2495; x_wconf 62' lang='lat' dir='ltr'><strong>Britannia}!</strong></span> <span class='ocrx_word' id='word_1_233' title='bbox 1671 2444 1717 2496; x_wconf 88' lang='lat' dir='ltr'><strong>A</strong></span> <span class='ocrx_word' id='word_1_234' title='bbox 1764 2449 1926 2515; x_wconf 90' lang='lat' dir='ltr'><strong>parte</strong></span> 
     </span>
    </p>
   </div>
   <div class='ocr_carea' id='block_1_36' title="bbox 273 2520 1928 2604">
    <p class='ocr_par' dir='ltr' id='par_1_36' title="bbox 273 2520 1928 2604">
     <span class='ocr_line' id='line_1_36' title="bbox 273 2520 1928 2604; baseline 0.007 -28"><span class='ocrx_word' id='word_1_235' title='bbox 273 2520 522 2577; x_wconf 85' lang='lat' dir='ltr'><strong>australi</strong></span> <span class='ocrx_word' id='word_1_236' title='bbox 555 2526 715 2577; x_wconf 90' lang='lat' dir='ltr'><strong>mota</strong></span> <span class='ocrx_word' id='word_1_237' title='bbox 761 2527 900 2577; x_wconf 88' lang='lat' dir='ltr'><strong>sunt</strong></span> <span class='ocrx_word' id='word_1_238' title='bbox 956 2529 1148 2579; x_wconf 89' lang='lat' dir='ltr'><strong>castra</strong></span> <span class='ocrx_word' id='word_1_239' title='bbox 1204 2526 1506 2583; x_wconf 91' lang='lat' dir='ltr'><strong>Podiensis</strong></span> <span class='ocrx_word' id='word_1_240' title='bbox 1561 2529 1838 2604; x_wconf 90' lang='lat' dir='ltr'><strong>episcopi,</strong></span> <span class='ocrx_word' id='word_1_241' title='bbox 1871 2539 1928 2588; x_wconf 88' lang='lat' dir='ltr'><strong>et</strong></span> 
     </span>
    </p>
   </div>
   <div class='ocr_carea' id='block_1_37' title="bbox 273 2610 1926 2685">
    <p class='ocr_par' dir='ltr' id='par_1_37' title="bbox 273 2610 1926 2685">
     <span class='ocr_line' id='line_1_37' title="bbox 273 2610 1926 2685; baseline 0.007 -19"><span class='ocrx_word' id='word_1_242' title='bbox 273 2610 510 2666; x_wconf 90' lang='lat' dir='ltr'><strong>comitis</strong></span> <span class='ocrx_word' id='word_1_243' title='bbox 541 2610 738 2666; x_wconf 90' lang='lat' dir='ltr'><strong>Sancti</strong></span> <span class='ocrx_word' id='word_1_244' title='bbox 780 2611 1009 2685; x_wconf 59' lang='lat' dir='ltr'><strong>IEgidii,</strong></span> <span class='ocrx_word' id='word_1_245' title='bbox 1044 2613 1280 2670; x_wconf 91' lang='lat' dir='ltr'><strong>nomine</strong></span> <span class='ocrx_word' id='word_1_246' title='bbox 1319 2616 1656 2675; x_wconf 86' lang='lat' dir='ltr'><strong>Raimundi.</strong></span> <span class='ocrx_word' id='word_1_247' title='bbox 1685 2620 1786 2675; x_wconf 82' lang='lat' dir='ltr'><strong>Vir</strong></span> <span class='ocrx_word' id='word_1_248' title='bbox 1816 2622 1926 2677; x_wconf 90' lang='lat' dir='ltr'><strong>iste</strong></span> 
     </span>
    </p>
   </div>
   <div class='ocr_carea' id='block_1_38' title="bbox 272 2699 1924 2781">
    <p class='ocr_par' dir='ltr' id='par_1_38' title="bbox 272 2699 1924 2781">
     <span class='ocr_line' id='line_1_38' title="bbox 272 2699 1924 2781; baseline 0.006 -26"><span class='ocrx_word' id='word_1_249' title='bbox 272 2716 413 2756; x_wconf 92' lang='lat' dir='ltr'><strong>cum</strong></span> <span class='ocrx_word' id='word_1_250' title='bbox 439 2699 716 2773; x_wconf 66' lang='lat' dir='ltr'><strong>pradives</strong></span> <span class='ocrx_word' id='word_1_251' title='bbox 745 2704 918 2768; x_wconf 88' lang='lat' dir='ltr'><strong>esset,</strong></span> <span class='ocrx_word' id='word_1_252' title='bbox 942 2705 1000 2756; x_wconf 89' lang='lat' dir='ltr'><strong>et</strong></span> <span class='ocrx_word' id='word_1_253' title='bbox 1026 2703 1446 2775; x_wconf 90' lang='lat' dir='ltr'><strong>temporalibus</strong></span> <span class='ocrx_word' id='word_1_254' title='bbox 1466 2705 1635 2763; x_wconf 89' lang='lat' dir='ltr'><strong>bonis</strong></span> <span class='ocrx_word' id='word_1_255' title='bbox 1665 2707 1924 2781; x_wconf 89' lang='lat' dir='ltr'><strong>locuple-</strong></span> 
     </span>
    </p>
   </div>
   <div class='ocr_carea' id='block_1_39' title="bbox 273 2787 1924 2858">
    <p class='ocr_par' dir='ltr' id='par_1_39' title="bbox 273 2787 1924 2858">
     <span class='ocr_line' id='line_1_39' title="bbox 273 2787 1924 2858; baseline 0.006 -15"><span class='ocrx_word' id='word_1_256' title='bbox 273 2792 459 2855; x_wconf 82' lang='lat' dir='ltr'><strong>tatus,</strong></span> <span class='ocrx_word' id='word_1_257' title='bbox 493 2787 690 2843; x_wconf 88' lang='lat' dir='ltr'><strong>omnia</strong></span> <span class='ocrx_word' id='word_1_258' title='bbox 735 2805 843 2844; x_wconf 90' lang='lat' dir='ltr'><strong>sua</strong></span> <span class='ocrx_word' id='word_1_259' title='bbox 886 2789 1166 2858; x_wconf 87' lang='lat' dir='ltr'><strong>vendidit,</strong></span> <span class='ocrx_word' id='word_1_260' title='bbox 1199 2796 1256 2847; x_wconf 89' lang='lat' dir='ltr'><strong>et</strong></span> <span class='ocrx_word' id='word_1_261' title='bbox 1283 2791 1436 2848; x_wconf 91' lang='lat' dir='ltr'><strong>viam</strong></span> <span class='ocrx_word' id='word_1_262' title='bbox 1487 2795 1924 2854; x_wconf 87' lang='lat' dir='ltr'><strong>deliberationis</strong></span> 
     </span>
    </p>
   </div>
   <div class='ocr_carea' id='block_1_40' title="bbox 271 2875 1922 2954">
    <p class='ocr_par' dir='ltr' id='par_1_40' title="bbox 271 2875 1922 2954">
     <span class='ocr_line' id='line_1_40' title="bbox 271 2875 1922 2954; baseline 0.007 -22"><span class='ocrx_word' id='word_1_263' title='bbox 271 2876 466 2932; x_wconf 90' lang='lat' dir='ltr'><strong>sancti</strong></span> <span class='ocrx_word' id='word_1_264' title='bbox 497 2875 748 2950; x_wconf 88' lang='lat' dir='ltr'><strong>sepulcri</strong></span> <span class='ocrx_word' id='word_1_265' title='bbox 790 2877 1053 2950; x_wconf 89' lang='lat' dir='ltr'><strong>arripuit.</strong></span> <span class='ocrx_word' id='word_1_266' title='bbox 1088 2880 1232 2936; x_wconf 86' lang='lat' dir='ltr'><strong>Ecce</strong></span> <span class='ocrx_word' id='word_1_267' title='bbox 1278 2884 1722 2954; x_wconf 84' lang='lat' dir='ltr'><strong>praesentialiter</strong></span> <span class='ocrx_word' id='word_1_268' title='bbox 1768 2904 1922 2943; x_wconf 91' lang='lat' dir='ltr'><strong>nunc</strong></span> 
     </span>
    </p>
   </div>
   <div class='ocr_carea' id='block_1_41' title="bbox 271 2963 1925 3048">
    <p class='ocr_par' dir='ltr' id='par_1_41' title="bbox 271 2963 1925 3048">
     <span class='ocr_line' id='line_1_41' title="bbox 271 2963 1925 3048; baseline 0.008 -30"><span class='ocrx_word' id='word_1_269' title='bbox 271 2963 540 3019; x_wconf 89' lang='lat' dir='ltr'><strong>videmus</strong></span> <span class='ocrx_word' id='word_1_270' title='bbox 590 2963 649 3019; x_wconf 91' lang='lat' dir='ltr'><strong>in</strong></span> <span class='ocrx_word' id='word_1_271' title='bbox 683 2981 762 3033; x_wconf 90' lang='lat' dir='ltr'><strong>re,</strong></span> <span class='ocrx_word' id='word_1_272' title='bbox 797 2965 950 3037; x_wconf 93' lang='lat' dir='ltr'><strong>quod</strong></span> <span class='ocrx_word' id='word_1_273' title='bbox 985 2965 1125 3021; x_wconf 90' lang='lat' dir='ltr'><strong>olim</strong></span> <span class='ocrx_word' id='word_1_274' title='bbox 1176 2967 1462 3026; x_wconf 89' lang='lat' dir='ltr'><strong>Dominus</strong></span> <span class='ocrx_word' id='word_1_275' title='bbox 1510 2973 1776 3044; x_wconf 86' lang='lat' dir='ltr'><strong>promisit</strong></span> <span class='ocrx_word' id='word_1_276' title='bbox 1825 2993 1925 3048; x_wconf 89' lang='lat' dir='ltr'><strong>per</strong></span> 
     </span>
    </p>
   </div>
   <div class='ocr_carea' id='block_1_42' title="bbox 266 3051 1918 3136">
    <p class='ocr_par' dir='ltr' id='par_1_42' title="bbox 266 3051 1918 3136">
     <span class='ocr_line' id='line_1_42' title="bbox 266 3051 1918 3136; baseline 0.006 -27"><span class='ocrx_word' id='word_1_277' title='bbox 266 3071 338 3109; x_wconf 89' lang='lat' dir='ltr'><strong>os</strong></span> <span class='ocrx_word' id='word_1_278' title='bbox 372 3051 529 3108; x_wconf 73' lang='lat' dir='ltr'><strong>Isaia:</strong></span> <span class='ocrx_word' id='word_1_279' title='bbox 589 3053 902 3127; x_wconf 60' lang='lat' dir='ltr'><strong>propheta.</strong></span> <span class='ocrx_word' id='word_1_280' title='bbox 935 3055 1028 3109; x_wconf 89' lang='lat' dir='ltr'><strong>Ait</strong></span> <span class='ocrx_word' id='word_1_281' title='bbox 1080 3056 1284 3112; x_wconf 91' lang='lat' dir='ltr'><strong>enim:</strong></span> <span class='ocrx_word' id='word_1_282' title='bbox 1336 3061 1469 3114; x_wconf 85' lang='lat' dir='ltr'><strong>Noli</strong></span> <span class='ocrx_word' id='word_1_283' title='bbox 1522 3063 1732 3133; x_wconf 83' lang='lat' dir='ltr'><strong>timere,</strong></span> <span class='ocrx_word' id='word_1_284' title='bbox 1791 3067 1918 3136; x_wconf 68' lang='lat' dir='ltr'><strong>quia</strong></span> 
     </span>
    </p>
   </div>
   <div class='ocr_carea' id='block_1_43' title="bbox 255 3112 1994 3222">
    <p class='ocr_par' dir='ltr' id='par_1_43' title="bbox 255 3112 1994 3222">
     <span class='ocr_line' id='line_1_43' title="bbox 255 3112 1994 3222; baseline 0.007 -27"><span class='ocrx_word' id='word_1_285' title='bbox 255 3157 364 3211; x_wconf 87' lang='lat' dir='ltr'><strong>ego</strong></span> <span class='ocrx_word' id='word_1_286' title='bbox 395 3149 570 3196; x_wconf 77' lang='lat' dir='ltr'><strong>tecum</strong></span> <span class='ocrx_word' id='word_1_287' title='bbox 605 3159 744 3197; x_wconf 85' lang='lat' dir='ltr'><strong>sum.</strong></span> <span class='ocrx_word' id='word_1_288' title='bbox 779 3142 854 3197; x_wconf 83' lang='lat' dir='ltr'><strong>Ab</strong></span> <span class='ocrx_word' id='word_1_289' title='bbox 885 3143 1142 3215; x_wconf 79' lang='lat' dir='ltr'><strong>aquilone</strong></span> <span class='ocrx_word' id='word_1_290' title='bbox 1189 3145 1458 3202; x_wconf 87' lang='lat' dir='ltr'><strong>adducam</strong></span> <span class='ocrx_word' id='word_1_291' title='bbox 1509 3166 1689 3205; x_wconf 85' lang='lat' dir='ltr'><strong>semen</strong></span> <span class='ocrx_word' id='word_1_292' title='bbox 1740 3160 1914 3222; x_wconf 87' lang='lat' dir='ltr'><strong>tuum,</strong></span> <span class='ocrx_word' id='word_1_293' title='bbox 1951 3112 1994 3180; x_wconf 60' lang='grc' dir='ltr'>α</span> 
     </span>
    </p>
   </div>
   <div class='ocr_carea' id='block_1_44' title="bbox 265 3231 1918 3311">
    <p class='ocr_par' dir='ltr' id='par_1_44' title="bbox 265 3231 1918 3311">
     <span class='ocr_line' id='line_1_44' title="bbox 265 3231 1918 3311; baseline 0.005 -23"><span class='ocrx_word' id='word_1_294' title='bbox 265 3240 320 3288; x_wconf 77' lang='grc' dir='ltr'><strong>ει</strong></span> <span class='ocrx_word' id='word_1_295' title='bbox 352 3231 420 3286; x_wconf 92' lang='lat' dir='ltr'><strong>ab</strong></span> <span class='ocrx_word' id='word_1_296' title='bbox 457 3231 724 3287; x_wconf 76' lang='lat' dir='ltr'><strong>occidente</strong></span> <span class='ocrx_word' id='word_1_297' title='bbox 754 3235 1094 3304; x_wconf 81' lang='lat' dir='ltr'><strong>congregabo</strong></span> <span class='ocrx_word' id='word_1_298' title='bbox 1123 3241 1191 3290; x_wconf 80' lang='lat' dir='ltr'><strong>te.</strong></span> <span class='ocrx_word' id='word_1_299' title='bbox 1226 3237 1426 3292; x_wconf 82' lang='lat' dir='ltr'><strong>Dicam</strong></span> <span class='ocrx_word' id='word_1_300' title='bbox 1453 3237 1713 3310; x_wconf 81' lang='lat' dir='ltr'><strong>Aquiloni</strong></span> <span class='ocrx_word' id='word_1_301' title='bbox 1742 3259 1760 3295; x_wconf 90' lang='lat'><strong><em>:</em></strong></span> <span class='ocrx_word' id='word_1_302' title='bbox 1795 3246 1918 3311; x_wconf 82' lang='lat' dir='ltr'><strong>Da,-</strong></span> 
     </span>
    </p>
   </div>
   <div class='ocr_carea' id='block_1_45' title="bbox 265 3321 1920 3398">
    <p class='ocr_par' dir='ltr' id='par_1_45' title="bbox 265 3321 1920 3398">
     <span class='ocr_line' id='line_1_45' title="bbox 265 3321 1920 3398; baseline 0.007 -21"><span class='ocrx_word' id='word_1_303' title='bbox 265 3328 323 3377; x_wconf 78' lang='grc' dir='ltr'><strong>ει</strong></span> <span class='ocrx_word' id='word_1_304' title='bbox 380 3321 569 3376; x_wconf 79' lang='lat' dir='ltr'><strong>Austro</strong></span> <span class='ocrx_word' id='word_1_305' title='bbox 609 3337 628 3376; x_wconf 89' lang='lat'><strong><em>:</em></strong></span> <span class='ocrx_word' id='word_1_306' title='bbox 675 3321 805 3376; x_wconf 80' lang='lat' dir='ltr'><strong>Noli</strong></span> <span class='ocrx_word' id='word_1_307' title='bbox 854 3323 1143 3391; x_wconf 80' lang='lat' dir='ltr'><strong>prohibere</strong></span> <span class='ocrx_word' id='word_1_308' title='bbox 1199 3343 1218 3378; x_wconf 89' lang='lat'><strong><em>:</em></strong></span> <span class='ocrx_word' id='word_1_309' title='bbox 1272 3325 1408 3398; x_wconf 75' lang='lat' dir='ltr'><strong>affer</strong></span> <span class='ocrx_word' id='word_1_310' title='bbox 1459 3328 1604 3398; x_wconf 83' lang='lat' dir='ltr'><strong>ﬁlios</strong></span> <span class='ocrx_word' id='word_1_311' title='bbox 1659 3346 1802 3387; x_wconf 85' lang='lat' dir='ltr'><strong>meos</strong></span> <span class='ocrx_word' id='word_1_312' title='bbox 1856 3332 1920 3389; x_wconf 83' lang='lat' dir='ltr'><strong>de</strong></span> 
     </span>
    </p>
   </div>
   <div class='ocr_carea' id='block_1_46' title="bbox 269 3410 1916 3490">
    <p class='ocr_par' dir='ltr' id='par_1_46' title="bbox 269 3410 1916 3490">
     <span class='ocr_line' id='line_1_46' title="bbox 269 3410 1916 3490; baseline 0.008 -25"><span class='ocrx_word' id='word_1_313' title='bbox 269 3411 592 3482; x_wconf 84' lang='lat' dir='ltr'><strong>longinquo,</strong></span> <span class='ocrx_word' id='word_1_314' title='bbox 643 3417 694 3464; x_wconf 81' lang='lat' dir='ltr'><strong>et</strong></span> <span class='ocrx_word' id='word_1_315' title='bbox 748 3410 896 3481; x_wconf 79' lang='lat' dir='ltr'><strong>ﬁlias</strong></span> <span class='ocrx_word' id='word_1_316' title='bbox 950 3427 1098 3468; x_wconf 86' lang='lat' dir='ltr'><strong>meas</strong></span> <span class='ocrx_word' id='word_1_317' title='bbox 1156 3413 1222 3469; x_wconf 85' lang='lat' dir='ltr'><strong>ab</strong></span> <span class='ocrx_word' id='word_1_318' title='bbox 1279 3419 1534 3472; x_wconf 67' lang='lat' dir='ltr'><strong>extremis</strong></span> <span class='ocrx_word' id='word_1_319' title='bbox 1587 3426 1754 3476; x_wconf 69' lang='lat' dir='ltr'><strong>terra?</strong></span> <span class='ocrx_word' id='word_1_320' title='bbox 1790 3423 1916 3490; x_wconf 83' lang='lat' dir='ltr'><strong>(Isa.</strong></span> 
     </span>
    </p>
   </div>
   <div class='ocr_carea' id='block_1_47' title="bbox 269 3500 1918 3577">
    <p class='ocr_par' dir='ltr' id='par_1_47' title="bbox 269 3500 1918 3577">
     <span class='ocr_line' id='line_1_47' title="bbox 269 3500 1918 3577; baseline 0.006 -21"><span class='ocrx_word' id='word_1_321' title='bbox 269 3516 440 3566; x_wconf 81' lang='lat' dir='ltr'><strong>xuu;</strong></span> <span class='ocrx_word' id='word_1_322' title='bbox 471 3501 527 3566; x_wconf 88' lang='lat'><strong>5,</strong></span> <span class='ocrx_word' id='word_1_323' title='bbox 571 3501 634 3567; x_wconf 90' lang='lat'><strong>6;</strong></span> <span class='ocrx_word' id='word_1_324' title='bbox 666 3500 818 3554; x_wconf 84' lang='lat' dir='ltr'><strong>Psal.</strong></span> <span class='ocrx_word' id='word_1_325' title='bbox 852 3517 1018 3569; x_wconf 83' lang='lat' dir='ltr'><strong>van,</strong></span> <span class='ocrx_word' id='word_1_326' title='bbox 1051 3502 1126 3570; x_wconf 87' lang='lat'><strong>5).</strong></span> <span class='ocrx_word' id='word_1_327' title='bbox 1162 3502 1346 3571; x_wconf 92' lang='lat' dir='ltr'><strong>Nunc,</strong></span> <span class='ocrx_word' id='word_1_328' title='bbox 1383 3510 1448 3560; x_wconf 93' lang='lat' dir='ltr'><strong>ut</strong></span> <span class='ocrx_word' id='word_1_329' title='bbox 1493 3507 1780 3577; x_wconf 91' lang='lat' dir='ltr'><strong>videmus,</strong></span> <span class='ocrx_word' id='word_1_330' title='bbox 1815 3510 1918 3566; x_wconf 84' lang='lat' dir='ltr'><strong>ﬁlii</strong></span> 
     </span>
    </p>
   </div>
   <div class='ocr_carea' id='block_1_48' title="bbox 269 3587 1920 3663">
    <p class='ocr_par' dir='ltr' id='par_1_48' title="bbox 269 3587 1920 3663">
     <span class='ocr_line' id='line_1_48' title="bbox 269 3587 1920 3663; baseline 0.007 -17"><span class='ocrx_word' id='word_1_331' title='bbox 269 3589 375 3646; x_wconf 91' lang='lat' dir='ltr'><strong>Dei</strong></span> <span class='ocrx_word' id='word_1_332' title='bbox 431 3592 488 3645; x_wconf 88' lang='lat' dir='ltr'><strong>et</strong></span> <span class='ocrx_word' id='word_1_333' title='bbox 543 3587 696 3658; x_wconf 61' lang='lat' dir='ltr'><strong>ﬁliai,</strong></span> <span class='ocrx_word' id='word_1_334' title='bbox 730 3587 1190 3663; x_wconf 85' lang='lat' dir='ltr'><strong>Hierosolymam</strong></span> <span class='ocrx_word' id='word_1_335' title='bbox 1219 3593 1465 3649; x_wconf 88' lang='lat' dir='ltr'><strong>tendunt</strong></span> <span class='ocrx_word' id='word_1_336' title='bbox 1519 3597 1590 3652; x_wconf 92' lang='lat' dir='ltr'><strong>ab</strong></span> <span class='ocrx_word' id='word_1_337' title='bbox 1644 3601 1920 3658; x_wconf 83' lang='lat' dir='ltr'><strong>extremis</strong></span> 
     </span>
    </p>
   </div>
   <div class='ocr_carea' id='block_1_49' title="bbox 267 3678 1921 3751">
    <p class='ocr_par' dir='ltr' id='par_1_49' title="bbox 267 3678 1921 3751">
     <span class='ocr_line' id='line_1_49' title="bbox 267 3678 1921 3751; baseline 0.007 -16"><span class='ocrx_word' id='word_1_338' title='bbox 267 3685 470 3746; x_wconf 71' lang='lat' dir='ltr'><strong>terrae;</strong></span> <span class='ocrx_word' id='word_1_339' title='bbox 503 3682 703 3734; x_wconf 84' lang='lat' dir='ltr'><strong>auster</strong></span> <span class='ocrx_word' id='word_1_340' title='bbox 747 3682 803 3734; x_wconf 88' lang='lat' dir='ltr'><strong>et</strong></span> <span class='ocrx_word' id='word_1_341' title='bbox 841 3678 1035 3751; x_wconf 89' lang='lat' dir='ltr'><strong>aquilo</strong></span> <span class='ocrx_word' id='word_1_342' title='bbox 1065 3681 1318 3736; x_wconf 89' lang='lat' dir='ltr'><strong>nutritos</strong></span> <span class='ocrx_word' id='word_1_343' title='bbox 1348 3699 1486 3739; x_wconf 91' lang='lat' dir='ltr'><strong>suos</strong></span> <span class='ocrx_word' id='word_1_344' title='bbox 1535 3703 1650 3742; x_wconf 91' lang='lat' dir='ltr'><strong>non</strong></span> <span class='ocrx_word' id='word_1_345' title='bbox 1700 3690 1921 3746; x_wconf 84' lang='lat' dir='ltr'><strong>audent</strong></span> 
     </span>
    </p>
   </div>
   <div class='ocr_carea' id='block_1_50' title="bbox 267 3767 1922 3851">
    <p class='ocr_par' dir='ltr' id='par_1_50' title="bbox 267 3767 1922 3851">
     <span class='ocr_line' id='line_1_50' title="bbox 267 3767 1922 3851; baseline 0.008 -29"><span class='ocrx_word' id='word_1_346' title='bbox 267 3767 600 3841; x_wconf 87' lang='lat' dir='ltr'><strong>prohibere.</strong></span> <span class='ocrx_word' id='word_1_347' title='bbox 662 3767 877 3822; x_wconf 86' lang='lat' dir='ltr'><strong>Revera</strong></span> <span class='ocrx_word' id='word_1_348' title='bbox 932 3785 1087 3823; x_wconf 90' lang='lat' dir='ltr'><strong>nunc</strong></span> <span class='ocrx_word' id='word_1_349' title='bbox 1142 3769 1407 3826; x_wconf 75' lang='lat' dir='ltr'><strong>Dominus</strong></span> <span class='ocrx_word' id='word_1_350' title='bbox 1463 3777 1705 3832; x_wconf 77' lang='lat' dir='ltr'><strong>ascendit</strong></span> <span class='ocrx_word' id='word_1_351' title='bbox 1755 3796 1922 3851; x_wconf 85' lang='lat' dir='ltr'><strong>super</strong></span> 
     </span>
    </p>
   </div>
   <div class='ocr_carea' id='block_1_51' title="bbox 262 3855 1918 3928">
    <p class='ocr_par' dir='ltr' id='par_1_51' title="bbox 262 3855 1918 3928">
     <span class='ocr_line' id='line_1_51' title="bbox 262 3855 1918 3928; baseline 0.007 -15"><span class='ocrx_word' id='word_1_352' title='bbox 262 3873 543 3923; x_wconf 76' lang='lat' dir='ltr'><strong>occasum,</strong></span> <span class='ocrx_word' id='word_1_353' title='bbox 587 3855 862 3928; x_wconf 90' lang='lat' dir='ltr'><strong>quoniam</strong></span> <span class='ocrx_word' id='word_1_354' title='bbox 922 3855 1236 3928; x_wconf 90' lang='lat' dir='ltr'><strong>requiescit</strong></span> <span class='ocrx_word' id='word_1_355' title='bbox 1285 3859 1343 3914; x_wconf 91' lang='lat' dir='ltr'><strong>in</strong></span> <span class='ocrx_word' id='word_1_356' title='bbox 1404 3862 1714 3922; x_wconf 89' lang='lat' dir='ltr'><strong>animabus</strong></span> <span class='ocrx_word' id='word_1_357' title='bbox 1769 3867 1918 3923; x_wconf 93' lang='lat' dir='ltr'><strong>occi-</strong></span> 
     </span>
    </p>
   </div>
   <div class='ocr_carea' id='block_1_52' title="bbox 266 3944 1919 4024">
    <p class='ocr_par' dir='ltr' id='par_1_52' title="bbox 266 3944 1919 4024">
     <span class='ocr_line' id='line_1_52' title="bbox 266 3944 1919 4024; baseline 0.007 -23"><span class='ocrx_word' id='word_1_358' title='bbox 266 3945 617 4001; x_wconf 86' lang='lat' dir='ltr'><strong>dentalium.</strong></span> <span class='ocrx_word' id='word_1_359' title='bbox 651 3945 816 4000; x_wconf 90' lang='lat' dir='ltr'><strong>Nunc</strong></span> <span class='ocrx_word' id='word_1_360' title='bbox 865 3944 1133 4001; x_wconf 90' lang='lat' dir='ltr'><strong>occidens</strong></span> <span class='ocrx_word' id='word_1_361' title='bbox 1173 3946 1466 4006; x_wconf 90' lang='lat' dir='ltr'><strong>illustrare</strong></span> <span class='ocrx_word' id='word_1_362' title='bbox 1517 3959 1684 4024; x_wconf 88' lang='lat' dir='ltr'><strong>parat</strong></span> <span class='ocrx_word' id='word_1_363' title='bbox 1728 3957 1919 4012; x_wconf 87' lang='lat' dir='ltr'><strong>orien-</strong></span> 
     </span>
    </p>
   </div>
   <div class='ocr_carea' id='block_1_53' title="bbox 265 4033 1920 4115">
    <p class='ocr_par' dir='ltr' id='par_1_53' title="bbox 265 4033 1920 4115">
     <span class='ocr_line' id='line_1_53' title="bbox 265 4033 1920 4115; baseline 0.007 -25"><span class='ocrx_word' id='word_1_364' title='bbox 265 4041 412 4103; x_wconf 86' lang='lat' dir='ltr'><strong>tem,</strong></span> <span class='ocrx_word' id='word_1_365' title='bbox 438 4038 496 4090; x_wconf 88' lang='lat' dir='ltr'><strong>et</strong></span> <span class='ocrx_word' id='word_1_366' title='bbox 526 4033 688 4090; x_wconf 90' lang='lat' dir='ltr'><strong>novis</strong></span> <span class='ocrx_word' id='word_1_367' title='bbox 715 4033 1153 4110; x_wconf 83' lang='lat' dir='ltr'><strong>sidcribus_suis</strong></span> <span class='ocrx_word' id='word_1_368' title='bbox 1174 4037 1458 4110; x_wconf 83' lang='lat' dir='ltr'><strong>excitatis,</strong></span> <span class='ocrx_word' id='word_1_369' title='bbox 1483 4057 1599 4112; x_wconf 90' lang='lat' dir='ltr'><strong>qua</strong></span> <span class='ocrx_word' id='word_1_370' title='bbox 1628 4046 1920 4115; x_wconf 87' lang='lat' dir='ltr'><strong>premeba-</strong></span> 
     </span>
    </p>
   </div>
   <div class='ocr_carea' id='block_1_54' title="bbox 263 4121 1920 4207">
    <p class='ocr_par' dir='ltr' id='par_1_54' title="bbox 263 4121 1920 4207">
     <span class='ocr_line' id='line_1_54' title="bbox 263 4121 1920 4207; baseline 0.007 -28"><span class='ocrx_word' id='word_1_371' title='bbox 263 4131 390 4192; x_wconf 90' lang='lat' dir='ltr'><strong>tur,</strong></span> <span class='ocrx_word' id='word_1_372' title='bbox 415 4121 702 4196; x_wconf 89' lang='lat' dir='ltr'><strong>depellere</strong></span> <span class='ocrx_word' id='word_1_373' title='bbox 733 4122 1069 4178; x_wconf 69' lang='lat' dir='ltr'><strong>caecitatem.</strong></span> <span class='ocrx_word' id='word_1_374' title='bbox 1099 4125 1170 4180; x_wconf 91' lang='lat' dir='ltr'><strong>Et</strong></span> <span class='ocrx_word' id='word_1_375' title='bbox 1195 4143 1328 4180; x_wconf 92' lang='lat' dir='ltr'><strong>cum</strong></span> <span class='ocrx_word' id='word_1_376' title='bbox 1363 4127 1512 4184; x_wconf 90' lang='lat' dir='ltr'><strong>inter</strong></span> <span class='ocrx_word' id='word_1_377' title='bbox 1538 4134 1700 4188; x_wconf 88' lang='lat' dir='ltr'><strong>tanta</strong></span> <span class='ocrx_word' id='word_1_378' title='bbox 1729 4135 1920 4207; x_wconf 85' lang='lat' dir='ltr'><strong>agmi-</strong></span> 
     </span>
    </p>
   </div>
   <div class='ocr_carea' id='block_1_55' title="bbox 263 4211 1919 4289">
    <p class='ocr_par' dir='ltr' id='par_1_55' title="bbox 263 4211 1919 4289">
     <span class='ocr_line' id='line_1_55' title="bbox 263 4211 1919 4289; baseline 0.008 -20"><span class='ocrx_word' id='word_1_379' title='bbox 263 4231 345 4270; x_wconf 88' lang='lat' dir='ltr'><strong>na</strong></span> <span class='ocrx_word' id='word_1_380' title='bbox 399 4212 743 4269; x_wconf 88' lang='lat' dir='ltr'><strong>enitesceret</strong></span> <span class='ocrx_word' id='word_1_381' title='bbox 799 4211 1076 4268; x_wconf 90' lang='lat' dir='ltr'><strong>terribilis</strong></span> <span class='ocrx_word' id='word_1_382' title='bbox 1136 4214 1329 4287; x_wconf 87' lang='lat' dir='ltr'><strong>fulgor</strong></span> <span class='ocrx_word' id='word_1_383' title='bbox 1384 4214 1702 4289; x_wconf 67' lang='lat' dir='ltr'><strong>armorum,</strong></span> <span class='ocrx_word' id='word_1_384' title='bbox 1765 4225 1919 4282; x_wconf 91' lang='lat' dir='ltr'><strong>hunc</strong></span> 
     </span>
    </p>
   </div>
   <div class='ocr_carea' id='block_1_56' title="bbox 262 4300 1925 4380">
    <p class='ocr_par' dir='ltr' id='par_1_56' title="bbox 262 4300 1925 4380">
     <span class='ocr_line' id='line_1_56' title="bbox 262 4300 1925 4380; baseline 0.007 -20"><span class='ocrx_word' id='word_1_385' title='bbox 262 4311 464 4360; x_wconf 87' lang='lat' dir='ltr'><strong>tamen</strong></span> <span class='ocrx_word' id='word_1_386' title='bbox 497 4301 905 4369; x_wconf 87' lang='lat' dir='ltr'><strong>reverberaret,</strong></span> <span class='ocrx_word' id='word_1_387' title='bbox 930 4301 979 4356; x_wconf 93' lang='lat' dir='ltr'>si</span> <span class='ocrx_word' id='word_1_388' title='bbox 1013 4300 1224 4358; x_wconf 89' lang='lat' dir='ltr'><strong>intueri</strong></span> <span class='ocrx_word' id='word_1_389' title='bbox 1259 4311 1475 4376; x_wconf 78' lang='lat' dir='ltr'><strong>posset,</strong></span> <span class='ocrx_word' id='word_1_390' title='bbox 1500 4308 1776 4380; x_wconf 90' lang='lat' dir='ltr'><strong>splendor</strong></span> <span class='ocrx_word' id='word_1_391' title='bbox 1805 4317 1925 4378; x_wconf 78' lang='lat' dir='ltr'><strong>ani-</strong></span> 
     </span>
    </p>
   </div>
   <div class='ocr_carea' id='block_1_57' title="bbox 261 4388 1924 4467">
    <p class='ocr_par' dir='ltr' id='par_1_57' title="bbox 261 4388 1924 4467">
     <span class='ocr_line' id='line_1_57' title="bbox 261 4388 1924 4467; baseline 0.009 -20"><span class='ocrx_word' id='word_1_392' title='bbox 261 4408 520 4448; x_wconf 90' lang='lat' dir='ltr'><strong>morum.</strong></span> <span class='ocrx_word' id='word_1_393' title='bbox 551 4388 615 4444; x_wconf 85' lang='lat' dir='ltr'><strong>Hi</strong></span> <span class='ocrx_word' id='word_1_394' title='bbox 647 4389 719 4444; x_wconf 90' lang='lat' dir='ltr'><strong>ad</strong></span> <span class='ocrx_word' id='word_1_395' title='bbox 755 4389 971 4444; x_wconf 88' lang='lat' dir='ltr'><strong>bellum</strong></span> <span class='ocrx_word' id='word_1_396' title='bbox 1004 4392 1361 4448; x_wconf 86' lang='lat' dir='ltr'><strong>unanimiter</strong></span> <span class='ocrx_word' id='word_1_397' title='bbox 1389 4394 1686 4467; x_wconf 89' lang='lat' dir='ltr'><strong>incedunt,</strong></span> <span class='ocrx_word' id='word_1_398' title='bbox 1709 4420 1824 4460; x_wconf 93' lang='lat' dir='ltr'><strong>non</strong></span> <span class='ocrx_word' id='word_1_399' title='bbox 1857 4412 1924 4462; x_wconf 90' lang='lat' dir='ltr'><strong>ut</strong></span> 
     </span>
    </p>
   </div>
   <div class='ocr_carea' id='block_1_58' title="bbox 2037 1816 3687 1910">
    <p class='ocr_par' dir='ltr' id='par_1_58' title="bbox 2037 1816 3687 1910">
     <span class='ocr_line' id='line_1_58' title="bbox 2037 1816 3687 1910; baseline 0.016 -41"><span class='ocrx_word' id='word_1_400' title='bbox 2037 1816 2286 1873; x_wconf 86' lang='lat' dir='ltr'><strong>dictione</strong></span> <span class='ocrx_word' id='word_1_401' title='bbox 2345 1827 2639 1894; x_wconf 87' lang='lat' dir='ltr'><strong>percepta,</strong></span> <span class='ocrx_word' id='word_1_402' title='bbox 2691 1825 2764 1878; x_wconf 86' lang='lat' dir='ltr'><strong>ab</strong></span> <span class='ocrx_word' id='word_1_403' title='bbox 2818 1827 2960 1882; x_wconf 89' lang='lat' dir='ltr'><strong>urbe</strong></span> <span class='ocrx_word' id='word_1_404' title='bbox 3021 1830 3437 1906; x_wconf 89' lang='lat' dir='ltr'><strong>discesserunt,</strong></span> <span class='ocrx_word' id='word_1_405' title='bbox 3469 1842 3526 1892; x_wconf 91' lang='lat' dir='ltr'><strong>et</strong></span> <span class='ocrx_word' id='word_1_406' title='bbox 3584 1855 3687 1910; x_wconf 89' lang='lat' dir='ltr'><strong>per</strong></span> 
     </span>
    </p>
   </div>
   <div class='ocr_carea' id='block_1_59' title="bbox 2033 1904 3043 1976">
    <p class='ocr_par' dir='ltr' id='par_1_59' title="bbox 2033 1904 3043 1976">
     <span class='ocr_line' id='line_1_59' title="bbox 2033 1904 3043 1976; baseline 0.014 -18"><span class='ocrx_word' id='word_1_407' title='bbox 2033 1904 2302 1976; x_wconf 85' lang='lat' dir='ltr'><strong>Apuliam</strong></span> <span class='ocrx_word' id='word_1_408' title='bbox 2331 1926 2468 1965; x_wconf 91' lang='lat' dir='ltr'><strong>suas</strong></span> <span class='ocrx_word' id='word_1_409' title='bbox 2501 1911 2653 1967; x_wconf 89' lang='lat' dir='ltr'><strong>acies</strong></span> <span class='ocrx_word' id='word_1_410' title='bbox 2686 1912 3043 1973; x_wconf 85' lang='lat' dir='ltr'><strong>direxerunt.</strong></span> 
     </span>
    </p>
   </div>
   <div class='ocr_carea' id='block_1_60' title="bbox 2688 2003 3028 2061">
    <p class='ocr_par' dir='ltr' id='par_1_60' title="bbox 2688 2003 3028 2061">
     <span class='ocr_line' id='line_1_60' title="bbox 2688 2003 3028 2061; baseline 0.018 -6"><span class='ocrx_word' id='word_1_411' title='bbox 2688 2003 2918 2059; x_wconf 84' lang='lat' dir='ltr'>CAPUT</span> <span class='ocrx_word' id='word_1_412' title='bbox 2960 2006 3028 2061; x_wconf 92' lang='lat' dir='ltr'><strong>II.</strong></span> 
     </span>
    </p>
   </div>
   <div class='ocr_carea' id='block_1_61' title="bbox 2106 2083 3684 2162">
    <p class='ocr_par' dir='ltr' id='par_1_61' title="bbox 2106 2083 3684 2162">
     <span class='ocr_line' id='line_1_61' title="bbox 2106 2083 3684 2162; baseline 0.016 -26"><span class='ocrx_word' id='word_1_413' title='bbox 2106 2083 2249 2138; x_wconf 90' lang='lat' dir='ltr'><strong>Cum</strong></span> <span class='ocrx_word' id='word_1_414' title='bbox 2283 2102 2414 2140; x_wconf 84' lang='lat' dir='ltr'><strong>vero</strong></span> <span class='ocrx_word' id='word_1_415' title='bbox 2448 2086 2531 2142; x_wconf 84' lang='lat' dir='ltr'><strong>sic</strong></span> <span class='ocrx_word' id='word_1_416' title='bbox 2573 2087 2924 2158; x_wconf 87' lang='lat' dir='ltr'><strong>incederent,</strong></span> <span class='ocrx_word' id='word_1_417' title='bbox 2961 2111 3162 2150; x_wconf 91' lang='lat' dir='ltr'><strong>rumor</strong></span> <span class='ocrx_word' id='word_1_418' title='bbox 3203 2099 3350 2154; x_wconf 91' lang='lat' dir='ltr'><strong>tanti</strong></span> <span class='ocrx_word' id='word_1_419' title='bbox 3399 2103 3684 2162; x_wconf 82' lang='lat' dir='ltr'><strong>exercitus</strong></span> 
     </span>
    </p>
   </div>
   <div class='ocr_carea' id='block_1_62' title="bbox 2037 2171 3682 2263">
    <p class='ocr_par' dir='ltr' id='par_1_62' title="bbox 2037 2171 3682 2263">
     <span class='ocr_line' id='line_1_62' title="bbox 2037 2171 3682 2263; baseline 0.016 -40"><span class='ocrx_word' id='word_1_420' title='bbox 2037 2171 2104 2225; x_wconf 83' lang='lat' dir='ltr'><strong>ad</strong></span> <span class='ocrx_word' id='word_1_421' title='bbox 2126 2189 2294 2228; x_wconf 86' lang='lat' dir='ltr'><strong>aures</strong></span> <span class='ocrx_word' id='word_1_422' title='bbox 2319 2177 2628 2246; x_wconf 81' lang='lat' dir='ltr'><strong>cujusdam</strong></span> <span class='ocrx_word' id='word_1_423' title='bbox 2651 2183 2811 2233; x_wconf 68' lang='lat' dir='ltr'><strong>terra:</strong></span> <span class='ocrx_word' id='word_1_424' title='bbox 2834 2179 2994 2236; x_wconf 90' lang='lat' dir='ltr'><strong>illius</strong></span> <span class='ocrx_word' id='word_1_425' title='bbox 3017 2183 3298 2258; x_wconf 87' lang='lat' dir='ltr'><strong>principis</strong></span> <span class='ocrx_word' id='word_1_426' title='bbox 3315 2192 3682 2263; x_wconf 90' lang='lat' dir='ltr'><strong>pervenit(8),</strong></span> 
     </span>
    </p>
   </div>
   <div class='ocr_carea' id='block_1_63' title="bbox 2039 2260 3686 2339">
    <p class='ocr_par' dir='ltr' id='par_1_63' title="bbox 2039 2260 3686 2339">
     <span class='ocr_line' id='line_1_63' title="bbox 2039 2260 3686 2339; baseline 0.015 -25"><span class='ocrx_word' id='word_1_427' title='bbox 2039 2260 2270 2317; x_wconf 90' lang='lat' dir='ltr'><strong>nomine</strong></span> <span class='ocrx_word' id='word_1_428' title='bbox 2331 2263 2676 2334; x_wconf 89' lang='lat' dir='ltr'><strong>Boamundi,</strong></span> <span class='ocrx_word' id='word_1_429' title='bbox 2730 2268 2829 2339; x_wconf 93' lang='lat' dir='ltr'><strong>qui</strong></span> <span class='ocrx_word' id='word_1_430' title='bbox 2887 2274 3028 2325; x_wconf 89' lang='lat' dir='ltr'><strong>tunc</strong></span> <span class='ocrx_word' id='word_1_431' title='bbox 3086 2279 3209 2328; x_wconf 88' lang='lat' dir='ltr'><strong>erat</strong></span> <span class='ocrx_word' id='word_1_432' title='bbox 3263 2260 3330 2330; x_wconf 90' lang='lat' dir='ltr'><strong>in</strong></span> <span class='ocrx_word' id='word_1_433' title='bbox 3382 2260 3686 2338; x_wconf 79' lang='lat' dir='ltr'><strong>obsidione</strong></span> 
     </span>
    </p>
   </div>
   <div class='ocr_carea' id='block_1_64' title="bbox 2037 2349 3684 2437">
    <p class='ocr_par' dir='ltr' id='par_1_64' title="bbox 2037 2349 3684 2437">
     <span class='ocr_line' id='line_1_64' title="bbox 2037 2349 3684 2437; baseline 0.015 -34"><span class='ocrx_word' id='word_1_434' title='bbox 2037 2349 2253 2422; x_wconf 87' lang='lat' dir='ltr'><strong>Malphi</strong></span> <span class='ocrx_word' id='word_1_435' title='bbox 2277 2370 2454 2425; x_wconf 89' lang='lat' dir='ltr'><strong>super</strong></span> <span class='ocrx_word' id='word_1_436' title='bbox 2482 2353 2646 2411; x_wconf 89' lang='lat' dir='ltr'><strong>littus</strong></span> <span class='ocrx_word' id='word_1_437' title='bbox 2670 2357 2988 2429; x_wconf 89' lang='lat' dir='ltr'><strong>Scaphardi</strong></span> <span class='ocrx_word' id='word_1_438' title='bbox 3015 2360 3202 2434; x_wconf 87' lang='lat' dir='ltr'><strong>pelagi</strong></span> <span class='ocrx_word' id='word_1_439' title='bbox 3229 2367 3551 2426; x_wconf 87' lang='lat' dir='ltr'><strong>constituti.</strong></span> <span class='ocrx_word' id='word_1_440' title='bbox 3577 2371 3684 2437; x_wconf 92' lang='lat' dir='ltr'><strong>Qui</strong></span> 
     </span>
    </p>
   </div>
   <div class='ocr_carea' id='block_1_65' title="bbox 2036 2437 3684 2526">
    <p class='ocr_par' dir='ltr' id='par_1_65' title="bbox 2036 2437 3684 2526">
     <span class='ocr_line' id='line_1_65' title="bbox 2036 2437 3684 2526; baseline 0.015 -34"><span class='ocrx_word' id='word_1_441' title='bbox 2036 2437 2142 2520; x_wconf 89' lang='lat' dir='ltr'><strong>hoc</strong></span> <span class='ocrx_word' id='word_1_442' title='bbox 2172 2441 2435 2508; x_wconf 89' lang='lat' dir='ltr'><strong>audiens,</strong></span> <span class='ocrx_word' id='word_1_443' title='bbox 2463 2444 2597 2499; x_wconf 79' lang='lat' dir='ltr'><strong>fecit</strong></span> <span class='ocrx_word' id='word_1_444' title='bbox 2618 2443 2834 2516; x_wconf 90' lang='lat' dir='ltr'><strong>inquiri</strong></span> <span class='ocrx_word' id='word_1_445' title='bbox 2860 2449 3076 2518; x_wconf 90' lang='lat' dir='ltr'><strong>quibus</strong></span> <span class='ocrx_word' id='word_1_446' title='bbox 3098 2451 3461 2526; x_wconf 90' lang='lat' dir='ltr'><strong>principibus</strong></span> <span class='ocrx_word' id='word_1_447' title='bbox 3484 2463 3684 2517; x_wconf 83' lang='lat' dir='ltr'><strong>tantus</strong></span> 
     </span>
    </p>
   </div>
   <div class='ocr_carea' id='block_1_66' title="bbox 2037 2515 3686 2618">
    <p class='ocr_par' dir='ltr' id='par_1_66' title="bbox 2037 2515 3686 2618">
     <span class='ocr_line' id='line_1_66' title="bbox 2037 2515 3686 2618; baseline 0.016 -40"><span class='ocrx_word' id='word_1_448' title='bbox 2037 2515 2320 2582; x_wconf 79' lang='lat' dir='ltr'><strong>exercitus</strong></span> <span class='ocrx_word' id='word_1_449' title='bbox 2352 2537 2604 2600; x_wconf 79' lang='lat' dir='ltr'><strong>regatur,</strong></span> <span class='ocrx_word' id='word_1_450' title='bbox 2637 2535 2854 2605; x_wconf 90' lang='lat' dir='ltr'><strong>quibus</strong></span> <span class='ocrx_word' id='word_1_451' title='bbox 2887 2537 3066 2593; x_wconf 85' lang='lat' dir='ltr'><strong>armis</strong></span> <span class='ocrx_word' id='word_1_452' title='bbox 3098 2543 3416 2616; x_wconf 88' lang='lat' dir='ltr'><strong>muniatur,</strong></span> <span class='ocrx_word' id='word_1_453' title='bbox 3451 2563 3565 2618; x_wconf 91' lang='lat' dir='ltr'><strong>quo</strong></span> <span class='ocrx_word' id='word_1_454' title='bbox 3597 2565 3686 2604; x_wconf 84' lang='lat' dir='ltr'><strong>or-</strong></span> 
     </span>
    </p>
   </div>
   <div class='ocr_carea' id='block_1_67' title="bbox 2035 2613 3687 2699">
    <p class='ocr_par' dir='ltr' id='par_1_67' title="bbox 2035 2613 3687 2699">
     <span class='ocr_line' id='line_1_67' title="bbox 2035 2613 3687 2699; baseline 0.018 -33"><span class='ocrx_word' id='word_1_455' title='bbox 2035 2613 2170 2668; x_wconf 87' lang='lat' dir='ltr'><strong>dine</strong></span> <span class='ocrx_word' id='word_1_456' title='bbox 2200 2614 2491 2686; x_wconf 85' lang='lat' dir='ltr'><strong>incedant,</strong></span> <span class='ocrx_word' id='word_1_457' title='bbox 2528 2626 2725 2677; x_wconf 90' lang='lat' dir='ltr'><strong>utrum</strong></span> <span class='ocrx_word' id='word_1_458' title='bbox 2759 2641 2960 2696; x_wconf 86' lang='lat' dir='ltr'><strong>rapere</strong></span> <span class='ocrx_word' id='word_1_459' title='bbox 2992 2636 3287 2699; x_wconf 86' lang='lat' dir='ltr'><strong>venerant,</strong></span> <span class='ocrx_word' id='word_1_460' title='bbox 3315 2639 3416 2690; x_wconf 89' lang='lat' dir='ltr'><strong>aut</strong></span> <span class='ocrx_word' id='word_1_461' title='bbox 3447 2635 3558 2692; x_wconf 92' lang='lat' dir='ltr'><strong>sibi</strong></span> <span class='ocrx_word' id='word_1_462' title='bbox 3589 2655 3687 2695; x_wconf 91' lang='lat' dir='ltr'><strong>ne-</strong></span> 
     </span>
    </p>
   </div>
   <div class='ocr_carea' id='block_1_68' title="bbox 2035 2703 3684 2790">
    <p class='ocr_par' dir='ltr' id='par_1_68' title="bbox 2035 2703 3684 2790">
     <span class='ocr_line' id='line_1_68' title="bbox 2035 2703 3684 2790; baseline 0.018 -35"><span class='ocrx_word' id='word_1_463' title='bbox 2035 2703 2290 2758; x_wconf 88' lang='lat' dir='ltr'><strong>cessaria</strong></span> <span class='ocrx_word' id='word_1_464' title='bbox 2319 2715 2740 2777; x_wconf 88' lang='lat' dir='ltr'><strong>compararent.</strong></span> <span class='ocrx_word' id='word_1_465' title='bbox 2763 2711 2868 2767; x_wconf 88' lang='lat' dir='ltr'><strong>Cui</strong></span> <span class='ocrx_word' id='word_1_466' title='bbox 2919 2715 2990 2770; x_wconf 88' lang='lat' dir='ltr'><strong>ab</strong></span> <span class='ocrx_word' id='word_1_467' title='bbox 3043 2716 3493 2790; x_wconf 90' lang='lat' dir='ltr'><strong>inquisitoribus</strong></span> <span class='ocrx_word' id='word_1_468' title='bbox 3533 2725 3684 2783; x_wconf 89' lang='lat' dir='ltr'><strong>rela-</strong></span> 
     </span>
    </p>
   </div>
   <div class='ocr_carea' id='block_1_69' title="bbox 2033 2794 3680 2884">
    <p class='ocr_par' dir='ltr' id='par_1_69' title="bbox 2033 2794 3680 2884">
     <span class='ocr_line' id='line_1_69' title="bbox 2033 2794 3680 2884; baseline 0.016 -39"><span class='ocrx_word' id='word_1_469' title='bbox 2033 2797 2158 2846; x_wconf 87' lang='lat' dir='ltr'><strong>tum</strong></span> <span class='ocrx_word' id='word_1_470' title='bbox 2191 2798 2282 2848; x_wconf 92' lang='lat' dir='ltr'><strong>est</strong></span> <span class='ocrx_word' id='word_1_471' title='bbox 2311 2794 2380 2884; x_wconf 85' lang='lat' dir='ltr'><strong>de</strong></span> <span class='ocrx_word' id='word_1_472' title='bbox 2413 2795 2797 2869; x_wconf 87' lang='lat' dir='ltr'><strong>principibus,</strong></span> <span class='ocrx_word' id='word_1_473' title='bbox 2826 2804 2976 2872; x_wconf 92' lang='lat' dir='ltr'><strong>quod</strong></span> <span class='ocrx_word' id='word_1_474' title='bbox 3025 2804 3188 2880; x_wconf 84' lang='lat' dir='ltr'><strong>Hugo</strong></span> <span class='ocrx_word' id='word_1_475' title='bbox 3243 2809 3509 2884; x_wconf 90' lang='lat' dir='ltr'><strong>Magnus,</strong></span> <span class='ocrx_word' id='word_1_476' title='bbox 3543 2815 3680 2870; x_wconf 91' lang='lat' dir='ltr'><strong>Phi-</strong></span> 
     </span>
    </p>
   </div>
   <div class='ocr_carea' id='block_1_70' title="bbox 2033 2879 3682 2970">
    <p class='ocr_par' dir='ltr' id='par_1_70' title="bbox 2033 2879 3682 2970">
     <span class='ocr_line' id='line_1_70' title="bbox 2033 2879 3682 2970; baseline 0.017 -37"><span class='ocrx_word' id='word_1_477' title='bbox 2033 2879 2172 2952; x_wconf 88' lang='lat' dir='ltr'><strong>lippi</strong></span> <span class='ocrx_word' id='word_1_478' title='bbox 2209 2883 2360 2955; x_wconf 87' lang='lat' dir='ltr'><strong>regis</strong></span> <span class='ocrx_word' id='word_1_479' title='bbox 2406 2884 2760 2942; x_wconf 89' lang='lat' dir='ltr'><strong>Francorum</strong></span> <span class='ocrx_word' id='word_1_480' title='bbox 2809 2879 3146 2961; x_wconf 83' lang='lat' dir='ltr'><strong>germanus,</strong></span> <span class='ocrx_word' id='word_1_481' title='bbox 3174 2879 3415 2970; x_wconf 53' lang='lat' dir='ltr'><strong>signifer</strong></span> <span class='ocrx_word' id='word_1_482' title='bbox 3459 2879 3516 2958; x_wconf 90' lang='lat' dir='ltr'><strong>et</strong></span> <span class='ocrx_word' id='word_1_483' title='bbox 3563 2905 3682 2960; x_wconf 85' lang='lat' dir='ltr'><strong>dux</strong></span> 
     </span>
    </p>
   </div>
   <div class='ocr_carea' id='block_1_71' title="bbox 2033 2969 3676 3062">
    <p class='ocr_par' dir='ltr' id='par_1_71' title="bbox 2033 2969 3676 3062">
     <span class='ocr_line' id='line_1_71' title="bbox 2033 2969 3676 3062; baseline 0.015 -38"><span class='ocrx_word' id='word_1_484' title='bbox 2033 2969 2111 3024; x_wconf 89' lang='lat' dir='ltr'><strong>sit</strong></span> <span class='ocrx_word' id='word_1_485' title='bbox 2140 2975 2312 3025; x_wconf 68' lang='lat' dir='ltr'><strong>tanta:</strong></span> <span class='ocrx_word' id='word_1_486' title='bbox 2363 2972 2597 3042; x_wconf 72' lang='lat' dir='ltr'><strong>militiaa,</strong></span> <span class='ocrx_word' id='word_1_487' title='bbox 2635 2975 2922 3033; x_wconf 85' lang='lat' dir='ltr'><strong>Robertus</strong></span> <span class='ocrx_word' id='word_1_488' title='bbox 2972 2997 3166 3039; x_wconf 91' lang='lat' dir='ltr'><strong>comes</strong></span> <span class='ocrx_word' id='word_1_489' title='bbox 3216 2969 3676 3062; x_wconf 78' lang='lat' dir='ltr'><strong>Northmannus,</strong></span> 
     </span>
    </p>
   </div>
   <div class='ocr_carea' id='block_1_72' title="bbox 2035 3059 3681 3145">
    <p class='ocr_par' dir='ltr' id='par_1_72' title="bbox 2035 3059 3681 3145">
     <span class='ocr_line' id='line_1_72' title="bbox 2035 3059 3681 3145; baseline 0.016 -34"><span class='ocrx_word' id='word_1_490' title='bbox 2035 3059 2322 3114; x_wconf 81' lang='lat' dir='ltr'><strong>Robcrtus</strong></span> <span class='ocrx_word' id='word_1_491' title='bbox 2380 3078 2575 3117; x_wconf 91' lang='lat' dir='ltr'><strong>comes</strong></span> <span class='ocrx_word' id='word_1_492' title='bbox 2637 3064 3043 3138; x_wconf 81' lang='lat' dir='ltr'><strong>Flandrensis,</strong></span> <span class='ocrx_word' id='word_1_493' title='bbox 3096 3071 3427 3145; x_wconf 86' lang='lat' dir='ltr'><strong>Stephanus</strong></span> <span class='ocrx_word' id='word_1_494' title='bbox 3485 3059 3681 3138; x_wconf 80' lang='lat' dir='ltr'><strong>comes</strong></span> 
     </span>
    </p>
   </div>
   <div class='ocr_carea' id='block_1_73' title="bbox 2034 3147 3682 3238">
    <p class='ocr_par' dir='ltr' id='par_1_73' title="bbox 2034 3147 3682 3238">
     <span class='ocr_line' id='line_1_73' title="bbox 2034 3147 3682 3238; baseline 0.015 -36"><span class='ocrx_word' id='word_1_495' title='bbox 2034 3147 2430 3214; x_wconf 89' lang='lat' dir='ltr'><strong>Carnutensis,</strong></span> <span class='ocrx_word' id='word_1_496' title='bbox 2475 3151 2844 3210; x_wconf 83' lang='lat' dir='ltr'><strong>Raimundus</strong></span> <span class='ocrx_word' id='word_1_497' title='bbox 2873 3173 3067 3214; x_wconf 90' lang='lat' dir='ltr'><strong>comes</strong></span> <span class='ocrx_word' id='word_1_498' title='bbox 3115 3161 3307 3218; x_wconf 88' lang='lat' dir='ltr'><strong>Sancti</strong></span> <span class='ocrx_word' id='word_1_499' title='bbox 3360 3166 3592 3238; x_wconf 62' lang='lat' dir='ltr'><strong>Egidii,</strong></span> <span class='ocrx_word' id='word_1_500' title='bbox 3625 3174 3682 3226; x_wconf 91' lang='lat' dir='ltr'><strong>et</strong></span> 
     </span>
    </p>
   </div>
   <div class='ocr_carea' id='block_1_74' title="bbox 2027 3237 3676 3314">
    <p class='ocr_par' dir='ltr' id='par_1_74' title="bbox 2027 3237 3676 3314">
     <span class='ocr_line' id='line_1_74' title="bbox 2027 3237 3676 3314; baseline 0.014 -22"><span class='ocrx_word' id='word_1_501' title='bbox 2027 3237 2335 3309; x_wconf 88' lang='lat' dir='ltr'><strong>episcopus</strong></span> <span class='ocrx_word' id='word_1_502' title='bbox 2367 3238 2671 3296; x_wconf 88' lang='lat' dir='ltr'><strong>Podiensis</strong></span> <span class='ocrx_word' id='word_1_503' title='bbox 2703 3241 2881 3300; x_wconf 91' lang='lat' dir='ltr'><strong>duces</strong></span> <span class='ocrx_word' id='word_1_504' title='bbox 2912 3252 3077 3302; x_wconf 90' lang='lat' dir='ltr'><strong>erant</strong></span> <span class='ocrx_word' id='word_1_505' title='bbox 3126 3253 3182 3304; x_wconf 88' lang='lat' dir='ltr'><strong>et</strong></span> <span class='ocrx_word' id='word_1_506' title='bbox 3230 3237 3470 3310; x_wconf 86' lang='lat' dir='ltr'><strong>domini.</strong></span> <span class='ocrx_word' id='word_1_507' title='bbox 3505 3258 3676 3314; x_wconf 85' lang='lat' dir='ltr'><strong>Exer-</strong></span> 
     </span>
    </p>
   </div>
   <div class='ocr_carea' id='block_1_75' title="bbox 2028 3325 3679 3418">
    <p class='ocr_par' dir='ltr' id='par_1_75' title="bbox 2028 3325 3679 3418">
     <span class='ocr_line' id='line_1_75' title="bbox 2028 3325 3679 3418; baseline 0.015 -40"><span class='ocrx_word' id='word_1_508' title='bbox 2028 3325 2177 3380; x_wconf 90' lang='lat' dir='ltr'><strong>citus</strong></span> <span class='ocrx_word' id='word_1_509' title='bbox 2200 3331 2394 3382; x_wconf 91' lang='lat' dir='ltr'><strong>autem</strong></span> <span class='ocrx_word' id='word_1_510' title='bbox 2429 3328 2512 3382; x_wconf 91' lang='lat' dir='ltr'><strong>sic</strong></span> <span class='ocrx_word' id='word_1_511' title='bbox 2544 3330 2747 3385; x_wconf 91' lang='lat' dir='ltr'><strong>devote</strong></span> <span class='ocrx_word' id='word_1_512' title='bbox 2780 3337 2838 3387; x_wconf 90' lang='lat' dir='ltr'><strong>et</strong></span> <span class='ocrx_word' id='word_1_513' title='bbox 2866 3333 3123 3391; x_wconf 89' lang='lat' dir='ltr'><strong>seriatim</strong></span> <span class='ocrx_word' id='word_1_514' title='bbox 3149 3342 3515 3412; x_wconf 89' lang='lat' dir='ltr'><strong>procedebat,</strong></span> <span class='ocrx_word' id='word_1_515' title='bbox 3540 3346 3679 3418; x_wconf 89' lang='lat' dir='ltr'><strong>quia</strong></span> 
     </span>
    </p>
   </div>
   <div class='ocr_carea' id='block_1_76' title="bbox 2029 3412 3680 3498">
    <p class='ocr_par' dir='ltr' id='par_1_76' title="bbox 2029 3412 3680 3498">
     <span class='ocr_line' id='line_1_76' title="bbox 2029 3412 3680 3498; baseline 0.015 -32"><span class='ocrx_word' id='word_1_516' title='bbox 2029 3412 2120 3468; x_wconf 92' lang='lat' dir='ltr'><strong>cui</strong></span> <span class='ocrx_word' id='word_1_517' title='bbox 2153 3415 2414 3470; x_wconf 89' lang='lat' dir='ltr'><strong>nocuerit</strong></span> <span class='ocrx_word' id='word_1_518' title='bbox 2441 3417 2641 3474; x_wconf 89' lang='lat' dir='ltr'><strong>nullus</strong></span> <span class='ocrx_word' id='word_1_519' title='bbox 2664 3425 2810 3475; x_wconf 86' lang='lat' dir='ltr'><strong>erat.</strong></span> <span class='ocrx_word' id='word_1_520' title='bbox 2841 3422 3019 3478; x_wconf 86' lang='lat' dir='ltr'><strong>Arma</strong></span> <span class='ocrx_word' id='word_1_521' title='bbox 3041 3426 3302 3498; x_wconf 88' lang='lat' dir='ltr'><strong>equitum</strong></span> <span class='ocrx_word' id='word_1_522' title='bbox 3328 3436 3446 3486; x_wconf 89' lang='lat' dir='ltr'><strong>tam</strong></span> <span class='ocrx_word' id='word_1_523' title='bbox 3472 3412 3680 3492; x_wconf 77' lang='lat' dir='ltr'><strong>idonea</strong></span> 
     </span>
    </p>
   </div>
   <div class='ocr_carea' id='block_1_77' title="bbox 2029 3504 3677 3581">
    <p class='ocr_par' dir='ltr' id='par_1_77' title="bbox 2029 3504 3677 3581">
     <span class='ocr_line' id='line_1_77' title="bbox 2029 3504 3677 3581; baseline 0.015 -25"><span class='ocrx_word' id='word_1_524' title='bbox 2029 3507 2210 3570; x_wconf 90' lang='lat' dir='ltr'><strong>erant,</strong></span> <span class='ocrx_word' id='word_1_525' title='bbox 2235 3504 2374 3576; x_wconf 92' lang='lat' dir='ltr'><strong>quia</strong></span> <span class='ocrx_word' id='word_1_526' title='bbox 2416 3505 2472 3559; x_wconf 92' lang='lat' dir='ltr'><strong>in</strong></span> <span class='ocrx_word' id='word_1_527' title='bbox 2507 3510 2670 3564; x_wconf 89' lang='lat' dir='ltr'><strong>tanto</strong></span> <span class='ocrx_word' id='word_1_528' title='bbox 2700 3510 3003 3581; x_wconf 90' lang='lat' dir='ltr'><strong>procinctu</strong></span> <span class='ocrx_word' id='word_1_529' title='bbox 3055 3515 3273 3572; x_wconf 68' lang='lat' dir='ltr'><strong>militiae</strong></span> <span class='ocrx_word' id='word_1_530' title='bbox 3317 3520 3417 3576; x_wconf 92' lang='lat' dir='ltr'><strong>Dei</strong></span> <span class='ocrx_word' id='word_1_531' title='bbox 3465 3539 3677 3580; x_wconf 85' lang='lat' dir='ltr'><strong>conve-</strong></span> 
     </span>
    </p>
   </div>
   <div class='ocr_carea' id='block_1_78' title="bbox 2029 3592 3678 3679">
    <p class='ocr_par' dir='ltr' id='par_1_78' title="bbox 2029 3592 3678 3679">
     <span class='ocr_line' id='line_1_78' title="bbox 2029 3592 3678 3679; baseline 0.013 -32"><span class='ocrx_word' id='word_1_532' title='bbox 2029 3592 2242 3648; x_wconf 89' lang='lat' dir='ltr'><strong>niebat.</strong></span> <span class='ocrx_word' id='word_1_533' title='bbox 2279 3593 2424 3648; x_wconf 88' lang='lat' dir='ltr'><strong>Nam</strong></span> <span class='ocrx_word' id='word_1_534' title='bbox 2474 3595 2608 3666; x_wconf 89' lang='lat' dir='ltr'><strong>quis</strong></span> <span class='ocrx_word' id='word_1_535' title='bbox 2656 3613 2904 3655; x_wconf 90' lang='lat' dir='ltr'><strong>carneus</strong></span> <span class='ocrx_word' id='word_1_536' title='bbox 2951 3602 3158 3660; x_wconf 91' lang='lat' dir='ltr'><strong>oeulus</strong></span> <span class='ocrx_word' id='word_1_537' title='bbox 3209 3605 3541 3679; x_wconf 89' lang='lat' dir='ltr'><strong>loricarum,</strong></span> <span class='ocrx_word' id='word_1_538' title='bbox 3575 3618 3678 3670; x_wconf 90' lang='lat' dir='ltr'><strong>aut</strong></span> 
     </span>
    </p>
   </div>
   <div class='ocr_carea' id='block_1_79' title="bbox 2028 3680 3674 3764">
    <p class='ocr_par' dir='ltr' id='par_1_79' title="bbox 2028 3680 3674 3764">
     <span class='ocr_line' id='line_1_79' title="bbox 2028 3680 3674 3764; baseline 0.015 -31"><span class='ocrx_word' id='word_1_539' title='bbox 2028 3680 2349 3752; x_wconf 88' lang='lat' dir='ltr'><strong>galearum,</strong></span> <span class='ocrx_word' id='word_1_540' title='bbox 2382 3688 2485 3738; x_wconf 88' lang='lat' dir='ltr'><strong>aut</strong></span> <span class='ocrx_word' id='word_1_541' title='bbox 2528 3690 2852 3758; x_wconf 90' lang='lat' dir='ltr'><strong>scutorum,</strong></span> <span class='ocrx_word' id='word_1_542' title='bbox 2875 3694 2976 3744; x_wconf 89' lang='lat' dir='ltr'><strong>aut</strong></span> <span class='ocrx_word' id='word_1_543' title='bbox 3023 3690 3380 3764; x_wconf 89' lang='lat' dir='ltr'><strong>laneearum,</strong></span> <span class='ocrx_word' id='word_1_544' title='bbox 3415 3700 3535 3756; x_wconf 92' lang='lat' dir='ltr'><strong>sole</strong></span> <span class='ocrx_word' id='word_1_545' title='bbox 3583 3719 3674 3758; x_wconf 78' lang='lat' dir='ltr'><strong>ra-</strong></span> 
     </span>
    </p>
   </div>
   <div class='ocr_carea' id='block_1_80' title="bbox 2029 3769 3674 3850">
    <p class='ocr_par' dir='ltr' id='par_1_80' title="bbox 2029 3769 3674 3850">
     <span class='ocr_line' id='line_1_80' title="bbox 2029 3769 3674 3850; baseline 0.014 -26"><span class='ocrx_word' id='word_1_546' title='bbox 2029 3769 2245 3834; x_wconf 90' lang='lat' dir='ltr'><strong>diante,</strong></span> <span class='ocrx_word' id='word_1_547' title='bbox 2271 3771 2416 3826; x_wconf 78' lang='lat' dir='ltr'><strong>ferre</strong></span> <span class='ocrx_word' id='word_1_548' title='bbox 2447 3777 2672 3844; x_wconf 90' lang='lat' dir='ltr'><strong>poterat</strong></span> <span class='ocrx_word' id='word_1_549' title='bbox 2715 3776 3027 3834; x_wconf 88' lang='lat' dir='ltr'><strong>intuitum!</strong></span> <span class='ocrx_word' id='word_1_550' title='bbox 3066 3781 3290 3840; x_wconf 90' lang='lat' dir='ltr'><strong>Pedites</strong></span> <span class='ocrx_word' id='word_1_551' title='bbox 3333 3803 3464 3850; x_wconf 77' lang='lat' dir='ltr'><strong>vero</strong></span> <span class='ocrx_word' id='word_1_552' title='bbox 3514 3789 3674 3846; x_wconf 89' lang='lat' dir='ltr'><strong>omni</strong></span> 
     </span>
    </p>
   </div>
   <div class='ocr_carea' id='block_1_81' title="bbox 2028 3859 3673 3943">
    <p class='ocr_par' dir='ltr' id='par_1_81' title="bbox 2028 3859 3673 3943">
     <span class='ocr_line' id='line_1_81' title="bbox 2028 3859 3673 3943; baseline 0.014 -32"><span class='ocrx_word' id='word_1_553' title='bbox 2028 3875 2238 3929; x_wconf 87' lang='lat' dir='ltr'><strong>genere</strong></span> <span class='ocrx_word' id='word_1_554' title='bbox 2271 3859 2514 3915; x_wconf 88' lang='lat' dir='ltr'><strong>telorum</strong></span> <span class='ocrx_word' id='word_1_555' title='bbox 2539 3861 2621 3917; x_wconf 91' lang='lat' dir='ltr'><strong>sic</strong></span> <span class='ocrx_word' id='word_1_556' title='bbox 2651 3867 2982 3934; x_wconf 82' lang='lat' dir='ltr'><strong>praemuniti</strong></span> <span class='ocrx_word' id='word_1_557' title='bbox 3015 3873 3332 3943; x_wconf 84' lang='lat' dir='ltr'><strong>sunt,quia</strong></span> <span class='ocrx_word' id='word_1_558' title='bbox 3360 3875 3409 3931; x_wconf 91' lang='lat' dir='ltr'><strong>si</strong></span> <span class='ocrx_word' id='word_1_559' title='bbox 3443 3877 3673 3934; x_wconf 85' lang='lat' dir='ltr'><strong>obviam</strong></span> 
     </span>
    </p>
   </div>
   <div class='ocr_carea' id='block_1_82' title="bbox 2029 3947 3674 4023">
    <p class='ocr_par' dir='ltr' id='par_1_82' title="bbox 2029 3947 3674 4023">
     <span class='ocr_line' id='line_1_82' title="bbox 2029 3947 3674 4023; baseline 0.013 -21"><span class='ocrx_word' id='word_1_560' title='bbox 2029 3947 2140 4002; x_wconf 88' lang='lat' dir='ltr'><strong>sibi</strong></span> <span class='ocrx_word' id='word_1_561' title='bbox 2170 3947 2408 4015; x_wconf 86' lang='lat' dir='ltr'><strong>veniret,</strong></span> <span class='ocrx_word' id='word_1_562' title='bbox 2435 3949 2594 4004; x_wconf 89' lang='lat' dir='ltr'><strong>omni</strong></span> <span class='ocrx_word' id='word_1_563' title='bbox 2643 3952 2850 4007; x_wconf 89' lang='lat' dir='ltr'><strong>orienti</strong></span> <span class='ocrx_word' id='word_1_564' title='bbox 2901 3959 3180 4014; x_wconf 88' lang='lat' dir='ltr'><strong>terrorem</strong></span> <span class='ocrx_word' id='word_1_565' title='bbox 3230 3961 3572 4021; x_wconf 88' lang='lat' dir='ltr'><strong>incuterent.</strong></span> <span class='ocrx_word' id='word_1_566' title='bbox 3605 3969 3674 4023; x_wconf 90' lang='lat' dir='ltr'><strong>Et</strong></span> 
     </span>
    </p>
   </div>
   <div class='ocr_carea' id='block_1_83' title="bbox 2029 4035 3674 4116">
    <p class='ocr_par' dir='ltr' id='par_1_83' title="bbox 2029 4035 3674 4116">
     <span class='ocr_line' id='line_1_83' title="bbox 2029 4035 3674 4116; baseline 0.013 -24"><span class='ocrx_word' id='word_1_567' title='bbox 2029 4053 2162 4092; x_wconf 91' lang='lat' dir='ltr'><strong>cum</strong></span> <span class='ocrx_word' id='word_1_568' title='bbox 2187 4036 2270 4091; x_wconf 91' lang='lat' dir='ltr'><strong>sic</strong></span> <span class='ocrx_word' id='word_1_569' title='bbox 2293 4035 2424 4092; x_wconf 89' lang='lat' dir='ltr'><strong>telis</strong></span> <span class='ocrx_word' id='word_1_570' title='bbox 2441 4041 2496 4092; x_wconf 90' lang='lat' dir='ltr'><strong>et</strong></span> <span class='ocrx_word' id='word_1_571' title='bbox 2512 4039 2693 4094; x_wconf 91' lang='lat' dir='ltr'><strong>armis</strong></span> <span class='ocrx_word' id='word_1_572' title='bbox 2709 4043 3108 4116; x_wconf 89' lang='lat' dir='ltr'><strong>accingantur,</strong></span> <span class='ocrx_word' id='word_1_573' title='bbox 3124 4052 3316 4105; x_wconf 89' lang='lat' dir='ltr'><strong>tamen</strong></span> <span class='ocrx_word' id='word_1_574' title='bbox 3337 4058 3400 4108; x_wconf 91' lang='lat' dir='ltr'><strong>ut</strong></span> <span class='ocrx_word' id='word_1_575' title='bbox 3421 4054 3674 4114; x_wconf 88' lang='lat' dir='ltr'><strong>inermes</strong></span> 
     </span>
    </p>
   </div>
   <div class='ocr_carea' id='block_1_84' title="bbox 2028 4125 3675 4205">
    <p class='ocr_par' dir='ltr' id='par_1_84' title="bbox 2028 4125 3675 4205">
     <span class='ocr_line' id='line_1_84' title="bbox 2028 4125 3675 4205; baseline 0.013 -25"><span class='ocrx_word' id='word_1_576' title='bbox 2028 4125 2316 4199; x_wconf 83' lang='lat' dir='ltr'><strong>peregrini</strong></span> <span class='ocrx_word' id='word_1_577' title='bbox 2351 4127 2678 4183; x_wconf 87' lang='lat' dir='ltr'><strong>necessaria</strong></span> <span class='ocrx_word' id='word_1_578' title='bbox 2705 4129 2815 4185; x_wconf 90' lang='lat' dir='ltr'><strong>sibi</strong></span> <span class='ocrx_word' id='word_1_579' title='bbox 2851 4141 3204 4192; x_wconf 89' lang='lat' dir='ltr'><strong>mercantur.</strong></span> <span class='ocrx_word' id='word_1_580' title='bbox 3234 4142 3366 4205; x_wconf 70' lang='lat' dir='ltr'><strong>Quae</strong></span> <span class='ocrx_word' id='word_1_581' title='bbox 3399 4160 3532 4200; x_wconf 90' lang='lat' dir='ltr'><strong>cum</strong></span> <span class='ocrx_word' id='word_1_582' title='bbox 3564 4163 3675 4201; x_wconf 90' lang='lat' dir='ltr'><strong>au-</strong></span> 
     </span>
    </p>
   </div>
   <div class='ocr_carea' id='block_1_85' title="bbox 2029 4213 3668 4306">
    <p class='ocr_par' dir='ltr' id='par_1_85' title="bbox 2029 4213 3668 4306">
     <span class='ocr_line' id='line_1_85' title="bbox 2029 4213 3668 4306; baseline 0.014 -36"><span class='ocrx_word' id='word_1_583' title='bbox 2029 4216 2213 4271; x_wconf 89' lang='lat' dir='ltr'><strong>disset</strong></span> <span class='ocrx_word' id='word_1_584' title='bbox 2243 4213 2327 4269; x_wconf 89' lang='lat' dir='ltr'><strong>vir</strong></span> <span class='ocrx_word' id='word_1_585' title='bbox 2356 4215 2818 4288; x_wconf 86' lang='lat' dir='ltr'><strong>circumspectus</strong></span> <span class='ocrx_word' id='word_1_586' title='bbox 2843 4225 2899 4275; x_wconf 91' lang='lat' dir='ltr'><strong>et</strong></span> <span class='ocrx_word' id='word_1_587' title='bbox 2919 4221 3134 4281; x_wconf 86' lang='lat' dir='ltr'><strong>divitiis</strong></span> <span class='ocrx_word' id='word_1_588' title='bbox 3163 4229 3668 4306; x_wconf 83' lang='lat' dir='ltr'><strong>opulentissimus,</strong></span> 
     </span>
    </p>
   </div>
   <div class='ocr_carea' id='block_1_86' title="bbox 2028 4303 3672 4396">
    <p class='ocr_par' dir='ltr' id='par_1_86' title="bbox 2028 4303 3672 4396">
     <span class='ocr_line' id='line_1_86' title="bbox 2028 4303 3672 4396; baseline 0.005 -37"><span class='ocrx_word' id='word_1_589' title='bbox 2028 4303 2170 4359; x_wconf 88' lang='lat' dir='ltr'><strong>talia</strong></span> <span class='ocrx_word' id='word_1_590' title='bbox 2201 4305 2372 4359; x_wconf 88' lang='lat' dir='ltr'><strong>verba</strong></span> <span class='ocrx_word' id='word_1_591' title='bbox 2394 4304 2633 4376; x_wconf 89' lang='lat' dir='ltr'><strong>protulit</strong></span> <span class='ocrx_word' id='word_1_592' title='bbox 2652 4323 2845 4363; x_wconf 90' lang='lat' dir='ltr'><strong>coram</strong></span> <span class='ocrx_word' id='word_1_593' title='bbox 2874 4312 3151 4370; x_wconf 89' lang='lat' dir='ltr'><strong>omnibus</strong></span> <span class='ocrx_word' id='word_1_594' title='bbox 3173 4333 3220 4370; x_wconf 79' lang='grc'><strong>;‹‹</strong></span> <span class='ocrx_word' id='word_1_595' title='bbox 3247 4319 3473 4377; x_wconf 66' lang='lat' dir='ltr'><strong>Gratias</strong></span> <span class='ocrx_word' id='word_1_596' title='bbox 3502 4303 3672 4396; x_wconf 52' lang='lat' dir='ltr'><strong>ager-5</strong></span> 
     </span>
    </p>
   </div>
   <div class='ocr_carea' id='block_1_87' title="bbox 2030 4393 3673 4476">
    <p class='ocr_par' dir='ltr' id='par_1_87' title="bbox 2030 4393 3673 4476">
     <span class='ocr_line' id='line_1_87' title="bbox 2030 4393 3673 4476; baseline 0.013 -28"><span class='ocrx_word' id='word_1_597' title='bbox 2030 4395 2146 4448; x_wconf 92' lang='lat' dir='ltr'><strong>Deo</strong></span> <span class='ocrx_word' id='word_1_598' title='bbox 2177 4410 2382 4448; x_wconf 89' lang='lat' dir='ltr'><strong>omnes</strong></span> <span class='ocrx_word' id='word_1_599' title='bbox 2438 4393 2738 4464; x_wconf 87' lang='lat' dir='ltr'><strong>debemus,</strong></span> <span class='ocrx_word' id='word_1_600' title='bbox 2768 4397 2868 4468; x_wconf 93' lang='lat' dir='ltr'><strong>qui</strong></span> <span class='ocrx_word' id='word_1_601' title='bbox 2899 4398 2956 4454; x_wconf 92' lang='lat' dir='ltr'><strong>in</strong></span> <span class='ocrx_word' id='word_1_602' title='bbox 2990 4419 3098 4458; x_wconf 89' lang='lat' dir='ltr'><strong>sua</strong></span> <span class='ocrx_word' id='word_1_603' title='bbox 3160 4411 3444 4476; x_wconf 87' lang='lat' dir='ltr'><strong>potestate</strong></span> <span class='ocrx_word' id='word_1_604' title='bbox 3497 4393 3673 4471; x_wconf 78' lang='lat' dir='ltr'><strong>habet</strong></span> 
     </span>
    </p>
   </div>
   <div class='ocr_carea' id='block_1_88' title="bbox 261 4479 3670 4564">
    <p class='ocr_par' dir='ltr' id='par_1_88' title="bbox 261 4479 3670 4564">
     <span class='ocr_line' id='line_1_88' title="bbox 261 4479 3670 4564; baseline 0.01 -37"><span class='ocrx_word' id='word_1_605' title='bbox 261 4481 516 4554; x_wconf 73' lang='lat' dir='ltr'><strong>fugiant,</strong></span> <span class='ocrx_word' id='word_1_606' title='bbox 546 4479 649 4534; x_wconf 89' lang='lat' dir='ltr'><strong>sed</strong></span> <span class='ocrx_word' id='word_1_607' title='bbox 680 4483 744 4534; x_wconf 89' lang='lat' dir='ltr'><strong>ut</strong></span> <span class='ocrx_word' id='word_1_608' title='bbox 793 4482 894 4534; x_wconf 87' lang='lat' dir='ltr'><strong>aut</strong></span> <span class='ocrx_word' id='word_1_609' title='bbox 951 4479 1298 4552; x_wconf 90' lang='lat' dir='ltr'><strong>moriantur,</strong></span> <span class='ocrx_word' id='word_1_610' title='bbox 1331 4488 1434 4539; x_wconf 90' lang='lat' dir='ltr'><strong>aut</strong></span> <span class='ocrx_word' id='word_1_611' title='bbox 1479 4486 1734 4546; x_wconf 86' lang='lat' dir='ltr'><strong>vincant.</strong></span> <span class='ocrx_word' id='word_1_612' title='bbox 1771 4493 1914 4550; x_wconf 72' lang='lat' dir='ltr'><strong>Mori</strong></span> <span class='ocrx_word' id='word_1_613' title='bbox 1945 4482 1992 4546; x_wconf 95' lang='lat' dir='ltr'><strong>D</strong></span> <span class='ocrx_word' id='word_1_614' title='bbox 2028 4481 2291 4538; x_wconf 88' lang='lat' dir='ltr'><strong>omnium</strong></span> <span class='ocrx_word' id='word_1_615' title='bbox 2325 4483 2498 4537; x_wconf 89' lang='lat' dir='ltr'><strong>corda</strong></span> <span class='ocrx_word' id='word_1_616' title='bbox 2527 4487 2583 4536; x_wconf 89' lang='lat' dir='ltr'><strong>et</strong></span> <span class='ocrx_word' id='word_1_617' title='bbox 2614 4500 2727 4554; x_wconf 90' lang='lat' dir='ltr'><strong>quo</strong></span> <span class='ocrx_word' id='word_1_618' title='bbox 2758 4486 2878 4542; x_wconf 91' lang='lat' dir='ltr'><strong>vult</strong></span> <span class='ocrx_word' id='word_1_619' title='bbox 2917 4489 3160 4548; x_wconf 89' lang='lat' dir='ltr'><strong>inclinat</strong></span> <span class='ocrx_word' id='word_1_620' title='bbox 3203 4511 3288 4551; x_wconf 90' lang='lat' dir='ltr'><strong>ea.</strong></span> <span class='ocrx_word' id='word_1_621' title='bbox 3323 4500 3462 4564; x_wconf 89' lang='lat' dir='ltr'><strong>Quis</strong></span> <span class='ocrx_word' id='word_1_622' title='bbox 3512 4503 3670 4562; x_wconf 87' lang='lat' dir='ltr'><strong>enim</strong></span> 
     </span>
    </p>
   </div>
   <div class='ocr_carea' id='block_1_89' title="bbox 261 4565 1914 4647">
    <p class='ocr_par' dir='ltr' id='par_1_89' title="bbox 261 4565 1914 4647">
     <span class='ocr_line' id='line_1_89' title="bbox 261 4565 1914 4647; baseline 0.01 -24"><span class='ocrx_word' id='word_1_623' title='bbox 261 4570 482 4643; x_wconf 89' lang='lat' dir='ltr'><strong>quippe</strong></span> <span class='ocrx_word' id='word_1_624' title='bbox 513 4565 743 4624; x_wconf 89' lang='lat' dir='ltr'><strong>nullum</strong></span> <span class='ocrx_word' id='word_1_625' title='bbox 773 4566 899 4622; x_wconf 78' lang='lat' dir='ltr'><strong>vitae</strong></span> <span class='ocrx_word' id='word_1_626' title='bbox 950 4569 1195 4624; x_wconf 91' lang='lat' dir='ltr'><strong>credunt</strong></span> <span class='ocrx_word' id='word_1_627' title='bbox 1241 4570 1643 4647; x_wconf 89' lang='lat' dir='ltr'><strong>dispendium;</strong></span> <span class='ocrx_word' id='word_1_628' title='bbox 1688 4581 1914 4640; x_wconf 86' lang='lat' dir='ltr'><strong>vincere</strong></span> 
     </span>
    </p>
   </div>
   <div class='ocr_carea' id='block_1_90' title="bbox 259 4656 1912 4739">
    <p class='ocr_par' dir='ltr' id='par_1_90' title="bbox 259 4656 1912 4739">
     <span class='ocr_line' id='line_1_90' title="bbox 259 4656 1912 4739; baseline -0.001 -24"><span class='ocrx_word' id='word_1_629' title='bbox 259 4676 396 4715; x_wconf 82' lang='lat' dir='ltr'><strong>vero</strong></span> <span class='ocrx_word' id='word_1_630' title='bbox 419 4656 600 4713; x_wconf 90' lang='lat' dir='ltr'><strong>divini</strong></span> <span class='ocrx_word' id='word_1_631' title='bbox 627 4656 875 4712; x_wconf 89' lang='lat' dir='ltr'><strong>subsidii</strong></span> <span class='ocrx_word' id='word_1_632' title='bbox 907 4661 995 4713; x_wconf 81' lang='lat' dir='ltr'><strong>est</strong></span> <span class='ocrx_word' id='word_1_633' title='bbox 1023 4659 1397 4730; x_wconf 81' lang='lat' dir='ltr'><strong>praeconium.</strong></span> <span class='ocrx_word' id='word_1_634' title='bbox 1422 4661 1487 4717; x_wconf 89' lang='lat' dir='ltr'><strong>Hi</strong></span> <span class='ocrx_word' id='word_1_635' title='bbox 1521 4681 1655 4739; x_wconf 88' lang='lat' dir='ltr'><strong>ergo</strong></span> <span class='ocrx_word' id='word_1_636' title='bbox 1688 4687 1912 4728; x_wconf 87' lang='lat' dir='ltr'><strong>memo-</strong></span> 
     </span>
    </p>
   </div>
   <div class='ocr_carea' id='block_1_91' title="bbox 261 4747 1913 4831">
    <p class='ocr_par' dir='ltr' id='par_1_91' title="bbox 261 4747 1913 4831">
     <span class='ocr_line' id='line_1_91' title="bbox 261 4747 1913 4831; baseline 0.007 -27"><span class='ocrx_word' id='word_1_637' title='bbox 261 4749 372 4804; x_wconf 87' lang='lat' dir='ltr'><strong>rati</strong></span> <span class='ocrx_word' id='word_1_638' title='bbox 407 4747 722 4820; x_wconf 86' lang='lat' dir='ltr'><strong>principes,</strong></span> <span class='ocrx_word' id='word_1_639' title='bbox 751 4763 899 4819; x_wconf 89' lang='lat' dir='ltr'><strong>quos</strong></span> <span class='ocrx_word' id='word_1_640' title='bbox 941 4765 1119 4820; x_wconf 88' lang='lat' dir='ltr'><strong>supra</strong></span> <span class='ocrx_word' id='word_1_641' title='bbox 1166 4749 1442 4818; x_wconf 83' lang='lat' dir='ltr'><strong>diximus,</strong></span> <span class='ocrx_word' id='word_1_642' title='bbox 1469 4755 1612 4810; x_wconf 89' lang='lat' dir='ltr'><strong>satis</strong></span> <span class='ocrx_word' id='word_1_643' title='bbox 1657 4774 1913 4831; x_wconf 84' lang='lat' dir='ltr'><strong>congruo</strong></span> 
     </span>
    </p>
   </div>
   <div class='ocr_carea' id='block_1_92' title="bbox 259 4837 1912 4910">
    <p class='ocr_par' dir='ltr' id='par_1_92' title="bbox 259 4837 1912 4910">
     <span class='ocr_line' id='line_1_92' title="bbox 259 4837 1912 4910; baseline 0.008 -17"><span class='ocrx_word' id='word_1_644' title='bbox 259 4843 526 4910; x_wconf 86' lang='lat' dir='ltr'><strong>tempore</strong></span> <span class='ocrx_word' id='word_1_645' title='bbox 548 4837 617 4892; x_wconf 92' lang='lat' dir='ltr'><strong>de</strong></span> <span class='ocrx_word' id='word_1_646' title='bbox 640 4837 764 4892; x_wconf 90' lang='lat' dir='ltr'><strong>suis</strong></span> <span class='ocrx_word' id='word_1_647' title='bbox 796 4837 1038 4894; x_wconf 86' lang='lat' dir='ltr'><strong>sedibus</strong></span> <span class='ocrx_word' id='word_1_648' title='bbox 1066 4837 1345 4910; x_wconf 79' lang='lat' dir='ltr'><strong>exierunt,</strong></span> <span class='ocrx_word' id='word_1_649' title='bbox 1371 4842 1472 4896; x_wconf 90' lang='lat' dir='ltr'><strong>sed</strong></span> <span class='ocrx_word' id='word_1_650' title='bbox 1505 4845 1694 4902; x_wconf 90' lang='lat' dir='ltr'><strong>natale</strong></span> <span class='ocrx_word' id='word_1_651' title='bbox 1722 4848 1912 4905; x_wconf 90' lang='lat' dir='ltr'><strong>solum</strong></span> 
     </span>
    </p>
   </div>
   <div class='ocr_carea' id='block_1_93' title="bbox 261 4925 1916 5011">
    <p class='ocr_par' dir='ltr' id='par_1_93' title="bbox 261 4925 1916 5011">
     <span class='ocr_line' id='line_1_93' title="bbox 261 4925 1916 5011; baseline 0.007 -29"><span class='ocrx_word' id='word_1_652' title='bbox 261 4930 659 4993; x_wconf 85' lang='lat' dir='ltr'><strong>transeuntes,</strong></span> <span class='ocrx_word' id='word_1_653' title='bbox 683 4925 910 4984; x_wconf 90' lang='lat' dir='ltr'><strong>diverso</strong></span> <span class='ocrx_word' id='word_1_654' title='bbox 960 4931 1215 5000; x_wconf 90' lang='lat' dir='ltr'><strong>tempore</strong></span> <span class='ocrx_word' id='word_1_655' title='bbox 1265 4935 1323 4985; x_wconf 89' lang='lat' dir='ltr'><strong>et</strong></span> <span class='ocrx_word' id='word_1_656' title='bbox 1353 4929 1560 4989; x_wconf 90' lang='lat' dir='ltr'><strong>itinere</strong></span> <span class='ocrx_word' id='word_1_657' title='bbox 1607 4937 1916 5011; x_wconf 89' lang='lat' dir='ltr'><strong>transalpi-</strong></span> 
     </span>
    </p>
   </div>
   <div class='ocr_carea' id='block_1_94' title="bbox 259 5015 1914 5093">
    <p class='ocr_par' dir='ltr' id='par_1_94' title="bbox 259 5015 1914 5093">
     <span class='ocr_line' id='line_1_94' title="bbox 259 5015 1914 5093; baseline 0.007 -23"><span class='ocrx_word' id='word_1_658' title='bbox 259 5019 568 5072; x_wconf 85' lang='lat' dir='ltr'><strong>naverunt.</strong></span> <span class='ocrx_word' id='word_1_659' title='bbox 596 5015 796 5088; x_wconf 87' lang='lat' dir='ltr'><strong>Itaque</strong></span> <span class='ocrx_word' id='word_1_660' title='bbox 831 5033 932 5088; x_wconf 87' lang='lat' dir='ltr'><strong>per</strong></span> <span class='ocrx_word' id='word_1_661' title='bbox 961 5015 1187 5073; x_wconf 89' lang='lat' dir='ltr'><strong>Italiam</strong></span> <span class='ocrx_word' id='word_1_662' title='bbox 1215 5017 1324 5073; x_wconf 88' lang='lat' dir='ltr'><strong>iter</strong></span> <span class='ocrx_word' id='word_1_663' title='bbox 1352 5019 1705 5093; x_wconf 84' lang='lat' dir='ltr'><strong>direxerant,</strong></span> <span class='ocrx_word' id='word_1_664' title='bbox 1741 5032 1797 5082; x_wconf 90' lang='lat' dir='ltr'><strong>et</strong></span> <span class='ocrx_word' id='word_1_665' title='bbox 1826 5028 1914 5082; x_wconf 89' lang='lat' dir='ltr'><strong>di-</strong></span> 
     </span>
    </p>
   </div>
   <div class='ocr_carea' id='block_1_95' title="bbox 2023 4570 3668 4665">
    <p class='ocr_par' dir='ltr' id='par_1_95' title="bbox 2023 4570 3668 4665">
     <span class='ocr_line' id='line_1_95' title="bbox 2023 4570 3668 4665; baseline 0.013 -39"><span class='ocrx_word' id='word_1_666' title='bbox 2023 4576 2107 4626; x_wconf 89' lang='lat' dir='ltr'><strong>tot</strong></span> <span class='ocrx_word' id='word_1_667' title='bbox 2138 4570 2449 4643; x_wconf 88' lang='lat' dir='ltr'><strong>principes,</strong></span> <span class='ocrx_word' id='word_1_668' title='bbox 2475 4575 2702 4628; x_wconf 90' lang='lat' dir='ltr'><strong>tantum</strong></span> <span class='ocrx_word' id='word_1_669' title='bbox 2727 4576 3008 4648; x_wconf 91' lang='lat' dir='ltr'><strong>populum</strong></span> <span class='ocrx_word' id='word_1_670' title='bbox 3031 4579 3089 4634; x_wconf 90' lang='lat' dir='ltr'><strong>in</strong></span> <span class='ocrx_word' id='word_1_671' title='bbox 3115 4599 3298 4640; x_wconf 91' lang='lat' dir='ltr'><strong>unum</strong></span> <span class='ocrx_word' id='word_1_672' title='bbox 3321 4587 3668 4665; x_wconf 79' lang='lat' dir='ltr'><strong>collegisset,</strong></span> 
     </span>
    </p>
   </div>
   <div class='ocr_carea' id='block_1_96' title="bbox 2022 4660 3670 4751">
    <p class='ocr_par' dir='ltr' id='par_1_96' title="bbox 2022 4660 3670 4751">
     <span class='ocr_line' id='line_1_96' title="bbox 2022 4660 3670 4751; baseline 0.013 -37"><span class='ocrx_word' id='word_1_673' title='bbox 2022 4661 2132 4716; x_wconf 91' lang='lat' dir='ltr'><strong>nisi</strong></span> <span class='ocrx_word' id='word_1_674' title='bbox 2178 4676 2379 4714; x_wconf 90' lang='lat' dir='ltr'><strong>eorum</strong></span> <span class='ocrx_word' id='word_1_675' title='bbox 2433 4660 2730 4718; x_wconf 90' lang='lat' dir='ltr'><strong>mentibus</strong></span> <span class='ocrx_word' id='word_1_676' title='bbox 2776 4663 2899 4736; x_wconf 90' lang='lat' dir='ltr'><strong>ipse</strong></span> <span class='ocrx_word' id='word_1_677' title='bbox 2946 4669 3372 4738; x_wconf 61' lang='lat' dir='ltr'><strong>prmsideret‘h</strong></span> <span class='ocrx_word' id='word_1_678' title='bbox 3406 4660 3670 4751; x_wconf 76' lang='lat' dir='ltr'><strong>cumque</strong></span> 
     </span>
    </p>
   </div>
   <div class='ocr_carea' id='block_1_97' title="bbox 2022 4749 3666 4837">
    <p class='ocr_par' dir='ltr' id='par_1_97' title="bbox 2022 4749 3666 4837">
     <span class='ocr_line' id='line_1_97' title="bbox 2022 4749 3666 4837; baseline 0.012 -33"><span class='ocrx_word' id='word_1_679' title='bbox 2022 4751 2341 4821; x_wconf 87' lang='lat' dir='ltr'><strong>requireret</strong></span> <span class='ocrx_word' id='word_1_680' title='bbox 2369 4749 2521 4819; x_wconf 89' lang='lat' dir='ltr'><strong>quod</strong></span> <span class='ocrx_word' id='word_1_681' title='bbox 2556 4749 2790 4823; x_wconf 89' lang='lat' dir='ltr'><strong>signum</strong></span> <span class='ocrx_word' id='word_1_682' title='bbox 2829 4761 3124 4824; x_wconf 89' lang='lat' dir='ltr'><strong>gestarent</strong></span> <span class='ocrx_word' id='word_1_683' title='bbox 3159 4749 3666 4837; x_wconf 79' lang='lat' dir='ltr'><strong>peregrinationis,</strong></span> 
     </span>
    </p>
   </div>
   <div class='ocr_carea' id='block_1_98' title="bbox 2022 4837 3667 4923">
    <p class='ocr_par' dir='ltr' id='par_1_98' title="bbox 2022 4837 3667 4923">
     <span class='ocr_line' id='line_1_98' title="bbox 2022 4837 3667 4923; baseline 0.013 -30"><span class='ocrx_word' id='word_1_684' title='bbox 2022 4837 2244 4904; x_wconf 88' lang='lat' dir='ltr'><strong>didicit,</strong></span> <span class='ocrx_word' id='word_1_685' title='bbox 2268 4837 2424 4908; x_wconf 90' lang='lat' dir='ltr'><strong>quod</strong></span> <span class='ocrx_word' id='word_1_686' title='bbox 2457 4842 2558 4892; x_wconf 91' lang='lat' dir='ltr'><strong>aut</strong></span> <span class='ocrx_word' id='word_1_687' title='bbox 2585 4839 2640 4892; x_wconf 92' lang='lat' dir='ltr'><strong>in</strong></span> <span class='ocrx_word' id='word_1_688' title='bbox 2676 4841 2861 4897; x_wconf 81' lang='lat' dir='ltr'><strong>fronte</strong></span> <span class='ocrx_word' id='word_1_689' title='bbox 2893 4849 2994 4900; x_wconf 90' lang='lat' dir='ltr'><strong>aut</strong></span> <span class='ocrx_word' id='word_1_690' title='bbox 3041 4846 3098 4901; x_wconf 93' lang='lat' dir='ltr'><strong>in</strong></span> <span class='ocrx_word' id='word_1_691' title='bbox 3145 4852 3402 4923; x_wconf 89' lang='lat' dir='ltr'><strong>scapulis</strong></span> <span class='ocrx_word' id='word_1_692' title='bbox 3452 4855 3667 4914; x_wconf 85' lang='lat' dir='ltr'><strong>dextris</strong></span> 
     </span>
    </p>
   </div>
   <div class='ocr_carea' id='block_1_99' title="bbox 2023 4926 3669 5020">
    <p class='ocr_par' dir='ltr' id='par_1_99' title="bbox 2023 4926 3669 5020">
     <span class='ocr_line' id='line_1_99' title="bbox 2023 4926 3669 5020; baseline 0.013 -38"><span class='ocrx_word' id='word_1_693' title='bbox 2023 4928 2258 5000; x_wconf 88' lang='lat' dir='ltr'><strong>signum</strong></span> <span class='ocrx_word' id='word_1_694' title='bbox 2317 4926 2580 4982; x_wconf 77' lang='lat' dir='ltr'><strong>ferebant</strong></span> <span class='ocrx_word' id='word_1_695' title='bbox 2635 4935 2847 4986; x_wconf 64' lang='lat' dir='ltr'><strong>sancta:</strong></span> <span class='ocrx_word' id='word_1_696' title='bbox 2906 4935 3116 4992; x_wconf 90' lang='lat' dir='ltr'><strong>crucis.</strong></span> <span class='ocrx_word' id='word_1_697' title='bbox 3170 4939 3314 4997; x_wconf 89' lang='lat' dir='ltr'><strong>Cum</strong></span> <span class='ocrx_word' id='word_1_698' title='bbox 3372 4962 3506 5002; x_wconf 86' lang='lat' dir='ltr'><strong>vero</strong></span> <span class='ocrx_word' id='word_1_699' title='bbox 3565 4965 3669 5020; x_wconf 90' lang='lat' dir='ltr'><strong>per</strong></span> 
     </span>
    </p>
   </div>
   <div class='ocr_carea' id='block_1_100' title="bbox 2023 5016 3670 5103">
    <p class='ocr_par' dir='ltr' id='par_1_100' title="bbox 2023 5016 3670 5103">
     <span class='ocr_line' id='line_1_100' title="bbox 2023 5016 3670 5103; baseline 0.012 -29"><span class='ocrx_word' id='word_1_700' title='bbox 2023 5035 2260 5090; x_wconf 88' lang='lat' dir='ltr'><strong>campos</strong></span> <span class='ocrx_word' id='word_1_701' title='bbox 2309 5016 2688 5074; x_wconf 89' lang='lat' dir='ltr'><strong>discurrendo</strong></span> <span class='ocrx_word' id='word_1_702' title='bbox 2735 5019 2940 5078; x_wconf 87' lang='lat' dir='ltr'><strong>bellico</strong></span> <span class='ocrx_word' id='word_1_703' title='bbox 2971 5025 3105 5080; x_wconf 90' lang='lat' dir='ltr'><strong>usui</strong></span> <span class='ocrx_word' id='word_1_704' title='bbox 3137 5045 3199 5083; x_wconf 92' lang='lat' dir='ltr'><strong>se</strong></span> <span class='ocrx_word' id='word_1_705' title='bbox 3229 5016 3584 5103; x_wconf 64' lang='lat' dir='ltr'><strong>exercerent,</strong></span> <span class='ocrx_word' id='word_1_706' title='bbox 3613 5041 3670 5093; x_wconf 88' lang='lat' dir='ltr'><strong>et</strong></span> 
     </span>
    </p>
   </div>
   <div class='ocr_carea' id='block_1_101' title="bbox 257 5102 3665 5196">
    <p class='ocr_par' dir='ltr' id='par_1_101' title="bbox 257 5102 3665 5196">
     <span class='ocr_line' id='line_1_101' title="bbox 257 5102 3665 5196; baseline 0.006 -37"><span class='ocrx_word' id='word_1_707' title='bbox 257 5102 397 5159; x_wconf 84' lang='lat' dir='ltr'><strong>vina</strong></span> <span class='ocrx_word' id='word_1_708' title='bbox 427 5109 720 5177; x_wconf 68' lang='lat' dir='ltr'><strong>praeeunte</strong></span> <span class='ocrx_word' id='word_1_709' title='bbox 761 5104 1045 5172; x_wconf 88' lang='lat' dir='ltr'><strong>custodia,</strong></span> <span class='ocrx_word' id='word_1_710' title='bbox 1072 5107 1326 5162; x_wconf 90' lang='lat' dir='ltr'><strong>secundo</strong></span> <span class='ocrx_word' id='word_1_711' title='bbox 1374 5109 1623 5181; x_wconf 87' lang='lat' dir='ltr'><strong>appulsu</strong></span> <span class='ocrx_word' id='word_1_712' title='bbox 1669 5113 1912 5171; x_wconf 77' lang='lat' dir='ltr'><strong>Romam</strong></span> <span class='ocrx_word' id='word_1_713' title='bbox 2015 5107 2266 5179; x_wconf 90' lang='lat' dir='ltr'><strong>jocando</strong></span> <span class='ocrx_word' id='word_1_714' title='bbox 2299 5105 2544 5162; x_wconf 91' lang='lat' dir='ltr'><strong>invicem</strong></span> <span class='ocrx_word' id='word_1_715' title='bbox 2577 5107 2722 5163; x_wconf 89' lang='lat' dir='ltr'><strong>alter</strong></span> <span class='ocrx_word' id='word_1_716' title='bbox 2751 5106 2810 5162; x_wconf 91' lang='lat' dir='ltr'><strong>in</strong></span> <span class='ocrx_word' id='word_1_717' title='bbox 2841 5111 3090 5170; x_wconf 90' lang='lat' dir='ltr'><strong>alterum</strong></span> <span class='ocrx_word' id='word_1_718' title='bbox 3123 5116 3322 5176; x_wconf 87' lang='lat' dir='ltr'><strong>hastas</strong></span> <span class='ocrx_word' id='word_1_719' title='bbox 3351 5121 3665 5196; x_wconf 88' lang='lat' dir='ltr'><strong>vibrarent,</strong></span> 
     </span>
    </p>
   </div>
   <div class='ocr_carea' id='block_1_102' title="bbox 1375 5247 2551 5316">
    <p class='ocr_par' dir='ltr' id='par_1_102' title="bbox 1375 5247 2551 5316">
     <span class='ocr_line' id='line_1_102' title="bbox 1375 5247 2551 5316; baseline -0.001 -10"><span class='ocrx_word' id='word_1_720' title='bbox 1375 5250 1685 5311; x_wconf 75' lang='lat' dir='ltr'><strong>NOTUL/E</strong></span> <span class='ocrx_word' id='word_1_721' title='bbox 1725 5253 2191 5316; x_wconf 82' lang='lat' dir='ltr'><strong>MARGINALES</strong></span> <span class='ocrx_word' id='word_1_722' title='bbox 2231 5251 2351 5306; x_wconf 86' lang='lat' dir='ltr'><strong>MS.</strong></span> <span class='ocrx_word' id='word_1_723' title='bbox 2394 5247 2551 5305; x_wconf 89' lang='lat' dir='ltr'><strong>COD.</strong></span> 
     </span>
    </p>
   </div>
   <div class='ocr_carea' id='block_1_103' title="bbox 254 5361 1905 5449">
    <p class='ocr_par' dir='ltr' id='par_1_103' title="bbox 254 5361 1905 5449">
     <span class='ocr_line' id='line_1_103' title="bbox 254 5361 1905 5449; baseline 0.01 -33"><span class='ocrx_word' id='word_1_724' title='bbox 254 5361 335 5436; x_wconf 87' lang='lat'><strong>(7)</strong></span> <span class='ocrx_word' id='word_1_725' title='bbox 367 5361 619 5449; x_wconf 51' lang='lat' dir='ltr'><strong>égmina</strong></span> <span class='ocrx_word' id='word_1_726' title='bbox 647 5363 1018 5449; x_wconf 83' lang='lat' dir='ltr'><strong>conveniunt,</strong></span> <span class='ocrx_word' id='word_1_727' title='bbox 1043 5379 1474 5449; x_wconf 75' lang='lat' dir='ltr'><strong>numerosaque</strong></span> <span class='ocrx_word' id='word_1_728' title='bbox 1505 5369 1691 5449; x_wconf 69' lang='lat' dir='ltr'><strong>millia</strong></span> <span class='ocrx_word' id='word_1_729' title='bbox 1736 5373 1905 5433; x_wconf 84' lang='lat' dir='ltr'><strong>ﬁunt.</strong></span> 
     </span>
    </p>
   </div>
   <div class='ocr_carea' id='block_1_104' title="bbox 368 5435 1746 5510">
    <p class='ocr_par' dir='ltr' id='par_1_104' title="bbox 368 5435 1746 5510">
     <span class='ocr_line' id='line_1_104' title="bbox 368 5435 1746 5510; baseline 0.007 -21"><span class='ocrx_word' id='word_1_730' title='bbox 368 5435 628 5510; x_wconf 82' lang='lat' dir='ltr'><strong>Quorum</strong></span> <span class='ocrx_word' id='word_1_731' title='bbox 659 5439 722 5490; x_wconf 90' lang='lat' dir='ltr'><strong>tu</strong></span> <span class='ocrx_word' id='word_1_732' title='bbox 753 5451 1041 5510; x_wconf 80' lang='lat' dir='ltr'><strong>proceres,</strong></span> <span class='ocrx_word' id='word_1_733' title='bbox 1073 5435 1122 5510; x_wconf 75' lang='lat' dir='ltr'><strong>si</strong></span> <span class='ocrx_word' id='word_1_734' title='bbox 1154 5435 1472 5510; x_wconf 74' lang='lat' dir='ltr'><strong>consociari</strong></span> <span class='ocrx_word' id='word_1_735' title='bbox 1503 5441 1746 5510; x_wconf 87' lang='lat' dir='ltr'><strong>videres,</strong></span> 
     </span>
    </p>
   </div>
   <div class='ocr_carea' id='block_1_105' title="bbox 365 5505 1910 5591">
    <p class='ocr_par' dir='ltr' id='par_1_105' title="bbox 365 5505 1910 5591">
     <span class='ocr_line' id='line_1_105' title="bbox 365 5505 1910 5591; baseline 0.008 -28"><span class='ocrx_word' id='word_1_736' title='bbox 365 5507 592 5584; x_wconf 77' lang='lat' dir='ltr'><strong>Agmen</strong></span> <span class='ocrx_word' id='word_1_737' title='bbox 612 5512 732 5565; x_wconf 86' lang='lat' dir='ltr'><strong>tam</strong></span> <span class='ocrx_word' id='word_1_738' title='bbox 753 5505 1052 5584; x_wconf 77' lang='lat' dir='ltr'><strong>pulcrum,</strong></span> <span class='ocrx_word' id='word_1_739' title='bbox 1076 5505 1347 5569; x_wconf 82' lang='lat' dir='ltr'><strong>laudares</strong></span> <span class='ocrx_word' id='word_1_740' title='bbox 1365 5509 1500 5588; x_wconf 82' lang='lat' dir='ltr'><strong>jure</strong></span> <span class='ocrx_word' id='word_1_741' title='bbox 1531 5505 1910 5591; x_wconf 85' lang='lat' dir='ltr'><strong>sepulchrum</strong></span> 
     </span>
    </p>
   </div>
   <div class='ocr_carea' id='block_1_106' title="bbox 2127 5363 3504 5450">
    <p class='ocr_par' dir='ltr' id='par_1_106' title="bbox 2127 5363 3504 5450">
     <span class='ocr_line' id='line_1_106' title="bbox 2127 5363 3504 5450; baseline 0.016 -34"><span class='ocrx_word' id='word_1_742' title='bbox 2127 5371 2235 5450; x_wconf 46' lang='lat'><strong>135-0</strong></span> <span class='ocrx_word' id='word_1_743' title='bbox 2265 5381 2380 5449; x_wconf 75' lang='lat' dir='ltr'><strong>quo</strong></span> <span class='ocrx_word' id='word_1_744' title='bbox 2411 5363 2493 5420; x_wconf 91' lang='lat' dir='ltr'><strong>sic</strong></span> <span class='ocrx_word' id='word_1_745' title='bbox 2525 5367 2776 5450; x_wconf 76' lang='lat' dir='ltr'><strong>patriam</strong></span> <span class='ocrx_word' id='word_1_746' title='bbox 2809 5379 3504 5450; x_wconf 82' lang='lat' dir='ltr'><strong>respuerantpropriam.</strong></span> 
     </span>
    </p>
   </div>
   <div class='ocr_carea' id='block_1_107' title="bbox 2021 5396 3680 5518">
    <p class='ocr_par' dir='ltr' id='par_1_107' title="bbox 2021 5396 3680 5518">
     <span class='ocr_line' id='line_1_107' title="bbox 2129 5396 3504 5450; baseline 0.017 -35"><span class='ocrx_word' id='word_1_747' title='bbox 2129 5396 2235 5424; x_wconf 70' lang='grc' dir='ltr'><strong>ιιι-υ</strong></span> <span class='ocrx_word' id='word_1_748' title='bbox 2265 5396 2380 5439; x_wconf 54' lang='grc' dir='ltr'><strong>ηυυ</strong></span> <span class='ocrx_word' id='word_1_749' title='bbox 2411 5396 2493 5420; x_wconf 73' lang='lat' dir='ltr'><strong>mu</strong></span> <span class='ocrx_word' id='word_1_750' title='bbox 2525 5396 2776 5438; x_wconf 70' lang='lat' dir='ltr'><strong>puu&#39;mxu</strong></span> <span class='ocrx_word' id='word_1_751' title='bbox 2809 5396 3157 5446; x_wconf 77' lang='lat' dir='ltr'><strong>respuerant.</strong></span> <span class='ocrx_word' id='word_1_752' title='bbox 3189 5396 3289 5450; x_wconf 93' lang='lat' dir='ltr'><strong>pro</strong></span> <span class='ocrx_word' id='word_1_753' title='bbox 3335 5396 3504 5438; x_wconf 77' lang='lat' dir='ltr'><strong>riam.</strong></span> 
     </span>
     <span class='ocr_line' id='line_1_108' title="bbox 2021 5396 3680 5518; baseline 0.002 -16"><span class='ocrx_word' id='word_1_754' title='bbox 2021 5445 2099 5518; x_wconf 88' lang='lat'><strong>(8)</strong></span> <span class='ocrx_word' id='word_1_755' title='bbox 2126 5437 2427 5500; x_wconf 87' lang='lat' dir='ltr'><strong>Circuiens</strong></span> <span class='ocrx_word' id='word_1_756' title='bbox 2465 5440 2753 5496; x_wconf 89' lang='lat' dir='ltr'><strong>mundum</strong></span> <span class='ocrx_word' id='word_1_757' title='bbox 2801 5457 3006 5504; x_wconf 88' lang='lat' dir='ltr'><strong>rumor</strong></span> <span class='ocrx_word' id='word_1_758' title='bbox 3052 5448 3210 5506; x_wconf 90' lang='lat' dir='ltr'><strong>venit</strong></span> <span class='ocrx_word' id='word_1_759' title='bbox 3253 5396 3329 5506; x_wconf 59' lang='lat' dir='ltr'><strong>ag</strong></span> <span class='ocrx_word' id='word_1_760' title='bbox 3375 5451 3680 5510; x_wconf 86' lang='lat' dir='ltr'><strong>Boamun-</strong></span> 
     </span>
    </p>
   </div>
   <div class='ocr_carea' id='block_1_108' title="bbox 3410 5523 3606 5603">
    <p class='ocr_par' dir='ltr' id='par_1_108' title="bbox 3410 5523 3606 5603">
     <span class='ocr_line' id='line_1_109' title="bbox 3410 5523 3606 5603; baseline -0.02 -19"><span class='ocrx_word' id='word_1_761' title='bbox 3410 5523 3606 5603; x_wconf 76' lang='lat' dir='ltr'><strong>ldum.</strong></span> 
     </span>
    </p>
   </div>
  </div>
