3996 6096
376 200 495 260 6¹ἳ9
900 200 1002 262 AD
1047 200 1559 267 GODEFRIDUM
1602 204 2059 275 APPEND.JI.
2093 239 2171 255 --
2199 209 2512 277 MONUM.
2560 216 2662 279 DE
2705 218 2956 284 BELLO
3001 224 3278 288 SACRO.
3655 232 3787 296 om

372 352 576 394 omnes
605 354 726 395 una
766 352 906 392 voce
959 335 1293 391 clamabant
1346 336 1606 432 dicentes
1638 339 1824 432 z-Deus
1877 341 2013 411 vult,
2045 344 2095 411 Α
2127 344 2403 415 quoniam
2445 347 2654 405 ducem
2686 350 3065 412 Godefridum
3096 372 3230 415 cum
3264 374 3479 432 magno
3517 362 3781 423 exemit.

364 429 510 483 Deus
538 427 655 482 vult
680 428 778 499 (9).
810 427 880 482 Et
907 425 1018 482 hoc
1063 423 1297 498 signum
1328 424 1688 525 eratubellici
1739 426 2011 525 clamoris
2121 439 2481 525 repererunt.
2508 437 2667 494 Flere
2695 456 2812 511 pra;
2843 443 3059 515 gaudio
3103 447 3315 518 potuit,
3339 423 3440 521 qui
3466 450 3781 525 Hugonem

365 516 651 589 ipsorum.
686 517 755 582 Et
783 531 918 571 cum
947 514 1069 570 haec
1108 514 1320 570 iterum
1350 513 1579 570 audiret
1619 514 1708 569 vir
1752 517 2010 614 prudens
2119 519 2399 594 Magnum
2429 530 2486 579 et
2514 526 2723 583 ducem
2747 513 3128 589 Godefriduna
3169 513 3417 597 invicem
3449 513 3777 614 minem

365 610 422 663 et
452 610 645 662 mente
676 623 876 679 capax,
902 603 1092 676 magis
1121 620 1188 659 ac
1217 603 1409 675 magis
1436 603 1510 699 in-
1528 603 1652 699 Deo.
1674 604 2003 699 exsultavit,
2115 611 2174 664 et
2192 610 2446 667 osculari
2467 617 2769 688 conspexit
2795 618 3024 677 Gaudet
3044 622 3209 697 Hugo
3232 624 3482 699 Magnus
3500 603 3571 687 se
3589 629 3778 689 fuisse

362 695 501 768 quia
529 694 727 751 omnia
756 695 876 750 haec
908 711 1021 750 non
1051 697 1280 748 tantum
1327 707 1455 747 esse
1495 691 1804 749 hominum
1834 693 2003 750 intcl-
2115 699 2624 772 comprehensum,
2643 704 2783 776 quia
2812 709 3026 765 meruit
3072 709 3183 767 hac
3221 714 3525 773 occasione
3554 719 3771 776 adduci

359 783 517 840 lexit.
543 783 648 850 Qui
680 782 880 839 statim
912 783 1112 838 eadem
1163 780 1462 836 devotione
1511 797 1853 878 succensus,
1885 783 2001 878 duo
2113 786 2186 840 ad
2212 786 3078 878 ducemGodefridum.Gaudet
3096 800 3382 874 dux,quia
3401 805 3776 878 amplexatur

356 872 611 945 pretiosa
640 871 817 944 pallia
860 870 1047 942 jussit
1075 869 1287 935 afferri,
1307 874 1362 924 et
1392 886 1460 925 ex
1506 868 1590 925 eis
1641 870 1997 944 corrigiatim
2110 877 2533 944 pracordialem
2565 881 2821 939 amicum
2854 889 2911 941 et
2940 893 3259 961 cognatum
3291 908 3466 949 suum
3498 868 3555 951 et
3584 897 3771 955 totius

353 960 558 1018 incisis
589 960 863 1034 praecepit
909 975 1113 1014 cruces
1144 959 1288 1013 fieri.
1317 958 1482 1014 Tunc
1528 958 1674 1015 dixit
1722 960 1998 1016 omnibus
2107 965 2518 1034 generositatis
2548 969 2805 1027 nobilem
2837 958 3051 1030 virum.
3071 976 3299 1034 Gaudet
3321 980 3471 1037 alter
3498 982 3558 1038 in
3581 984 3768 1044 altero

350 1053 473 1106 tam
507 1048 822 1122 peditibus,
845 1064 1022 1121 quam
1072 1046 1360 1103 militibus
1394 1063 1460 1101 :«
1494 1046 1552 1102 Si
1586 1046 1837 1141 quis-est
1884 1048 1995 1104 Do-
2106 1050 2449 1141 innovatum
2482 1056 2672 1116 foedus
2712 1061 3005 1132 amicitiae,
3037 1069 3097 1121 et
3145 1068 3399 1141 antiqua
3450 1071 3767 1131 familiari-

348 1136 516 1207 mini,
560 1138 848 1211 jungatur
894 1135 1060 1192 mihi.
1085 1134 1130 1191 Ο
1162 1134 1381 1191 milites
1427 1152 1585 1191 nunc
1634 1136 1769 1235 mei,
1810 1141 1994 1193 estote
2103 1140 2261 1237 tatis,
2295 1146 2352 1198 et
2381 1145 2535 1217 quod
2566 1146 2625 1202 in
2658 1153 2909 1223 utroque
2937 1151 3126 1210 inerat
3154 1134 3387 1231 insigne
3418 1160 3595 1219 decus
3626 1181 3764 1237 pro-

345 1226 474 1295 Dei;
499 1231 556 1283 et
573 1224 727 1282 viam
750 1225 937 1281 sancti
959 1223 1211 1297 sepulcri
1240 1240 1470 1279 mecum
1496 1223 1764 1297 incipite;
1788 1229 1990 1315 etquae
2102 1226 2326 1286 bitatis.
2364 1232 2422 1288 In
2456 1233 2549 1290 his
2581 1236 2812 1295 duobus
2849 1239 2990 1297 viris
3039 1243 3229 1315 primo
3274 1223 3587 1306 desudata
3617 1223 3765 1311 sunt

344 1330 475 1372 mea
504 1320 666 1384 sunt,
688 1326 750 1371 ul
778 1319 988 1380 vestra,
1012 1313 1317 1370 assumite.
1354 1313 1556 1368 Nonne
1587 1317 1644 1368 et
1667 1329 1775 1369 nos
1808 1314 1988 1369 Fran-
2101 1316 2336 1376 fraudes
2382 1321 2776 1395 imperatoris,
2819 1328 2974 1386 sicut
3023 1313 3157 1388 mox
3206 1337 3513 1407 sequentia
3558 1340 3761 1398 decla-

340 1405 554 1479 cigenae
586 1403 834 1461 sumus?
865 1404 1065 1457 Nonne
1110 1406 1378 1475 parentes
1409 1402 1595 1457 nostri
1627 1402 1698 1458 de
1744 1404 1989 1492 Francia
2098 1408 2333 1465 rabunt.
2361 1410 2487 1467 Dux
2521 1413 2873 1475 Godefridus
2903 1419 3064 1492 prior
3092 1402 3358 1480 omnium
3392 1426 3756 1491 Francorum

337 1497 642 1563 venerunt,
677 1498 733 1549 et
764 1498 980 1548 terram
1024 1492 1174 1547 bane
1224 1490 1580 1547 militaribus
1637 1491 1817 1548 armis
1872 1493 1985 1549 sibi
2096 1496 2430 1571 principum
2481 1490 3045 1581 Constantinopolim
3103 1512 3262 1568 venit
3290 1514 3424 1586 (13)»
3453 1517 3595 1590 (ἰυίᾶ
3649 1537 3758 1593 P8P

338 1582 858 1656 mancipaverunt?
882 1580 1025 1636 Proh
1049 1581 1337 1637 dedecus!
1369 1581 1542 1637 Ibunt
1562 1582 1983 1683 consanguinei
2095 1583 2454 1683 llungariam
2488 1598 2645 1648 recto
2674 1580 2883 1667 επορεηά
2915 1599 3210 1671 profectus
3239 1580 3348 1660 est.
3371 1580 3546 1667 venit
3574 1580 3754 1683 atque

335 1677 393 1729 et
423 1673 630 1729 fratres
661 1670 843 1727 nostri
875 1670 1001 1726 sine
1034 1669 1204 1725 nobis
1248 1670 1320 1725 ad
1370 1670 1735 1743 martyrium,
1758 1670 1878 1726 imo
1908 1672 1979 1727 ad
2015 1721 2061 1784 Β
2092 1673 2321 1731 duobus
2354 1678 2561 1736 diebus
2616 1687 2750 1740 ante
2809 1669 3011 1743 Natale
3070 1689 3325 1760 Domini,
3357 1697 3416 1750 et
3462 1669 3748 1771 hospitari

335 1760 706 1784 _-._-.‘I!_--...l
743 1759 801 1784 1-
851 1758 1122 1784 -..η-εει...-
1168 1757 1381 1784 θαι-...2.-
1421 1758 1785 1784 ιηηκΑ-ειι---
1821 1760 1981 1784 ,Ἠλὶ-,ι
2094 1762 2269 1784 ---Ιηξι
2316 1783 2327 1784 γ
2382 1772 2391 1784 ι
2569 1770 2582 1784 ι
2847 1775 2863 1784 .
2987 1776 3000 1784 .
3043 1777 3059 1784 -
3105 1777 3119 1784 -
3251 1780 3260 1784 -

334 1760 706 1835 paradisum!
743 1759 805 1814 In
847 1758 1124 1814 omnibus
1166 1757 1383 1813 futuris
1421 1758 1787 1830 temporibus
1817 1760 1986 1855 debet
2015 1757 2061 1784 "
2094 1762 2277 1855 voluit
2306 1772 2469 1823 extra
2495 1770 2731 1847 urbem;
2765 1775 2866 1831 sed
2910 1776 3198 1836 subdolus
3246 1757 3747 1855 imperator.eum

333 1849 548 1907 ascribi
578 1852 697 1904 tam
728 1846 898 1904 nobis
929 1863 1107 1920 quam
1150 1845 1351 1903 liberis
1384 1847 1600 1903 nostris
1649 1849 1987 1921 retrograda
2093 1850 2246 1908 inter
2274 1856 2616 1915 suburbana
2656 1845 2893 1935 recepit.
2929 1864 3197 1939 Speravit
3234 1845 3467 1927 interim
3497 1873 3616 1931 dux
3662 1875 3746 1932 ibi

329 1938 510 1995 animi
560 1936 776 2010 inepii,
801 1936 873 2003 si,
899 1935 1068 1992 nobis
1112 1934 1477 2002 absentibus,
1505 1937 1699 2009 agitur
1736 1937 1857 1993 haec
1888 1938 1980 1992 di-
2091 1956 2363 1999 securum
2389 1961 2690 2004 remanere
2713 1966 2774 2006 se
2796 1934 2987 2024 posse,
3011 1954 3195 2012 donec
3214 1958 3480 2016 venirent
3505 1961 3746 2037 agmina

326 2027 462 2084 vina
491 2026 756 2082 militia.»
787 2027 901 2093 (10)
922 2025 991 2079 Et
1019 2041 1153 2080 cum
1184 2023 1276 2079 his
1299 2029 1356 2079 et
1382 2024 1516 2118 istis
1546 2025 1840 2082 similibus
1861 2027 1985 2082 ani-
2089 2031 2280 2101 gentis
2312 2032 2700 2109 Francigenae.
2726 2023 2947 2097 Etcum
2974 2059 3078 2115 per
3107 2044 3333 2118 aliquot
3352 2047 3480 2109 dies
3510 2023 3743 2111 [Emere

326 2132 529 2172 mosus
561 2113 728 2170 miles
775 2114 952 2168 ﬁnem
1002 2113 1185 2182 daret,
1209 2129 1415 2168 omnes
1446 2112 1847 2171 clamaverunt
1876 2119 1975 2190 qui
2087 2119 2261 2190 ccepit
2291 2120 2531 2179 clientes
2563 2142 2703 2182 suos
2732 2129 2801 2184 ad
2836 2112 3233 2205 comparanda
3262 2138 3614 2207 necessaria,
3642 2141 3743 2197 do-

325 2204 587 2270 adcrant,
617 2203 877 2257 dicentes
903 2218 915 2257 :
943 2223 971 2251 «
1003 2201 1120 2257 Nos
1150 2206 1344 2256 tecum
1377 2201 1598 2296 ibimus
1648 2207 1705 2258 et
1752 2205 1976 2277 absque
2084 2205 2247 2264 losus
2278 2208 2597 2283 imperator
2626 2218 2900 2291 praecepit
2930 2201 3273 2296 'l‘vurcopolis
3318 2227 3449 2284 suis
3498 2233 3556 2285 et
3598 2201 3737 2287 l’in-

323 2290 730 2348 retractatione
759 2290 914 2347 viam
942 2291 1001 2346 S.
1027 2289 1277 2363 sepulcri
1307 2290 1728 2362 promittimus.
1758 2316 1785 2343 ››
1807 2295 1971 2352 Tunc
2082 2297 2408 2368 cenatibus,
2442 2307 2507 2357 ut
2536 2302 2593 2357 in
2630 2289 2863 2363 insidiis
2922 2310 3096 2382 positi
3157 2330 3257 2370 eos
3311 2315 3650 2375 invaderent
3677 2324 3736 2376 et

317 2381 409 2437 vir
437 2381 672 2453 sapiens
701 2384 760 2436 et
802 2384 1034 2435 astutus
1085 2396 1288 2435 cruces
1336 2380 1520 2451 jussit
1577 2382 1789 2451 atl‘erri,
1825 2400 1971 2454 quas
2080 2386 2430 2445 occiderent.
2483 2391 2593 2447 Sed
2655 2380 2997 2472 Balduinus,
3034 2400 3211 2459 frater
3267 2403 3458 2474 ducis,
3497 2408 3734 2482 cognita

320 2472 674 2544 praeceperat
718 2468 863 2525 ﬁeri.
897 2468 1123 2535 Quibus
1155 2467 1347 2524 allatis
1394 2468 1539 2523 dixit
1570 2487 1584 2524 :
1611 2493 1638 2519 ‹‹
1683 2469 1744 2526 Si
1794 2472 1968 2528 dictis
2076 2490 2278 2530 eorum
2310 2479 2595 2550 nequitia,
2630 2482 2942 2542 occultavit
2981 2467 3063 2557 se,
3098 2493 3155 2545 et
3202 2508 3403 2549 eorum
3451 2467 3733 2567 praevenit

314 2558 525 2616 vestris
570 2559 720 2614 facta
749 2558 915 2614 unire
960 2556 1157 2625 vultis,
1191 2557 1262 2612 de
1313 2557 1587 2613 crucibus
1634 2557 1766 2614 istis
1814 2578 1964 2617 unu-
2076 2563 2496 2640 insidias,quia
2516 2570 2658 2626 dum
2689 2589 2827 2630 suos
2863 2582 3247 2650 sequerentur
3277 2587 3343 2647 ut
3373 2584 3725 2657 occiderent,

316 2647 599 2721 είιυὶείιιιθ
627 2647 875 2720 αοοίρίαῐ
903 2661 1082 2702 “nam
1115 2661 1128 2700 ε
1162 2648 1218 2700 et
1248 2645 1503 2719 acceptio
1535 2647 1745 2715 οῐύϐίεν
1786 2666 1933 2722 Spon
2074 2654 2207 2711 forti
2241 2657 2438 2714 animo
2470 2663 2525 2714 et
2544 2659 2695 2717 virili
2725 2645 3103 2737 impetu—illos
3134 2668 3367 2739 invasit,
3391 2676 3449 2728 et
3477 2673 3582 2743 sic,
3607 2674 3725 2731 Deo

315 2737 402 2793 sio
431 2736 534 2792 viae
567 2736 686 2791 ﬁat.
714 2758 741 2785 ››
764 2735 929 2791 Tunc
957 2738 1042 2791 tot
1088 2734 1159 2789 ad
1212 2733 1616 2833 accipiendum
1667 2737 1962 2794 conﬂuxe-
2061 2744 2326 2815 juvante,
2350 2745 2482 2803 illos
2515 2733 2831 2823 superavit,
2854 2752 3169 2830 pluresque
3199 2774 3267 2814 ex
3296 2733 3380 2816 ei's
3410 2733 3644 2833 Occidit,
3667 2768 3726 2821 et

314 2830 470 2895 runt,
505 2829 569 2881 ut
599 2824 803 2882 multis
857 2822 1118 2896 accipere
1147 2822 1559 2916 aﬂectantibus
1607 2842 1810 2916 cruces
1859 2828 1957 2882 de-
2068 2839 2270 2907 captos
2302 2835 2471 2893 fratri
2502 2822 2607 2893 suo
2657 2840 2789 2896 duci
2840 2822 3230 2916 praesentavit.
3255 2850 3414 2916 Quod
3449 2867 3584 2911 cum
3615 2822 3722 2910 au-

310 2916 548 2972 fuerint.
579 2914 900 2971 Audientes
929 2912 1109 2986 igitur
1149 2912 1733 3010 optimates-Apulia,
1767 2921 1823 2970 et
1851 2916 1957 3010 C-a-
2066 2922 2250 2979 disset
2279 2923 2616 2998 imperator,
2639 2912 2967 2999 iratus—est,
2994 2934 3134 3008 quia
3165 2912 3431 3010 cognovit
3461 2940 3723 3000 denuda.

309 3002 526 3071 labriie,
551 3006 608 3059 et
632 3001 841 3060 Siciliae
861 3001 1162 3075 (ll),quod
1187 3001 1563 3098 Boamundus
1590 3018 1821 3098 crucem
1854 3022 1885 3058 ν

2137 3030 2154 3068 3
2185 3030 2312 3069 esse
2346 3015 2580 3072 Francis
2611 3016 2949 3078 dolositates
2988 3027 3046 3079 et
3092 3022 3339 3082 insidias
3372 3044 3529 3085 suas.
3568 3028 3715 3098 Dux,

307 3090 366 3149 S.
401 3091 654 3166 sepulcri
686 3095 1044 3164 susceperat,
1068 3106 1273 3145 omnes
1316 3090 1388 3145 ad
1437 3106 1572 3146 eum
1625 3093 1954 3160 conﬂuunt,
1985 3086 2027 3152 C
2067 3106 2133 3157 ut
2162 3104 2431 3176 cognovit
2478 3122 2614 3179 erga
2645 3124 2709 3164 se
2740 3125 2995 3183 suosque
3043 3112 3452 3185 imperatorem
3496 3115 3715 3175 iratum

304 3186 362 3238 εἴ
416 3186 541 3239 tam
597 3181 921 3238 mediocres
977 3195 1155 3251 quam
1215 3183 1501 3251 Ροῖθηῐθεν
1546 3196 1715 3236 58003
1774 3198 1949 3254 quam
2062 3207 2211 3257 esse,
2245 3193 2315 3249 de
2346 3195 2703 3254 suburbanis
2759 3181 2920 3263 illius
2975 3181 3169 3269 exivit,
3203 3207 3261 3259 et
3290 3208 3451 3263 extra
3507 3206 3714 3265 urbem

295 3272 566 3343 juvenes,
589 3271 738 3328 servi
783 3286 961 3342 quam
993 3266 1415 3335 domini,viam
1458 3269 1516 3324 S.
1543 3270 1791 3342 sepulcri
1828 3290 1954 3344 pro-
2060 3296 2169 3336 sua
2194 3282 2447 3338 tentoria
2476 3285 2620 3341 fixit.
2656 3285 2788 3344 Sole
2846 3286 3027 3362 igitur
3055 3290 3375 3362 occidente,
3410 3311 3545 3353 cum
3598 3313 3715 3359 nox

303 3360 567 3416 mittunt
590 3360 718 3416 θυι
755 3375 887 3414 vero
917 3355 1159 3456 APUWB]
1184 3360 1250 3411 ut
1278 3356 1400 3458 δέξο
1429 3357 1574 3413 Vidit
1612 3364 1669 3415 εἰ
1706 3359 1947 3458 ειυῇἱνὶι.
2059 3370 2427 3443 superﬁciem
2479 3377 2640 3430 terrae
2673 3355 3090 3450 cooper'uisset,
3126 3355 3405 3439 satellites
3452 3355 3714 3458 impera-

298 3445 1253 3520 vebementerindoluit,quopiam
1275 3445 1436 3502 solus
1451 3462 1585 3502 cum
1605 3448 1862 3519 parvulis
1882 3467 1948 3505 ac
2056 3458 2200 3514 toris
2232 3469 2737 3536 praesumpserunt
2780 3467 2985 3523 ducem
3036 3468 3327 3541 invadere,
3361 3472 3463 3529 sed
3511 3473 3714 3531 divina

301 3536 648 3595 muneribus
678 3536 735 3590 ίη
770 3536 985 3591 ducat“
1015 3552 1121 3590 δυο
1155 3551 1455 3590 remanere
1484 3534 1784 3607 ΡθΡίίῐηυίί
1808 3539 1944 3607 “2)-
2056 3534 2515 3607 adminiculante
2543 3553 2751 3626 gratia,
2779 3572 2913 3611 cum
2954 3574 3168 3632 magno
3197 3560 3289 3616 sui
3337 3561 3713 3634 detrimento,

297 3626 437 3682 Erat
466 3631 665 3682 autem
696 3625 814 3681 dux
842 3623 940 3680 ille
979 3624 1155 3714 Mt?!“
1200 3623 1542 3714 βοελῐῐιυηάί,
1566 3629 1809 3714 uterque
1840 3627 1944 3682 ﬁlii
2051 3636 2146 3691 vix
2169 3655 2381 3694 manus
2402 3623 2571 3696 illius
2583 3647 2900 3714 potuerunt
2915 3623 3176 3704 evadEre.
3196 3648 3354 3705 Alter
3374 3649 3432 3706 in
3456 3623 3708 3709 alterum

297 3715 519 3771 scilicet
550 3714 785 3771 Roberti
819 3711 1173 3807 Wischardi.
1198 3712 1350 3807 Dum
1384 3730 1516 3768 vero
1567 3713 1945 3807 B_oamundus
2054 3724 2245 3792 irruit,
2270 3727 2369 3783 sed
2402 3727 2549 3785 alter
2584 3711 2778 3787 altero
2826 3735 3199 3806 praestantior
3232 3737 3369 3807 fuit;
3402 3738 3521 3796 dux
3572 3758 3710 3799 cum

293 3803 398 3859 vis:
454 3802 784 3860 necessaria
840 3800 1084 3875 paravit,
1126 3799 1493 3873 Francigenze
1551 3801 1623 3856 ad
1682 3802 1871 3858 marin

2132 3814 2178 3904 is
2209 3814 2484 3904 frendens
2517 3818 2721 3904 utleo,
2753 3799 2886 3877 illos
2916 3822 3033 3879 cito
3063 3799 3366 3898 dispersit,
3392 3831 3451 3884 et
3480 3835 3710 3904 septem

294 3895 499 3966 portus
519 3887 1053 3965 perveneruntzalii
1078 3888 1299 3945 scilicet
1314 3889 1386 3944 ad
1408 3890 1940 3987 Brundosiumfalii
2051 3900 2282 3969 occidit,
2317 3907 2554 3959 caeteros
2584 3903 2887 3965 insecutus
2935 3927 3126 3984 usque
3160 3887 3251 3969 ‘ad
3302 3887 3705 3987 pcrmm.ciVi-

292 3980 366 4037 ad
396 3980 612 4049 Barim,
647 3978 745 4035 alii
774 3978 1292 4079 Otrentumnmare
1347 3975 1746 4079 intraverunt...
1774 3977 1940 4079 Ηυξο
2048 3990 2186 4045 tatis
2217 3990 2348 4061 (14).
2378 3991 2506 4048 Dux
2535 3994 2670 4051 inde
2701 3997 2772 4052 ad
2806 3975 3058 4055 tentoria
3087 4017 3198 4057 sua
3226 3975 3420 4073 rediit,
3452 4009 3509 4061 et
3537 4005 3702 4079 quie-

292 4069 586 4142 siquidem
618 4068 891 4142 Magnus,
932 4072 989 4122 et
1021 4065 1331 4123 Wilermus
1360 4065 1635 4121 Marchisi
1666 4065 1844 4133 ﬁlius,
1877 4068 1938 4123 in
2046 4082 2144 4134 tus
2174 4079 2448 4154 deinceps
2476 4083 2714 4140 mansit.
2738 4085 3061 4159 Imperator
3083 4094 3279 4147 autem
3312 4109 3517 4165 pacem
3539 4065 3612 4154 ab
3635 4112 3703 4153 eo

289 4161 462 4231 portu
486 4157 681 4214 Barim
705 4173 864 4213 mare
892 4155 1354 4220 intraverunt,et
1371 4154 1729 4211 Durachium
1752 4172 1938 4259 usque
2047 4185 2149 4240 per
2203 4169 2597 4228 internuntios
2629 4176 2914 4246 quaesivit,
2946 4181 3004 4234 et
3044 4179 3284 4257 tndem
3312 4154 3700 4259 'impetravit’

288 4245 724 4322 navigaverunt.
755 4248 910 4313 QUOS
939 4248 1007 4300 ut
1035 4243 1418 4316 deprehendit
1446 4244 1651 4300 adesse
1680 4245 1796 4300 dux
1826 4243 1936 4302 Ῑοοί
2044 4260 2101 4313 et
2130 4263 2454 4316 mercatum
2487 4259 2537 4316 ei
2569 4265 2626 4318 et
2646 4243 2773 4318 suae
2802 4264 2986 4338 genti,
3014 4248 3169 4323 sicut
3195 4266 3258 4324 in
3289 4243 3521 4328 civitate
3551 4276 3699 4349 erat,

285 4334 683 4410 illius,captus
698 4334 903 4408 iniqua
921 4332 1291 4407 cogitatione,
1306 4331 1438 4388 illos
1457 4333 1736 4389 continuo
1751 4334 1937 4405 jussit
2045 4347 2258 4404 habere
2286 4348 2574 4420 permisit.

284 4425 666 4499 apprehendi,
680 4428 736 4481 et
751 4423 1148 4498 apprehensos
1166 4421 1732 4495 Constantinopolim
1748 4427 1862 4479 trar

2118 4436 2343 4494 Interea
2362 4454 2506 4511 gens
2518 4439 2816 4499 Gallicana
2836 4444 3011 4517 ccepit
3031 4446 3501 4522 appropinquare
3524 4450 3695 4525 regiae

282 4514 438 4572 duci.
464 4515 737 4572 Edixerat
767 4513 924 4570 enim
956 4511 1241 4569 subdolus
1272 4511 1608 4614 imperatqr,
1633 4516 1699 4567 ut
1727 4528 1931 4613 omnes
1961 4511 2005 4523 ”
2040 4524 2278 4593 civitati,
2326 4526 2629 4584 Podiensis
2690 4511 3020 4605 episcopus,
3048 4511 3419 4597 et‘comesS.
3452 4511 3691 4614 Egidii,

279 4602 788 4678 Hierosolymitani
819 4606 1182 4676 caperentur,
1210 4606 1268 4657 et
1304 4601 1377 4657 ad
1418 4617 1480 4656 se
1519 4601 1928 4659 Constantino-
2037 4615 2281 4671 comites
2341 4633 2572 4689 quoque
2628 4601 3100 4693 Northmannus,
3158 4601 3577 4695 Flandmnsis,
3636 4634 3695 4686 et

278 4693 458 4766 polim
490 4696 860 4751 ducerentur.
883 4691 1127 4748 Volebat
1166 4707 1439 4763 namque.
1466 4695 1533 4746 ut
1579 4708 1783 4789 omnes
1814 4692 1926 4789 sibi
2036 4703 2371 4776 Stephanus
2401 4703 2801 4764 Carnutensis.
2833 4708 2984 4765 Dum
3016 4691 3139 4767 haec
3177 4711 3379 4787 itaque
3408 4691 3687 4789 aguntur,

277 4780 621 4839 ﬁdelitatem
646 4781 1003 4849 facerent,ut
1024 4779 1247 4836 scilicet
1268 4796 1443 4879 suum
1464 4786 1618 4879 esset
1639 4780 1924 4879 quidquid
2036 4795 2101 4846 ut
2131 4790 2409 4861 diximus,
2442 4809 2719 4868 prospero
2769 4814 3045 4855 successu
3105 4779 3485 4861 Βοεωῖιηάυξ
3528 4779 3689 4879 Αριιξ

276 4887 381 4944 per
410 4889 575 4928 arma
605 4870 993 4943 acquirerent.
1017 4869 1126 4926 Sed
1160 4867 1527 4941 deprehensi,
1551 4886 1685 4926 cum
1716 4871 1788 4926 ad
1822 4889 1923 4927 αι’·
2032 4880 2254 4949 liensis,
2279 4882 2499 4955 paratis
2529 4867 2654 4941 suis
2680 4886 2989 4960 stipendiis
3020 4892 3182 4946 tanto
3213 4890 3408 4947 itineri
3440 4909 3689 4968 congru-

276 4961 409 5018 bem
440 4963 742 5029 venerunt,
773 4975 1051 5032 magnum
1094 4958 1205 5015 sibi
1247 4957 1523 5015 solatium
1554 4960 1921 5035 invenerunt,
2030 4970 2287 5053 antibus,
2343 4988 2503 5028 mare
2551 4957 2810 5046 intravit,
2843 4981 2899 5032 et
2928 4976 2986 5033 in
3021 4975 3355 5052 Bulgariam
3387 4982 3684 5059 regionem

1386 5134 1698 5194 NOTULE
1736 5139 2203 5200 MARGINALES
2243 5142 2364 5200 MS.
2405 5142 2565 5201 COD.

269 5272 628 5368 g9;\Sp‘d'tali
659 5273 1172 5368 voto'clammatur
1202 5281 1432 5368 pectore
1458 5283 1600 5368 apto.
1762 5354 1778 5368 θ
2022 5287 2136 5359 (13)
2167 5285 2294 5343 Dux
2322 5302 2555 5360 quoque
2598 5288 2855 5362 regalem
2905 5290 3134 5365 primus
3180 5293 3547 5368 pervenitad
3578 5312 3678 5353 ur-

265 5348 1877 5440 Ciwtﬁﬁeéeps’ndus’emreeéuithoeléoaeundus-
2029 5348 2131 5440 ῖ..ῖ
2170 5429 2210 5440 ..
2337 5348 2371 5440 ἶ
2456 5348 2477 5360 ⁸
2662 5348 2701 5440 ν,
3024 5348 3602 5440 τῖ’-ζωῇ

400 5419 1051 5509 ξξξιξοθςᾳςὲδιιωβθηιθε
1081 5419 1380 5509 sociantur
1406 5427 1469 5509 et
1487 5425 1854 5509 Ap‘ulienses.
2022 5428 2540 5509 (M)_Francigenaa
2569 5437 2796 5509 gentes,
2824 5434 2961 5509 urbi
2988 5434 3169 5495 simul
3200 5419 3597 5509 adveniente;

290 5426 351 5480 14
400 5426 549 5477 Huic
566 5426 820 5478 Calabris
850 5427 1051 5495 gentes
1081 5426 1380 5478 sociantur
1406 5427 1463 5479 et
1487 5426 1854 5496 Apulienses.
2022 5430 2137 5501 (14)
2170 5428 2540 5502 Francigente
2569 5437 2796 5505 gentes,
2824 5434 2955 5493 urbi
2988 5434 3169 5495 simul
3200 5426 3532 5501 adveniente

258 5426 378 5575 {423
406 5490 510 5549 His
534 5490 665 5548 ﬂeri
696 5494 936 5571 predux
966 5492 1184 5571 sprevit
1213 5498 1410 5551 tamen
1438 5495 1659 5571 Apuliae
1691 5499 1828 5556 dux.
2129 5501 2432 5559 Terrorem
2467 5504 2676 5563 mortis
2707 5507 3082 5582 pmtandunt
3109 5507 3532 5588 competriotia.
