  <div class='ocr_page' id='page_1' title='image "/cluster/home/n/w/nwhite01/storage/ocr_20150623/155/hvd.32044054760137/344.png"; bbox 0 0 3996 6096; ppageno 0'>
   <div class='ocr_carea' id='block_1_1' title="bbox 183 236 300 294">
    <p class='ocr_par' dir='ltr' id='par_1_1' title="bbox 183 236 300 294">
     <span class='ocr_line' id='line_1_1' title="bbox 183 236 300 294; baseline 0.009 -1"><span class='ocrx_word' id='word_1_1' title='bbox 183 236 300 294; x_wconf 72' lang='grc'>681</span> 
     </span>
    </p>
   </div>
   <div class='ocr_carea' id='block_1_2' title="bbox 956 229 2835 298">
    <p class='ocr_par' dir='ltr' id='par_1_2' title="bbox 956 229 2835 298">
     <span class='ocr_line' id='line_1_2' title="bbox 956 229 2835 298; baseline -0.001 -5"><span class='ocrx_word' id='word_1_2' title='bbox 956 233 1292 294; x_wconf 71' lang='grc' dir='ltr'>ΠΟΒΕΗἹῚ</span> <span class='ocrx_word' id='word_1_3' title='bbox 1341 233 1692 294; x_wconf 83' lang='lat' dir='ltr'>MONACIII</span> <span class='ocrx_word' id='word_1_4' title='bbox 1741 229 1942 294; x_wconf 83' lang='lat' dir='ltr'>IIIS&#39;I‘.</span> <span class='ocrx_word' id='word_1_5' title='bbox 1995 235 2408 298; x_wconf 72' lang='lat' dir='ltr'>IIIEROSOL</span> <span class='ocrx_word' id='word_1_6' title='bbox 2446 270 2516 280; x_wconf 81' lang='lat'>-—</span> <span class='ocrx_word' id='word_1_7' title='bbox 2564 235 2710 296; x_wconf 85' lang='lat' dir='ltr'>LIB.</span> <span class='ocrx_word' id='word_1_8' title='bbox 2759 235 2835 295; x_wconf 88' lang='lat' dir='ltr'>II.</span> 
     </span>
    </p>
   </div>
   <div class='ocr_carea' id='block_1_3' title="bbox 3481 215 3597 296">
    <p class='ocr_par' dir='ltr' id='par_1_3' title="bbox 3481 215 3597 296">
     <span class='ocr_line' id='line_1_3' title="bbox 3481 215 3597 296; baseline -0.034 0"><span class='ocrx_word' id='word_1_9' title='bbox 3481 215 3597 296; x_wconf 77' lang='lat'>68&#39;2</span> 
     </span>
    </p>
   </div>
   <div class='ocr_carea' id='block_1_4' title="bbox 181 365 3602 440">
    <p class='ocr_par' dir='ltr' id='par_1_4' title="bbox 181 365 3602 440">
     <span class='ocr_line' id='line_1_4' title="bbox 181 365 3602 440; baseline 0 -17"><span class='ocrx_word' id='word_1_10' title='bbox 181 366 817 440; x_wconf 87' lang='lat' dir='ltr'>transnavigavit,cum</span> <span class='ocrx_word' id='word_1_11' title='bbox 841 365 1500 438; x_wconf 89' lang='lat' dir='ltr'>quoerantnobilissimi</span> <span class='ocrx_word' id='word_1_12' title='bbox 1525 365 1840 438; x_wconf 73' lang='lat' dir='ltr'>principes,</span> <span class='ocrx_word' id='word_1_13' title='bbox 1871 367 1925 433; x_wconf 84' lang='grc' dir='ltr'><strong>Α</strong></span> <span class='ocrx_word' id='word_1_14' title='bbox 1955 366 2132 436; x_wconf 89' lang='lat' dir='ltr'>mine,</span> <span class='ocrx_word' id='word_1_15' title='bbox 2167 369 2508 426; x_wconf 90' lang='lat' dir='ltr'>conductitii</span> <span class='ocrx_word' id='word_1_16' title='bbox 2542 368 2756 424; x_wconf 78' lang='lat' dir='ltr'>milites</span> <span class='ocrx_word' id='word_1_17' title='bbox 2788 384 2996 423; x_wconf 90' lang='lat' dir='ltr'>sumus</span> <span class='ocrx_word' id='word_1_18' title='bbox 3018 365 3404 439; x_wconf 76' lang='lat' dir='ltr'>imperatoris,</span> <span class='ocrx_word' id='word_1_19' title='bbox 3429 369 3486 422; x_wconf 90' lang='lat' dir='ltr'>et</span> <span class='ocrx_word' id='word_1_20' title='bbox 3505 367 3602 423; x_wconf 83' lang='lat' dir='ltr'>do-</span> 
     </span>
    </p>
   </div>
   <div class='ocr_carea' id='block_1_5' title="bbox 178 455 1834 528">
    <p class='ocr_par' dir='ltr' id='par_1_5' title="bbox 178 455 1834 528">
     <span class='ocr_line' id='line_1_5' title="bbox 178 455 1834 528; baseline -0.002 -13"><span class='ocrx_word' id='word_1_21' title='bbox 178 458 526 515; x_wconf 88' lang='lat' dir='ltr'>Tancredus</span> <span class='ocrx_word' id='word_1_22' title='bbox 570 455 840 512; x_wconf 89' lang='lat' dir='ltr'>videlicet</span> <span class='ocrx_word' id='word_1_23' title='bbox 871 473 1052 528; x_wconf 84' lang='lat' dir='ltr'>nepos</span> <span class='ocrx_word' id='word_1_24' title='bbox 1084 473 1250 522; x_wconf 87' lang='lat' dir='ltr'>suus,</span> <span class='ocrx_word' id='word_1_25' title='bbox 1280 460 1336 510; x_wconf 92' lang='lat' dir='ltr'>et</span> <span class='ocrx_word' id='word_1_26' title='bbox 1367 455 1642 510; x_wconf 87' lang='lat' dir='ltr'>Marchisi</span> <span class='ocrx_word' id='word_1_27' title='bbox 1677 455 1834 511; x_wconf 92' lang='lat' dir='ltr'>ﬁlius</span> 
     </span>
    </p>
   </div>
   <div class='ocr_carea' id='block_1_6' title="bbox 175 543 1832 619">
    <p class='ocr_par' dir='ltr' id='par_1_6' title="bbox 175 543 1832 619">
     <span class='ocr_line' id='line_1_6' title="bbox 175 543 1832 619; baseline -0.001 -16"><span class='ocrx_word' id='word_1_28' title='bbox 175 546 508 603; x_wconf 77' lang='lat' dir='ltr'>Bichardus</span> <span class='ocrx_word' id='word_1_29' title='bbox 533 545 889 619; x_wconf 88' lang='lat' dir='ltr'>princeps,et</span> <span class='ocrx_word' id='word_1_30' title='bbox 907 561 1112 601; x_wconf 90' lang='lat' dir='ltr'>omnes</span> <span class='ocrx_word' id='word_1_31' title='bbox 1130 550 1294 600; x_wconf 83' lang='lat' dir='ltr'>terrae</span> <span class='ocrx_word' id='word_1_32' title='bbox 1313 543 1471 600; x_wconf 91' lang='lat' dir='ltr'>illius</span> <span class='ocrx_word' id='word_1_33' title='bbox 1495 545 1832 618; x_wconf 79' lang='lat' dir='ltr'>optimates,</span> 
     </span>
    </p>
   </div>
   <div class='ocr_carea' id='block_1_7' title="bbox 176 634 1834 710">
    <p class='ocr_par' dir='ltr' id='par_1_7' title="bbox 176 634 1834 710">
     <span class='ocr_line' id='line_1_7' title="bbox 176 634 1834 710; baseline -0.001 -18"><span class='ocrx_word' id='word_1_34' title='bbox 176 636 284 710; x_wconf 87' lang='lat' dir='ltr'>qui</span> <span class='ocrx_word' id='word_1_35' title='bbox 317 639 543 692; x_wconf 83' lang='lat' dir='ltr'>tantam</span> <span class='ocrx_word' id='word_1_36' title='bbox 576 636 636 691; x_wconf 91' lang='lat' dir='ltr'>in</span> <span class='ocrx_word' id='word_1_37' title='bbox 669 635 946 708; x_wconf 84' lang='lat' dir='ltr'>Bulgaria</span> <span class='ocrx_word' id='word_1_38' title='bbox 975 634 1202 706; x_wconf 89' lang='lat' dir='ltr'>copiam</span> <span class='ocrx_word' id='word_1_39' title='bbox 1229 639 1593 706; x_wconf 91' lang='lat' dir='ltr'>repererunt,</span> <span class='ocrx_word' id='word_1_40' title='bbox 1613 635 1768 706; x_wconf 90' lang='lat' dir='ltr'>quod</span> <span class='ocrx_word' id='word_1_41' title='bbox 1800 651 1834 690; x_wconf 88' lang='lat' dir='ltr'>a</span> 
     </span>
    </p>
   </div>
   <div class='ocr_carea' id='block_1_8' title="bbox 174 722 1832 801">
    <p class='ocr_par' dir='ltr' id='par_1_8' title="bbox 174 722 1832 801">
     <span class='ocr_line' id='line_1_8' title="bbox 174 722 1832 801; baseline -0.002 -20"><span class='ocrx_word' id='word_1_42' title='bbox 174 727 376 782; x_wconf 88' lang='lat' dir='ltr'>fructu</span> <span class='ocrx_word' id='word_1_43' title='bbox 409 724 718 801; x_wconf 73' lang='lat' dir='ltr'>frumenti,</span> <span class='ocrx_word' id='word_1_44' title='bbox 750 723 871 780; x_wconf 91' lang='lat' dir='ltr'>vini</span> <span class='ocrx_word' id='word_1_45' title='bbox 923 728 980 780; x_wconf 89' lang='lat' dir='ltr'>et</span> <span class='ocrx_word' id='word_1_46' title='bbox 1023 722 1132 780; x_wconf 89' lang='lat' dir='ltr'>olei</span> <span class='ocrx_word' id='word_1_47' title='bbox 1193 740 1400 780; x_wconf 90' lang='lat' dir='ltr'>omnes</span> <span class='ocrx_word' id='word_1_48' title='bbox 1457 722 1832 796; x_wconf 80' lang='lat' dir='ltr'>multiplicati</span> 
     </span>
    </p>
   </div>
   <div class='ocr_carea' id='block_1_9' title="bbox 175 811 1832 871">
    <p class='ocr_par' dir='ltr' id='par_1_9' title="bbox 175 811 1832 871">
     <span class='ocr_line' id='line_1_9' title="bbox 175 811 1832 871; baseline -0.001 0"><span class='ocrx_word' id='word_1_49' title='bbox 175 819 338 871; x_wconf 87' lang='lat' dir='ltr'>sunt.</span> <span class='ocrx_word' id='word_1_50' title='bbox 400 813 620 870; x_wconf 85' lang='lat' dir='ltr'>Deinde</span> <span class='ocrx_word' id='word_1_51' title='bbox 678 814 1098 871; x_wconf 90' lang='lat' dir='ltr'>descendentes</span> <span class='ocrx_word' id='word_1_52' title='bbox 1156 812 1216 869; x_wconf 90' lang='lat' dir='ltr'>in</span> <span class='ocrx_word' id='word_1_53' title='bbox 1270 811 1484 868; x_wconf 85' lang='lat' dir='ltr'>vallem</span> <span class='ocrx_word' id='word_1_54' title='bbox 1525 813 1832 869; x_wconf 81' lang='lat' dir='ltr'>Androno-</span> 
     </span>
    </p>
   </div>
   <div class='ocr_carea' id='block_1_10' title="bbox 173 903 1832 978">
    <p class='ocr_par' dir='ltr' id='par_1_10' title="bbox 173 903 1832 978">
     <span class='ocr_line' id='line_1_10' title="bbox 173 903 1832 978; baseline 0 -19"><span class='ocrx_word' id='word_1_55' title='bbox 173 903 330 978; x_wconf 90' lang='lat' dir='ltr'>polis</span> <span class='ocrx_word' id='word_1_56' title='bbox 391 903 470 958; x_wconf 90' lang='lat' dir='ltr'>ibi</span> <span class='ocrx_word' id='word_1_57' title='bbox 528 903 736 959; x_wconf 89' lang='lat' dir='ltr'>tandiu</span> <span class='ocrx_word' id='word_1_58' title='bbox 795 903 1224 976; x_wconf 89' lang='lat' dir='ltr'>quietaverunt,</span> <span class='ocrx_word' id='word_1_59' title='bbox 1260 918 1568 975; x_wconf 83' lang='lat' dir='ltr'>quousque</span> <span class='ocrx_word' id='word_1_60' title='bbox 1626 918 1832 960; x_wconf 86' lang='lat' dir='ltr'>omnes</span> 
     </span>
    </p>
   </div>
   <div class='ocr_carea' id='block_1_11' title="bbox 173 991 1832 1065">
    <p class='ocr_par' dir='ltr' id='par_1_11' title="bbox 173 991 1832 1065">
     <span class='ocr_line' id='line_1_11' title="bbox 173 991 1832 1065; baseline -0.001 -15"><span class='ocrx_word' id='word_1_61' title='bbox 173 993 375 1050; x_wconf 88' lang='lat' dir='ltr'>transf</span> <span class='ocrx_word' id='word_1_62' title='bbox 374 997 728 1048; x_wconf 89' lang='lat' dir='ltr'>retaverunt.</span> <span class='ocrx_word' id='word_1_63' title='bbox 746 991 870 1048; x_wconf 91' lang='lat' dir='ltr'>Illic</span> <span class='ocrx_word' id='word_1_64' title='bbox 888 992 1270 1048; x_wconf 90' lang='lat' dir='ltr'>Boamundus</span> <span class='ocrx_word' id='word_1_65' title='bbox 1286 991 1374 1046; x_wconf 92' lang='lat' dir='ltr'>vir</span> <span class='ocrx_word' id='word_1_66' title='bbox 1388 992 1648 1065; x_wconf 89' lang='lat' dir='ltr'>prudens</span> <span class='ocrx_word' id='word_1_67' title='bbox 1669 1009 1832 1048; x_wconf 87' lang='lat' dir='ltr'>com-</span> 
     </span>
    </p>
   </div>
   <div class='ocr_carea' id='block_1_12' title="bbox 175 1079 1827 1154">
    <p class='ocr_par' dir='ltr' id='par_1_12' title="bbox 175 1079 1827 1154">
     <span class='ocr_line' id='line_1_12' title="bbox 175 1079 1827 1154; baseline -0.001 -16"><span class='ocrx_word' id='word_1_68' title='bbox 175 1082 446 1138; x_wconf 82' lang='lat' dir='ltr'>minatus</span> <span class='ocrx_word' id='word_1_69' title='bbox 477 1086 566 1138; x_wconf 88' lang='lat' dir='ltr'>est</span> <span class='ocrx_word' id='word_1_70' title='bbox 595 1098 701 1137; x_wconf 92' lang='lat' dir='ltr'>suo</span> <span class='ocrx_word' id='word_1_71' title='bbox 731 1080 1030 1149; x_wconf 78' lang='lat' dir='ltr'>exercitui,</span> <span class='ocrx_word' id='word_1_72' title='bbox 1053 1098 1123 1137; x_wconf 92' lang='lat' dir='ltr'>ne</span> <span class='ocrx_word' id='word_1_73' title='bbox 1153 1079 1368 1153; x_wconf 87' lang='lat' dir='ltr'>aliquis</span> <span class='ocrx_word' id='word_1_74' title='bbox 1401 1080 1621 1154; x_wconf 89' lang='lat' dir='ltr'>aliquid</span> <span class='ocrx_word' id='word_1_75' title='bbox 1655 1079 1827 1137; x_wconf 90' lang='lat' dir='ltr'>alicui</span> 
     </span>
    </p>
   </div>
   <div class='ocr_carea' id='block_1_13' title="bbox 169 1169 1832 1243">
    <p class='ocr_par' dir='ltr' id='par_1_13' title="bbox 169 1169 1832 1243">
     <span class='ocr_line' id='line_1_13' title="bbox 169 1169 1832 1243; baseline 0.001 -17"><span class='ocrx_word' id='word_1_76' title='bbox 169 1170 458 1227; x_wconf 82' lang='lat' dir='ltr'>violenter</span> <span class='ocrx_word' id='word_1_77' title='bbox 487 1171 761 1238; x_wconf 78' lang='lat' dir='ltr'>auferret,</span> <span class='ocrx_word' id='word_1_78' title='bbox 782 1170 882 1226; x_wconf 87' lang='lat' dir='ltr'>sed</span> <span class='ocrx_word' id='word_1_79' title='bbox 915 1170 1326 1243; x_wconf 84' lang='lat' dir='ltr'>unusquisque</span> <span class='ocrx_word' id='word_1_80' title='bbox 1358 1171 1513 1242; x_wconf 91' lang='lat' dir='ltr'>quod</span> <span class='ocrx_word' id='word_1_81' title='bbox 1535 1169 1646 1226; x_wconf 90' lang='lat' dir='ltr'>sibi</span> <span class='ocrx_word' id='word_1_82' title='bbox 1679 1187 1832 1227; x_wconf 87' lang='lat' dir='ltr'>com-</span> 
     </span>
    </p>
   </div>
   <div class='ocr_carea' id='block_1_14' title="bbox 169 1259 1827 1334">
    <p class='ocr_par' dir='ltr' id='par_1_14' title="bbox 169 1259 1827 1334">
     <span class='ocr_line' id='line_1_14' title="bbox 169 1259 1827 1334; baseline 0 -18"><span class='ocrx_word' id='word_1_83' title='bbox 169 1261 414 1334; x_wconf 88' lang='lat' dir='ltr'>petebat</span> <span class='ocrx_word' id='word_1_84' title='bbox 433 1264 818 1333; x_wconf 86' lang='lat' dir='ltr'>compararet.</span> <span class='ocrx_word' id='word_1_85' title='bbox 835 1260 1097 1316; x_wconf 87' lang='lat' dir='ltr'>Tandem</span> <span class='ocrx_word' id='word_1_86' title='bbox 1111 1259 1506 1316; x_wconf 86' lang='lat' dir='ltr'>transfretatis</span> <span class='ocrx_word' id='word_1_87' title='bbox 1528 1259 1827 1328; x_wconf 88' lang='lat' dir='ltr'>omnibus,</span> 
     </span>
    </p>
   </div>
   <div class='ocr_carea' id='block_1_15' title="bbox 167 1348 1830 1423">
    <p class='ocr_par' dir='ltr' id='par_1_15' title="bbox 167 1348 1830 1423">
     <span class='ocr_line' id='line_1_15' title="bbox 167 1348 1830 1423; baseline 0 -18"><span class='ocrx_word' id='word_1_88' title='bbox 167 1350 231 1405; x_wconf 93' lang='lat' dir='ltr'>in</span> <span class='ocrx_word' id='word_1_89' title='bbox 267 1350 590 1422; x_wconf 87' lang='lat' dir='ltr'>quamdam</span> <span class='ocrx_word' id='word_1_90' title='bbox 622 1349 915 1423; x_wconf 77' lang='lat' dir='ltr'>regionem</span> <span class='ocrx_word' id='word_1_91' title='bbox 951 1348 1333 1416; x_wconf 90' lang='lat' dir='ltr'>intraverunt,</span> <span class='ocrx_word' id='word_1_92' title='bbox 1359 1348 1529 1404; x_wconf 90' lang='lat' dir='ltr'>bonis</span> <span class='ocrx_word' id='word_1_93' title='bbox 1551 1349 1830 1405; x_wconf 89' lang='lat' dir='ltr'>omnibus</span> 
     </span>
    </p>
   </div>
   <div class='ocr_carea' id='block_1_16' title="bbox 171 1435 1827 1506">
    <p class='ocr_par' dir='ltr' id='par_1_16' title="bbox 171 1435 1827 1506">
     <span class='ocr_line' id='line_1_16' title="bbox 171 1435 1827 1506; baseline -0.001 -12"><span class='ocrx_word' id='word_1_94' title='bbox 171 1439 560 1506; x_wconf 85' lang='lat' dir='ltr'>uberrimam,</span> <span class='ocrx_word' id='word_1_95' title='bbox 594 1442 652 1494; x_wconf 89' lang='lat' dir='ltr'>et</span> <span class='ocrx_word' id='word_1_96' title='bbox 701 1438 771 1493; x_wconf 90' lang='lat' dir='ltr'>de</span> <span class='ocrx_word' id='word_1_97' title='bbox 819 1435 956 1492; x_wconf 90' lang='lat' dir='ltr'>villa</span> <span class='ocrx_word' id='word_1_98' title='bbox 1004 1439 1063 1491; x_wconf 91' lang='lat' dir='ltr'>in</span> <span class='ocrx_word' id='word_1_99' title='bbox 1112 1435 1334 1504; x_wconf 90' lang='lat' dir='ltr'>villam,</span> <span class='ocrx_word' id='word_1_100' title='bbox 1367 1436 1438 1492; x_wconf 91' lang='lat' dir='ltr'>de</span> <span class='ocrx_word' id='word_1_101' title='bbox 1486 1435 1726 1492; x_wconf 89' lang='lat' dir='ltr'>castello</span> <span class='ocrx_word' id='word_1_102' title='bbox 1768 1436 1827 1492; x_wconf 91' lang='lat' dir='ltr'>in</span> 
     </span>
    </p>
   </div>
   <div class='ocr_carea' id='block_1_17' title="bbox 166 1524 1825 1598">
    <p class='ocr_par' dir='ltr' id='par_1_17' title="bbox 166 1524 1825 1598">
     <span class='ocr_line' id='line_1_17' title="bbox 166 1524 1825 1598; baseline -0.002 -13"><span class='ocrx_word' id='word_1_103' title='bbox 166 1527 509 1595; x_wconf 85' lang='lat' dir='ltr'>castellum,</span> <span class='ocrx_word' id='word_1_104' title='bbox 539 1529 611 1584; x_wconf 89' lang='lat' dir='ltr'>de</span> <span class='ocrx_word' id='word_1_105' title='bbox 637 1525 866 1583; x_wconf 81' lang='lat' dir='ltr'>civitate</span> <span class='ocrx_word' id='word_1_106' title='bbox 915 1526 974 1581; x_wconf 91' lang='lat' dir='ltr'>in</span> <span class='ocrx_word' id='word_1_107' title='bbox 1025 1525 1317 1581; x_wconf 88' lang='lat' dir='ltr'>civitatem</span> <span class='ocrx_word' id='word_1_108' title='bbox 1367 1524 1825 1598; x_wconf 84' lang='lat' dir='ltr'>progredientes,</span> 
     </span>
    </p>
   </div>
   <div class='ocr_carea' id='block_1_18' title="bbox 167 1614 1832 1689">
    <p class='ocr_par' dir='ltr' id='par_1_18' title="bbox 167 1614 1832 1689">
     <span class='ocr_line' id='line_1_18' title="bbox 167 1614 1832 1689; baseline -0.002 -16"><span class='ocrx_word' id='word_1_109' title='bbox 167 1617 500 1674; x_wconf 86' lang='lat' dir='ltr'>Castoriam</span> <span class='ocrx_word' id='word_1_110' title='bbox 531 1619 940 1689; x_wconf 86' lang='lat' dir='ltr'>pervenerunt,</span> <span class='ocrx_word' id='word_1_111' title='bbox 974 1620 1030 1671; x_wconf 90' lang='lat' dir='ltr'>et</span> <span class='ocrx_word' id='word_1_112' title='bbox 1060 1614 1140 1670; x_wconf 91' lang='lat' dir='ltr'>ibi</span> <span class='ocrx_word' id='word_1_113' title='bbox 1173 1614 1608 1671; x_wconf 84' lang='lat' dir='ltr'>solemnitatem</span> <span class='ocrx_word' id='word_1_114' title='bbox 1639 1614 1832 1670; x_wconf 87' lang='lat' dir='ltr'>Domi-</span> 
     </span>
    </p>
   </div>
   <div class='ocr_carea' id='block_1_19' title="bbox 166 1703 1830 1776">
    <p class='ocr_par' dir='ltr' id='par_1_19' title="bbox 166 1703 1830 1776">
     <span class='ocr_line' id='line_1_19' title="bbox 166 1703 1830 1776; baseline -0.001 -13"><span class='ocrx_word' id='word_1_115' title='bbox 166 1707 316 1764; x_wconf 60' lang='lat' dir='ltr'>nica;</span> <span class='ocrx_word' id='word_1_116' title='bbox 349 1705 684 1763; x_wconf 86' lang='lat' dir='ltr'>Nativitatis</span> <span class='ocrx_word' id='word_1_117' title='bbox 716 1705 1174 1772; x_wconf 86' lang='lat' dir='ltr'>celebraverunt,</span> <span class='ocrx_word' id='word_1_118' title='bbox 1198 1708 1255 1760; x_wconf 91' lang='lat' dir='ltr'>et</span> <span class='ocrx_word' id='word_1_119' title='bbox 1276 1721 1379 1776; x_wconf 92' lang='lat' dir='ltr'>per</span> <span class='ocrx_word' id='word_1_120' title='bbox 1401 1704 1526 1760; x_wconf 91' lang='lat' dir='ltr'>dies</span> <span class='ocrx_word' id='word_1_121' title='bbox 1542 1703 1830 1776; x_wconf 90' lang='lat' dir='ltr'>plurimos</span> 
     </span>
    </p>
   </div>
   <div class='ocr_carea' id='block_1_20' title="bbox 168 1793 1830 1868">
    <p class='ocr_par' dir='ltr' id='par_1_20' title="bbox 168 1793 1830 1868">
     <span class='ocr_line' id='line_1_20' title="bbox 168 1793 1830 1868; baseline -0.001 -16"><span class='ocrx_word' id='word_1_122' title='bbox 168 1796 560 1852; x_wconf 84' lang='lat' dir='ltr'>dictaverunt.</span> <span class='ocrx_word' id='word_1_123' title='bbox 607 1800 868 1868; x_wconf 90' lang='lat' dir='ltr'>Cumque</span> <span class='ocrx_word' id='word_1_124' title='bbox 921 1795 1111 1850; x_wconf 79' lang='lat' dir='ltr'>forum</span> <span class='ocrx_word' id='word_1_125' title='bbox 1159 1811 1356 1849; x_wconf 90' lang='lat' dir='ltr'>rerum</span> <span class='ocrx_word' id='word_1_126' title='bbox 1411 1793 1703 1850; x_wconf 86' lang='lat' dir='ltr'>venalium</span> <span class='ocrx_word' id='word_1_127' title='bbox 1757 1794 1830 1850; x_wconf 92' lang='lat' dir='ltr'>ab</span> 
     </span>
    </p>
   </div>
   <div class='ocr_carea' id='block_1_21' title="bbox 163 1883 1829 1959">
    <p class='ocr_par' dir='ltr' id='par_1_21' title="bbox 163 1883 1829 1959">
     <span class='ocr_line' id='line_1_21' title="bbox 163 1883 1829 1959; baseline -0.002 -17"><span class='ocrx_word' id='word_1_128' title='bbox 163 1885 471 1959; x_wconf 79' lang='lat' dir='ltr'>indigenis</span> <span class='ocrx_word' id='word_1_129' title='bbox 515 1889 863 1958; x_wconf 63' lang='lat' dir='ltr'>quaererent,</span> <span class='ocrx_word' id='word_1_130' title='bbox 897 1884 1212 1956; x_wconf 87' lang='lat' dir='ltr'>impetrare</span> <span class='ocrx_word' id='word_1_131' title='bbox 1243 1883 1651 1955; x_wconf 90' lang='lat' dir='ltr'>nequiverunt,</span> <span class='ocrx_word' id='word_1_132' title='bbox 1685 1900 1829 1956; x_wconf 88' lang='lat' dir='ltr'>quo-</span> 
     </span>
    </p>
   </div>
   <div class='ocr_carea' id='block_1_22' title="bbox 167 1971 1828 2046">
    <p class='ocr_par' dir='ltr' id='par_1_22' title="bbox 167 1971 1828 2046">
     <span class='ocr_line' id='line_1_22' title="bbox 167 1971 1828 2046; baseline -0.002 -15"><span class='ocrx_word' id='word_1_133' title='bbox 167 1975 332 2032; x_wconf 85' lang='lat' dir='ltr'>niam</span> <span class='ocrx_word' id='word_1_134' title='bbox 356 1991 561 2030; x_wconf 90' lang='lat' dir='ltr'>omnes</span> <span class='ocrx_word' id='word_1_135' title='bbox 585 1992 619 2030; x_wconf 91' lang='lat' dir='ltr'>a</span> <span class='ocrx_word' id='word_1_136' title='bbox 637 1973 780 2030; x_wconf 90' lang='lat' dir='ltr'>facie</span> <span class='ocrx_word' id='word_1_137' title='bbox 801 1989 1003 2029; x_wconf 92' lang='lat' dir='ltr'>eorum</span> <span class='ocrx_word' id='word_1_138' title='bbox 1029 1971 1828 2046; x_wconf 71' lang='lat' dir='ltr'>confugiebant,mstimantes</span> 
     </span>
    </p>
   </div>
   <div class='ocr_carea' id='block_1_23' title="bbox 168 2061 1825 2134">
    <p class='ocr_par' dir='ltr' id='par_1_23' title="bbox 168 2061 1825 2134">
     <span class='ocr_line' id='line_1_23' title="bbox 168 2061 1825 2134; baseline -0.003 -13"><span class='ocrx_word' id='word_1_139' title='bbox 168 2069 409 2121; x_wconf 88' lang='lat' dir='ltr'>nostros</span> <span class='ocrx_word' id='word_1_140' title='bbox 429 2062 734 2120; x_wconf 84' lang='lat' dir='ltr'>advenisse</span> <span class='ocrx_word' id='word_1_141' title='bbox 755 2079 933 2118; x_wconf 86' lang='lat' dir='ltr'>causa</span> <span class='ocrx_word' id='word_1_142' title='bbox 957 2061 1585 2134; x_wconf 67' lang='lat' dir='ltr'>praedandi,etomnem</span> <span class='ocrx_word' id='word_1_143' title='bbox 1613 2065 1825 2117; x_wconf 88' lang='lat' dir='ltr'>terram</span> 
     </span>
    </p>
   </div>
   <div class='ocr_carea' id='block_1_24' title="bbox 167 2149 1824 2225">
    <p class='ocr_par' dir='ltr' id='par_1_24' title="bbox 167 2149 1824 2225">
     <span class='ocr_line' id='line_1_24' title="bbox 167 2149 1824 2225; baseline -0.001 -17"><span class='ocrx_word' id='word_1_144' title='bbox 167 2151 591 2225; x_wconf 87' lang='lat' dir='ltr'>depopulandi.</span> <span class='ocrx_word' id='word_1_145' title='bbox 632 2151 764 2207; x_wconf 90' lang='lat' dir='ltr'>Ideo</span> <span class='ocrx_word' id='word_1_146' title='bbox 815 2151 1000 2206; x_wconf 87' lang='lat' dir='ltr'>nostri</span> <span class='ocrx_word' id='word_1_147' title='bbox 1045 2149 1333 2223; x_wconf 88' lang='lat' dir='ltr'>compulsi</span> <span class='ocrx_word' id='word_1_148' title='bbox 1383 2155 1524 2206; x_wconf 92' lang='lat' dir='ltr'>sunt</span> <span class='ocrx_word' id='word_1_149' title='bbox 1559 2149 1824 2206; x_wconf 91' lang='lat' dir='ltr'>ciborum</span> 
     </span>
    </p>
   </div>
   <div class='ocr_carea' id='block_1_25' title="bbox 167 2239 1825 2314">
    <p class='ocr_par' dir='ltr' id='par_1_25' title="bbox 167 2239 1825 2314">
     <span class='ocr_line' id='line_1_25' title="bbox 167 2239 1825 2314; baseline -0.001 -17"><span class='ocrx_word' id='word_1_150' title='bbox 167 2241 392 2313; x_wconf 87' lang='lat' dir='ltr'>inopia,</span> <span class='ocrx_word' id='word_1_151' title='bbox 456 2258 677 2314; x_wconf 88' lang='lat' dir='ltr'>rapere,</span> <span class='ocrx_word' id='word_1_152' title='bbox 758 2239 1025 2312; x_wconf 66' lang='lat' dir='ltr'>praedari,</span> <span class='ocrx_word' id='word_1_153' title='bbox 1106 2257 1262 2306; x_wconf 88' lang='lat' dir='ltr'>oves,</span> <span class='ocrx_word' id='word_1_154' title='bbox 1331 2241 1526 2296; x_wconf 88' lang='lat' dir='ltr'>boves.</span> <span class='ocrx_word' id='word_1_155' title='bbox 1589 2241 1825 2310; x_wconf 88' lang='lat' dir='ltr'>arietes,</span> 
     </span>
    </p>
   </div>
   <div class='ocr_carea' id='block_1_26' title="bbox 165 2329 1821 2404">
    <p class='ocr_par' dir='ltr' id='par_1_26' title="bbox 165 2329 1821 2404">
     <span class='ocr_line' id='line_1_26' title="bbox 165 2329 1821 2404; baseline 0 -18"><span class='ocrx_word' id='word_1_156' title='bbox 165 2331 390 2398; x_wconf 85' lang='lat' dir='ltr'>hircos,</span> <span class='ocrx_word' id='word_1_157' title='bbox 426 2347 654 2404; x_wconf 88' lang='lat' dir='ltr'>porcos,</span> <span class='ocrx_word' id='word_1_158' title='bbox 687 2334 744 2386; x_wconf 88' lang='lat' dir='ltr'>et</span> <span class='ocrx_word' id='word_1_159' title='bbox 773 2347 900 2402; x_wconf 76' lang='lat' dir='ltr'>qua:</span> <span class='ocrx_word' id='word_1_160' title='bbox 942 2329 1075 2385; x_wconf 89' lang='lat' dir='ltr'>usui</span> <span class='ocrx_word' id='word_1_161' title='bbox 1127 2329 1392 2385; x_wconf 91' lang='lat' dir='ltr'>ciborum</span> <span class='ocrx_word' id='word_1_162' title='bbox 1435 2334 1600 2386; x_wconf 89' lang='lat' dir='ltr'>erant</span> <span class='ocrx_word' id='word_1_163' title='bbox 1631 2329 1821 2386; x_wconf 91' lang='lat' dir='ltr'>utilia.</span> 
     </span>
    </p>
   </div>
   <div class='ocr_carea' id='block_1_27' title="bbox 165 2418 1827 2493">
    <p class='ocr_par' dir='ltr' id='par_1_27' title="bbox 165 2418 1827 2493">
     <span class='ocr_line' id='line_1_27' title="bbox 165 2418 1827 2493; baseline 0 -17"><span class='ocrx_word' id='word_1_164' title='bbox 165 2420 406 2493; x_wconf 84' lang='lat' dir='ltr'>Egressi</span> <span class='ocrx_word' id='word_1_165' title='bbox 433 2421 502 2476; x_wconf 89' lang='lat' dir='ltr'>de</span> <span class='ocrx_word' id='word_1_166' title='bbox 525 2420 781 2475; x_wconf 89' lang='lat' dir='ltr'>Castoria</span> <span class='ocrx_word' id='word_1_167' title='bbox 811 2423 1096 2475; x_wconf 90' lang='lat' dir='ltr'>venerunt</span> <span class='ocrx_word' id='word_1_168' title='bbox 1117 2418 1175 2474; x_wconf 92' lang='lat' dir='ltr'>in</span> <span class='ocrx_word' id='word_1_169' title='bbox 1201 2419 1601 2492; x_wconf 85' lang='lat' dir='ltr'>Palagoniam,</span> <span class='ocrx_word' id='word_1_170' title='bbox 1626 2419 1686 2474; x_wconf 88' lang='lat' dir='ltr'>in</span> <span class='ocrx_word' id='word_1_171' title='bbox 1709 2437 1827 2492; x_wconf 91' lang='lat' dir='ltr'>qua</span> 
     </span>
    </p>
   </div>
   <div class='ocr_carea' id='block_1_28' title="bbox 165 2507 1826 2582">
    <p class='ocr_par' dir='ltr' id='par_1_28' title="bbox 165 2507 1826 2582">
     <span class='ocr_line' id='line_1_28' title="bbox 165 2507 1826 2582; baseline 0 -17"><span class='ocrx_word' id='word_1_172' title='bbox 165 2509 608 2582; x_wconf 88' lang='lat' dir='ltr'>eratquoddam</span> <span class='ocrx_word' id='word_1_173' title='bbox 639 2514 898 2564; x_wconf 88' lang='lat' dir='ltr'>castrum</span> <span class='ocrx_word' id='word_1_174' title='bbox 930 2507 1358 2575; x_wconf 65' lang='lat' dir='ltr'>hereticorum,</span> <span class='ocrx_word' id='word_1_175' title='bbox 1385 2509 1538 2581; x_wconf 90' lang='lat' dir='ltr'>quod</span> <span class='ocrx_word' id='word_1_176' title='bbox 1564 2509 1826 2581; x_wconf 90' lang='lat' dir='ltr'>undique</span> 
     </span>
    </p>
   </div>
   <div class='ocr_carea' id='block_1_29' title="bbox 165 2598 1829 2672">
    <p class='ocr_par' dir='ltr' id='par_1_29' title="bbox 165 2598 1829 2672">
     <span class='ocr_line' id='line_1_29' title="bbox 165 2598 1829 2672; baseline -0.001 -16"><span class='ocrx_word' id='word_1_177' title='bbox 165 2599 436 2672; x_wconf 78' lang='lat' dir='ltr'>aggressi</span> <span class='ocrx_word' id='word_1_178' title='bbox 451 2603 670 2668; x_wconf 87' lang='lat' dir='ltr'>sunt,et</span> <span class='ocrx_word' id='word_1_179' title='bbox 682 2598 1060 2671; x_wconf 89' lang='lat' dir='ltr'>crepantibus</span> <span class='ocrx_word' id='word_1_180' title='bbox 1075 2598 1421 2666; x_wconf 89' lang='lat' dir='ltr'>buccinis,et</span> <span class='ocrx_word' id='word_1_181' title='bbox 1433 2598 1561 2654; x_wconf 86' lang='lat' dir='ltr'>telis</span> <span class='ocrx_word' id='word_1_182' title='bbox 1575 2615 1640 2654; x_wconf 92' lang='lat' dir='ltr'>ac</span> <span class='ocrx_word' id='word_1_183' title='bbox 1653 2599 1829 2672; x_wconf 82' lang='lat' dir='ltr'>sagit-</span> 
     </span>
    </p>
   </div>
   <div class='ocr_carea' id='block_1_30' title="bbox 163 2687 1826 2762">
    <p class='ocr_par' dir='ltr' id='par_1_30' title="bbox 163 2687 1826 2762">
     <span class='ocr_line' id='line_1_30' title="bbox 163 2687 1826 2762; baseline 0.001 -18"><span class='ocrx_word' id='word_1_184' title='bbox 163 2690 248 2744; x_wconf 86' lang='lat' dir='ltr'>tis</span> <span class='ocrx_word' id='word_1_185' title='bbox 268 2688 604 2744; x_wconf 83' lang='lat' dir='ltr'>volantibus</span> <span class='ocrx_word' id='word_1_186' title='bbox 631 2688 786 2744; x_wconf 88' lang='lat' dir='ltr'>illico</span> <span class='ocrx_word' id='word_1_187' title='bbox 808 2693 1111 2762; x_wconf 91' lang='lat' dir='ltr'>ceperunt,</span> <span class='ocrx_word' id='word_1_188' title='bbox 1137 2693 1192 2743; x_wconf 88' lang='lat' dir='ltr'>et</span> <span class='ocrx_word' id='word_1_189' title='bbox 1213 2687 1530 2760; x_wconf 90' lang='lat' dir='ltr'>spoliatum</span> <span class='ocrx_word' id='word_1_190' title='bbox 1550 2688 1826 2745; x_wconf 89' lang='lat' dir='ltr'>omnibus</span> 
     </span>
    </p>
   </div>
   <div class='ocr_carea' id='block_1_31' title="bbox 161 2777 1828 2850">
    <p class='ocr_par' dir='ltr' id='par_1_31' title="bbox 161 2777 1828 2850">
     <span class='ocr_line' id='line_1_31' title="bbox 161 2777 1828 2850; baseline 0 -16"><span class='ocrx_word' id='word_1_191' title='bbox 161 2778 504 2849; x_wconf 85' lang='lat' dir='ltr'>bonis,cum</span> <span class='ocrx_word' id='word_1_192' title='bbox 518 2777 642 2835; x_wconf 90' lang='lat' dir='ltr'>suis</span> <span class='ocrx_word' id='word_1_193' title='bbox 654 2777 1216 2850; x_wconf 87' lang='lat' dir='ltr'>babitatoribusigni</span> <span class='ocrx_word' id='word_1_194' title='bbox 1231 2777 1828 2834; x_wconf 88' lang='lat' dir='ltr'>combusserunt.Nec</span> 
     </span>
    </p>
   </div>
   <div class='ocr_carea' id='block_1_32' title="bbox 165 2867 1826 2940">
    <p class='ocr_par' dir='ltr' id='par_1_32' title="bbox 165 2867 1826 2940">
     <span class='ocr_line' id='line_1_32' title="bbox 165 2867 1826 2940; baseline 0 -16"><span class='ocrx_word' id='word_1_195' title='bbox 165 2868 231 2924; x_wconf 90' lang='lat' dir='ltr'>id</span> <span class='ocrx_word' id='word_1_196' title='bbox 243 2868 329 2924; x_wconf 89' lang='lat' dir='ltr'>eis</span> <span class='ocrx_word' id='word_1_197' title='bbox 342 2867 560 2940; x_wconf 88' lang='lat' dir='ltr'>injuria</span> <span class='ocrx_word' id='word_1_198' title='bbox 572 2867 1235 2940; x_wconf 87' lang='lat' dir='ltr'>contigit,quiaillorum</span> <span class='ocrx_word' id='word_1_199' title='bbox 1251 2867 1621 2924; x_wconf 85' lang='lat' dir='ltr'>detestabilis</span> <span class='ocrx_word' id='word_1_200' title='bbox 1633 2884 1826 2924; x_wconf 90' lang='lat' dir='ltr'>sermo</span> 
     </span>
    </p>
   </div>
   <div class='ocr_carea' id='block_1_33' title="bbox 168 2956 1827 3030">
    <p class='ocr_par' dir='ltr' id='par_1_33' title="bbox 168 2956 1827 3030">
     <span class='ocr_line' id='line_1_33' title="bbox 168 2956 1827 3030; baseline 0 -17"><span class='ocrx_word' id='word_1_201' title='bbox 168 2963 462 3014; x_wconf 87' lang='lat' dir='ltr'>utcancer</span> <span class='ocrx_word' id='word_1_202' title='bbox 483 2956 755 3030; x_wconf 88' lang='lat' dir='ltr'>serpebat</span> <span class='ocrx_word' id='word_1_203' title='bbox 770 2957 1038 3029; x_wconf 86' lang='lat' dir='ltr'>;jamquc</span> <span class='ocrx_word' id='word_1_204' title='bbox 1061 2957 1548 3027; x_wconf 88' lang='lat' dir='ltr'>circumjacentes</span> <span class='ocrx_word' id='word_1_205' title='bbox 1562 2957 1827 3030; x_wconf 86' lang='lat' dir='ltr'>regiones</span> 
     </span>
    </p>
   </div>
   <div class='ocr_carea' id='block_1_34' title="bbox 165 3045 1826 3120">
    <p class='ocr_par' dir='ltr' id='par_1_34' title="bbox 165 3045 1826 3120">
     <span class='ocr_line' id='line_1_34' title="bbox 165 3045 1826 3120; baseline -0.001 -15"><span class='ocrx_word' id='word_1_206' title='bbox 165 3064 280 3105; x_wconf 84' lang='lat' dir='ltr'>suo</span> <span class='ocrx_word' id='word_1_207' title='bbox 301 3063 478 3120; x_wconf 89' lang='lat' dir='ltr'>pravo</span> <span class='ocrx_word' id='word_1_208' title='bbox 516 3047 788 3119; x_wconf 85' lang='lat' dir='ltr'>dogmate</span> <span class='ocrx_word' id='word_1_209' title='bbox 812 3047 1143 3114; x_wconf 87' lang='lat' dir='ltr'>foedaverat,</span> <span class='ocrx_word' id='word_1_210' title='bbox 1168 3045 1320 3101; x_wconf 87' lang='lat' dir='ltr'>sicut</span> <span class='ocrx_word' id='word_1_211' title='bbox 1343 3051 1398 3102; x_wconf 92' lang='lat' dir='ltr'>et</span> <span class='ocrx_word' id='word_1_212' title='bbox 1419 3045 1583 3118; x_wconf 91' lang='lat' dir='ltr'>ipsos</span> <span class='ocrx_word' id='word_1_213' title='bbox 1604 3063 1636 3102; x_wconf 86' lang='lat' dir='ltr'>a</span> <span class='ocrx_word' id='word_1_214' title='bbox 1668 3051 1826 3103; x_wconf 91' lang='lat' dir='ltr'>recta</span> 
     </span>
    </p>
   </div>
   <div class='ocr_carea' id='block_1_35' title="bbox 165 3118 1894 3207">
    <p class='ocr_par' dir='ltr' id='par_1_35' title="bbox 165 3118 1894 3207">
     <span class='ocr_line' id='line_1_35' title="bbox 165 3118 1894 3207; baseline -0.005 -13"><span class='ocrx_word' id='word_1_215' title='bbox 165 3138 286 3194; x_wconf 78' lang='lat' dir='ltr'>ﬁde</span> <span class='ocrx_word' id='word_1_216' title='bbox 303 3118 418 3193; x_wconf 73' lang='lat' dir='ltr'>sua</span> <span class='ocrx_word' id='word_1_217' title='bbox 443 3137 591 3192; x_wconf 76' lang='lat' dir='ltr'>fmda</span> <span class='ocrx_word' id='word_1_218' title='bbox 612 3118 860 3191; x_wconf 87' lang='lat' dir='ltr'>intentio</span> <span class='ocrx_word' id='word_1_219' title='bbox 883 3134 1225 3191; x_wconf 87' lang='lat' dir='ltr'>abstulerat.</span> <span class='ocrx_word' id='word_1_220' title='bbox 1250 3135 1511 3207; x_wconf 91' lang='lat' dir='ltr'>Denique</span> <span class='ocrx_word' id='word_1_221' title='bbox 1535 3136 1591 3190; x_wconf 92' lang='lat' dir='ltr'>in</span> <span class='ocrx_word' id='word_1_222' title='bbox 1615 3135 1819 3191; x_wconf 90' lang='lat' dir='ltr'>crasti-</span> <span class='ocrx_word' id='word_1_223' title='bbox 1851 3118 1894 3185; x_wconf 88' lang='lat' dir='ltr'>C</span> 
     </span>
    </p>
   </div>
   <div class='ocr_carea' id='block_1_36' title="bbox 164 3223 1823 3297">
    <p class='ocr_par' dir='ltr' id='par_1_36' title="bbox 164 3223 1823 3297">
     <span class='ocr_line' id='line_1_36' title="bbox 164 3223 1823 3297; baseline -0.002 -13"><span class='ocrx_word' id='word_1_224' title='bbox 164 3243 315 3284; x_wconf 89' lang='lat' dir='ltr'>num</span> <span class='ocrx_word' id='word_1_225' title='bbox 339 3227 410 3282; x_wconf 87' lang='lat' dir='ltr'>ad</span> <span class='ocrx_word' id='word_1_226' title='bbox 437 3226 652 3282; x_wconf 83' lang='lat' dir='ltr'>ﬁumen</span> <span class='ocrx_word' id='word_1_227' title='bbox 678 3225 1002 3280; x_wconf 86' lang='lat' dir='ltr'>Bardarum</span> <span class='ocrx_word' id='word_1_228' title='bbox 1025 3223 1344 3291; x_wconf 85' lang='lat' dir='ltr'>venientes,</span> <span class='ocrx_word' id='word_1_229' title='bbox 1371 3224 1570 3296; x_wconf 87' lang='lat' dir='ltr'>plures</span> <span class='ocrx_word' id='word_1_230' title='bbox 1586 3224 1714 3297; x_wconf 91' lang='lat' dir='ltr'>ipso</span> <span class='ocrx_word' id='word_1_231' title='bbox 1729 3224 1823 3281; x_wconf 91' lang='lat' dir='ltr'>die</span> 
     </span>
    </p>
   </div>
   <div class='ocr_carea' id='block_1_37' title="bbox 161 3313 1822 3386">
    <p class='ocr_par' dir='ltr' id='par_1_37' title="bbox 161 3313 1822 3386">
     <span class='ocr_line' id='line_1_37' title="bbox 161 3313 1822 3386; baseline -0.002 -14"><span class='ocrx_word' id='word_1_232' title='bbox 161 3315 555 3386; x_wconf 87' lang='lat' dir='ltr'>transierunt,</span> <span class='ocrx_word' id='word_1_233' title='bbox 579 3314 676 3371; x_wconf 89' lang='lat' dir='ltr'>alii</span> <span class='ocrx_word' id='word_1_234' title='bbox 699 3332 832 3371; x_wconf 92' lang='lat' dir='ltr'>vero</span> <span class='ocrx_word' id='word_1_235' title='bbox 856 3314 956 3386; x_wconf 90' lang='lat' dir='ltr'>qui</span> <span class='ocrx_word' id='word_1_236' title='bbox 979 3313 1100 3370; x_wconf 90' lang='lat' dir='ltr'>sole</span> <span class='ocrx_word' id='word_1_237' title='bbox 1122 3319 1317 3369; x_wconf 87' lang='lat' dir='ltr'>stante</span> <span class='ocrx_word' id='word_1_238' title='bbox 1347 3314 1596 3370; x_wconf 90' lang='lat' dir='ltr'>transire</span> <span class='ocrx_word' id='word_1_239' title='bbox 1618 3313 1822 3386; x_wconf 90' lang='lat' dir='ltr'>nequi-</span> 
     </span>
    </p>
   </div>
   <div class='ocr_carea' id='block_1_38' title="bbox 161 3402 1826 3475">
    <p class='ocr_par' dir='ltr' id='par_1_38' title="bbox 161 3402 1826 3475">
     <span class='ocr_line' id='line_1_38' title="bbox 161 3402 1826 3475; baseline -0.002 -13"><span class='ocrx_word' id='word_1_240' title='bbox 161 3410 395 3473; x_wconf 85' lang='lat' dir='ltr'>verant,</span> <span class='ocrx_word' id='word_1_241' title='bbox 429 3408 860 3461; x_wconf 84' lang='lat' dir='ltr'>rsmanserunt.</span> <span class='ocrx_word' id='word_1_242' title='bbox 881 3404 943 3459; x_wconf 94' lang='lat' dir='ltr'>In</span> <span class='ocrx_word' id='word_1_243' title='bbox 966 3404 1288 3459; x_wconf 89' lang='lat' dir='ltr'>crastinum</span> <span class='ocrx_word' id='word_1_244' title='bbox 1325 3402 1456 3459; x_wconf 88' lang='lat' dir='ltr'>illos</span> <span class='ocrx_word' id='word_1_245' title='bbox 1479 3403 1578 3475; x_wconf 92' lang='lat' dir='ltr'>qui</span> <span class='ocrx_word' id='word_1_246' title='bbox 1600 3421 1826 3460; x_wconf 91' lang='lat' dir='ltr'>reman-</span> 
     </span>
    </p>
   </div>
   <div class='ocr_carea' id='block_1_39' title="bbox 164 3492 1822 3564">
    <p class='ocr_par' dir='ltr' id='par_1_39' title="bbox 164 3492 1822 3564">
     <span class='ocr_line' id='line_1_39' title="bbox 164 3492 1822 3564; baseline -0.001 -13"><span class='ocrx_word' id='word_1_247' title='bbox 164 3499 392 3561; x_wconf 83' lang='lat' dir='ltr'>serant,</span> <span class='ocrx_word' id='word_1_248' title='bbox 426 3493 650 3549; x_wconf 87' lang='lat' dir='ltr'>invadit</span> <span class='ocrx_word' id='word_1_249' title='bbox 679 3492 969 3548; x_wconf 83' lang='lat' dir='ltr'>exorcitus</span> <span class='ocrx_word' id='word_1_250' title='bbox 1016 3492 1394 3564; x_wconf 86' lang='lat' dir='ltr'>imperatoris</span> <span class='ocrx_word' id='word_1_251' title='bbox 1419 3494 1556 3563; x_wconf 83' lang='lat'>(15),</span> <span class='ocrx_word' id='word_1_252' title='bbox 1590 3509 1822 3550; x_wconf 89' lang='lat' dir='ltr'>summo</span> 
     </span>
    </p>
   </div>
   <div class='ocr_carea' id='block_1_40' title="bbox 165 3581 1826 3654">
    <p class='ocr_par' dir='ltr' id='par_1_40' title="bbox 165 3581 1826 3654">
     <span class='ocr_line' id='line_1_40' title="bbox 165 3581 1826 3654; baseline -0.001 -13"><span class='ocrx_word' id='word_1_253' title='bbox 165 3584 432 3641; x_wconf 89' lang='lat' dir='ltr'>diluculo</span> <span class='ocrx_word' id='word_1_254' title='bbox 459 3599 670 3639; x_wconf 86' lang='lat' dir='ltr'>aurora</span> <span class='ocrx_word' id='word_1_255' title='bbox 693 3583 820 3654; x_wconf 89' lang='lat' dir='ltr'>jam</span> <span class='ocrx_word' id='word_1_256' title='bbox 857 3581 1208 3650; x_wconf 89' lang='lat' dir='ltr'>lucescente,</span> <span class='ocrx_word' id='word_1_257' title='bbox 1242 3585 1300 3638; x_wconf 90' lang='lat' dir='ltr'>et</span> <span class='ocrx_word' id='word_1_258' title='bbox 1330 3597 1534 3638; x_wconf 87' lang='lat' dir='ltr'>omnes</span> <span class='ocrx_word' id='word_1_259' title='bbox 1564 3581 1826 3639; x_wconf 89' lang='lat' dir='ltr'>occidere</span> 
     </span>
    </p>
   </div>
   <div class='ocr_carea' id='block_1_41' title="bbox 164 3671 1823 3746">
    <p class='ocr_par' dir='ltr' id='par_1_41' title="bbox 164 3671 1823 3746">
     <span class='ocr_line' id='line_1_41' title="bbox 164 3671 1823 3746; baseline -0.001 -16"><span class='ocrx_word' id='word_1_260' title='bbox 164 3680 270 3731; x_wconf 86' lang='lat' dir='ltr'>aut</span> <span class='ocrx_word' id='word_1_261' title='bbox 301 3677 504 3746; x_wconf 85' lang='lat' dir='ltr'>captos</span> <span class='ocrx_word' id='word_1_262' title='bbox 551 3672 898 3744; x_wconf 89' lang='lat' dir='ltr'>vinctosque</span> <span class='ocrx_word' id='word_1_263' title='bbox 945 3671 1256 3737; x_wconf 88' lang='lat' dir='ltr'>abducere,</span> <span class='ocrx_word' id='word_1_264' title='bbox 1289 3671 1348 3726; x_wconf 93' lang='lat' dir='ltr'>in</span> <span class='ocrx_word' id='word_1_265' title='bbox 1398 3671 1592 3727; x_wconf 89' lang='lat' dir='ltr'>animo</span> <span class='ocrx_word' id='word_1_266' title='bbox 1640 3671 1823 3728; x_wconf 89' lang='lat' dir='ltr'>habe-</span> 
     </span>
    </p>
   </div>
   <div class='ocr_carea' id='block_1_42' title="bbox 165 3760 1825 3828">
    <p class='ocr_par' dir='ltr' id='par_1_42' title="bbox 165 3760 1825 3828">
     <span class='ocr_line' id='line_1_42' title="bbox 165 3760 1825 3828; baseline -0.002 -9"><span class='ocrx_word' id='word_1_267' title='bbox 165 3765 329 3820; x_wconf 87' lang='lat' dir='ltr'>bant.</span> <span class='ocrx_word' id='word_1_268' title='bbox 357 3762 582 3828; x_wconf 87' lang='lat' dir='ltr'>Quibus</span> <span class='ocrx_word' id='word_1_269' title='bbox 613 3761 754 3816; x_wconf 91' lang='lat' dir='ltr'>dum</span> <span class='ocrx_word' id='word_1_270' title='bbox 788 3761 973 3816; x_wconf 89' lang='lat' dir='ltr'>nostri</span> <span class='ocrx_word' id='word_1_271' title='bbox 1007 3760 1232 3817; x_wconf 85' lang='lat' dir='ltr'>fortiter</span> <span class='ocrx_word' id='word_1_272' title='bbox 1251 3761 1825 3828; x_wconf 89' lang='lat' dir='ltr'>resisterent,rumor</span> 
     </span>
    </p>
   </div>
   <div class='ocr_carea' id='block_1_43' title="bbox 164 3848 1824 3926">
    <p class='ocr_par' dir='ltr' id='par_1_43' title="bbox 164 3848 1824 3926">
     <span class='ocr_line' id='line_1_43' title="bbox 164 3848 1824 3926; baseline -0.002 -18"><span class='ocrx_word' id='word_1_273' title='bbox 164 3851 436 3926; x_wconf 86' lang='lat' dir='ltr'>pervenit</span> <span class='ocrx_word' id='word_1_274' title='bbox 461 3851 533 3906; x_wconf 87' lang='lat' dir='ltr'>ad</span> <span class='ocrx_word' id='word_1_275' title='bbox 558 3866 731 3906; x_wconf 85' lang='lat' dir='ltr'>aures</span> <span class='ocrx_word' id='word_1_276' title='bbox 765 3848 1086 3906; x_wconf 88' lang='lat' dir='ltr'>Boamundi</span> <span class='ocrx_word' id='word_1_277' title='bbox 1120 3855 1178 3905; x_wconf 88' lang='lat' dir='ltr'>et</span> <span class='ocrx_word' id='word_1_278' title='bbox 1207 3849 1519 3905; x_wconf 89' lang='lat' dir='ltr'>Tancredi.</span> <span class='ocrx_word' id='word_1_279' title='bbox 1566 3851 1824 3906; x_wconf 87' lang='lat' dir='ltr'>Tancre-</span> 
     </span>
    </p>
   </div>
   <div class='ocr_carea' id='block_1_44' title="bbox 166 3937 1822 4012">
    <p class='ocr_par' dir='ltr' id='par_1_44' title="bbox 166 3937 1822 4012">
     <span class='ocr_line' id='line_1_44' title="bbox 166 3937 1822 4012; baseline -0.001 -15"><span class='ocrx_word' id='word_1_280' title='bbox 166 3943 280 3997; x_wconf 88' lang='lat' dir='ltr'>dus</span> <span class='ocrx_word' id='word_1_281' title='bbox 301 3956 437 3996; x_wconf 90' lang='lat' dir='ltr'>vero</span> <span class='ocrx_word' id='word_1_282' title='bbox 459 3957 575 3995; x_wconf 91' lang='lat' dir='ltr'>non</span> <span class='ocrx_word' id='word_1_283' title='bbox 600 3939 701 3995; x_wconf 92' lang='lat' dir='ltr'>diu</span> <span class='ocrx_word' id='word_1_284' title='bbox 725 3939 917 3995; x_wconf 90' lang='lat' dir='ltr'>ferens</span> <span class='ocrx_word' id='word_1_285' title='bbox 938 3955 1078 3995; x_wconf 91' lang='lat' dir='ltr'>suos</span> <span class='ocrx_word' id='word_1_286' title='bbox 1097 3939 1180 3994; x_wconf 92' lang='lat' dir='ltr'>ita</span> <span class='ocrx_word' id='word_1_287' title='bbox 1202 3939 1438 4010; x_wconf 85' lang='lat' dir='ltr'>injuriis</span> <span class='ocrx_word' id='word_1_288' title='bbox 1467 3937 1642 4006; x_wconf 88' lang='lat' dir='ltr'>afﬁci,</span> <span class='ocrx_word' id='word_1_289' title='bbox 1674 3955 1822 4012; x_wconf 90' lang='lat' dir='ltr'>equo</span> 
     </span>
    </p>
   </div>
   <div class='ocr_carea' id='block_1_45' title="bbox 163 4028 1824 4101">
    <p class='ocr_par' dir='ltr' id='par_1_45' title="bbox 163 4028 1824 4101">
     <span class='ocr_line' id='line_1_45' title="bbox 163 4028 1824 4101; baseline -0.001 -17"><span class='ocrx_word' id='word_1_290' title='bbox 163 4030 422 4087; x_wconf 84' lang='lat' dir='ltr'>volitans</span> <span class='ocrx_word' id='word_1_291' title='bbox 453 4029 526 4085; x_wconf 87' lang='lat' dir='ltr'>ad</span> <span class='ocrx_word' id='word_1_292' title='bbox 551 4029 770 4085; x_wconf 84' lang='lat' dir='ltr'>flumen</span> <span class='ocrx_word' id='word_1_293' title='bbox 802 4028 995 4097; x_wconf 88' lang='lat' dir='ltr'>rediit,</span> <span class='ocrx_word' id='word_1_294' title='bbox 1024 4032 1081 4084; x_wconf 90' lang='lat' dir='ltr'>et</span> <span class='ocrx_word' id='word_1_295' title='bbox 1112 4044 1312 4084; x_wconf 88' lang='lat' dir='ltr'>secum</span> <span class='ocrx_word' id='word_1_296' title='bbox 1359 4045 1509 4101; x_wconf 93' lang='lat' dir='ltr'>equo</span> <span class='ocrx_word' id='word_1_297' title='bbox 1553 4032 1610 4084; x_wconf 90' lang='lat' dir='ltr'>et</span> <span class='ocrx_word' id='word_1_298' title='bbox 1642 4028 1824 4084; x_wconf 90' lang='lat' dir='ltr'>armis</span> 
     </span>
    </p>
   </div>
   <div class='ocr_carea' id='block_1_46' title="bbox 167 4117 1825 4190">
    <p class='ocr_par' dir='ltr' id='par_1_46' title="bbox 167 4117 1825 4190">
     <span class='ocr_line' id='line_1_46' title="bbox 167 4117 1825 4190; baseline 0 -16"><span class='ocrx_word' id='word_1_299' title='bbox 167 4118 400 4175; x_wconf 89' lang='lat' dir='ltr'>inillud</span> <span class='ocrx_word' id='word_1_300' title='bbox 433 4119 653 4190; x_wconf 83' lang='lat' dir='ltr'>injecit,</span> <span class='ocrx_word' id='word_1_301' title='bbox 686 4134 939 4190; x_wconf 88' lang='lat' dir='ltr'>eumque</span> <span class='ocrx_word' id='word_1_302' title='bbox 987 4117 1103 4173; x_wconf 90' lang='lat' dir='ltr'>duo</span> <span class='ocrx_word' id='word_1_303' title='bbox 1151 4117 1337 4172; x_wconf 85' lang='lat' dir='ltr'>millia</span> <span class='ocrx_word' id='word_1_304' title='bbox 1382 4118 1647 4189; x_wconf 89' lang='lat' dir='ltr'>equitum</span> <span class='ocrx_word' id='word_1_305' title='bbox 1684 4123 1825 4174; x_wconf 89' lang='lat' dir='ltr'>sunt</span> 
     </span>
    </p>
   </div>
   <div class='ocr_carea' id='block_1_47' title="bbox 151 4206 1821 4280">
    <p class='ocr_par' dir='ltr' id='par_1_47' title="bbox 151 4206 1821 4280">
     <span class='ocr_line' id='line_1_47' title="bbox 151 4206 1821 4280; baseline -0.002 -15"><span class='ocrx_word' id='word_1_306' title='bbox 151 4209 450 4265; x_wconf 76' lang='lat' dir='ltr'>insecuti.</span> <span class='ocrx_word' id='word_1_307' title='bbox 474 4207 581 4273; x_wconf 86' lang='lat' dir='ltr'>Qui</span> <span class='ocrx_word' id='word_1_308' title='bbox 607 4206 873 4280; x_wconf 89' lang='lat' dir='ltr'>protinus</span> <span class='ocrx_word' id='word_1_309' title='bbox 896 4207 1273 4262; x_wconf 86' lang='lat' dir='ltr'>advenientes</span> <span class='ocrx_word' id='word_1_310' title='bbox 1297 4206 1646 4262; x_wconf 87' lang='lat' dir='ltr'>invenerunt</span> <span class='ocrx_word' id='word_1_311' title='bbox 1675 4209 1821 4262; x_wconf 90' lang='lat' dir='ltr'>Tur-</span> 
     </span>
    </p>
   </div>
   <div class='ocr_carea' id='block_1_48' title="bbox 166 4295 1824 4372">
    <p class='ocr_par' dir='ltr' id='par_1_48' title="bbox 166 4295 1824 4372">
     <span class='ocr_line' id='line_1_48' title="bbox 166 4295 1824 4372; baseline -0.001 -17"><span class='ocrx_word' id='word_1_312' title='bbox 166 4297 410 4372; x_wconf 88' lang='lat' dir='ltr'>copolas</span> <span class='ocrx_word' id='word_1_313' title='bbox 437 4302 494 4352; x_wconf 91' lang='lat' dir='ltr'>et</span> <span class='ocrx_word' id='word_1_314' title='bbox 525 4296 866 4353; x_wconf 87' lang='lat' dir='ltr'>Pincenatos</span> <span class='ocrx_word' id='word_1_315' title='bbox 895 4313 1029 4352; x_wconf 83' lang='lat' dir='ltr'>cum</span> <span class='ocrx_word' id='word_1_316' title='bbox 1059 4296 1145 4352; x_wconf 89' lang='lat' dir='ltr'>eis</span> <span class='ocrx_word' id='word_1_317' title='bbox 1173 4295 1545 4362; x_wconf 89' lang='lat' dir='ltr'>dimicantes,</span> <span class='ocrx_word' id='word_1_318' title='bbox 1575 4295 1635 4351; x_wconf 91' lang='lat' dir='ltr'>in</span> <span class='ocrx_word' id='word_1_319' title='bbox 1675 4313 1824 4369; x_wconf 90' lang='lat' dir='ltr'>quos</span> 
     </span>
    </p>
   </div>
   <div class='ocr_carea' id='block_1_49' title="bbox 167 4385 1820 4454">
    <p class='ocr_par' dir='ltr' id='par_1_49' title="bbox 167 4385 1820 4454">
     <span class='ocr_line' id='line_1_49' title="bbox 167 4385 1820 4454; baseline -0.002 -11"><span class='ocrx_word' id='word_1_320' title='bbox 167 4387 390 4453; x_wconf 88' lang='lat' dir='ltr'>subito,</span> <span class='ocrx_word' id='word_1_321' title='bbox 406 4390 472 4441; x_wconf 90' lang='lat' dir='ltr'>ut</span> <span class='ocrx_word' id='word_1_322' title='bbox 501 4386 768 4442; x_wconf 75' lang='lat' dir='ltr'>effrenati</span> <span class='ocrx_word' id='word_1_323' title='bbox 795 4385 1107 4453; x_wconf 90' lang='lat' dir='ltr'>irruentes,</span> <span class='ocrx_word' id='word_1_324' title='bbox 1125 4385 1344 4441; x_wconf 91' lang='lat' dir='ltr'>multos</span> <span class='ocrx_word' id='word_1_325' title='bbox 1365 4385 1490 4441; x_wconf 88' lang='lat' dir='ltr'>neci</span> <span class='ocrx_word' id='word_1_326' title='bbox 1513 4385 1820 4454; x_wconf 90' lang='lat' dir='ltr'>dederunt,</span> 
     </span>
    </p>
   </div>
   <div class='ocr_carea' id='block_1_50' title="bbox 1948 455 3598 531">
    <p class='ocr_par' dir='ltr' id='par_1_50' title="bbox 1948 455 3598 531">
     <span class='ocr_line' id='line_1_50' title="bbox 1948 455 3598 531; baseline 0.001 -20"><span class='ocrx_word' id='word_1_327' title='bbox 1948 458 2144 513; x_wconf 85' lang='lat' dir='ltr'>nativa</span> <span class='ocrx_word' id='word_1_328' title='bbox 2197 463 2399 514; x_wconf 87' lang='lat' dir='ltr'>nostra</span> <span class='ocrx_word' id='word_1_329' title='bbox 2458 458 2781 531; x_wconf 87' lang='lat' dir='ltr'>promereri</span> <span class='ocrx_word' id='word_1_330' title='bbox 2815 459 2886 513; x_wconf 84' lang='lat' dir='ltr'>ab</span> <span class='ocrx_word' id='word_1_331' title='bbox 2920 474 2984 512; x_wconf 89' lang='lat' dir='ltr'>eo</span> <span class='ocrx_word' id='word_1_332' title='bbox 3019 455 3444 512; x_wconf 85' lang='lat' dir='ltr'>desideramus.</span> <span class='ocrx_word' id='word_1_333' title='bbox 3479 458 3598 522; x_wconf 88' lang='lat' dir='ltr'>Quo</span> 
     </span>
    </p>
   </div>
   <div class='ocr_carea' id='block_1_51' title="bbox 1943 539 3598 621">
    <p class='ocr_par' dir='ltr' id='par_1_51' title="bbox 1943 539 3598 621">
     <span class='ocr_line' id='line_1_51' title="bbox 1943 539 3598 621; baseline -0.002 -20"><span class='ocrx_word' id='word_1_334' title='bbox 1943 547 1993 601; x_wconf 91' lang='lat' dir='ltr'>ei</span> <span class='ocrx_word' id='word_1_335' title='bbox 2027 545 2168 603; x_wconf 89' lang='lat' dir='ltr'>libet</span> <span class='ocrx_word' id='word_1_336' title='bbox 2195 549 2488 616; x_wconf 90' lang='lat' dir='ltr'>vadimus,</span> <span class='ocrx_word' id='word_1_337' title='bbox 2547 565 2660 621; x_wconf 88' lang='lat' dir='ltr'>quo</span> <span class='ocrx_word' id='word_1_338' title='bbox 2709 546 2972 620; x_wconf 65' lang='lat' dir='ltr'>praecipit</span> <span class='ocrx_word' id='word_1_339' title='bbox 3019 545 3288 613; x_wconf 80' lang='lat' dir='ltr'>facimus,</span> <span class='ocrx_word' id='word_1_340' title='bbox 3323 549 3379 600; x_wconf 90' lang='lat' dir='ltr'>et</span> <span class='ocrx_word' id='word_1_341' title='bbox 3409 539 3598 617; x_wconf 86' lang='lat' dir='ltr'>magis</span> 
     </span>
    </p>
   </div>
   <div class='ocr_carea' id='block_1_52' title="bbox 1943 633 3600 709">
    <p class='ocr_par' dir='ltr' id='par_1_52' title="bbox 1943 633 3600 709">
     <span class='ocr_line' id='line_1_52' title="bbox 1943 633 3600 709; baseline -0.002 -19"><span class='ocrx_word' id='word_1_342' title='bbox 1943 635 2026 691; x_wconf 92' lang='lat' dir='ltr'>illi</span> <span class='ocrx_word' id='word_1_343' title='bbox 2061 653 2235 709; x_wconf 89' lang='lat' dir='ltr'>quam</span> <span class='ocrx_word' id='word_1_344' title='bbox 2269 638 2385 693; x_wconf 90' lang='lat' dir='ltr'>Deo</span> <span class='ocrx_word' id='word_1_345' title='bbox 2417 637 2744 694; x_wconf 87' lang='lat' dir='ltr'>obedimus.</span> <span class='ocrx_word' id='word_1_346' title='bbox 2769 637 2884 691; x_wconf 85' lang='lat' dir='ltr'>Nos</span> <span class='ocrx_word' id='word_1_347' title='bbox 2917 641 3110 691; x_wconf 88' lang='lat' dir='ltr'>tamen</span> <span class='ocrx_word' id='word_1_348' title='bbox 3147 633 3292 689; x_wconf 89' lang='lat' dir='ltr'>bene</span> <span class='ocrx_word' id='word_1_349' title='bbox 3328 649 3600 705; x_wconf 83' lang='lat' dir='ltr'>recogno-</span> 
     </span>
    </p>
   </div>
   <div class='ocr_carea' id='block_1_53' title="bbox 1943 723 3594 799">
    <p class='ocr_par' dir='ltr' id='par_1_53' title="bbox 1943 723 3594 799">
     <span class='ocr_line' id='line_1_53' title="bbox 1943 723 3594 799; baseline -0.002 -18"><span class='ocrx_word' id='word_1_350' title='bbox 1943 726 2166 782; x_wconf 90' lang='lat' dir='ltr'>scimus</span> <span class='ocrx_word' id='word_1_351' title='bbox 2225 727 2380 799; x_wconf 87' lang='lat' dir='ltr'>quod</span> <span class='ocrx_word' id='word_1_352' title='bbox 2412 728 2591 797; x_wconf 72' lang='lat' dir='ltr'>magis</span> <span class='ocrx_word' id='word_1_353' title='bbox 2620 734 2822 798; x_wconf 78' lang='lat' dir='ltr'>Oportet</span> <span class='ocrx_word' id='word_1_354' title='bbox 2849 725 3061 782; x_wconf 78' lang='lat' dir='ltr'>obedire</span> <span class='ocrx_word' id='word_1_355' title='bbox 3093 725 3194 779; x_wconf 80' lang='lat' dir='ltr'>Deo</span> <span class='ocrx_word' id='word_1_356' title='bbox 3226 740 3388 796; x_wconf 76' lang='lat' dir='ltr'>quam</span> <span class='ocrx_word' id='word_1_357' title='bbox 3417 723 3594 779; x_wconf 82' lang='lat' dir='ltr'>homi-</span> 
     </span>
    </p>
   </div>
   <div class='ocr_carea' id='block_1_54' title="bbox 1941 812 3593 889">
    <p class='ocr_par' dir='ltr' id='par_1_54' title="bbox 1941 812 3593 889">
     <span class='ocr_line' id='line_1_54' title="bbox 1941 812 3593 889; baseline -0.002 -19"><span class='ocrx_word' id='word_1_358' title='bbox 1941 816 2105 872; x_wconf 76' lang='lat' dir='ltr'>nibus</span> <span class='ocrx_word' id='word_1_359' title='bbox 2135 815 2269 886; x_wconf 82' lang='lat' dir='ltr'>(Act.</span> <span class='ocrx_word' id='word_1_360' title='bbox 2291 834 2345 885; x_wconf 89' lang='lat' dir='ltr'>v,</span> <span class='ocrx_word' id='word_1_361' title='bbox 2370 817 2480 888; x_wconf 82' lang='lat'>29).</span> <span class='ocrx_word' id='word_1_362' title='bbox 2502 820 2826 889; x_wconf 89' lang='lat' dir='ltr'>Imperator</span> <span class='ocrx_word' id='word_1_363' title='bbox 2852 819 3050 871; x_wconf 88' lang='lat' dir='ltr'>noster</span> <span class='ocrx_word' id='word_1_364' title='bbox 3072 812 3258 885; x_wconf 86' lang='lat' dir='ltr'>magis</span> <span class='ocrx_word' id='word_1_365' title='bbox 3282 812 3593 884; x_wconf 82' lang='lat' dir='ltr'>perhorre-</span> 
     </span>
    </p>
   </div>
   <div class='ocr_carea' id='block_1_55' title="bbox 1941 901 3592 978">
    <p class='ocr_par' dir='ltr' id='par_1_55' title="bbox 1941 901 3592 978">
     <span class='ocr_line' id='line_1_55' title="bbox 1941 901 3592 978; baseline -0.002 -17"><span class='ocrx_word' id='word_1_366' title='bbox 1941 905 2052 961; x_wconf 87' lang='lat' dir='ltr'>scit</span> <span class='ocrx_word' id='word_1_367' title='bbox 2082 905 2318 978; x_wconf 89' lang='lat' dir='ltr'>agmina</span> <span class='ocrx_word' id='word_1_368' title='bbox 2345 910 2540 962; x_wconf 89' lang='lat' dir='ltr'>vestra</span> <span class='ocrx_word' id='word_1_369' title='bbox 2571 923 2748 977; x_wconf 90' lang='lat' dir='ltr'>quam</span> <span class='ocrx_word' id='word_1_370' title='bbox 2788 903 2914 960; x_wconf 75' lang='lat' dir='ltr'>cceli</span> <span class='ocrx_word' id='word_1_371' title='bbox 2947 902 3215 970; x_wconf 87' lang='lat' dir='ltr'>fulmina,</span> <span class='ocrx_word' id='word_1_372' title='bbox 3271 902 3410 974; x_wconf 90' lang='lat' dir='ltr'>quia</span> <span class='ocrx_word' id='word_1_373' title='bbox 3458 901 3592 974; x_wconf 87' lang='lat' dir='ltr'>plus</span> 
     </span>
    </p>
   </div>
   <div class='ocr_carea' id='block_1_56' title="bbox 1940 989 3592 1068">
    <p class='ocr_par' dir='ltr' id='par_1_56' title="bbox 1940 989 3592 1068">
     <span class='ocr_line' id='line_1_56' title="bbox 1940 989 3592 1068; baseline -0.002 -18"><span class='ocrx_word' id='word_1_374' title='bbox 1940 995 2217 1068; x_wconf 87' lang='lat' dir='ltr'>intelligit</span> <span class='ocrx_word' id='word_1_375' title='bbox 2231 1013 2331 1051; x_wconf 91' lang='lat' dir='ltr'>vos</span> <span class='ocrx_word' id='word_1_376' title='bbox 2348 995 2490 1052; x_wconf 90' lang='lat' dir='ltr'>velle</span> <span class='ocrx_word' id='word_1_377' title='bbox 2511 1012 2645 1052; x_wconf 90' lang='lat' dir='ltr'>eum</span> <span class='ocrx_word' id='word_1_378' title='bbox 2669 1012 2846 1068; x_wconf 92' lang='lat' dir='ltr'>regno</span> <span class='ocrx_word' id='word_1_379' title='bbox 2870 1011 2974 1051; x_wconf 91' lang='lat' dir='ltr'>suo</span> <span class='ocrx_word' id='word_1_380' title='bbox 2996 993 3223 1066; x_wconf 89' lang='lat' dir='ltr'>privare</span> <span class='ocrx_word' id='word_1_381' title='bbox 3245 1009 3422 1065; x_wconf 87' lang='lat' dir='ltr'>quam</span> <span class='ocrx_word' id='word_1_382' title='bbox 3446 989 3592 1047; x_wconf 88' lang='lat' dir='ltr'>velle</span> 
     </span>
    </p>
   </div>
   <div class='ocr_carea' id='block_1_57' title="bbox 1940 1083 3591 1158">
    <p class='ocr_par' dir='ltr' id='par_1_57' title="bbox 1940 1083 3591 1158">
     <span class='ocr_line' id='line_1_57' title="bbox 1940 1083 3591 1158; baseline -0.002 -18"><span class='ocrx_word' id='word_1_383' title='bbox 1940 1085 2322 1158; x_wconf 88' lang='lat' dir='ltr'>peregrinari,</span> <span class='ocrx_word' id='word_1_384' title='bbox 2347 1090 2404 1141; x_wconf 90' lang='lat' dir='ltr'>et</span> <span class='ocrx_word' id='word_1_385' title='bbox 2425 1086 2553 1141; x_wconf 92' lang='lat' dir='ltr'>ideo</span> <span class='ocrx_word' id='word_1_386' title='bbox 2585 1103 2699 1140; x_wconf 91' lang='lat' dir='ltr'>non</span> <span class='ocrx_word' id='word_1_387' title='bbox 2734 1089 2922 1141; x_wconf 88' lang='lat' dir='ltr'>cessat</span> <span class='ocrx_word' id='word_1_388' title='bbox 2950 1083 3171 1138; x_wconf 88' lang='lat' dir='ltr'>malum</span> <span class='ocrx_word' id='word_1_389' title='bbox 3196 1099 3332 1156; x_wconf 87' lang='lat' dir='ltr'>erga</span> <span class='ocrx_word' id='word_1_390' title='bbox 3352 1099 3453 1137; x_wconf 90' lang='lat' dir='ltr'>vos</span> <span class='ocrx_word' id='word_1_391' title='bbox 3468 1097 3591 1136; x_wconf 90' lang='lat' dir='ltr'>ma-</span> 
     </span>
    </p>
   </div>
   <div class='ocr_carea' id='block_1_58' title="bbox 1939 1168 3588 1247">
    <p class='ocr_par' dir='ltr' id='par_1_58' title="bbox 1939 1168 3588 1247">
     <span class='ocr_line' id='line_1_58' title="bbox 1939 1168 3588 1247; baseline -0.004 -16"><span class='ocrx_word' id='word_1_392' title='bbox 1939 1173 2188 1231; x_wconf 87' lang='lat' dir='ltr'>chinari.</span> <span class='ocrx_word' id='word_1_393' title='bbox 2213 1175 2324 1230; x_wconf 91' lang='lat' dir='ltr'>Sed</span> <span class='ocrx_word' id='word_1_394' title='bbox 2349 1180 2585 1247; x_wconf 91' lang='lat' dir='ltr'>propter</span> <span class='ocrx_word' id='word_1_395' title='bbox 2607 1175 2812 1240; x_wconf 91' lang='lat' dir='ltr'>Deum,</span> <span class='ocrx_word' id='word_1_396' title='bbox 2837 1174 3008 1245; x_wconf 86' lang='lat' dir='ltr'>cujus</span> <span class='ocrx_word' id='word_1_397' title='bbox 3037 1169 3326 1246; x_wconf 89' lang='lat' dir='ltr'>peregrini</span> <span class='ocrx_word' id='word_1_398' title='bbox 3357 1175 3411 1226; x_wconf 88' lang='lat' dir='ltr'>et</span> <span class='ocrx_word' id='word_1_399' title='bbox 3435 1168 3588 1226; x_wconf 87' lang='lat' dir='ltr'>mili-</span> 
     </span>
    </p>
   </div>
   <div class='ocr_carea' id='block_1_59' title="bbox 1937 1260 3592 1337">
    <p class='ocr_par' dir='ltr' id='par_1_59' title="bbox 1937 1260 3592 1337">
     <span class='ocr_line' id='line_1_59' title="bbox 1937 1260 3592 1337; baseline -0.002 -17"><span class='ocrx_word' id='word_1_400' title='bbox 1937 1267 2026 1322; x_wconf 90' lang='lat' dir='ltr'>tes</span> <span class='ocrx_word' id='word_1_401' title='bbox 2047 1265 2210 1332; x_wconf 89' lang='lat' dir='ltr'>estis,</span> <span class='ocrx_word' id='word_1_402' title='bbox 2235 1263 2558 1337; x_wconf 88' lang='lat' dir='ltr'>dignemini</span> <span class='ocrx_word' id='word_1_403' title='bbox 2582 1263 2765 1321; x_wconf 88' lang='lat' dir='ltr'>nostri</span> <span class='ocrx_word' id='word_1_404' title='bbox 2799 1262 3123 1320; x_wconf 84' lang='lat' dir='ltr'>misereri.»</span> <span class='ocrx_word' id='word_1_405' title='bbox 3145 1261 3230 1316; x_wconf 90' lang='lat' dir='ltr'>Ad</span> <span class='ocrx_word' id='word_1_406' title='bbox 3265 1260 3384 1315; x_wconf 81' lang='lat' dir='ltr'>haec</span> <span class='ocrx_word' id='word_1_407' title='bbox 3413 1260 3592 1316; x_wconf 86' lang='lat' dir='ltr'>verba</span> 
     </span>
    </p>
   </div>
   <div class='ocr_carea' id='block_1_60' title="bbox 1937 1349 3591 1428">
    <p class='ocr_par' dir='ltr' id='par_1_60' title="bbox 1937 1349 3591 1428">
     <span class='ocr_line' id='line_1_60' title="bbox 1937 1349 3591 1428; baseline -0.004 -19"><span class='ocrx_word' id='word_1_408' title='bbox 1937 1353 2024 1409; x_wconf 84' lang='lat' dir='ltr'>vir</span> <span class='ocrx_word' id='word_1_409' title='bbox 2044 1353 2316 1428; x_wconf 88' lang='lat' dir='ltr'>egregius</span> <span class='ocrx_word' id='word_1_410' title='bbox 2337 1359 2668 1410; x_wconf 90' lang='lat' dir='ltr'>commotus</span> <span class='ocrx_word' id='word_1_411' title='bbox 2692 1353 2900 1426; x_wconf 88' lang='lat' dir='ltr'>spiritu</span> <span class='ocrx_word' id='word_1_412' title='bbox 2923 1349 3356 1417; x_wconf 85' lang='lat' dir='ltr'>misericordiae,</span> <span class='ocrx_word' id='word_1_413' title='bbox 3373 1349 3591 1405; x_wconf 87' lang='lat' dir='ltr'>condo-</span> 
     </span>
    </p>
   </div>
   <div class='ocr_carea' id='block_1_61' title="bbox 1939 1439 3590 1513">
    <p class='ocr_par' dir='ltr' id='par_1_61' title="bbox 1939 1439 3590 1513">
     <span class='ocr_line' id='line_1_61' title="bbox 1939 1439 3590 1513; baseline -0.004 -13"><span class='ocrx_word' id='word_1_414' title='bbox 1939 1443 2097 1500; x_wconf 90' lang='lat' dir='ltr'>navit</span> <span class='ocrx_word' id='word_1_415' title='bbox 2126 1443 2210 1499; x_wconf 90' lang='lat' dir='ltr'>eis</span> <span class='ocrx_word' id='word_1_416' title='bbox 2242 1443 2419 1499; x_wconf 90' lang='lat' dir='ltr'>vitam</span> <span class='ocrx_word' id='word_1_417' title='bbox 2452 1448 2509 1500; x_wconf 91' lang='lat' dir='ltr'>et</span> <span class='ocrx_word' id='word_1_418' title='bbox 2547 1443 2761 1499; x_wconf 75' lang='lat' dir='ltr'>illaesos</span> <span class='ocrx_word' id='word_1_419' title='bbox 2813 1442 2974 1499; x_wconf 90' lang='lat' dir='ltr'>abire</span> <span class='ocrx_word' id='word_1_420' title='bbox 3025 1439 3312 1513; x_wconf 89' lang='lat' dir='ltr'>permisit.</span> <span class='ocrx_word' id='word_1_421' title='bbox 3348 1439 3417 1494; x_wconf 89' lang='lat' dir='ltr'>Et</span> <span class='ocrx_word' id='word_1_422' title='bbox 3447 1439 3590 1494; x_wconf 91' lang='lat' dir='ltr'>dum</span> 
     </span>
    </p>
   </div>
   <div class='ocr_carea' id='block_1_62' title="bbox 1939 1528 3591 1605">
    <p class='ocr_par' dir='ltr' id='par_1_62' title="bbox 1939 1528 3591 1605">
     <span class='ocr_line' id='line_1_62' title="bbox 1939 1528 3591 1605; baseline -0.002 -17"><span class='ocrx_word' id='word_1_423' title='bbox 1939 1533 2024 1589; x_wconf 92' lang='lat' dir='ltr'>sic</span> <span class='ocrx_word' id='word_1_424' title='bbox 2054 1533 2184 1589; x_wconf 64' lang='lat' dir='ltr'>laeto</span> <span class='ocrx_word' id='word_1_425' title='bbox 2219 1550 2496 1589; x_wconf 90' lang='lat' dir='ltr'>successu</span> <span class='ocrx_word' id='word_1_426' title='bbox 2529 1534 2888 1605; x_wconf 91' lang='lat' dir='ltr'>procederet,</span> <span class='ocrx_word' id='word_1_427' title='bbox 2919 1533 3274 1588; x_wconf 89' lang='lat' dir='ltr'>Francorum</span> <span class='ocrx_word' id='word_1_428' title='bbox 3300 1528 3591 1584; x_wconf 79' lang='lat' dir='ltr'>exercitus</span> 
     </span>
    </p>
   </div>
   <div class='ocr_carea' id='block_1_63' title="bbox 1937 1617 3593 1696">
    <p class='ocr_par' dir='ltr' id='par_1_63' title="bbox 1937 1617 3593 1696">
     <span class='ocr_line' id='line_1_63' title="bbox 1937 1617 3593 1696; baseline -0.004 -17"><span class='ocrx_word' id='word_1_429' title='bbox 1937 1622 2884 1696; x_wconf 89' lang='lat' dir='ltr'>Constantinopolimconvenerat,</span> <span class='ocrx_word' id='word_1_430' title='bbox 2911 1625 2967 1677; x_wconf 88' lang='lat' dir='ltr'>et</span> <span class='ocrx_word' id='word_1_431' title='bbox 2986 1621 3114 1692; x_wconf 89' lang='lat' dir='ltr'>ejus</span> <span class='ocrx_word' id='word_1_432' title='bbox 3143 1617 3593 1692; x_wconf 70' lang='lat' dir='ltr'>prtestolabatur</span> 
     </span>
    </p>
   </div>
   <div class='ocr_carea' id='block_1_64' title="bbox 1937 1707 3591 1785">
    <p class='ocr_par' dir='ltr' id='par_1_64' title="bbox 1937 1707 3591 1785">
     <span class='ocr_line' id='line_1_64' title="bbox 1937 1707 3591 1785; baseline -0.004 -17"><span class='ocrx_word' id='word_1_433' title='bbox 1937 1713 2275 1779; x_wconf 86' lang='lat' dir='ltr'>adventum,</span> <span class='ocrx_word' id='word_1_434' title='bbox 2311 1729 2486 1785; x_wconf 89' lang='lat' dir='ltr'>quem</span> <span class='ocrx_word' id='word_1_435' title='bbox 2535 1708 2802 1767; x_wconf 89' lang='lat' dir='ltr'>audierat</span> <span class='ocrx_word' id='word_1_436' title='bbox 2829 1709 2951 1766; x_wconf 90' lang='lat' dir='ltr'>illic</span> <span class='ocrx_word' id='word_1_437' title='bbox 2982 1710 3040 1765; x_wconf 92' lang='lat' dir='ltr'>in</span> <span class='ocrx_word' id='word_1_438' title='bbox 3074 1709 3337 1782; x_wconf 87' lang='lat' dir='ltr'>proximo</span> <span class='ocrx_word' id='word_1_439' title='bbox 3369 1707 3591 1763; x_wconf 82' lang='lat' dir='ltr'>affutu-</span> 
     </span>
    </p>
   </div>
   <div class='ocr_carea' id='block_1_65' title="bbox 1939 1796 3592 1875">
    <p class='ocr_par' dir='ltr' id='par_1_65' title="bbox 1939 1796 3592 1875">
     <span class='ocr_line' id='line_1_65' title="bbox 1939 1796 3592 1875; baseline -0.004 -17"><span class='ocrx_word' id='word_1_440' title='bbox 1939 1819 2093 1858; x_wconf 90' lang='lat' dir='ltr'>rum.</span> <span class='ocrx_word' id='word_1_441' title='bbox 2121 1802 2444 1875; x_wconf 89' lang='lat' dir='ltr'>Imperator</span> <span class='ocrx_word' id='word_1_442' title='bbox 2473 1805 2670 1857; x_wconf 88' lang='lat' dir='ltr'>autem</span> <span class='ocrx_word' id='word_1_443' title='bbox 2703 1817 2838 1857; x_wconf 89' lang='lat' dir='ltr'>cum</span> <span class='ocrx_word' id='word_1_444' title='bbox 2869 1799 3115 1856; x_wconf 89' lang='lat' dir='ltr'>vidisset</span> <span class='ocrx_word' id='word_1_445' title='bbox 3146 1802 3338 1854; x_wconf 89' lang='lat' dir='ltr'>castra</span> <span class='ocrx_word' id='word_1_446' title='bbox 3369 1796 3464 1852; x_wconf 92' lang='lat' dir='ltr'>Dei</span> <span class='ocrx_word' id='word_1_447' title='bbox 3490 1814 3592 1853; x_wconf 80' lang='lat' dir='ltr'>un-</span> 
     </span>
    </p>
   </div>
   <div class='ocr_carea' id='block_1_66' title="bbox 1939 1886 3592 1964">
    <p class='ocr_par' dir='ltr' id='par_1_66' title="bbox 1939 1886 3592 1964">
     <span class='ocr_line' id='line_1_66' title="bbox 1939 1886 3592 1964; baseline -0.002 -18"><span class='ocrx_word' id='word_1_448' title='bbox 1939 1891 2115 1964; x_wconf 90' lang='lat' dir='ltr'>dique</span> <span class='ocrx_word' id='word_1_449' title='bbox 2137 1891 2220 1947; x_wconf 91' lang='lat' dir='ltr'>sic</span> <span class='ocrx_word' id='word_1_450' title='bbox 2242 1891 2502 1957; x_wconf 82' lang='lat' dir='ltr'>afﬂuere,</span> <span class='ocrx_word' id='word_1_451' title='bbox 2526 1895 2582 1947; x_wconf 89' lang='lat' dir='ltr'>et</span> <span class='ocrx_word' id='word_1_452' title='bbox 2603 1889 2917 1947; x_wconf 79' lang='lat' dir='ltr'>exercitum</span> <span class='ocrx_word' id='word_1_453' title='bbox 2941 1905 3137 1957; x_wconf 90' lang='lat' dir='ltr'>suum,</span> <span class='ocrx_word' id='word_1_454' title='bbox 3153 1904 3328 1960; x_wconf 89' lang='lat' dir='ltr'>quem</span> <span class='ocrx_word' id='word_1_455' title='bbox 3349 1886 3592 1944; x_wconf 88' lang='lat' dir='ltr'>miserat</span> 
     </span>
    </p>
   </div>
   <div class='ocr_carea' id='block_1_67' title="bbox 1939 1978 3589 2051">
    <p class='ocr_par' dir='ltr' id='par_1_67' title="bbox 1939 1978 3589 2051">
     <span class='ocr_line' id='line_1_67' title="bbox 1939 1978 3589 2051; baseline -0.002 -15"><span class='ocrx_word' id='word_1_456' title='bbox 1939 1985 2142 2036; x_wconf 90' lang='lat' dir='ltr'>contra</span> <span class='ocrx_word' id='word_1_457' title='bbox 2158 1980 2590 2051; x_wconf 89' lang='lat' dir='ltr'>Boamundum,</span> <span class='ocrx_word' id='word_1_458' title='bbox 2613 1979 2698 2035; x_wconf 91' lang='lat' dir='ltr'>sic</span> <span class='ocrx_word' id='word_1_459' title='bbox 2717 1978 3068 2051; x_wconf 89' lang='lat' dir='ltr'>dissipatum</span> <span class='ocrx_word' id='word_1_460' title='bbox 3087 1993 3236 2045; x_wconf 90' lang='lat' dir='ltr'>esse,</span> <span class='ocrx_word' id='word_1_461' title='bbox 3262 1979 3589 2032; x_wconf 64' lang='lat' dir='ltr'>exaestuans</span> 
     </span>
    </p>
   </div>
   <div class='ocr_carea' id='block_1_68' title="bbox 1937 2064 3589 2142">
    <p class='ocr_par' dir='ltr' id='par_1_68' title="bbox 1937 2064 3589 2142">
     <span class='ocr_line' id='line_1_68' title="bbox 1937 2064 3589 2142; baseline -0.004 -16"><span class='ocrx_word' id='word_1_462' title='bbox 1937 2069 2134 2126; x_wconf 86' lang='lat' dir='ltr'>animo</span> <span class='ocrx_word' id='word_1_463' title='bbox 2162 2069 2334 2142; x_wconf 73' lang='lat' dir='ltr'>cmpit</span> <span class='ocrx_word' id='word_1_464' title='bbox 2363 2069 2686 2126; x_wconf 89' lang='lat' dir='ltr'>admodum</span> <span class='ocrx_word' id='word_1_465' title='bbox 2718 2067 2963 2133; x_wconf 88' lang='lat' dir='ltr'>anxiari,</span> <span class='ocrx_word' id='word_1_466' title='bbox 2997 2071 3054 2123; x_wconf 91' lang='lat' dir='ltr'>et</span> <span class='ocrx_word' id='word_1_467' title='bbox 3080 2064 3464 2122; x_wconf 67' lang='lat' dir='ltr'>fraudulentae</span> <span class='ocrx_word' id='word_1_468' title='bbox 3499 2081 3589 2120; x_wconf 85' lang='lat' dir='ltr'>co-</span> 
     </span>
    </p>
   </div>
   <div class='ocr_carea' id='block_1_69' title="bbox 1935 2154 3588 2231">
    <p class='ocr_par' dir='ltr' id='par_1_69' title="bbox 1935 2154 3588 2231">
     <span class='ocr_line' id='line_1_69' title="bbox 1935 2154 3588 2231; baseline -0.002 -19"><span class='ocrx_word' id='word_1_469' title='bbox 1935 2157 2324 2231; x_wconf 88' lang='lat' dir='ltr'>gitationesin</span> <span class='ocrx_word' id='word_1_470' title='bbox 2357 2160 2530 2215; x_wconf 90' lang='lat' dir='ltr'>corde</span> <span class='ocrx_word' id='word_1_471' title='bbox 2561 2159 2690 2231; x_wconf 89' lang='lat' dir='ltr'>ejus</span> <span class='ocrx_word' id='word_1_472' title='bbox 2719 2157 2934 2213; x_wconf 87' lang='lat' dir='ltr'>versari</span> <span class='ocrx_word' id='word_1_473' title='bbox 2959 2157 3093 2224; x_wconf 83' lang='lat'>(16).</span> <span class='ocrx_word' id='word_1_474' title='bbox 3119 2155 3379 2211; x_wconf 89' lang='lat' dir='ltr'>Tandem</span> <span class='ocrx_word' id='word_1_475' title='bbox 3403 2154 3588 2210; x_wconf 83' lang='lat' dir='ltr'>simu-</span> 
     </span>
    </p>
   </div>
   <div class='ocr_carea' id='block_1_70' title="bbox 1934 2243 3591 2320">
    <p class='ocr_par' dir='ltr' id='par_1_70' title="bbox 1934 2243 3591 2320">
     <span class='ocr_line' id='line_1_70' title="bbox 1934 2243 3591 2320; baseline -0.004 -16"><span class='ocrx_word' id='word_1_476' title='bbox 1934 2247 2074 2304; x_wconf 89' lang='lat' dir='ltr'>lavit</span> <span class='ocrx_word' id='word_1_477' title='bbox 2101 2246 2390 2315; x_wconf 87' lang='lat' dir='ltr'>animum,</span> <span class='ocrx_word' id='word_1_478' title='bbox 2414 2253 2472 2305; x_wconf 91' lang='lat' dir='ltr'>et</span> <span class='ocrx_word' id='word_1_479' title='bbox 2491 2248 2662 2320; x_wconf 90' lang='lat' dir='ltr'>quasi</span> <span class='ocrx_word' id='word_1_480' title='bbox 2687 2248 2758 2303; x_wconf 92' lang='lat' dir='ltr'>de</span> <span class='ocrx_word' id='word_1_481' title='bbox 2777 2247 2907 2318; x_wconf 90' lang='lat' dir='ltr'>ejus</span> <span class='ocrx_word' id='word_1_482' title='bbox 2939 2246 3187 2301; x_wconf 89' lang='lat' dir='ltr'>adventu</span> <span class='ocrx_word' id='word_1_483' title='bbox 3209 2243 3591 2317; x_wconf 86' lang='lat' dir='ltr'>gratulabun-</span> 
     </span>
    </p>
   </div>
   <div class='ocr_carea' id='block_1_71' title="bbox 1935 2333 3591 2406">
    <p class='ocr_par' dir='ltr' id='par_1_71' title="bbox 1935 2333 3591 2406">
     <span class='ocr_line' id='line_1_71' title="bbox 1935 2333 3591 2406; baseline -0.003 -13"><span class='ocrx_word' id='word_1_484' title='bbox 1935 2338 2048 2394; x_wconf 89' lang='lat' dir='ltr'>dus</span> <span class='ocrx_word' id='word_1_485' title='bbox 2078 2342 2253 2404; x_wconf 90' lang='lat' dir='ltr'>esset,</span> <span class='ocrx_word' id='word_1_486' title='bbox 2288 2337 2451 2393; x_wconf 88' lang='lat' dir='ltr'>misit</span> <span class='ocrx_word' id='word_1_487' title='bbox 2499 2336 2727 2393; x_wconf 89' lang='lat' dir='ltr'>obviam</span> <span class='ocrx_word' id='word_1_488' title='bbox 2778 2335 3143 2402; x_wconf 86' lang='lat' dir='ltr'>Bnamundo,</span> <span class='ocrx_word' id='word_1_489' title='bbox 3180 2333 3280 2406; x_wconf 90' lang='lat' dir='ltr'>qui</span> <span class='ocrx_word' id='word_1_490' title='bbox 3320 2349 3456 2388; x_wconf 90' lang='lat' dir='ltr'>eum</span> <span class='ocrx_word' id='word_1_491' title='bbox 3488 2349 3591 2405; x_wconf 91' lang='lat' dir='ltr'>per</span> 
     </span>
    </p>
   </div>
   <div class='ocr_carea' id='block_1_72' title="bbox 1933 2421 3587 2504">
    <p class='ocr_par' dir='ltr' id='par_1_72' title="bbox 1933 2421 3587 2504">
     <span class='ocr_line' id='line_1_72' title="bbox 1933 2421 3587 2504; baseline -0.005 -20"><span class='ocrx_word' id='word_1_492' title='bbox 1933 2427 2195 2504; x_wconf 82' lang='lat' dir='ltr'>civitates</span> <span class='ocrx_word' id='word_1_493' title='bbox 2226 2431 2284 2482; x_wconf 92' lang='lat' dir='ltr'>ct</span> <span class='ocrx_word' id='word_1_494' title='bbox 2306 2425 2550 2482; x_wconf 87' lang='lat' dir='ltr'>castella</span> <span class='ocrx_word' id='word_1_495' title='bbox 2581 2443 2688 2482; x_wconf 91' lang='lat' dir='ltr'>sua</span> <span class='ocrx_word' id='word_1_496' title='bbox 2719 2429 3020 2498; x_wconf 84' lang='lat' dir='ltr'>gratanter</span> <span class='ocrx_word' id='word_1_497' title='bbox 3048 2423 3398 2495; x_wconf 88' lang='lat' dir='ltr'>exciperent,</span> <span class='ocrx_word' id='word_1_498' title='bbox 3428 2425 3486 2477; x_wconf 91' lang='lat' dir='ltr'>et</span> <span class='ocrx_word' id='word_1_499' title='bbox 3514 2421 3587 2477; x_wconf 88' lang='lat' dir='ltr'>ad</span> 
     </span>
    </p>
   </div>
   <div class='ocr_carea' id='block_1_73' title="bbox 1935 2513 3587 2584">
    <p class='ocr_par' dir='ltr' id='par_1_73' title="bbox 1935 2513 3587 2584">
     <span class='ocr_line' id='line_1_73' title="bbox 1935 2513 3587 2584; baseline -0.005 -12"><span class='ocrx_word' id='word_1_500' title='bbox 1935 2533 1996 2572; x_wconf 88' lang='lat' dir='ltr'>se</span> <span class='ocrx_word' id='word_1_501' title='bbox 2013 2534 2146 2572; x_wconf 91' lang='lat' dir='ltr'>cum</span> <span class='ocrx_word' id='word_1_502' title='bbox 2171 2516 2613 2572; x_wconf 86' lang='lat' dir='ltr'>honoriﬁcentia</span> <span class='ocrx_word' id='word_1_503' title='bbox 2633 2516 3046 2570; x_wconf 89' lang='lat' dir='ltr'>conducerent.</span> <span class='ocrx_word' id='word_1_504' title='bbox 3063 2513 3437 2584; x_wconf 89' lang='lat' dir='ltr'>Compertum</span> <span class='ocrx_word' id='word_1_505' title='bbox 3456 2527 3587 2566; x_wconf 84' lang='lat' dir='ltr'>vero</span> 
     </span>
    </p>
   </div>
   <div class='ocr_carea' id='block_1_74' title="bbox 1936 2599 3587 2678">
    <p class='ocr_par' dir='ltr' id='par_1_74' title="bbox 1936 2599 3587 2678">
     <span class='ocr_line' id='line_1_74' title="bbox 1936 2599 3587 2678; baseline -0.005 -16"><span class='ocrx_word' id='word_1_506' title='bbox 1936 2607 2122 2663; x_wconf 92' lang='lat' dir='ltr'>nostri</span> <span class='ocrx_word' id='word_1_507' title='bbox 2171 2605 2469 2662; x_wconf 89' lang='lat' dir='ltr'>habebant</span> <span class='ocrx_word' id='word_1_508' title='bbox 2518 2605 2674 2678; x_wconf 91' lang='lat' dir='ltr'>quod</span> <span class='ocrx_word' id='word_1_509' title='bbox 2727 2621 2840 2659; x_wconf 90' lang='lat' dir='ltr'>non</span> <span class='ocrx_word' id='word_1_510' title='bbox 2892 2603 3102 2676; x_wconf 87' lang='lat' dir='ltr'>agebat</span> <span class='ocrx_word' id='word_1_511' title='bbox 3147 2601 3256 2657; x_wconf 91' lang='lat' dir='ltr'>hoc</span> <span class='ocrx_word' id='word_1_512' title='bbox 3288 2601 3358 2655; x_wconf 91' lang='lat' dir='ltr'>de</span> <span class='ocrx_word' id='word_1_513' title='bbox 3389 2599 3587 2672; x_wconf 90' lang='lat' dir='ltr'>aliquo</span> 
     </span>
    </p>
   </div>
   <div class='ocr_carea' id='block_1_75' title="bbox 1936 2687 3585 2761">
    <p class='ocr_par' dir='ltr' id='par_1_75' title="bbox 1936 2687 3585 2761">
     <span class='ocr_line' id='line_1_75' title="bbox 1936 2687 3585 2761; baseline -0.005 -9"><span class='ocrx_word' id='word_1_514' title='bbox 1936 2695 2224 2752; x_wconf 86' lang='lat' dir='ltr'>famulatu</span> <span class='ocrx_word' id='word_1_515' title='bbox 2256 2694 2550 2761; x_wconf 69' lang='lat' dir='ltr'>amicitiae,</span> <span class='ocrx_word' id='word_1_516' title='bbox 2575 2694 2674 2750; x_wconf 92' lang='lat' dir='ltr'>sed</span> <span class='ocrx_word' id='word_1_517' title='bbox 2707 2697 2933 2750; x_wconf 89' lang='lat' dir='ltr'>secreta</span> <span class='ocrx_word' id='word_1_518' title='bbox 2963 2691 3155 2748; x_wconf 90' lang='lat' dir='ltr'>cordis</span> <span class='ocrx_word' id='word_1_519' title='bbox 3186 2687 3585 2746; x_wconf 87' lang='lat' dir='ltr'>simulatione.</span> 
     </span>
    </p>
   </div>
   <div class='ocr_carea' id='block_1_76' title="bbox 1937 2776 3588 2859">
    <p class='ocr_par' dir='ltr' id='par_1_76' title="bbox 1937 2776 3588 2859">
     <span class='ocr_line' id='line_1_76' title="bbox 1937 2776 3588 2859; baseline -0.007 -17"><span class='ocrx_word' id='word_1_520' title='bbox 1937 2786 2228 2859; x_wconf 64' lang='lat' dir='ltr'>Indigenis</span> <span class='ocrx_word' id='word_1_521' title='bbox 2261 2789 2458 2841; x_wconf 88' lang='lat' dir='ltr'>autem</span> <span class='ocrx_word' id='word_1_522' title='bbox 2506 2788 2674 2840; x_wconf 63' lang='lat' dir='ltr'>terra</span> <span class='ocrx_word' id='word_1_523' title='bbox 2728 2782 2909 2848; x_wconf 87' lang='lat' dir='ltr'>illius,</span> <span class='ocrx_word' id='word_1_524' title='bbox 2944 2784 3180 2852; x_wconf 89' lang='lat' dir='ltr'>accepto</span> <span class='ocrx_word' id='word_1_525' title='bbox 3213 2776 3588 2851; x_wconf 89' lang='lat' dir='ltr'>imperatoris</span> 
     </span>
    </p>
   </div>
   <div class='ocr_carea' id='block_1_77' title="bbox 1936 2867 3589 2948">
    <p class='ocr_par' dir='ltr' id='par_1_77' title="bbox 1936 2867 3589 2948">
     <span class='ocr_line' id='line_1_77' title="bbox 1936 2867 3589 2948; baseline -0.007 -17"><span class='ocrx_word' id='word_1_526' title='bbox 1936 2874 2557 2948; x_wconf 90' lang='lat' dir='ltr'>imperio,catervatim</span> <span class='ocrx_word' id='word_1_527' title='bbox 2584 2872 2762 2929; x_wconf 91' lang='lat' dir='ltr'>victui</span> <span class='ocrx_word' id='word_1_528' title='bbox 2790 2869 3122 2927; x_wconf 89' lang='lat' dir='ltr'>necessaria</span> <span class='ocrx_word' id='word_1_529' title='bbox 3142 2867 3589 2924; x_wconf 86' lang='lat' dir='ltr'>conferebantet</span> 
     </span>
    </p>
   </div>
   <div class='ocr_carea' id='block_1_78' title="bbox 1936 2955 3585 3038">
    <p class='ocr_par' dir='ltr' id='par_1_78' title="bbox 1936 2955 3585 3038">
     <span class='ocr_line' id='line_1_78' title="bbox 1936 2955 3585 3038; baseline -0.005 -18"><span class='ocrx_word' id='word_1_530' title='bbox 1936 2963 2118 3038; x_wconf 86' lang='lat' dir='ltr'>pretio</span> <span class='ocrx_word' id='word_1_531' title='bbox 2153 2963 2296 3020; x_wconf 88' lang='lat' dir='ltr'>satis</span> <span class='ocrx_word' id='word_1_532' title='bbox 2313 2961 2665 3036; x_wconf 88' lang='lat' dir='ltr'>competenti</span> <span class='ocrx_word' id='word_1_533' title='bbox 2689 2961 3038 3017; x_wconf 90' lang='lat' dir='ltr'>vendebant.</span> <span class='ocrx_word' id='word_1_534' title='bbox 3055 2959 3267 3029; x_wconf 89' lang='lat' dir='ltr'>Sicque</span> <span class='ocrx_word' id='word_1_535' title='bbox 3286 2955 3585 3011; x_wconf 87' lang='lat' dir='ltr'>venientes</span> 
     </span>
    </p>
   </div>
   <div class='ocr_carea' id='block_1_79' title="bbox 1936 3042 3585 3124">
    <p class='ocr_par' dir='ltr' id='par_1_79' title="bbox 1936 3042 3585 3124">
     <span class='ocr_line' id='line_1_79' title="bbox 1936 3042 3585 3124; baseline -0.007 -14"><span class='ocrx_word' id='word_1_536' title='bbox 1936 3055 2006 3110; x_wconf 89' lang='lat' dir='ltr'>ad</span> <span class='ocrx_word' id='word_1_537' title='bbox 2022 3053 2335 3120; x_wconf 89' lang='lat' dir='ltr'>civitatem,</span> <span class='ocrx_word' id='word_1_538' title='bbox 2356 3069 2482 3124; x_wconf 66' lang='lat' dir='ltr'>quae</span> <span class='ocrx_word' id='word_1_539' title='bbox 2505 3053 2658 3108; x_wconf 78' lang='lat' dir='ltr'>Susa</span> <span class='ocrx_word' id='word_1_540' title='bbox 2683 3052 3064 3114; x_wconf 91' lang='lat' dir='ltr'>memoratur,</span> <span class='ocrx_word' id='word_1_541' title='bbox 3099 3045 3476 3102; x_wconf 89' lang='lat' dir='ltr'>Boamundus</span> <span class='ocrx_word' id='word_1_542' title='bbox 3503 3042 3585 3098; x_wconf 91' lang='lat' dir='ltr'>ibi</span> 
     </span>
    </p>
   </div>
   <div class='ocr_carea' id='block_1_80' title="bbox 1934 3131 3582 3206">
    <p class='ocr_par' dir='ltr' id='par_1_80' title="bbox 1934 3131 3582 3206">
     <span class='ocr_line' id='line_1_80' title="bbox 1934 3131 3582 3206; baseline -0.007 -8"><span class='ocrx_word' id='word_1_543' title='bbox 1934 3159 2109 3198; x_wconf 91' lang='lat' dir='ltr'>suum</span> <span class='ocrx_word' id='word_1_544' title='bbox 2141 3141 2366 3197; x_wconf 90' lang='lat' dir='ltr'>dimisit</span> <span class='ocrx_word' id='word_1_545' title='bbox 2397 3139 2737 3206; x_wconf 89' lang='lat' dir='ltr'>exercitum,</span> <span class='ocrx_word' id='word_1_546' title='bbox 2763 3142 2819 3193; x_wconf 91' lang='lat' dir='ltr'>et</span> <span class='ocrx_word' id='word_1_547' title='bbox 2847 3131 3414 3205; x_wconf 88' lang='lat' dir='ltr'>Constantinopolim</span> <span class='ocrx_word' id='word_1_548' title='bbox 3447 3148 3582 3187; x_wconf 93' lang='lat' dir='ltr'>cum</span> 
     </span>
    </p>
   </div>
   <div class='ocr_carea' id='block_1_81' title="bbox 1932 3223 3584 3303">
    <p class='ocr_par' dir='ltr' id='par_1_81' title="bbox 1932 3223 3584 3303">
     <span class='ocr_line' id='line_1_81' title="bbox 1932 3223 3584 3303; baseline -0.005 -17"><span class='ocrx_word' id='word_1_549' title='bbox 1932 3230 2136 3303; x_wconf 90' lang='lat' dir='ltr'>paucis</span> <span class='ocrx_word' id='word_1_550' title='bbox 2156 3230 2410 3303; x_wconf 83' lang='lat' dir='ltr'>perrexit</span> <span class='ocrx_word' id='word_1_551' title='bbox 2435 3230 2506 3285; x_wconf 90' lang='lat' dir='ltr'>ad</span> <span class='ocrx_word' id='word_1_552' title='bbox 2529 3226 2902 3300; x_wconf 86' lang='lat' dir='ltr'>imperatoris</span> <span class='ocrx_word' id='word_1_553' title='bbox 2933 3223 3312 3296; x_wconf 90' lang='lat' dir='ltr'>colloquium.</span> <span class='ocrx_word' id='word_1_554' title='bbox 3332 3223 3584 3277; x_wconf 84' lang='lat' dir='ltr'>Tancre-</span> 
     </span>
    </p>
   </div>
   <div class='ocr_carea' id='block_1_82' title="bbox 1932 3307 3588 3378">
    <p class='ocr_par' dir='ltr' id='par_1_82' title="bbox 1932 3307 3588 3378">
     <span class='ocr_line' id='line_1_82' title="bbox 1932 3307 3588 3378; baseline -0.004 -3"><span class='ocrx_word' id='word_1_555' title='bbox 1932 3320 2044 3376; x_wconf 92' lang='lat' dir='ltr'>dus</span> <span class='ocrx_word' id='word_1_556' title='bbox 2059 3325 2249 3375; x_wconf 87' lang='lat' dir='ltr'>autem</span> <span class='ocrx_word' id='word_1_557' title='bbox 2266 3317 2750 3374; x_wconf 82' lang='lat' dir='ltr'>remansitduxet</span> <span class='ocrx_word' id='word_1_558' title='bbox 2762 3319 2961 3372; x_wconf 91' lang='lat' dir='ltr'>custos</span> <span class='ocrx_word' id='word_1_559' title='bbox 2988 3311 3295 3378; x_wconf 84' lang='lat' dir='ltr'>exercitus,</span> <span class='ocrx_word' id='word_1_560' title='bbox 3321 3314 3378 3366; x_wconf 89' lang='lat' dir='ltr'>et</span> <span class='ocrx_word' id='word_1_561' title='bbox 3399 3307 3588 3368; x_wconf 73' lang='lat' dir='ltr'>noluit</span> 
     </span>
    </p>
   </div>
   <div class='ocr_carea' id='block_1_83' title="bbox 1932 3398 3586 3479">
    <p class='ocr_par' dir='ltr' id='par_1_83' title="bbox 1932 3398 3586 3479">
     <span class='ocr_line' id='line_1_83' title="bbox 1932 3398 3586 3479; baseline -0.007 -15"><span class='ocrx_word' id='word_1_562' title='bbox 1932 3409 2012 3466; x_wconf 93' lang='lat' dir='ltr'>ibi</span> <span class='ocrx_word' id='word_1_563' title='bbox 2027 3407 2251 3464; x_wconf 90' lang='lat' dir='ltr'>diutius</span> <span class='ocrx_word' id='word_1_564' title='bbox 2273 3424 2530 3474; x_wconf 90' lang='lat' dir='ltr'>manere,</span> <span class='ocrx_word' id='word_1_565' title='bbox 2568 3407 2706 3479; x_wconf 90' lang='lat' dir='ltr'>quia</span> <span class='ocrx_word' id='word_1_566' title='bbox 2726 3403 2984 3462; x_wconf 86' lang='lat' dir='ltr'>extranei</span> <span class='ocrx_word' id='word_1_567' title='bbox 3011 3402 3090 3458; x_wconf 91' lang='lat' dir='ltr'>ibi</span> <span class='ocrx_word' id='word_1_568' title='bbox 3113 3405 3280 3457; x_wconf 89' lang='lat' dir='ltr'>erant</span> <span class='ocrx_word' id='word_1_569' title='bbox 3301 3398 3414 3455; x_wconf 89' lang='lat' dir='ltr'>cibi</span> <span class='ocrx_word' id='word_1_570' title='bbox 3437 3415 3586 3470; x_wconf 92' lang='lat' dir='ltr'>quos</span> 
     </span>
    </p>
   </div>
   <div class='ocr_carea' id='block_1_84' title="bbox 1933 3486 3587 3571">
    <p class='ocr_par' dir='ltr' id='par_1_84' title="bbox 1933 3486 3587 3571">
     <span class='ocr_line' id='line_1_84' title="bbox 1933 3486 3587 3571; baseline -0.008 -17"><span class='ocrx_word' id='word_1_571' title='bbox 1933 3499 2045 3554; x_wconf 90' lang='lat' dir='ltr'>sibi</span> <span class='ocrx_word' id='word_1_572' title='bbox 2077 3497 2384 3571; x_wconf 88' lang='lat' dir='ltr'>oportebat</span> <span class='ocrx_word' id='word_1_573' title='bbox 2413 3513 2625 3564; x_wconf 89' lang='lat' dir='ltr'>emere,</span> <span class='ocrx_word' id='word_1_574' title='bbox 2659 3499 2716 3551; x_wconf 91' lang='lat' dir='ltr'>et</span> <span class='ocrx_word' id='word_1_575' title='bbox 2735 3495 2936 3551; x_wconf 82' lang='lat' dir='ltr'>eduxit</span> <span class='ocrx_word' id='word_1_576' title='bbox 2956 3510 3056 3549; x_wconf 92' lang='lat' dir='ltr'>eos</span> <span class='ocrx_word' id='word_1_577' title='bbox 3080 3506 3343 3548; x_wconf 90' lang='lat' dir='ltr'>seorsum</span> <span class='ocrx_word' id='word_1_578' title='bbox 3377 3487 3436 3543; x_wconf 91' lang='lat' dir='ltr'>in</span> <span class='ocrx_word' id='word_1_579' title='bbox 3466 3486 3587 3542; x_wconf 90' lang='lat' dir='ltr'>val-</span> 
     </span>
    </p>
   </div>
   <div class='ocr_carea' id='block_1_85' title="bbox 1931 3575 3584 3651">
    <p class='ocr_par' dir='ltr' id='par_1_85' title="bbox 1931 3575 3584 3651">
     <span class='ocr_line' id='line_1_85' title="bbox 1931 3575 3584 3651; baseline -0.008 -7"><span class='ocrx_word' id='word_1_580' title='bbox 1931 3587 2047 3644; x_wconf 90' lang='lat' dir='ltr'>lem</span> <span class='ocrx_word' id='word_1_581' title='bbox 2081 3587 2226 3644; x_wconf 91' lang='lat' dir='ltr'>satis</span> <span class='ocrx_word' id='word_1_582' title='bbox 2257 3586 2536 3643; x_wconf 90' lang='lat' dir='ltr'>omnibus</span> <span class='ocrx_word' id='word_1_583' title='bbox 2565 3585 2736 3641; x_wconf 90' lang='lat' dir='ltr'>bonis</span> <span class='ocrx_word' id='word_1_584' title='bbox 2785 3583 3147 3640; x_wconf 88' lang='lat' dir='ltr'>uberrimam</span> <span class='ocrx_word' id='word_1_585' title='bbox 3179 3583 3237 3636; x_wconf 90' lang='lat' dir='ltr'>et</span> <span class='ocrx_word' id='word_1_586' title='bbox 3265 3575 3584 3651; x_wconf 84' lang='lat' dir='ltr'>corporali-</span> 
     </span>
    </p>
   </div>
   <div class='ocr_carea' id='block_1_86' title="bbox 1933 3674 2943 3746">
    <p class='ocr_par' dir='ltr' id='par_1_86' title="bbox 1933 3674 2943 3746">
     <span class='ocr_line' id='line_1_86' title="bbox 1933 3674 2943 3746; baseline -0.005 -14"><span class='ocrx_word' id='word_1_587' title='bbox 1933 3677 2046 3734; x_wconf 88' lang='lat' dir='ltr'>bus</span> <span class='ocrx_word' id='word_1_588' title='bbox 2077 3675 2454 3733; x_wconf 90' lang='lat' dir='ltr'>incrementis</span> <span class='ocrx_word' id='word_1_589' title='bbox 2486 3675 2630 3731; x_wconf 91' lang='lat' dir='ltr'>satis</span> <span class='ocrx_word' id='word_1_590' title='bbox 2661 3674 2943 3746; x_wconf 89' lang='lat' dir='ltr'>opimam.</span> 
     </span>
    </p>
   </div>
   <div class='ocr_carea' id='block_1_87' title="bbox 2581 3762 2952 3819">
    <p class='ocr_par' dir='ltr' id='par_1_87' title="bbox 2581 3762 2952 3819">
     <span class='ocr_line' id='line_1_87' title="bbox 2581 3762 2952 3819; baseline -0.008 0"><span class='ocrx_word' id='word_1_591' title='bbox 2581 3763 2811 3819; x_wconf 84' lang='lat' dir='ltr'>CAPUT</span> <span class='ocrx_word' id='word_1_592' title='bbox 2852 3762 2952 3817; x_wconf 91' lang='lat' dir='ltr'>III.</span> 
     </span>
    </p>
   </div>
   <div class='ocr_carea' id='block_1_88' title="bbox 2005 3848 3590 3916">
    <p class='ocr_par' dir='ltr' id='par_1_88' title="bbox 2005 3848 3590 3916">
     <span class='ocr_line' id='line_1_88' title="bbox 2005 3848 3590 3916; baseline -0.004 -5"><span class='ocrx_word' id='word_1_593' title='bbox 2005 3855 2233 3911; x_wconf 89' lang='lat' dir='ltr'>Interea</span> <span class='ocrx_word' id='word_1_594' title='bbox 2253 3854 2636 3909; x_wconf 89' lang='lat' dir='ltr'>Boamundus</span> <span class='ocrx_word' id='word_1_595' title='bbox 2655 3853 2796 3907; x_wconf 90' lang='lat' dir='ltr'>dum</span> <span class='ocrx_word' id='word_1_596' title='bbox 2811 3851 3149 3906; x_wconf 89' lang='lat' dir='ltr'>adventaret</span> <span class='ocrx_word' id='word_1_597' title='bbox 3166 3848 3590 3916; x_wconf 85' lang='lat' dir='ltr'>civitati,Fran-</span> 
     </span>
    </p>
   </div>
   <div class='ocr_carea' id='block_1_89' title="bbox 1935 3939 3589 4014">
    <p class='ocr_par' dir='ltr' id='par_1_89' title="bbox 1935 3939 3589 4014">
     <span class='ocr_line' id='line_1_89' title="bbox 1935 3939 3589 4014; baseline -0.004 -14"><span class='ocrx_word' id='word_1_598' title='bbox 1935 3961 2136 4000; x_wconf 86' lang='lat' dir='ltr'>eorum</span> <span class='ocrx_word' id='word_1_599' title='bbox 2151 3942 2440 4000; x_wconf 89' lang='lat' dir='ltr'>exercitus</span> <span class='ocrx_word' id='word_1_600' title='bbox 2456 3959 2592 4014; x_wconf 89' lang='lat' dir='ltr'>pars</span> <span class='ocrx_word' id='word_1_601' title='bbox 2606 3941 2863 3996; x_wconf 78' lang='lat' dir='ltr'>maxima</span> <span class='ocrx_word' id='word_1_602' title='bbox 2877 3939 3037 3996; x_wconf 90' lang='lat' dir='ltr'>venit</span> <span class='ocrx_word' id='word_1_603' title='bbox 3051 3939 3102 3995; x_wconf 87' lang='lat' dir='ltr'>ei</span> <span class='ocrx_word' id='word_1_604' title='bbox 3121 3940 3438 4009; x_wconf 89' lang='lat' dir='ltr'>obviam,et</span> <span class='ocrx_word' id='word_1_605' title='bbox 3449 3955 3589 3994; x_wconf 89' lang='lat' dir='ltr'>una-</span> 
     </span>
    </p>
   </div>
   <div class='ocr_carea' id='block_1_90' title="bbox 1934 4027 3584 4104">
    <p class='ocr_par' dir='ltr' id='par_1_90' title="bbox 1934 4027 3584 4104">
     <span class='ocr_line' id='line_1_90' title="bbox 1934 4027 3584 4104; baseline -0.003 -15"><span class='ocrx_word' id='word_1_606' title='bbox 1934 4033 2172 4090; x_wconf 91' lang='lat' dir='ltr'>nimiter</span> <span class='ocrx_word' id='word_1_607' title='bbox 2192 4036 2535 4104; x_wconf 90' lang='lat' dir='ltr'>receperunt</span> <span class='ocrx_word' id='word_1_608' title='bbox 2551 4048 2708 4098; x_wconf 90' lang='lat' dir='ltr'>eum,</span> <span class='ocrx_word' id='word_1_609' title='bbox 2727 4031 2880 4086; x_wconf 88' lang='lat' dir='ltr'>sicut</span> <span class='ocrx_word' id='word_1_610' title='bbox 2901 4033 3090 4084; x_wconf 89' lang='lat' dir='ltr'>mater</span> <span class='ocrx_word' id='word_1_611' title='bbox 3110 4028 3351 4084; x_wconf 90' lang='lat' dir='ltr'>unicum</span> <span class='ocrx_word' id='word_1_612' title='bbox 3375 4027 3584 4084; x_wconf 90' lang='lat' dir='ltr'>ﬁlium.</span> 
     </span>
    </p>
   </div>
   <div class='ocr_carea' id='block_1_91' title="bbox 1935 4117 3587 4191">
    <p class='ocr_par' dir='ltr' id='par_1_91' title="bbox 1935 4117 3587 4191">
     <span class='ocr_line' id='line_1_91' title="bbox 1935 4117 3587 4191; baseline -0.003 -12"><span class='ocrx_word' id='word_1_613' title='bbox 1935 4122 2310 4180; x_wconf 87' lang='lat' dir='ltr'>Boamundus</span> <span class='ocrx_word' id='word_1_614' title='bbox 2342 4125 2540 4176; x_wconf 91' lang='lat' dir='ltr'>autem</span> <span class='ocrx_word' id='word_1_615' title='bbox 2564 4125 2629 4176; x_wconf 93' lang='lat' dir='ltr'>ut</span> <span class='ocrx_word' id='word_1_616' title='bbox 2657 4118 3032 4191; x_wconf 87' lang='lat' dir='ltr'>conspicatus</span> <span class='ocrx_word' id='word_1_617' title='bbox 3061 4122 3149 4174; x_wconf 91' lang='lat' dir='ltr'>est</span> <span class='ocrx_word' id='word_1_618' title='bbox 3179 4122 3264 4174; x_wconf 91' lang='lat' dir='ltr'>tot</span> <span class='ocrx_word' id='word_1_619' title='bbox 3291 4117 3587 4187; x_wconf 88' lang='lat' dir='ltr'>consules,</span> 
     </span>
    </p>
   </div>
   <div class='ocr_carea' id='block_1_92' title="bbox 1933 4204 3586 4280">
    <p class='ocr_par' dir='ltr' id='par_1_92' title="bbox 1933 4204 3586 4280">
     <span class='ocr_line' id='line_1_92' title="bbox 1933 4204 3586 4280; baseline -0.004 -12"><span class='ocrx_word' id='word_1_620' title='bbox 1933 4216 2021 4268; x_wconf 90' lang='lat' dir='ltr'>tot</span> <span class='ocrx_word' id='word_1_621' title='bbox 2050 4211 2252 4278; x_wconf 90' lang='lat' dir='ltr'>duces,</span> <span class='ocrx_word' id='word_1_622' title='bbox 2287 4214 2374 4265; x_wconf 91' lang='lat' dir='ltr'>tot</span> <span class='ocrx_word' id='word_1_623' title='bbox 2415 4208 2728 4280; x_wconf 88' lang='lat' dir='ltr'>optimates</span> <span class='ocrx_word' id='word_1_624' title='bbox 2760 4207 2991 4263; x_wconf 89' lang='lat' dir='ltr'>obviam</span> <span class='ocrx_word' id='word_1_625' title='bbox 3026 4206 3136 4262; x_wconf 90' lang='lat' dir='ltr'>sibi</span> <span class='ocrx_word' id='word_1_626' title='bbox 3167 4223 3493 4271; x_wconf 90' lang='lat' dir='ltr'>occurrere,</span> <span class='ocrx_word' id='word_1_627' title='bbox 3521 4204 3586 4278; x_wconf 80' lang='lat' dir='ltr'>in</span> 
     </span>
    </p>
   </div>
   <div class='ocr_carea' id='block_1_93' title="bbox 1935 4293 3584 4371">
    <p class='ocr_par' dir='ltr' id='par_1_93' title="bbox 1935 4293 3584 4371">
     <span class='ocr_line' id='line_1_93' title="bbox 1935 4293 3584 4371; baseline -0.004 -15"><span class='ocrx_word' id='word_1_628' title='bbox 1935 4299 2146 4357; x_wconf 64' lang='lat' dir='ltr'>caelum</span> <span class='ocrx_word' id='word_1_629' title='bbox 2171 4316 2384 4355; x_wconf 90' lang='lat' dir='ltr'>manus</span> <span class='ocrx_word' id='word_1_630' title='bbox 2405 4298 2658 4371; x_wconf 90' lang='lat' dir='ltr'>erigens,</span> <span class='ocrx_word' id='word_1_631' title='bbox 2674 4295 2894 4353; x_wconf 88' lang='lat' dir='ltr'>obortis</span> <span class='ocrx_word' id='word_1_632' title='bbox 2916 4313 3032 4368; x_wconf 71' lang='lat' dir='ltr'>prae</span> <span class='ocrx_word' id='word_1_633' title='bbox 3055 4294 3267 4368; x_wconf 89' lang='lat' dir='ltr'>gaudio</span> <span class='ocrx_word' id='word_1_634' title='bbox 3289 4293 3584 4367; x_wconf 80' lang='lat' dir='ltr'>lacrymis,</span> 
     </span>
    </p>
   </div>
   <div class='ocr_carea' id='block_1_94' title="bbox 1935 4383 3587 4457">
    <p class='ocr_par' dir='ltr' id='par_1_94' title="bbox 1935 4383 3587 4457">
     <span class='ocr_line' id='line_1_94' title="bbox 1935 4383 3587 4457; baseline -0.004 -12"><span class='ocrx_word' id='word_1_635' title='bbox 1935 4389 2093 4446; x_wconf 86' lang='lat' dir='ltr'>ﬂevit</span> <span class='ocrx_word' id='word_1_636' title='bbox 2122 4387 2437 4454; x_wconf 90' lang='lat' dir='ltr'>uberrime,</span> <span class='ocrx_word' id='word_1_637' title='bbox 2471 4391 2529 4443; x_wconf 90' lang='lat' dir='ltr'>et</span> <span class='ocrx_word' id='word_1_638' title='bbox 2568 4384 2850 4443; x_wconf 90' lang='lat' dir='ltr'>osculatis</span> <span class='ocrx_word' id='word_1_639' title='bbox 2898 4384 3188 4457; x_wconf 90' lang='lat' dir='ltr'>pluribus,</span> <span class='ocrx_word' id='word_1_640' title='bbox 3223 4383 3318 4438; x_wconf 84' lang='lat' dir='ltr'>vix</span> <span class='ocrx_word' id='word_1_641' title='bbox 3346 4384 3587 4440; x_wconf 88' lang='lat' dir='ltr'>tandem</span> 
     </span>
    </p>
   </div>
   <div class='ocr_carea' id='block_1_95' title="bbox 165 4472 3590 4557">
    <p class='ocr_par' dir='ltr' id='par_1_95' title="bbox 165 4472 3590 4557">
     <span class='ocr_line' id='line_1_95' title="bbox 165 4472 3590 4557; baseline -0.001 -23"><span class='ocrx_word' id='word_1_642' title='bbox 165 4477 441 4550; x_wconf 85' lang='lat' dir='ltr'>etplures</span> <span class='ocrx_word' id='word_1_643' title='bbox 463 4479 665 4548; x_wconf 89' lang='lat' dir='ltr'>captos</span> <span class='ocrx_word' id='word_1_644' title='bbox 685 4475 744 4530; x_wconf 93' lang='lat' dir='ltr'>in</span> <span class='ocrx_word' id='word_1_645' title='bbox 766 4475 1004 4531; x_wconf 86' lang='lat' dir='ltr'>vincula</span> <span class='ocrx_word' id='word_1_646' title='bbox 1024 4475 1423 4546; x_wconf 89' lang='lat' dir='ltr'>conjecerunt,</span> <span class='ocrx_word' id='word_1_647' title='bbox 1447 4478 1506 4530; x_wconf 90' lang='lat' dir='ltr'>et</span> <span class='ocrx_word' id='word_1_648' title='bbox 1525 4474 1821 4547; x_wconf 66' lang='lat' dir='ltr'>lorisirre-</span> <span class='ocrx_word' id='word_1_649' title='bbox 1855 4493 1902 4557; x_wconf 74' lang='grc' dir='ltr'><strong>ι)</strong></span> <span class='ocrx_word' id='word_1_650' title='bbox 1934 4477 2218 4552; x_wconf 89' lang='lat' dir='ltr'>repressis</span> <span class='ocrx_word' id='word_1_651' title='bbox 2244 4475 2627 4550; x_wconf 89' lang='lat' dir='ltr'>singultibus,</span> <span class='ocrx_word' id='word_1_652' title='bbox 2662 4478 2727 4531; x_wconf 91' lang='lat' dir='ltr'>ut</span> <span class='ocrx_word' id='word_1_653' title='bbox 2760 4474 2918 4548; x_wconf 88' lang='lat' dir='ltr'>loqui</span> <span class='ocrx_word' id='word_1_654' title='bbox 2954 4472 3166 4546; x_wconf 92' lang='lat' dir='ltr'>potuit,</span> <span class='ocrx_word' id='word_1_655' title='bbox 3192 4473 3456 4528; x_wconf 78' lang='lat' dir='ltr'>suffusus</span> <span class='ocrx_word' id='word_1_656' title='bbox 3487 4489 3590 4529; x_wconf 91' lang='lat' dir='ltr'>ora</span> 
     </span>
    </p>
   </div>
   <div class='ocr_carea' id='block_1_96' title="bbox 169 4563 1824 4634">
    <p class='ocr_par' dir='ltr' id='par_1_96' title="bbox 169 4563 1824 4634">
     <span class='ocr_line' id='line_1_96' title="bbox 169 4563 1824 4634; baseline -0.001 -12"><span class='ocrx_word' id='word_1_657' title='bbox 169 4567 314 4622; x_wconf 90' lang='lat' dir='ltr'>titos</span> <span class='ocrx_word' id='word_1_658' title='bbox 334 4565 407 4620; x_wconf 90' lang='lat' dir='ltr'>ad</span> <span class='ocrx_word' id='word_1_659' title='bbox 432 4565 840 4621; x_wconf 90' lang='lat' dir='ltr'>Boamundum</span> <span class='ocrx_word' id='word_1_660' title='bbox 867 4565 1421 4630; x_wconf 86' lang='lat' dir='ltr'>adduxerunt.Quos</span> <span class='ocrx_word' id='word_1_661' title='bbox 1443 4567 1510 4619; x_wconf 88' lang='lat' dir='ltr'>ut</span> <span class='ocrx_word' id='word_1_662' title='bbox 1526 4563 1692 4634; x_wconf 88' lang='lat' dir='ltr'>vidit,</span> <span class='ocrx_word' id='word_1_663' title='bbox 1707 4565 1824 4621; x_wconf 91' lang='lat' dir='ltr'>Deo</span> 
     </span>
    </p>
   </div>
   <div class='ocr_carea' id='block_1_97' title="bbox 175 4652 1826 4728">
    <p class='ocr_par' dir='ltr' id='par_1_97' title="bbox 175 4652 1826 4728">
     <span class='ocr_line' id='line_1_97' title="bbox 175 4652 1826 4728; baseline -0.001 -18"><span class='ocrx_word' id='word_1_664' title='bbox 175 4655 404 4728; x_wconf 86' lang='lat' dir='ltr'>gratias</span> <span class='ocrx_word' id='word_1_665' title='bbox 434 4653 573 4727; x_wconf 90' lang='lat' dir='ltr'>egit,</span> <span class='ocrx_word' id='word_1_666' title='bbox 605 4659 663 4710; x_wconf 90' lang='lat' dir='ltr'>et</span> <span class='ocrx_word' id='word_1_667' title='bbox 691 4653 864 4709; x_wconf 88' lang='lat' dir='ltr'>hilari</span> <span class='ocrx_word' id='word_1_668' title='bbox 895 4652 1058 4708; x_wconf 89' lang='lat' dir='ltr'>vultu</span> <span class='ocrx_word' id='word_1_669' title='bbox 1081 4653 1413 4721; x_wconf 90' lang='lat' dir='ltr'>subridens,</span> <span class='ocrx_word' id='word_1_670' title='bbox 1435 4652 1518 4709; x_wconf 90' lang='lat' dir='ltr'>eis</span> <span class='ocrx_word' id='word_1_671' title='bbox 1534 4653 1826 4726; x_wconf 89' lang='lat' dir='ltr'>perinter-</span> 
     </span>
    </p>
   </div>
   <div class='ocr_carea' id='block_1_98' title="bbox 175 4741 1827 4817">
    <p class='ocr_par' dir='ltr' id='par_1_98' title="bbox 175 4741 1827 4817">
     <span class='ocr_line' id='line_1_98' title="bbox 175 4741 1827 4817; baseline -0.001 -18"><span class='ocrx_word' id='word_1_672' title='bbox 175 4747 403 4817; x_wconf 81' lang='lat' dir='ltr'>pretem</span> <span class='ocrx_word' id='word_1_673' title='bbox 437 4742 580 4799; x_wconf 74' lang='lat' dir='ltr'>dixit</span> <span class='ocrx_word' id='word_1_674' title='bbox 609 4759 624 4798; x_wconf 91' lang='lat'><strong>:</strong></span> <span class='ocrx_word' id='word_1_675' title='bbox 663 4765 692 4795; x_wconf 83' lang='lat'><strong><em>«</em></strong></span> <span class='ocrx_word' id='word_1_676' title='bbox 719 4745 872 4800; x_wconf 87' lang='lat' dir='ltr'>Gens</span> <span class='ocrx_word' id='word_1_677' title='bbox 925 4741 1079 4798; x_wconf 89' lang='lat' dir='ltr'>male</span> <span class='ocrx_word' id='word_1_678' title='bbox 1133 4759 1296 4811; x_wconf 85' lang='lat' dir='ltr'>sana,</span> <span class='ocrx_word' id='word_1_679' title='bbox 1331 4759 1510 4814; x_wconf 91' lang='lat' dir='ltr'>quare</span> <span class='ocrx_word' id='word_1_680' title='bbox 1566 4742 1827 4815; x_wconf 67' lang='lat' dir='ltr'>quaeritis</span> 
     </span>
    </p>
   </div>
   <div class='ocr_carea' id='block_1_99' title="bbox 175 4831 1826 4904">
    <p class='ocr_par' dir='ltr' id='par_1_99' title="bbox 175 4831 1826 4904">
     <span class='ocr_line' id='line_1_99' title="bbox 175 4831 1826 4904; baseline -0.001 -14"><span class='ocrx_word' id='word_1_681' title='bbox 175 4832 442 4890; x_wconf 89' lang='lat' dir='ltr'>occidere</span> <span class='ocrx_word' id='word_1_682' title='bbox 470 4837 705 4904; x_wconf 87' lang='lat' dir='ltr'>gentem</span> <span class='ocrx_word' id='word_1_683' title='bbox 740 4836 999 4888; x_wconf 91' lang='lat' dir='ltr'>nostram</span> <span class='ocrx_word' id='word_1_684' title='bbox 1032 4837 1090 4888; x_wconf 92' lang='lat' dir='ltr'>et</span> <span class='ocrx_word' id='word_1_685' title='bbox 1121 4831 1264 4888; x_wconf 83' lang='lat' dir='ltr'>Dei?</span> <span class='ocrx_word' id='word_1_686' title='bbox 1294 4849 1402 4887; x_wconf 92' lang='lat' dir='ltr'>nos</span> <span class='ocrx_word' id='word_1_687' title='bbox 1432 4849 1639 4888; x_wconf 89' lang='lat' dir='ltr'>sumus</span> <span class='ocrx_word' id='word_1_688' title='bbox 1661 4833 1826 4888; x_wconf 89' lang='lat' dir='ltr'>Chri-</span> 
     </span>
    </p>
   </div>
   <div class='ocr_carea' id='block_1_100' title="bbox 169 4921 1825 4994">
    <p class='ocr_par' dir='ltr' id='par_1_100' title="bbox 169 4921 1825 4994">
     <span class='ocr_line' id='line_1_100' title="bbox 169 4921 1825 4994; baseline -0.001 -16"><span class='ocrx_word' id='word_1_689' title='bbox 169 4923 378 4978; x_wconf 70' lang='lat' dir='ltr'>stiana:</span> <span class='ocrx_word' id='word_1_690' title='bbox 403 4921 536 4978; x_wconf 87' lang='lat' dir='ltr'>ﬁdei</span> <span class='ocrx_word' id='word_1_691' title='bbox 565 4925 868 4977; x_wconf 88' lang='lat' dir='ltr'>consortes</span> <span class='ocrx_word' id='word_1_692' title='bbox 887 4925 944 4977; x_wconf 90' lang='lat' dir='ltr'>et</span> <span class='ocrx_word' id='word_1_693' title='bbox 965 4921 1295 4989; x_wconf 89' lang='lat' dir='ltr'>domestici,</span> <span class='ocrx_word' id='word_1_694' title='bbox 1318 4925 1376 4976; x_wconf 93' lang='lat' dir='ltr'>et</span> <span class='ocrx_word' id='word_1_695' title='bbox 1398 4921 1691 4994; x_wconf 89' lang='lat' dir='ltr'>peregrini</span> <span class='ocrx_word' id='word_1_696' title='bbox 1717 4922 1825 4977; x_wconf 91' lang='lat' dir='ltr'>mi-</span> 
     </span>
    </p>
   </div>
   <div class='ocr_carea' id='block_1_101' title="bbox 169 5009 1827 5084">
    <p class='ocr_par' dir='ltr' id='par_1_101' title="bbox 169 5009 1827 5084">
     <span class='ocr_line' id='line_1_101' title="bbox 169 5009 1827 5084; baseline -0.001 -15"><span class='ocrx_word' id='word_1_697' title='bbox 169 5013 310 5069; x_wconf 90' lang='lat' dir='ltr'>lites</span> <span class='ocrx_word' id='word_1_698' title='bbox 340 5011 398 5067; x_wconf 88' lang='lat' dir='ltr'>S.</span> <span class='ocrx_word' id='word_1_699' title='bbox 434 5009 710 5083; x_wconf 90' lang='lat' dir='ltr'>sepulcri.</span> <span class='ocrx_word' id='word_1_700' title='bbox 743 5011 861 5067; x_wconf 90' lang='lat' dir='ltr'>Nos</span> <span class='ocrx_word' id='word_1_701' title='bbox 891 5011 1185 5067; x_wconf 90' lang='lat' dir='ltr'>neminem</span> <span class='ocrx_word' id='word_1_702' title='bbox 1218 5015 1477 5067; x_wconf 90' lang='lat' dir='ltr'>vestrum</span> <span class='ocrx_word' id='word_1_703' title='bbox 1508 5010 1827 5084; x_wconf 63' lang='lat' dir='ltr'>quaerimus</span> 
     </span>
    </p>
   </div>
   <div class='ocr_carea' id='block_1_102' title="bbox 169 5098 1826 5173">
    <p class='ocr_par' dir='ltr' id='par_1_102' title="bbox 169 5098 1826 5173">
     <span class='ocr_line' id='line_1_102' title="bbox 169 5098 1826 5173; baseline -0.001 -16"><span class='ocrx_word' id='word_1_704' title='bbox 169 5101 403 5168; x_wconf 70' lang='lat' dir='ltr'>ledere,</span> <span class='ocrx_word' id='word_1_705' title='bbox 437 5114 544 5156; x_wconf 91' lang='lat' dir='ltr'>nec</span> <span class='ocrx_word' id='word_1_706' title='bbox 575 5099 913 5173; x_wconf 87' lang='lat' dir='ltr'>imperatori</span> <span class='ocrx_word' id='word_1_707' title='bbox 945 5104 1139 5156; x_wconf 89' lang='lat' dir='ltr'>vestro</span> <span class='ocrx_word' id='word_1_708' title='bbox 1172 5099 1453 5156; x_wconf 89' lang='lat' dir='ltr'>molimur</span> <span class='ocrx_word' id='word_1_709' title='bbox 1473 5098 1693 5172; x_wconf 90' lang='lat' dir='ltr'>aliquid</span> <span class='ocrx_word' id='word_1_710' title='bbox 1716 5117 1826 5156; x_wconf 91' lang='lat' dir='ltr'>au-</span> 
     </span>
    </p>
   </div>
   <div class='ocr_carea' id='block_1_103' title="bbox 171 5189 1825 5263">
    <p class='ocr_par' dir='ltr' id='par_1_103' title="bbox 171 5189 1825 5263">
     <span class='ocr_line' id='line_1_103' title="bbox 171 5189 1825 5263; baseline -0.001 -16"><span class='ocrx_word' id='word_1_711' title='bbox 171 5193 343 5249; x_wconf 85' lang='lat' dir='ltr'>ferre.</span> <span class='ocrx_word' id='word_1_712' title='bbox 376 5212 407 5242; x_wconf 83' lang='lat'><strong>»</strong></span> <span class='ocrx_word' id='word_1_713' title='bbox 437 5189 526 5246; x_wconf 87' lang='lat' dir='ltr'>Ad</span> <span class='ocrx_word' id='word_1_714' title='bbox 556 5189 678 5246; x_wconf 72' lang='lat' dir='ltr'>haec</span> <span class='ocrx_word' id='word_1_715' title='bbox 711 5189 797 5246; x_wconf 91' lang='lat' dir='ltr'>illi</span> <span class='ocrx_word' id='word_1_716' title='bbox 847 5189 1268 5263; x_wconf 89' lang='lat' dir='ltr'>respondentes</span> <span class='ocrx_word' id='word_1_717' title='bbox 1300 5189 1573 5246; x_wconf 86' lang='lat' dir='ltr'>dixerunt</span> <span class='ocrx_word' id='word_1_718' title='bbox 1603 5205 1614 5246; x_wconf 94' lang='lat'><strong>:</strong></span> <span class='ocrx_word' id='word_1_719' title='bbox 1649 5212 1678 5240; x_wconf 86' lang='lat'><strong><em>«</em></strong></span> <span class='ocrx_word' id='word_1_720' title='bbox 1711 5190 1825 5246; x_wconf 85' lang='lat' dir='ltr'>Do-</span> 
     </span>
    </p>
   </div>
   <div class='ocr_carea' id='block_1_104' title="bbox 1939 4561 3589 4633">
    <p class='ocr_par' dir='ltr' id='par_1_104' title="bbox 1939 4561 3589 4633">
     <span class='ocr_line' id='line_1_104' title="bbox 1939 4561 3589 4633; baseline -0.005 -10"><span class='ocrx_word' id='word_1_721' title='bbox 1939 4567 2174 4624; x_wconf 88' lang='lat' dir='ltr'>fletibus</span> <span class='ocrx_word' id='word_1_722' title='bbox 2203 4567 2262 4622; x_wconf 92' lang='lat' dir='ltr'>in</span> <span class='ocrx_word' id='word_1_723' title='bbox 2295 4566 2415 4622; x_wconf 59' lang='lat' dir='ltr'>hac</span> <span class='ocrx_word' id='word_1_724' title='bbox 2443 4566 2620 4622; x_wconf 89' lang='lat' dir='ltr'>verba</span> <span class='ocrx_word' id='word_1_725' title='bbox 2648 4581 2889 4621; x_wconf 85' lang='lat' dir='ltr'>exorsus</span> <span class='ocrx_word' id='word_1_726' title='bbox 2919 4567 3008 4619; x_wconf 89' lang='lat' dir='ltr'>est</span> <span class='ocrx_word' id='word_1_727' title='bbox 3034 4561 3142 4618; x_wconf 88' lang='lat' dir='ltr'>fari</span> <span class='ocrx_word' id='word_1_728' title='bbox 3172 4562 3283 4633; x_wconf 89' lang='grc'>(17)</span> <span class='ocrx_word' id='word_1_729' title='bbox 3309 4577 3322 4616; x_wconf 88' lang='lat'>:</span> <span class='ocrx_word' id='word_1_730' title='bbox 3356 4561 3444 4616; x_wconf 84' lang='grc' dir='ltr'>«Ο</span> <span class='ocrx_word' id='word_1_731' title='bbox 3466 4561 3589 4617; x_wconf 86' lang='lat' dir='ltr'>bel-</span> 
     </span>
    </p>
   </div>
   <div class='ocr_carea' id='block_1_105' title="bbox 1937 4649 3589 4726">
    <p class='ocr_par' dir='ltr' id='par_1_105' title="bbox 1937 4649 3589 4726">
     <span class='ocr_line' id='line_1_105' title="bbox 1937 4649 3589 4726; baseline -0.005 -13"><span class='ocrx_word' id='word_1_732' title='bbox 1937 4657 2150 4713; x_wconf 89' lang='lat' dir='ltr'>latores</span> <span class='ocrx_word' id='word_1_733' title='bbox 2171 4656 2272 4712; x_wconf 89' lang='lat' dir='ltr'>Dei</span> <span class='ocrx_word' id='word_1_734' title='bbox 2290 4660 2347 4712; x_wconf 90' lang='lat' dir='ltr'>et</span> <span class='ocrx_word' id='word_1_735' title='bbox 2365 4654 2767 4711; x_wconf 88' lang='lat' dir='ltr'>indeﬁcientes</span> <span class='ocrx_word' id='word_1_736' title='bbox 2788 4651 3078 4726; x_wconf 88' lang='lat' dir='ltr'>peregrini</span> <span class='ocrx_word' id='word_1_737' title='bbox 3105 4651 3290 4707; x_wconf 89' lang='lat' dir='ltr'>sancti</span> <span class='ocrx_word' id='word_1_738' title='bbox 3313 4649 3589 4722; x_wconf 83' lang='lat' dir='ltr'>sepulcri,</span> 
     </span>
    </p>
   </div>
   <div class='ocr_carea' id='block_1_106' title="bbox 1939 4738 3590 4817">
    <p class='ocr_par' dir='ltr' id='par_1_106' title="bbox 1939 4738 3590 4817">
     <span class='ocr_line' id='line_1_106' title="bbox 1939 4738 3590 4817; baseline -0.005 -16"><span class='ocrx_word' id='word_1_739' title='bbox 1939 4746 2072 4817; x_wconf 89' lang='lat' dir='ltr'>quis</span> <span class='ocrx_word' id='word_1_740' title='bbox 2094 4745 2165 4800; x_wconf 90' lang='lat' dir='ltr'>ad</span> <span class='ocrx_word' id='word_1_741' title='bbox 2189 4745 2310 4799; x_wconf 72' lang='lat' dir='ltr'>haec</span> <span class='ocrx_word' id='word_1_742' title='bbox 2331 4741 2639 4816; x_wconf 89' lang='lat' dir='ltr'>peregrina</span> <span class='ocrx_word' id='word_1_743' title='bbox 2667 4742 2796 4798; x_wconf 91' lang='lat' dir='ltr'>loca</span> <span class='ocrx_word' id='word_1_744' title='bbox 2817 4758 2917 4798; x_wconf 92' lang='lat' dir='ltr'>vos</span> <span class='ocrx_word' id='word_1_745' title='bbox 2947 4738 3214 4806; x_wconf 86' lang='lat' dir='ltr'>adduxit,</span> <span class='ocrx_word' id='word_1_746' title='bbox 3230 4738 3344 4795; x_wconf 90' lang='lat' dir='ltr'>nisi</span> <span class='ocrx_word' id='word_1_747' title='bbox 3368 4738 3467 4795; x_wconf 87' lang='lat' dir='ltr'>ille</span> <span class='ocrx_word' id='word_1_748' title='bbox 3489 4738 3590 4810; x_wconf 92' lang='lat' dir='ltr'>qui</span> 
     </span>
    </p>
   </div>
   <div class='ocr_carea' id='block_1_107' title="bbox 1940 4826 3590 4905">
    <p class='ocr_par' dir='ltr' id='par_1_107' title="bbox 1940 4826 3590 4905">
     <span class='ocr_line' id='line_1_107' title="bbox 1940 4826 3590 4905; baseline -0.004 -15"><span class='ocrx_word' id='word_1_749' title='bbox 1940 4833 2091 4890; x_wconf 86' lang='lat' dir='ltr'>ﬁlios</span> <span class='ocrx_word' id='word_1_750' title='bbox 2105 4832 2281 4889; x_wconf 88' lang='lat' dir='ltr'>Israel</span> <span class='ocrx_word' id='word_1_751' title='bbox 2294 4833 2606 4905; x_wconf 69' lang='lat' dir='ltr'>ex/Egypto</span> <span class='ocrx_word' id='word_1_752' title='bbox 2618 4848 2723 4904; x_wconf 90' lang='lat' dir='ltr'>per</span> <span class='ocrx_word' id='word_1_753' title='bbox 2735 4830 3165 4886; x_wconf 85' lang='lat' dir='ltr'>mareRubrum</span> <span class='ocrx_word' id='word_1_754' title='bbox 3180 4829 3335 4885; x_wconf 91' lang='lat' dir='ltr'>sicco</span> <span class='ocrx_word' id='word_1_755' title='bbox 3347 4826 3590 4900; x_wconf 86' lang='lat' dir='ltr'>vestigio</span> 
     </span>
    </p>
   </div>
   <div class='ocr_carea' id='block_1_108' title="bbox 1937 4918 3592 4988">
    <p class='ocr_par' dir='ltr' id='par_1_108' title="bbox 1937 4918 3592 4988">
     <span class='ocr_line' id='line_1_108' title="bbox 1937 4918 3592 4988; baseline -0.005 -9"><span class='ocrx_word' id='word_1_756' title='bbox 1937 4921 2308 4979; x_wconf 82' lang='lat' dir='ltr'>transduxit?</span> <span class='ocrx_word' id='word_1_757' title='bbox 2325 4920 2466 4988; x_wconf 85' lang='lat' dir='ltr'>Quis</span> <span class='ocrx_word' id='word_1_758' title='bbox 2497 4921 2650 4977; x_wconf 91' lang='lat' dir='ltr'>alius</span> <span class='ocrx_word' id='word_1_759' title='bbox 2681 4919 2930 4976; x_wconf 90' lang='lat' dir='ltr'>inseruit</span> <span class='ocrx_word' id='word_1_760' title='bbox 2950 4919 3113 4976; x_wconf 87' lang='lat' dir='ltr'>vobis</span> <span class='ocrx_word' id='word_1_761' title='bbox 3134 4918 3399 4974; x_wconf 91' lang='lat' dir='ltr'>animum</span> <span class='ocrx_word' id='word_1_762' title='bbox 3423 4920 3488 4972; x_wconf 91' lang='lat' dir='ltr'>ut</span> <span class='ocrx_word' id='word_1_763' title='bbox 3508 4933 3592 4972; x_wconf 88' lang='lat' dir='ltr'>rs-</span> 
     </span>
    </p>
   </div>
   <div class='ocr_carea' id='block_1_109' title="bbox 1935 5005 3592 5086">
    <p class='ocr_par' dir='ltr' id='par_1_109' title="bbox 1935 5005 3592 5086">
     <span class='ocr_line' id='line_1_109' title="bbox 1935 5005 3592 5086; baseline -0.004 -18"><span class='ocrx_word' id='word_1_764' title='bbox 1935 5011 2282 5086; x_wconf 90' lang='lat' dir='ltr'>linqueretis</span> <span class='ocrx_word' id='word_1_765' title='bbox 2326 5009 2731 5084; x_wconf 89' lang='lat' dir='ltr'>possessiones</span> <span class='ocrx_word' id='word_1_766' title='bbox 2761 5015 3009 5075; x_wconf 87' lang='lat' dir='ltr'>vestras,</span> <span class='ocrx_word' id='word_1_767' title='bbox 3043 5013 3100 5065; x_wconf 91' lang='lat' dir='ltr'>et</span> <span class='ocrx_word' id='word_1_768' title='bbox 3129 5007 3322 5064; x_wconf 88' lang='lat' dir='ltr'>natale</span> <span class='ocrx_word' id='word_1_769' title='bbox 3353 5006 3543 5064; x_wconf 91' lang='lat' dir='ltr'>solum</span> <span class='ocrx_word' id='word_1_770' title='bbox 3564 5005 3592 5062; x_wconf 71' lang='lat'>‘2</span> 
     </span>
    </p>
   </div>
   <div class='ocr_carea' id='block_1_110' title="bbox 1935 5094 3588 5175">
    <p class='ocr_par' dir='ltr' id='par_1_110' title="bbox 1935 5094 3588 5175">
     <span class='ocr_line' id='line_1_110' title="bbox 1935 5094 3588 5175; baseline -0.005 -18"><span class='ocrx_word' id='word_1_771' title='bbox 1935 5103 2225 5175; x_wconf 91' lang='lat' dir='ltr'>Cognatos</span> <span class='ocrx_word' id='word_1_772' title='bbox 2251 5103 2308 5156; x_wconf 90' lang='lat' dir='ltr'>et</span> <span class='ocrx_word' id='word_1_773' title='bbox 2337 5100 2566 5166; x_wconf 90' lang='lat' dir='ltr'>afﬁnes,</span> <span class='ocrx_word' id='word_1_774' title='bbox 2598 5100 2880 5172; x_wconf 87' lang='lat' dir='ltr'>conjuges</span> <span class='ocrx_word' id='word_1_775' title='bbox 2909 5103 2966 5155; x_wconf 90' lang='lat' dir='ltr'>et</span> <span class='ocrx_word' id='word_1_776' title='bbox 2997 5096 3212 5154; x_wconf 91' lang='lat' dir='ltr'>liberos</span> <span class='ocrx_word' id='word_1_777' title='bbox 3251 5094 3588 5162; x_wconf 87' lang='lat' dir='ltr'>abdicastis,</span> 
     </span>
    </p>
   </div>
   <div class='ocr_carea' id='block_1_111' title="bbox 1937 5183 3592 5261">
    <p class='ocr_par' dir='ltr' id='par_1_111' title="bbox 1937 5183 3592 5261">
     <span class='ocr_line' id='line_1_111' title="bbox 1937 5183 3592 5261; baseline -0.003 -17"><span class='ocrx_word' id='word_1_778' title='bbox 1937 5189 2056 5247; x_wconf 92' lang='lat' dir='ltr'>imo</span> <span class='ocrx_word' id='word_1_779' title='bbox 2088 5194 2145 5246; x_wconf 88' lang='lat' dir='ltr'>et</span> <span class='ocrx_word' id='word_1_780' title='bbox 2175 5189 2336 5246; x_wconf 90' lang='lat' dir='ltr'>omni</span> <span class='ocrx_word' id='word_1_781' title='bbox 2369 5204 2658 5261; x_wconf 64' lang='lat' dir='ltr'>corporeis</span> <span class='ocrx_word' id='word_1_782' title='bbox 2684 5185 2972 5261; x_wconf 90' lang='lat' dir='ltr'>voluptati</span> <span class='ocrx_word' id='word_1_783' title='bbox 3003 5183 3592 5243; x_wconf 87' lang='lat' dir='ltr'>renuntiastis.Nuno</span> 
     </span>
    </p>
   </div>
   <div class='ocr_carea' id='block_1_112' title="bbox 1290 5331 2479 5395">
    <p class='ocr_par' dir='ltr' id='par_1_112' title="bbox 1290 5331 2479 5395">
     <span class='ocr_line' id='line_1_112' title="bbox 1290 5331 2479 5395; baseline 0.003 -7"><span class='ocrx_word' id='word_1_784' title='bbox 1290 5331 1606 5388; x_wconf 69' lang='lat' dir='ltr'>NOTULE</span> <span class='ocrx_word' id='word_1_785' title='bbox 1645 5331 2116 5395; x_wconf 81' lang='lat' dir='ltr'>MARGINALES</span> <span class='ocrx_word' id='word_1_786' title='bbox 2155 5333 2276 5391; x_wconf 87' lang='lat' dir='ltr'>MS.</span> <span class='ocrx_word' id='word_1_787' title='bbox 2317 5331 2479 5391; x_wconf 91' lang='lat' dir='ltr'>COD.</span> 
     </span>
    </p>
   </div>
   <div class='ocr_carea' id='block_1_113' title="bbox 170 5475 1560 5548">
    <p class='ocr_par' dir='ltr' id='par_1_113' title="bbox 170 5475 1560 5548">
     <span class='ocr_line' id='line_1_113' title="bbox 170 5475 1560 5548; baseline 0 -16"><span class='ocrx_word' id='word_1_788' title='bbox 170 5479 284 5548; x_wconf 82' lang='grc'><strong>(15)</strong></span> <span class='ocrx_word' id='word_1_789' title='bbox 322 5475 556 5532; x_wconf 82' lang='lat' dir='ltr'>Invadit</span> <span class='ocrx_word' id='word_1_790' title='bbox 581 5480 818 5534; x_wconf 84' lang='lat' dir='ltr'>nostros</span> <span class='ocrx_word' id='word_1_791' title='bbox 848 5476 1137 5548; x_wconf 85' lang='lat' dir='ltr'>exercitus</span> <span class='ocrx_word' id='word_1_792' title='bbox 1167 5475 1560 5547; x_wconf 85' lang='lat' dir='ltr'>imperatoris.</span> 
     </span>
    </p>
   </div>
   <div class='ocr_carea' id='block_1_114' title="bbox 169 5547 1673 5626">
    <p class='ocr_par' dir='ltr' id='par_1_114' title="bbox 169 5547 1673 5626">
     <span class='ocr_line' id='line_1_114' title="bbox 169 5547 1673 5626; baseline 0 -20"><span class='ocrx_word' id='word_1_793' title='bbox 169 5550 282 5626; x_wconf 86' lang='grc'><strong>(16)</strong></span> <span class='ocrx_word' id='word_1_794' title='bbox 322 5548 515 5625; x_wconf 89' lang='lat' dir='ltr'>thue</span> <span class='ocrx_word' id='word_1_795' title='bbox 543 5549 927 5609; x_wconf 86' lang='lat' dir='ltr'>Boamundus</span> <span class='ocrx_word' id='word_1_796' title='bbox 958 5547 1177 5608; x_wconf 89' lang='lat' dir='ltr'>nostris</span> <span class='ocrx_word' id='word_1_797' title='bbox 1206 5551 1295 5607; x_wconf 86' lang='lat' dir='ltr'>est</span> <span class='ocrx_word' id='word_1_798' title='bbox 1323 5548 1673 5620; x_wconf 84' lang='lat' dir='ltr'>associatus,</span> 
     </span>
    </p>
   </div>
   <div class='ocr_carea' id='block_1_115' title="bbox 493 5675 982 5745">
    <p class='ocr_par' dir='ltr' id='par_1_115' title="bbox 493 5675 982 5745">
     <span class='ocr_line' id='line_1_115' title="bbox 493 5675 982 5745; baseline 0.006 -5"><span class='ocrx_word' id='word_1_799' title='bbox 493 5676 761 5745; x_wconf 68' lang='grc' dir='ltr'>Ρηιιοι..</span> <span class='ocrx_word' id='word_1_800' title='bbox 811 5675 982 5743; x_wconf 83' lang='lat' dir='ltr'>CLV.</span> 
     </span>
    </p>
   </div>
   <div class='ocr_carea' id='block_1_116' title="bbox 2086 5472 3580 5548">
    <p class='ocr_par' dir='ltr' id='par_1_116' title="bbox 2086 5472 3580 5548">
     <span class='ocr_line' id='line_1_116' title="bbox 2086 5472 3580 5548; baseline -0.01 -15"><span class='ocrx_word' id='word_1_801' title='bbox 2086 5477 2207 5533; x_wconf 78' lang='lat' dir='ltr'>Rex</span> <span class='ocrx_word' id='word_1_802' title='bbox 2235 5475 2348 5534; x_wconf 89' lang='lat' dir='ltr'>fuit</span> <span class='ocrx_word' id='word_1_803' title='bbox 2373 5475 2624 5536; x_wconf 89' lang='lat' dir='ltr'>insanus</span> <span class='ocrx_word' id='word_1_804' title='bbox 2657 5472 3372 5548; x_wconf 82' lang='lat' dir='ltr'>Constantinopolitanus.</span> <span class='ocrx_word' id='word_1_805' title='bbox 3539 5511 3580 5548; x_wconf 40' lang='grc' dir='ltr'>’,ρ</span> 
     </span>
    </p>
   </div>
   <div class='ocr_carea' id='block_1_117' title="bbox 1945 5533 3612 5635">
    <p class='ocr_par' dir='ltr' id='par_1_117' title="bbox 1945 5533 3612 5635">
     <span class='ocr_line' id='line_1_117' title="bbox 1945 5533 3612 5635; baseline -0.027 -2"><span class='ocrx_word' id='word_1_806' title='bbox 1945 5554 2062 5635; x_wconf 72' lang='grc'><strong>(17)</strong></span> <span class='ocrx_word' id='word_1_807' title='bbox 2089 5533 2293 5610; x_wconf 11' lang='lat' dir='ltr'>verba,</span> <span class='ocrx_word' id='word_1_808' title='bbox 2310 5533 2638 5612; x_wconf 57' lang='grc' dir='ltr'>Βοαῶὖῐιᾶὶ</span> <span class='ocrx_word' id='word_1_809' title='bbox 2661 5561 2782 5605; x_wconf 79' lang='lat' dir='ltr'>non</span> <span class='ocrx_word' id='word_1_810' title='bbox 2803 5533 3367 5624; x_wconf 50' lang='lat' dir='ltr'>laudant.prospera</span> <span class='ocrx_word' id='word_1_811' title='bbox 3379 5533 3612 5592; x_wconf 87' lang='lat' dir='ltr'>mundi.</span> 
     </span>
    </p>
   </div>
   <div class='ocr_carea' id='block_1_118' title="bbox 3217 5666 3308 5740">
    <p class='ocr_par' dir='ltr' id='par_1_118' title="bbox 3217 5666 3308 5740">
     <span class='ocr_line' id='line_1_118' title="bbox 3217 5666 3308 5740; baseline 0 -13"><span class='ocrx_word' id='word_1_812' title='bbox 3217 5666 3308 5740; x_wconf 72' lang='lat'><strong>22</strong></span> 
     </span>
    </p>
   </div>
  </div>
