3996 6096
388 351 505 414 687

909 353 1011 412 AD
1057 344 1571 413 GODEFRIDUM
1616 345 1949 406 APPEND.
1996 340 2073 402 ll.
2109 376 2182 385 ——
2215 340 2524 403 MONUM.
2559 343 2659 402 DE
2704 341 2954 402 BELLO
2998 339 3269 402 SACRO.

3679 333 3804 396 688

386 482 613 541 veloces
639 498 926 557 equorum
958 500 1237 540 occursus
1276 479 1672 546 frementium,
1704 480 1792 533 tot
1836 475 2039 531 hastas
2067 474 2122 541 Α
2151 473 2429 542 diximus,
2461 472 2708 530 liberata
2753 476 2842 529 est
2869 472 3061 528 Nicaea
3089 470 3315 540 civitas,
3344 472 3401 526 et
3437 465 3683 541 expulsa
3713 469 3809 522 est

387 577 592 630 contra
620 590 681 630 se
709 575 1026 642 vibrantes,
1060 577 1225 645 terga
1270 573 1570 627 verterunt
1601 569 1731 640 (25),
1765 569 1823 622 et
1862 563 2039 620 nimis
2147 562 2221 618 ab
2251 578 2319 618 ea
2347 562 2541 619 omnis
2572 561 2863 618 diabolica
2891 560 3221 634 captivitas.

386 662 537 735 pigri
571 667 627 719 et
655 663 874 719 inertes
921 664 995 719 ad
1046 666 1326 719 montana
1358 658 1545 715 redire
1575 656 1903 722 voluerunt,
1937 653 2039 709 sed

390 751 728 824 quicunque
758 752 895 810 inde
917 752 1573 816 descenderant,rursus
1591 745 1903 803 ascendere
1925 758 2041 798 non

386 845 723 915 potuerunt.

386 948 458 1005 Et
488 947 640 1004 male
671 947 905 1004 multati
938 964 1077 1004 nece
1109 947 1238 1003 dira
1267 947 1406 1002 sunt
1435 941 1676 1001 cruciati

386 1037 716 1094 Auxiliante
748 1037 887 1107 Deo,
922 1037 1009 1093 sic
1042 1036 1281 1109 agmina
1310 1038 1513 1091 nostra
1540 1031 1796 1104 trophaeo

389 1125 511 1184 Tali
544 1126 836 1193 laetantur,
865 1130 923 1181 et
951 1126 1025 1181 ad
1062 1127 1265 1181 urbem
1300 1122 1732 1197 regrediuntur.

462 1242 569 1310 Qui
601 1242 814 1298 iterum
857 1241 1163 1298 machinas
1213 1240 1615 1305 ascendentes,
1648 1242 1715 1293 ut
1763 1236 2047 1307 majorem

390 1336 617 1389 metum
650 1331 920 1387 hostibus
952 1328 1541 1399 incuterent,balistis
1572 1331 1630 1384 et
1664 1325 1861 1382 fundis
1891 1324 2046 1381 occi-

392 1437 593 1479 sorum
624 1420 820 1494 capita
847 1420 1170 1476 Turcorum
1204 1419 1364 1474 intus
1394 1416 1798 1492 projiciebant.

393 1529 511 1586 Nec
541 1528 808 1585 tardante
842 1544 1025 1599 mora,
1059 1531 1201 1583 sunt
1230 1526 1360 1599 ipsa
1384 1523 1840 1598 temporis.hora

394 1618 580 1675 Naves
609 1616 796 1674 allatae
827 1614 1506 1688 Constantinopolitanaz.

469 1734 580 1792 Sed
613 1733 714 1789 illa
740 1732 831 1789 die
860 1732 920 1788 in
953 1731 1145 1788 lacum
1177 1748 1294 1787 non
1316 1729 1712 1798 immiserunt,
1738 1728 1840 1786 sed
1862 1732 2051 1797 nocte,

398 1823 603 1898 plenas
634 1821 997 1895 Turcopolis,
1028 1824 1201 1894 gente
1250 1819 1473 1876 scilicet
1509 1818 1878 1892 imperatoris
1909 1818 2055 1874 bene
2084 1851 2133 1918 Β

400 1915 572 1971 docta
591 1916 647 1969 et
675 1917 910 1969 assueta
936 1910 1272 1966 navibus.ln
1305 1909 1628 1966 crastinum
1651 1912 1928 1982 surgente
1958 1925 2058 1963 au-

404 2020 556 2071 rora,
591 2006 656 2058 ut
701 2002 976 2057 viderunt
1020 2017 1197 2056 naves
1244 1998 1305 2055 bi
1353 1998 1453 2071 qui
1483 2001 1650 2054 erant
1692 1997 1753 2052 in
1802 1997 2054 2066 civitate,

402 2108 520 2165 prae,
544 2091 726 2147 nimio
760 2090 967 2146 timore
1011 2087 1271 2146 exterriti
1323 2092 1482 2154 sunt,
1517 2092 1574 2143 et
1622 2086 1776 2142 ultra
1806 2103 1922 2142 non
1953 2086 2056 2142 ha-

401 2182 608 2237 bentes
642 2179 938 2252 spiritum,
973 2177 1144 2251 quasi
1182 2178 1309 2249 jam
1344 2175 1559 2232 mortui
1592 2175 1651 2231 in
1682 2179 1900 2232 terram
1931 2192 2057 2231 cor-

402 2272 653 2326 ruerunt
685 2269 814 2339 (26).
848 2266 1164 2324 Ululabant
1188 2283 1392 2322 omnes
1424 2265 1555 2321 filiae
1587 2282 1721 2321 cum
1746 2264 2056 2334 matribus,

397 2360 648 2432 juvenes
682 2374 817 2412 cum
847 2355 1374 2429 virginibus,senes
1404 2371 1539 2411 cum
1564 2353 2058 2427 junioribus.Un-

401 2447 580 2521 dique
610 2447 825 2514 luctus,
860 2446 1122 2518 undique
1154 2445 1413 2511 miseria,
1445 2444 1586 2517 quia
1611 2443 1890 2500 evadendi
1923 2458 2059 2516 spes

402 2553 522 2593 non
553 2540 679 2594 erat
709 2535 847 2592 ulla.
882 2538 1049 2590 Intus
1081 2538 1206 2590 erat
1236 2551 1448 2590 mceror
1477 2538 1535 2589 et
1562 2533 1783 2589 mentis
1816 2531 2060 2589 hebetu-

406 2627 502 2693 do,
538 2624 678 2681 foris
700 2624 982 2698 gaudium
1010 2627 1066 2679 et
1090 2622 1690 2680 exsultatio.Tandem
1713 2621 2062 2678 invenerunt

406 2715 688 2771 evadendi
720 2712 1055 2781 consilium,
1090 2712 1229 2785 quia
1276 2729 1379 2784 per
1417 2710 1778 2783 TurCOpolas
1809 2711 2060 2783 impera-

408 2802 522 2861 tori
552 2802 1039 2876 signiﬁcarunt,ei
1072 2817 1134 2858 se
1162 2801 1401 2857 reddere
1422 2800 1735 2868 civitatem,
1768 2799 1817 2857 si
1849 2799 2063 2858 illaesos

412 2897 470 2950 et
502 2891 829 2948 incolumes
860 2908 995 2947 cum
1019 2890 1143 2947 suis
1174 2891 1349 2946 rebus
1380 2906 1480 2946 eos
1499 2890 1860 2963 permitteret
1878 2891 2059 2948 abire.

417 2982 579 3049 Quod
634 2981 735 3037 ubi
796 2980 1131 3054 imperatori
1185 2980 1511 3046 nuntiatur,
1566 2978 1886 3035 admodum
1926 2979 2064 3037 inde

414 3070 785 3146 gratulatur;
819 3071 921 3128 sed
951 3074 1007 3127 et
1036 3070 1170 3125 inde
1201 3072 1395 3125 mente
1424 3068 1677 3141 concipit
1705 3068 2066 3138 fraudem,ut

312 3168 319 3173 '
413 3162 690 3234 deinceps
709 3159 998 3234 parturiat
1018 3159 1410 3231 iniquitatem.
1433 3158 1608 3214 Jubet
1629 3162 1693 3213 ut
1713 3159 1839 3214 suis
1859 3159 2063 3215 redda-

407 3255 511 3310 tur
540 3220 763 3315 civitas,
798 3249 1006 3305 Turcis
1054 3220 1280 3321 integra
1311 3246 1525 3303 fiducia
1553 3247 1868 3314 tribuatur,
1900 3252 1959 3304 et
1986 3249 2059 3305 ad
2091 3220 2134 3287 δ

406 3357 470 3399 se
513 3337 1079 3410 Constantinopolim
1111 3338 1531 3393 conducantur.
1565 3337 1727 3401 Quod
1765 3336 1895 3393 ideo
1927 3337 2064 3394 fecit

412 3430 501 3505 (ut
528 3446 622 3485 res
652 3429 782 3501 ipsa
807 3426 1083 3499 deinceps
1105 3424 1382 3493 innotuit)
1409 3429 1472 3481 ut
1492 3441 1625 3481 cum
1647 3430 1882 3499 tempus
1905 3443 2062 3483 acce-

405 3519 588 3584 deret,
612 3518 683 3573 ad
719 3515 1138 3572 detrimentum
1171 3515 1526 3570 Francorum
1550 3514 1872 3587 paratiores
1902 3515 2059 3572 inve-

405 3607 785 3678 niret.ltaque
816 3604 1020 3660 civitas
1054 3603 1337 3671 redditur,
1372 3608 1429 3659 et
1457 3603 1627 3658 Turci
1649 3603 2058 3661 Constantino-

403 3694 584 3770 polim
637 3695 1010 3750 deducuntur
1039 3694 1171 3765 (27).
1203 3693 1318 3747 Nec
1366 3691 1680 3747 immemor
1720 3696 1916 3749 tamen
1950 3694 2061 3750 luit

404 3785 721 3858 imperator
749 3782 895 3839 tanti
932 3781 1365 3854 beneficii,quia
1386 3781 1745 3854 pauperibus
1767 3782 1868 3856 qui
1892 3787 2060 3840 erant

400 3873 464 3930 in
495 3873 769 3939 exercitu,
801 3872 994 3945 largas
1041 3870 1444 3943 eleemosynas
1495 3870 1766 3944 praecepit
1809 3873 2055 3946 erogari.

401 3963 637 4036 Septem
669 3962 866 4034 itaque
897 3960 1375 4017 hebdomadibus
1407 3964 1466 4015 et
1502 3960 1691 4016 tribus
1720 3961 1928 4018 diebus
1958 3962 2056 4018 Ni-

399 4068 527 4109 caeae
557 4050 810 4108 civitatis
860 4053 1135 4122 protensa
1183 4053 1273 4105 est
1317 4049 1687 4122 expugnatio,
1722 4067 1825 4106 nec
1852 4051 1972 4107 ulla
1999 4052 2056 4108 vi

398 4140 661 4197 humana
711 4144 991 4212 superata
1039 4138 1267 4205 fuisset,
1302 4138 1413 4194 nisi
1464 4138 1565 4194 Dei
1613 4139 1924 4210 adjutorio.
1960 4142 2060 4199 Est

397 4230 555 4287 enim
584 4229 771 4285 muris
803 4227 1179 4284 densissimis
1209 4232 1267 4284 et
1298 4226 1433 4284 altis
1469 4226 1736 4284 turribus
1765 4246 2057 4301 praemun-

392 4321 474 4387 ta,
508 4322 575 4375 ut
602 4322 778 4392 caput
809 4321 865 4373 et
887 4317 1034 4374 nulli
1058 4333 1299 4390 compar
1318 4316 1377 4372 in
1410 4320 1530 4371 tota
1552 4316 1927 4374 RomaniaJn
1950 4319 2058 4377 hac

392 4407 555 4475 olim,
585 4411 849 4480 tempore
898 4407 1265 4464 Constantini
1300 4406 1697 4478 imperatoris,
1728 4409 1967 4463 trecenti
2002 4414 2061 4466 et

391 4496 714 4554 octodecim
746 4495 1002 4569 episcopi
1036 4495 1338 4569 aggregati
1368 4496 1624 4564 fuerunt,
1647 4499 1704 4551 et
1725 4496 1796 4551 de
1825 4496 1938 4554 fide
1958 4514 2058 4554 no-

2807 677 3040 734 CAPUT
3076 676 3147 733 ΙΙ.

2292 778 2396 834 His
2427 777 2508 834 ita
2538 777 2803 851 patratis,
2838 793 2947 832 sua
2977 792 3113 831 mox
3140 773 3394 831 tentoria
3422 772 3607 829 nostri

2294 867 2585 940 Deﬁgunt,
2620 870 2676 923 et
2707 866 2871 922 ahire
2900 868 3129 939 parant,
3164 863 3249 920 sic
3278 864 3425 920 urbe
3453 860 3679 932 relicta,

2296 956 2497 1013 Missis
2527 954 2735 1030 legatis
2764 953 3447 1028 Constantinopolitanis.

2226 1066 2544 1137 Postquam
2574 1079 2708 1119 vero
2757 1063 2829 1118 de
2873 1062 3106 1118 eivitate
3153 1064 3541 1130 recesserunt,
3574 1060 3814 1117 duobus

2157 1154 2368 1211 diebus
2400 1154 2712 1225 conjuncta
2736 1151 2976 1225 agmina
3005 1151 3065 1207 in
3095 1167 3284 1206 unum
3314 1153 3816 1224 processerunt,et

2157 1244 2230 1300 ad
2266 1260 2451 1299 unum
2484 1246 2720 1316 pontem
2752 1243 3161 1314 pervenerunt,
3176 1241 3348 1312 juxta
3372 1256 3549 1313 quem
3574 1239 3815 1297 duobus

2159 1331 2370 1390 diebus
2401 1332 2773 1405 quiescentes
2800 1329 2989 1386 feriati
3044 1332 3200 1398 sunt,
3234 1332 3291 1385 et
3319 1330 3390 1386 de
3435 1328 3648 1384 virenti
3677 1344 3819 1402 gra-

2160 1421 2319 1478 mine
2349 1437 2534 1494 equos
2565 1424 2621 1476 et
2639 1420 2860 1477 bestias
2881 1436 3023 1476 suas
3047 1417 3534 1476 refocillaverunt.
3557 1418 3706 1484 Quia
3724 1433 3821 1474 ve.

2162 1529 2225 1568 ro
2257 1510 2582 1585 ingressuri
2606 1514 2772 1566 erant
2792 1513 3008 1566 terram
3036 1509 3331 1565 desertam
3355 1512 3413 1564 et
3440 1506 3813 1581 inaquosam,

2162 1601 2476 1658 consilium
2507 1600 2770 1655 inierunt
2820 1602 2887 1655 ut
2934 1598 3356 1667 dividerentur,
3383 1601 3440 1655 et
3487 1597 3548 1653 in
3577 1598 3694 1654 duo
3721 1613 3819 1673 ag-

2163 1692 2327 1747 mina
2373 1689 2748 1763 partirentur.
2778 1689 2904 1745 Non
2952 1688 3111 1745 enim
3138 1704 3256 1744 una
3284 1691 3458 1757 terra,
3486 1704 3605 1743 una
3654 1685 3819 1761 regio

2165 1780 2497 1837 sufficiebat
2515 1782 2602 1834 tot
2621 1777 2983 1848 hominibus,
3011 1781 3098 1833 tot
3117 1776 3306 1850 equis,
3328 1780 3415 1832 tot
3434 1775 3818 1834 animalibus.

2166 1869 2292 1927 Una
2318 1868 2501 1942 igitur
2530 1872 2587 1924 et
2616 1869 2805 1941 major
2834 1866 2986 1924 acies
3016 1865 3245 1940 Hugoni
3268 1866 3477 1941 Magno
3504 1866 3825 1923 committi-

2165 1963 2281 2016 tur.
2314 1958 2511 2014 Altera
2555 1974 2690 2013 vero
2721 1956 3063 2013 Boamundo
3102 1954 3498 2029 conjungitur.
3532 1957 3596 2012 In
3628 1954 3824 2029 prima

2167 2049 2289 2106 acie
2320 2049 2557 2105 fuerunt
2587 2064 2721 2103 cum
2752 2047 2996 2121 Hugone
3025 2046 3236 2120 Magno
3268 2044 3572 2102 Podiensis
3600 2045 3825 2119 episco-

2168 2155 2301 2212 pus,
2335 2154 2529 2194 comes
2582 2136 2976 2204 Raimundus,
3007 2135 3127 2191 dux
3157 2134 3531 2204 Godefridus,
3561 2139 3619 2191 et
3648 2135 3823 2191 Flau-

2168 2227 2399 2284 drensis
2427 2242 2622 2283 comes
2676 2226 2985 2295 Robertus,
3038 2224 3101 2281 In
3152 2224 3412 2281 secunda
3456 2228 3654 2281 autem
3682 2240 3823 2280 cum

2169 2317 2534 2384 Boamundo,
2559 2316 2917 2385 Tancredus,
2951 2313 3240 2371 Robertus
3261 2330 3457 2371 comes
3475 2313 3827 2371 Nortbman-

2170 2423 2303 2475 nus,
2336 2410 2395 2461 et
2426 2404 2597 2461 multi
2632 2403 2731 2461 alii
2764 2403 3079 2478 principes,
3113 2419 3366 2476 quorum
3392 2402 3633 2460 nomina
3662 2402 3828 2476 igno-

2170 2512 2391 2552 ramus.
2427 2494 2627 2568 ltaque
2675 2509 2953 2567 prospero
3000 2508 3277 2550 successu
3320 2509 3424 2567 per
3475 2492 3827 2550 Romaniam

2161 2585 2289 2657 jam
2322 2583 2490 2657 quasi
2513 2582 2703 2640 securi
2725 2582 3088 2655 equitabant.
3110 2582 3221 2639 Sed
3244 2581 3472 2638 evoluto
3498 2582 3680 2638 trium
3703 2582 3828 2638 die-

2171 2692 2303 2731 rum
2334 2671 2643 2741 curriculo,
2677 2676 2887 2745 quarta
2925 2672 3049 2745 jam
3082 2670 3197 2739 die,
3230 2670 3374 2728 hora
3420 2671 3613 2738 tertia,
3644 2671 3683 2726 ii
3717 2672 3825 2744 qui
3852 2660 3861 2667 ’

2171 2767 2336 2820 erant
2365 2779 2500 2819 cum
2522 2762 2883 2831 Boamundo,
2904 2761 3177 2816 viderunt
3200 2764 3593 2817 trecentorum
3614 2761 3830 2817 Turco-

2172 2870 2303 2910 rum
2337 2850 2665 2925 millia'_sibi
2698 2867 3019 2920 occurrere,
3053 2854 3110 2906 et
3134 2849 3408 2906 clamosis
3436 2850 3695 2919 vocibus,
3730 2866 3831 2906 ne-

2171 2943 2293 2999 scio
2322 2942 2464 3014 quid
2496 2940 2812 2997 barbarum
2858 2939 3233 3013 perstridere.
3266 2938 3374 2996 Pro
3405 2956 3658 3012 quorum
3706 2939 3824 2996 im-

2171 3048 2377 3088 mensa
2406 3029 2787 3086 multitudine
2811 3029 3054 3103 quidam
3084 3044 3154 3083 ex
3178 3028 3394 3085 nostris
3423 3027 3693 3085 haesitare
3714 3045 3827 3086 cce-

2171 3125 2402 3194 perunt,
2430 3124 2629 3176 utrum
2663 3118 3019 3187 resisterent,
3053 3121 3155 3173 aut
3176 3118 3323 3191 fuga:
3345 3116 3589 3174 divortia
3604 3135 3826 3192 quaere-

2175 3216 2322 3268 rent.
2358 3211 2523 3267 Tunc
2554 3208 2956 3275 Boamundus,
2980 3211 3046 3263 ut
3062 3206 3150 3262 vir
3171 3206 3597 3277 multividus,et
3617 3207 3827 3265 North-

2174 3316 2429 3357 mannus
2463 3315 2658 3355 eomes
2682 3303 2748 3354 ut
2768 3296 2938 3353 miles
2950 3297 3276 3365 animosus,
3301 3300 3368 3353 ut
3390 3296 3662 3353 viderunt
3680 3314 3825 3371 quo-

2170 3390 2441 3446 rumdam
2461 3387 2693 3444 animos
2715 3386 2987 3455 titubare,
3009 3386 3355 3460 praecipiunt
3375 3402 3579 3443 omnes
3602 3387 3823 3446 milites

2169 3478 2537 3546 descendere,
2566 3482 2622 3533 et
2650 3476 2827 3533 sudes
2856 3475 3241 3533 tentoriorum
3273 3473 3533 3549 infigere.
3560 3476 3693 3532 Erat
3712 3495 3823 3534 au-

2166 3572 2283 3625 tem
2316 3567 2394 3623 ibi
2430 3566 2669 3641 quidam
2698 3565 2857 3622 rivus
2888 3564 3179 3622 currentis
3201 3582 3366 3638 aqua:
3396 3566 3819 3638 praeterﬂuens,

2158 3659 2329 3730 juxta
2359 3674 2535 3730 quem
2575 3656 2633 3712 in
2665 3654 2907 3729 longum
2929 3672 3038 3712 sua
3061 3655 3311 3711 tentoria
3331 3656 3821 3727 ponunt.Coneito

2167 3747 2444 3822 providus
2478 3745 2855 3802 Boamundus
2884 3744 3129 3801 celerem
3155 3743 3355 3818 dirigit
3384 3744 3656 3802 nuntium

2237 3854 2346 3921 Qui
2377 3853 2548 3910 celeri
2577 3852 2844 3910 volitaret
2872 3869 3022 3926 equo
3049 3855 3397 3924 nostrosque
3421 3857 3670 3922 voearet,

2165 3945 2464 4010 Quatenus
2490 3942 2563 3999 ad
2594 3941 2816 3998 bellum
2846 3944 3225 4023 properarent
3246 3942 3492 4014 jamque
3521 3946 3817 4014 paratum.

2162 4052 2492 4124 Antequam
2540 4065 2673 4106 vero
2728 4049 2980 4106 tentoria
3030 4052 3199 4105 tensa
3254 4048 3528 4118 fuissent,
3576 4054 3818 4107 centum

2164 4139 2595 4214 quinquaginta
2650 4137 2823 4194 Turci
2874 4138 3044 4211 equis
3092 4136 3511 4194 veloccioribus
3566 4138 3815 4208 advecti,

2165 4234 2397 4286 nostros
2453 4226 2961 4301 appropiaverunt,
3013 4231 3071 4283 et
3124 4227 3308 4284 tensis
3367 4227 3624 4284 arcubus
3675 4245 3818 4285 suas

2165 4319 2409 4392 sagittas
2455 4317 2739 4374 toxicatas
2762 4308 2829 4372 in
2878 4333 2978 4373 eos
3024 4315 3418 4373 immiserunt.
3446 4316 3638 4372 Nostri
3681 4334 3817 4375 vero

2164 4408 2335 4482 equis
2364 4406 2642 4463 admissis
2690 4405 2823 4463 illos
2865 4410 3233 4480 exceperunt,
3267 4411 3323 4463 et
3361 4405 3817 4479 comprehensos

2163 4497 2519 4554 occiderunt.
2572 4496 2894 4551 Turcorum
2947 4495 3164 4569 quippe
3215 4496 3575 4551 consuetudo
3614 4500 3705 4551 est
3753 4501 3818 4553 ut

388 4590 532 4655 stra,
566 4591 803 4659 prepter
832 4585 1245 4641 haereticorum
1278 4582 1598 4641 versutiam
1623 4585 1721 4655 qui
1749 4589 1890 4642 tunc
1908 4590 2054 4645 tem-
2081 4593 2130 4660 Ι)
2160 4592 2313 4643 retro
2345 4583 2686 4658 confugiant
2704 4584 2907 4642 tractis
2936 4584 3187 4658 sagittis,
3212 4589 3269 4640 et
3289 4585 3431 4640 dum
3462 4584 3699 4658 fugiunt
3717 4586 3817 4643 ad-

386 4675 549 4750 poris
578 4679 764 4743 erant,
797 4678 1218 4745 tractaverunt,
1250 4677 1310 4728 et
1339 4673 1423 4728 ita
1465 4672 1685 4741 omnia,
1714 4673 1867 4729 sicut
1894 4678 2051 4732 tenet

384 4782 545 4823 nunc
572 4764 859 4822 catholica
891 4763 1167 4832 Ecclesia,
1203 4778 1408 4818 omnes
1439 4761 1797 4819 unanimiter
1836 4780 2047 4821 sanxe-

384 4859 543 4910 runt.
569 4855 634 4909 Et
663 4854 737 4910 ob
770 4854 877 4909 hoc
910 4854 1157 4926 dignum
1189 4852 1315 4908 erat
1343 4855 1409 4906 ut
1434 4850 1694 4907 inimicis
1725 4857 1940 4909 sanctae
1976 4854 2047 4909 fi-

385 4943 476 4999 dei
511 4943 837 4999 auferretur
867 4948 921 4996 et
954 4942 1069 4998 Deo
1092 4939 1585 5009 reconciliaretur,
1609 4945 1665 4997 et
1691 4946 1903 4998 sancta:
1927 4960 2048 4999 ma-

380 5031 458 5086 tri
491 5036 700 5086 iiostrzn
734 5031 1019 5097 Ecclesiae,
1067 5035 1131 5085 ut
1175 5031 1512 5086 membrum
1559 5048 1758 5102 suum,
1790 5031 2045 5089 redinte-

381 5124 668 5193 graretur.
705 5120 769 5173 Et
816 5119 1049 5191 provisa
1098 5120 1229 5187 fuit,
1264 5123 1319 5174 et
1365 5119 1652 5191 disposita
1699 5119 1810 5176 fuit
1858 5137 1892 5176 a
1928 5121 2044 5178 Deo

380 5207 502 5265 haec
534 5224 681 5264 nova
710 5208 1149 5281 redintegratin,
1197 5209 1477 5280 quoniam
1515 5207 1908 5280 plurimorum
1941 5211 2043 5283 qui

378 5296 461 5354 ibi
493 5295 667 5354 occisi
700 5301 840 5352 sunt
870 5301 1207 5354 consecrata
1249 5302 1338 5353 est
1386 5298 1687 5370 martyrio.
1734 5297 1951 5355 Taliter
1978 5305 2045 5356 ut

2157 4692 2389 4733 versum
2420 4672 2634 4730 vulnus
2667 4691 2728 4730 se
2758 4673 3207 4746 insequentibus
3231 4673 3639 4748 inﬂigant,Sed
3662 4674 3813 4749 fuga

2155 4764 2357 4822 nullus
2385 4762 2551 4819 locus
2582 4766 2725 4831 erat,
2755 4762 2896 4836 quia
2924 4762 3187 4819 densitas
3207 4763 3464 4818 hostium
3491 4778 3816 4835 occupave-

2154 4861 2244 4911 rat
2271 4853 2402 4926 ipsa
2431 4852 2741 4907 cacumina
2789 4852 3083 4908 montium
3116 4852 3245 4923 (28).
3273 4853 3583 4924 Pr0pterea
3626 4853 3815 4909 nostri

2152 4944 2354 5001 dextra
2380 4941 2623 5014 levaque
2651 4957 2750 4997 eos
2783 4941 3073 4997 instanter
3100 4941 3494 5009 trucidabant,
3528 4946 3586 4997 et
3635 4958 3814 4999 arcus

2150 5038 2210 5090 et
2238 5031 2465 5105 sagittae
2497 5030 2765 5086 inutilem
2819 5030 2901 5086 ibi
2950 5029 3145 5086 locum
3191 5029 3504 5086 habebant.
3540 5030 3813 5087 Tandem

2150 5120 2466 5179 contractis
2498 5118 2717 5176 lanceis
2748 5119 3104 5175 Francorum
3136 5119 3196 5175 in
3229 5118 3572 5192 corporibus
3601 5118 3816 5193 impio-

2150 5228 2310 5283 rum,
2340 5226 2434 5265 res
2466 5209 2661 5281 agitur
2690 5208 2925 5282 gladiis.
2958 5207 3002 5264 Ο
3033 5212 3175 5282 quot
3193 5207 3273 5264 ibi
3299 5225 3545 5282 corpora
3572 5224 3811 5265 corrue-

2150 5304 2308 5367 runt,
2340 5297 2631 5354 truncatis
2679 5297 2992 5370 capitibus,
3024 5302 3128 5354 aut
3175 5296 3467 5354 mutilatis
3505 5296 3811 5370 aliquibus

1490 5410 1805 5467 NOTUL/E
1844 5413 2314 5471 MARGINALES
2355 5412 2477 5469 MS.
2519 5412 2678 5469 COD.

381 5488 500 5653 (25g
530 5506 663 5563 Jam
694 5507 863 5566 Turci
888 5507 1140 5591 fugiunt,
1173 5507 1484 5590 pavidique
1505 5525 1619 5589 .per
1649 5509 1849 5567 omnia
1866 5511 2040 5570 fiunt.

384 5570 481 5638 (26
530 5577 737 5653 Hostes
766 5578 1001 5647 inclusi,
1037 5596 1253 5653 magna
1285 5579 1597 5635 formidine
1628 5580 1763 5653 fusi.

384 5570 498 5647 (26)
530 5577 737 5637 Hostes
766 5570 1001 5647 inclusi,
1037 5570 1253 5647 magna
1285 5570 1597 5635 formidine
1628 5580 1763 5637 fusi.

533 5651 656 5717 Quo
688 5670 749 5710 se
781 5652 1034 5714 converti
1067 5651 1317 5721 valcant,
1350 5668 1464 5709 ni‘n
1498 5655 1638 5710 sunt
1666 5651 1813 5712 btnc
1842 5656 2002 5714 certi.

2150 5512 2258 5587 (27)
2292 5510 2490 5587 {tostis
2519 5510 2782 5587 captivus
2812 5511 3141 5587 condonata
3169 5526 3309 5587 nece
3337 5508 3523 5587 vivus.

2294 5580 2635 5659 Bedditpr‘a
2664 5583 2902 5641 Francis
2928 5580 3619 5659 Constantinopolitanis.

2151 5656 2260 5733 (28)
2293 5655 2435 5713 Ecce
2464 5653 2562 5711 hic
2595 5670 2812 5731 pugna,
2844 5672 2970 5731 quae
3004 5671 3118 5713 non
3151 5650 3263 5712 fuit
3291 5650 3567 5713 o'mnibus
3599 5668 3721 5711 una
