  <div class='ocr_page' id='page_1' title='image "/cluster/home/n/w/nwhite01/storage/ocr_20150623/155/hvd.32044054760137/348.png"; bbox 0 0 3994 6082; ppageno 0'>
   <div class='ocr_carea' id='block_1_1' title="bbox 178 260 302 323">
    <p class='ocr_par' dir='ltr' id='par_1_1' title="bbox 178 260 302 323">
     <span class='ocr_line' id='line_1_1' title="bbox 178 260 302 323; baseline 0 0"><span class='ocrx_word' id='word_1_1' title='bbox 178 260 302 323; x_wconf 83' lang='grc'>689</span> 
     </span>
    </p>
   </div>
   <div class='ocr_carea' id='block_1_2' title="bbox 945 261 2834 337">
    <p class='ocr_par' dir='ltr' id='par_1_2' title="bbox 945 261 2834 337">
     <span class='ocr_line' id='line_1_2' title="bbox 945 261 2834 337; baseline 0.005 -10"><span class='ocrx_word' id='word_1_2' title='bbox 945 263 1289 328; x_wconf 76' lang='lat' dir='ltr'>ROBERTI</span> <span class='ocrx_word' id='word_1_3' title='bbox 1330 261 1687 327; x_wconf 78' lang='lat' dir='ltr'>MONACHI</span> <span class='ocrx_word' id='word_1_4' title='bbox 1732 264 1940 328; x_wconf 86' lang='lat' dir='ltr'>HIST.</span> <span class='ocrx_word' id='word_1_5' title='bbox 1987 267 2399 334; x_wconf 75' lang='lat' dir='ltr'>HIEROSOL.</span> <span class='ocrx_word' id='word_1_6' title='bbox 2428 302 2503 319; x_wconf 86' lang='lat'>-—</span> <span class='ocrx_word' id='word_1_7' title='bbox 2533 274 2682 336; x_wconf 84' lang='lat' dir='ltr'>LIB.</span> <span class='ocrx_word' id='word_1_8' title='bbox 2728 274 2834 337; x_wconf 82' lang='lat' dir='ltr'>III.</span> 
     </span>
    </p>
   </div>
   <div class='ocr_carea' id='block_1_3' title="bbox 3481 278 3601 343">
    <p class='ocr_par' dir='ltr' id='par_1_3' title="bbox 3481 278 3601 343">
     <span class='ocr_line' id='line_1_3' title="bbox 3481 278 3601 343; baseline 0.025 -3"><span class='ocrx_word' id='word_1_9' title='bbox 3481 278 3601 343; x_wconf 88' lang='grc'>690</span> 
     </span>
    </p>
   </div>
   <div class='ocr_carea' id='block_1_4' title="bbox 179 396 3599 479">
    <p class='ocr_par' dir='ltr' id='par_1_4' title="bbox 179 396 3599 479">
     <span class='ocr_line' id='line_1_4' title="bbox 179 396 3599 479; baseline 0.005 -27"><span class='ocrx_word' id='word_1_10' title='bbox 179 397 469 454; x_wconf 83' lang='lat' dir='ltr'>membris</span> <span class='ocrx_word' id='word_1_11' title='bbox 488 396 502 454; x_wconf 86' lang='lat'><strong>!</strong></span> <span class='ocrx_word' id='word_1_12' title='bbox 526 397 647 455; x_wconf 87' lang='lat' dir='ltr'><strong>Illic</strong></span> <span class='ocrx_word' id='word_1_13' title='bbox 666 399 912 469; x_wconf 83' lang='lat' dir='ltr'>videres,</span> <span class='ocrx_word' id='word_1_14' title='bbox 937 400 1094 473; x_wconf 90' lang='lat' dir='ltr'>quod</span> <span class='ocrx_word' id='word_1_15' title='bbox 1117 398 1404 473; x_wconf 75' lang='lat' dir='ltr'>posterior</span> <span class='ocrx_word' id='word_1_16' title='bbox 1422 415 1561 473; x_wconf 92' lang='lat' dir='ltr'>pars</span> <span class='ocrx_word' id='word_1_17' title='bbox 1580 398 1841 457; x_wconf 86' lang='lat' dir='ltr'>hostium</span> <span class='ocrx_word' id='word_1_18' title='bbox 1869 400 1928 469; x_wconf 84' lang='grc' dir='ltr'><strong>Α</strong></span> <span class='ocrx_word' id='word_1_19' title='bbox 1957 403 2206 461; x_wconf 82' lang='lat' dir='ltr'>militare</span> <span class='ocrx_word' id='word_1_20' title='bbox 2224 405 2459 479; x_wconf 89' lang='lat' dir='ltr'>signum</span> <span class='ocrx_word' id='word_1_21' title='bbox 2477 424 2651 464; x_wconf 89' lang='lat' dir='ltr'>suum</span> <span class='ocrx_word' id='word_1_22' title='bbox 2671 408 2806 467; x_wconf 81' lang='lat' dir='ltr'>altis</span> <span class='ocrx_word' id='word_1_23' title='bbox 2817 410 3058 467; x_wconf 86' lang='lat' dir='ltr'>vocibus</span> <span class='ocrx_word' id='word_1_24' title='bbox 3074 409 3566 469; x_wconf 88' lang='lat' dir='ltr'>conclamantium</span> <span class='ocrx_word' id='word_1_25' title='bbox 3585 410 3599 469; x_wconf 93' lang='lat' dir='ltr'>l</span> 
     </span>
    </p>
   </div>
   <div class='ocr_carea' id='block_1_5' title="bbox 177 486 1625 564">
    <p class='ocr_par' dir='ltr' id='par_1_5' title="bbox 177 486 1625 564">
     <span class='ocr_line' id='line_1_5' title="bbox 177 486 1625 564; baseline 0.003 -22"><span class='ocrx_word' id='word_1_26' title='bbox 177 486 524 560; x_wconf 82' lang='lat' dir='ltr'>impellebat</span> <span class='ocrx_word' id='word_1_27' title='bbox 554 489 806 561; x_wconf 81' lang='lat' dir='ltr'>priorem</span> <span class='ocrx_word' id='word_1_28' title='bbox 834 490 895 546; x_wconf 91' lang='lat' dir='ltr'>in</span> <span class='ocrx_word' id='word_1_29' title='bbox 925 489 1151 564; x_wconf 80' lang='lat' dir='ltr'>gladios</span> <span class='ocrx_word' id='word_1_30' title='bbox 1178 488 1625 547; x_wconf 84' lang='lat' dir='ltr'>trucidantium.</span> 
     </span>
    </p>
   </div>
   <div class='ocr_carea' id='block_1_6' title="bbox 175 592 1768 671">
    <p class='ocr_par' dir='ltr' id='par_1_6' title="bbox 175 592 1768 671">
     <span class='ocr_line' id='line_1_6' title="bbox 175 592 1768 671; baseline 0.003 -22"><span class='ocrx_word' id='word_1_31' title='bbox 175 592 333 649; x_wconf 87' lang='lat' dir='ltr'>Dum</span> <span class='ocrx_word' id='word_1_32' title='bbox 366 593 451 651; x_wconf 90' lang='lat' dir='ltr'>sic</span> <span class='ocrx_word' id='word_1_33' title='bbox 482 601 799 669; x_wconf 82' lang='lat' dir='ltr'>pugnatur,</span> <span class='ocrx_word' id='word_1_34' title='bbox 826 598 968 652; x_wconf 89' lang='lat' dir='ltr'>dum</span> <span class='ocrx_word' id='word_1_35' title='bbox 1002 597 1086 653; x_wconf 92' lang='lat' dir='ltr'>sic</span> <span class='ocrx_word' id='word_1_36' title='bbox 1114 614 1252 669; x_wconf 88' lang='lat' dir='ltr'>pars</span> <span class='ocrx_word' id='word_1_37' title='bbox 1284 596 1475 671; x_wconf 89' lang='lat' dir='ltr'>prima</span> <span class='ocrx_word' id='word_1_38' title='bbox 1505 599 1768 654; x_wconf 79' lang='lat' dir='ltr'>necatur.</span> 
     </span>
    </p>
   </div>
   <div class='ocr_carea' id='block_1_7' title="bbox 175 682 1581 759">
    <p class='ocr_par' dir='ltr' id='par_1_7' title="bbox 175 682 1581 759">
     <span class='ocr_line' id='line_1_7' title="bbox 175 682 1581 759; baseline 0.004 -22"><span class='ocrx_word' id='word_1_39' title='bbox 175 682 325 738; x_wconf 84' lang='lat' dir='ltr'>Pars</span> <span class='ocrx_word' id='word_1_40' title='bbox 356 701 424 740; x_wconf 89' lang='lat' dir='ltr'>ea</span> <span class='ocrx_word' id='word_1_41' title='bbox 455 686 779 742; x_wconf 88' lang='lat' dir='ltr'>Turcorum</span> <span class='ocrx_word' id='word_1_42' title='bbox 811 703 939 759; x_wconf 68' lang='lat' dir='ltr'>quae</span> <span class='ocrx_word' id='word_1_43' title='bbox 971 685 1161 742; x_wconf 91' lang='lat' dir='ltr'>rivum</span> <span class='ocrx_word' id='word_1_44' title='bbox 1194 685 1444 753; x_wconf 91' lang='lat' dir='ltr'>transiit,</span> <span class='ocrx_word' id='word_1_45' title='bbox 1478 686 1581 742; x_wconf 88' lang='lat' dir='ltr'>illa</span> 
     </span>
    </p>
   </div>
   <div class='ocr_carea' id='block_1_8' title="bbox 173 772 1517 831">
    <p class='ocr_par' dir='ltr' id='par_1_8' title="bbox 173 772 1517 831">
     <span class='ocr_line' id='line_1_8' title="bbox 173 772 1517 831; baseline 0.002 -3"><span class='ocrx_word' id='word_1_46' title='bbox 173 772 455 829; x_wconf 83' lang='lat' dir='ltr'>Protinus</span> <span class='ocrx_word' id='word_1_47' title='bbox 486 773 701 830; x_wconf 85' lang='lat' dir='ltr'>invasit</span> <span class='ocrx_word' id='word_1_48' title='bbox 727 775 978 831; x_wconf 87' lang='lat' dir='ltr'>tentoria</span> <span class='ocrx_word' id='word_1_49' title='bbox 1006 774 1470 831; x_wconf 88' lang='lat' dir='ltr'>Christianorum</span> <span class='ocrx_word' id='word_1_50' title='bbox 1503 792 1517 831; x_wconf 90' lang='lat'>:</span> 
     </span>
    </p>
   </div>
   <div class='ocr_carea' id='block_1_9' title="bbox 174 880 1841 955">
    <p class='ocr_par' dir='ltr' id='par_1_9' title="bbox 174 880 1841 955">
     <span class='ocr_line' id='line_1_9' title="bbox 174 880 1841 955; baseline 0.002 -19"><span class='ocrx_word' id='word_1_51' title='bbox 174 880 438 936; x_wconf 90' lang='lat' dir='ltr'>Diruunt</span> <span class='ocrx_word' id='word_1_52' title='bbox 467 880 916 950; x_wconf 86' lang='lat' dir='ltr'>illa;trucidant</span> <span class='ocrx_word' id='word_1_53' title='bbox 947 886 1165 939; x_wconf 88' lang='lat' dir='ltr'>matres</span> <span class='ocrx_word' id='word_1_54' title='bbox 1197 899 1331 938; x_wconf 89' lang='lat' dir='ltr'>cum</span> <span class='ocrx_word' id='word_1_55' title='bbox 1364 881 1584 954; x_wconf 83' lang='lat' dir='ltr'>pueris,</span> <span class='ocrx_word' id='word_1_56' title='bbox 1607 885 1663 938; x_wconf 90' lang='lat' dir='ltr'>et</span> <span class='ocrx_word' id='word_1_57' title='bbox 1692 899 1841 955; x_wconf 87' lang='lat' dir='ltr'>quos</span> 
     </span>
    </p>
   </div>
   <div class='ocr_carea' id='block_1_10' title="bbox 171 968 1841 1045">
    <p class='ocr_par' dir='ltr' id='par_1_10' title="bbox 171 968 1841 1045">
     <span class='ocr_line' id='line_1_10' title="bbox 171 968 1841 1045; baseline 0.002 -22"><span class='ocrx_word' id='word_1_58' title='bbox 171 968 501 1043; x_wconf 87' lang='lat' dir='ltr'>imparatos</span> <span class='ocrx_word' id='word_1_59' title='bbox 525 970 673 1026; x_wconf 90' lang='lat' dir='ltr'>bello</span> <span class='ocrx_word' id='word_1_60' title='bbox 698 971 994 1045; x_wconf 90' lang='lat' dir='ltr'>reperiunt</span> <span class='ocrx_word' id='word_1_61' title='bbox 1014 976 1069 1027; x_wconf 91' lang='lat' dir='ltr'>et</span> <span class='ocrx_word' id='word_1_62' title='bbox 1090 972 1217 1028; x_wconf 84' lang='lat' dir='ltr'>sine</span> <span class='ocrx_word' id='word_1_63' title='bbox 1248 970 1448 1027; x_wconf 90' lang='lat' dir='ltr'>armis.</span> <span class='ocrx_word' id='word_1_64' title='bbox 1464 970 1697 1027; x_wconf 88' lang='lat' dir='ltr'>Clamor</span> <span class='ocrx_word' id='word_1_65' title='bbox 1717 988 1841 1027; x_wconf 87' lang='lat' dir='ltr'>mo-</span> 
     </span>
    </p>
   </div>
   <div class='ocr_carea' id='block_1_11' title="bbox 173 1058 1841 1133">
    <p class='ocr_par' dir='ltr' id='par_1_11' title="bbox 173 1058 1841 1133">
     <span class='ocr_line' id='line_1_11' title="bbox 173 1058 1841 1133; baseline 0.002 -20"><span class='ocrx_word' id='word_1_66' title='bbox 173 1058 460 1114; x_wconf 90' lang='lat' dir='ltr'>rientium</span> <span class='ocrx_word' id='word_1_67' title='bbox 493 1060 814 1115; x_wconf 89' lang='lat' dir='ltr'>Boamundi</span> <span class='ocrx_word' id='word_1_68' title='bbox 846 1058 1109 1132; x_wconf 84' lang='lat' dir='ltr'>pervenit</span> <span class='ocrx_word' id='word_1_69' title='bbox 1140 1060 1211 1115; x_wconf 87' lang='lat' dir='ltr'>ad</span> <span class='ocrx_word' id='word_1_70' title='bbox 1261 1076 1455 1126; x_wconf 90' lang='lat' dir='ltr'>aures,</span> <span class='ocrx_word' id='word_1_71' title='bbox 1487 1063 1544 1115; x_wconf 92' lang='lat' dir='ltr'>et</span> <span class='ocrx_word' id='word_1_72' title='bbox 1572 1061 1841 1133; x_wconf 87' lang='lat' dir='ltr'>protinus</span> 
     </span>
    </p>
   </div>
   <div class='ocr_carea' id='block_1_12' title="bbox 172 1148 1840 1223">
    <p class='ocr_par' dir='ltr' id='par_1_12' title="bbox 172 1148 1840 1223">
     <span class='ocr_line' id='line_1_12' title="bbox 172 1148 1840 1223; baseline 0.002 -21"><span class='ocrx_word' id='word_1_73' title='bbox 172 1148 317 1223; x_wconf 90' lang='lat' dir='ltr'>quid</span> <span class='ocrx_word' id='word_1_74' title='bbox 353 1153 510 1205; x_wconf 87' lang='lat' dir='ltr'>esset</span> <span class='ocrx_word' id='word_1_75' title='bbox 558 1148 860 1205; x_wconf 86' lang='lat' dir='ltr'>intellexit.</span> <span class='ocrx_word' id='word_1_76' title='bbox 914 1148 1139 1205; x_wconf 85' lang='lat' dir='ltr'>Bellum</span> <span class='ocrx_word' id='word_1_77' title='bbox 1191 1148 1388 1205; x_wconf 90' lang='lat' dir='ltr'>comiti</span> <span class='ocrx_word' id='word_1_78' title='bbox 1437 1149 1840 1206; x_wconf 89' lang='lat' dir='ltr'>Nortbmanno</span> 
     </span>
    </p>
   </div>
   <div class='ocr_carea' id='block_1_13' title="bbox 173 1237 1840 1310">
    <p class='ocr_par' dir='ltr' id='par_1_13' title="bbox 173 1237 1840 1310">
     <span class='ocr_line' id='line_1_13' title="bbox 173 1237 1840 1310; baseline 0.003 -18"><span class='ocrx_word' id='word_1_79' title='bbox 173 1237 515 1306; x_wconf 90' lang='lat' dir='ltr'>committit,</span> <span class='ocrx_word' id='word_1_80' title='bbox 551 1242 607 1295; x_wconf 90' lang='lat' dir='ltr'>et</span> <span class='ocrx_word' id='word_1_81' title='bbox 637 1238 710 1294; x_wconf 90' lang='lat' dir='ltr'>ad</span> <span class='ocrx_word' id='word_1_82' title='bbox 743 1237 994 1295; x_wconf 90' lang='lat' dir='ltr'>tentoria</span> <span class='ocrx_word' id='word_1_83' title='bbox 1025 1254 1159 1294; x_wconf 89' lang='lat' dir='ltr'>cum</span> <span class='ocrx_word' id='word_1_84' title='bbox 1204 1238 1409 1310; x_wconf 91' lang='lat' dir='ltr'>paucis</span> <span class='ocrx_word' id='word_1_85' title='bbox 1440 1239 1612 1296; x_wconf 88' lang='lat' dir='ltr'>celeri</span> <span class='ocrx_word' id='word_1_86' title='bbox 1661 1257 1840 1297; x_wconf 91' lang='lat' dir='ltr'>cursu</span> 
     </span>
    </p>
   </div>
   <div class='ocr_carea' id='block_1_14' title="bbox 173 1327 498 1398">
    <p class='ocr_par' dir='ltr' id='par_1_14' title="bbox 173 1327 498 1398">
     <span class='ocr_line' id='line_1_14' title="bbox 173 1327 498 1398; baseline 0 -16"><span class='ocrx_word' id='word_1_87' title='bbox 173 1327 498 1398; x_wconf 83' lang='lat' dir='ltr'>repedavit.</span> 
     </span>
    </p>
   </div>
   <div class='ocr_carea' id='block_1_15' title="bbox 171 1416 1659 1491">
    <p class='ocr_par' dir='ltr' id='par_1_15' title="bbox 171 1416 1659 1491">
     <span class='ocr_line' id='line_1_15' title="bbox 171 1416 1659 1491; baseline 0.001 -19"><span class='ocrx_word' id='word_1_88' title='bbox 171 1418 332 1483; x_wconf 90' lang='lat' dir='ltr'>Quos</span> <span class='ocrx_word' id='word_1_89' title='bbox 363 1421 431 1472; x_wconf 89' lang='lat' dir='ltr'>ut</span> <span class='ocrx_word' id='word_1_90' title='bbox 459 1416 732 1473; x_wconf 89' lang='lat' dir='ltr'>viderunt</span> <span class='ocrx_word' id='word_1_91' title='bbox 760 1417 959 1484; x_wconf 89' lang='lat' dir='ltr'>Turci,</span> <span class='ocrx_word' id='word_1_92' title='bbox 995 1434 1129 1473; x_wconf 84' lang='lat' dir='ltr'>mox</span> <span class='ocrx_word' id='word_1_93' title='bbox 1158 1420 1322 1491; x_wconf 86' lang='lat' dir='ltr'>terga</span> <span class='ocrx_word' id='word_1_94' title='bbox 1353 1418 1659 1474; x_wconf 90' lang='lat' dir='ltr'>dederunt.</span> 
     </span>
    </p>
   </div>
   <div class='ocr_carea' id='block_1_16' title="bbox 170 1525 1871 1600">
    <p class='ocr_par' dir='ltr' id='par_1_16' title="bbox 170 1525 1871 1600">
     <span class='ocr_line' id='line_1_16' title="bbox 170 1525 1871 1600; baseline 0.002 -20"><span class='ocrx_word' id='word_1_95' title='bbox 170 1525 552 1581; x_wconf 90' lang='lat' dir='ltr'>Boamundus</span> <span class='ocrx_word' id='word_1_96' title='bbox 580 1529 775 1581; x_wconf 90' lang='lat' dir='ltr'>autem</span> <span class='ocrx_word' id='word_1_97' title='bbox 826 1526 1200 1600; x_wconf 86' lang='lat' dir='ltr'>conspicatus</span> <span class='ocrx_word' id='word_1_98' title='bbox 1242 1526 1321 1582; x_wconf 90' lang='lat' dir='ltr'>ibi</span> <span class='ocrx_word' id='word_1_99' title='bbox 1364 1527 1566 1598; x_wconf 87' lang='lat' dir='ltr'>jacere</span> <span class='ocrx_word' id='word_1_100' title='bbox 1615 1526 1871 1584; x_wconf 58' lang='lat' dir='ltr'>multosr</span> 
     </span>
    </p>
   </div>
   <div class='ocr_carea' id='block_1_17' title="bbox 173 1613 1839 1687">
    <p class='ocr_par' dir='ltr' id='par_1_17' title="bbox 173 1613 1839 1687">
     <span class='ocr_line' id='line_1_17' title="bbox 173 1613 1839 1687; baseline 0.002 -17"><span class='ocrx_word' id='word_1_101' title='bbox 173 1614 495 1682; x_wconf 79' lang='lat' dir='ltr'>exanimes,</span> <span class='ocrx_word' id='word_1_102' title='bbox 530 1613 703 1687; x_wconf 75' lang='lat' dir='ltr'>ccepit</span> <span class='ocrx_word' id='word_1_103' title='bbox 732 1613 1083 1684; x_wconf 88' lang='lat' dir='ltr'>lamentari;</span> <span class='ocrx_word' id='word_1_104' title='bbox 1119 1620 1177 1671; x_wconf 92' lang='lat' dir='ltr'>et</span> <span class='ocrx_word' id='word_1_105' title='bbox 1211 1615 1545 1683; x_wconf 90' lang='lat' dir='ltr'>Dominum,</span> <span class='ocrx_word' id='word_1_106' title='bbox 1582 1619 1645 1671; x_wconf 91' lang='lat' dir='ltr'>ut</span> <span class='ocrx_word' id='word_1_107' title='bbox 1694 1616 1839 1674; x_wconf 85' lang='lat' dir='ltr'>vivis</span> 
     </span>
    </p>
   </div>
   <div class='ocr_carea' id='block_1_18' title="bbox 170 1704 1835 1779">
    <p class='ocr_par' dir='ltr' id='par_1_18' title="bbox 170 1704 1835 1779">
     <span class='ocr_line' id='line_1_18' title="bbox 170 1704 1835 1779; baseline 0.001 -19"><span class='ocrx_word' id='word_1_108' title='bbox 170 1721 235 1761; x_wconf 88' lang='lat' dir='ltr'>ac</span> <span class='ocrx_word' id='word_1_109' title='bbox 267 1704 520 1760; x_wconf 81' lang='lat' dir='ltr'>mortuis</span> <span class='ocrx_word' id='word_1_110' title='bbox 567 1709 722 1761; x_wconf 90' lang='lat' dir='ltr'>esset</span> <span class='ocrx_word' id='word_1_111' title='bbox 769 1705 1086 1778; x_wconf 82' lang='lat' dir='ltr'>refugium,</span> <span class='ocrx_word' id='word_1_112' title='bbox 1119 1705 1441 1779; x_wconf 87' lang='lat' dir='ltr'>deprecari.</span> <span class='ocrx_word' id='word_1_113' title='bbox 1474 1705 1564 1759; x_wconf 85' lang='lat' dir='ltr'>Ad</span> <span class='ocrx_word' id='word_1_114' title='bbox 1616 1705 1835 1762; x_wconf 91' lang='lat' dir='ltr'>bellum</span> 
     </span>
    </p>
   </div>
   <div class='ocr_carea' id='block_1_19' title="bbox 170 1780 1918 1867">
    <p class='ocr_par' dir='ltr' id='par_1_19' title="bbox 170 1780 1918 1867">
     <span class='ocr_line' id='line_1_19' title="bbox 170 1780 1918 1867; baseline -0.003 -17"><span class='ocrx_word' id='word_1_115' title='bbox 170 1794 422 1865; x_wconf 79' lang='lat' dir='ltr'>festinus</span> <span class='ocrx_word' id='word_1_116' title='bbox 444 1792 741 1861; x_wconf 89' lang='lat' dir='ltr'>remeavit,</span> <span class='ocrx_word' id='word_1_117' title='bbox 766 1794 868 1850; x_wconf 91' lang='lat' dir='ltr'>sed</span> <span class='ocrx_word' id='word_1_118' title='bbox 896 1798 1095 1850; x_wconf 91' lang='lat' dir='ltr'>tamen</span> <span class='ocrx_word' id='word_1_119' title='bbox 1119 1811 1222 1867; x_wconf 91' lang='lat' dir='ltr'>pro</span> <span class='ocrx_word' id='word_1_120' title='bbox 1250 1794 1400 1849; x_wconf 89' lang='lat' dir='ltr'>vallo</span> <span class='ocrx_word' id='word_1_121' title='bbox 1433 1798 1491 1849; x_wconf 91' lang='lat' dir='ltr'>et</span> <span class='ocrx_word' id='word_1_122' title='bbox 1512 1794 1840 1852; x_wconf 90' lang='lat' dir='ltr'>munimine</span> <span class='ocrx_word' id='word_1_123' title='bbox 1873 1780 1918 1845; x_wconf 81' lang='grc' dir='ltr'>Β</span> 
     </span>
    </p>
   </div>
   <div class='ocr_carea' id='block_1_20' title="bbox 170 1882 1837 1956">
    <p class='ocr_par' dir='ltr' id='par_1_20' title="bbox 170 1882 1837 1956">
     <span class='ocr_line' id='line_1_20' title="bbox 170 1882 1837 1956; baseline 0.002 -17"><span class='ocrx_word' id='word_1_124' title='bbox 170 1885 231 1940; x_wconf 90' lang='lat' dir='ltr'>in</span> <span class='ocrx_word' id='word_1_125' title='bbox 259 1883 530 1939; x_wconf 90' lang='lat' dir='ltr'>tentoriis</span> <span class='ocrx_word' id='word_1_126' title='bbox 577 1882 794 1939; x_wconf 89' lang='lat' dir='ltr'>milites</span> <span class='ocrx_word' id='word_1_127' title='bbox 845 1882 1174 1956; x_wconf 83' lang='lat' dir='ltr'>dereliquit.</span> <span class='ocrx_word' id='word_1_128' title='bbox 1225 1885 1554 1956; x_wconf 87' lang='lat' dir='ltr'>Antequam</span> <span class='ocrx_word' id='word_1_129' title='bbox 1598 1901 1732 1942; x_wconf 90' lang='lat' dir='ltr'>vero</span> <span class='ocrx_word' id='word_1_130' title='bbox 1765 1886 1837 1942; x_wconf 91' lang='lat' dir='ltr'>ad</span> 
     </span>
    </p>
   </div>
   <div class='ocr_carea' id='block_1_21' title="bbox 171 1971 1834 2047">
    <p class='ocr_par' dir='ltr' id='par_1_21' title="bbox 171 1971 1834 2047">
     <span class='ocr_line' id='line_1_21' title="bbox 171 1971 1834 2047; baseline 0.001 -19"><span class='ocrx_word' id='word_1_131' title='bbox 171 1971 391 2031; x_wconf 86' lang='lat' dir='ltr'>bellum</span> <span class='ocrx_word' id='word_1_132' title='bbox 437 1971 676 2040; x_wconf 87' lang='lat' dir='ltr'>rediret,</span> <span class='ocrx_word' id='word_1_133' title='bbox 721 1972 955 2027; x_wconf 82' lang='lat' dir='ltr'>fuerant</span> <span class='ocrx_word' id='word_1_134' title='bbox 987 1972 1116 2043; x_wconf 89' lang='lat' dir='ltr'>jam</span> <span class='ocrx_word' id='word_1_135' title='bbox 1163 1971 1347 2028; x_wconf 88' lang='lat' dir='ltr'>nostri</span> <span class='ocrx_word' id='word_1_136' title='bbox 1396 1972 1540 2028; x_wconf 90' lang='lat' dir='ltr'>adeo</span> <span class='ocrx_word' id='word_1_137' title='bbox 1586 1973 1834 2047; x_wconf 86' lang='lat' dir='ltr'>fatigati,</span> 
     </span>
    </p>
   </div>
   <div class='ocr_carea' id='block_1_22' title="bbox 172 2059 1837 2134">
    <p class='ocr_par' dir='ltr' id='par_1_22' title="bbox 172 2059 1837 2134">
     <span class='ocr_line' id='line_1_22' title="bbox 172 2059 1837 2134; baseline 0.001 -16"><span class='ocrx_word' id='word_1_138' title='bbox 172 2061 288 2130; x_wconf 88' lang='lat' dir='ltr'>siti,</span> <span class='ocrx_word' id='word_1_139' title='bbox 324 2061 526 2117; x_wconf 88' lang='lat' dir='ltr'>labore</span> <span class='ocrx_word' id='word_1_140' title='bbox 555 2065 611 2117; x_wconf 92' lang='lat' dir='ltr'>et</span> <span class='ocrx_word' id='word_1_141' title='bbox 640 2059 831 2117; x_wconf 90' lang='lat' dir='ltr'>calore</span> <span class='ocrx_word' id='word_1_142' title='bbox 863 2066 1041 2117; x_wconf 74' lang='lat' dir='ltr'>aestus</span> <span class='ocrx_word' id='word_1_143' title='bbox 1071 2061 1205 2134; x_wconf 89' lang='lat'>(29),</span> <span class='ocrx_word' id='word_1_144' title='bbox 1241 2060 1381 2132; x_wconf 87' lang='lat' dir='ltr'>quia</span> <span class='ocrx_word' id='word_1_145' title='bbox 1414 2060 1528 2117; x_wconf 91' lang='lat' dir='ltr'>nisi</span> <span class='ocrx_word' id='word_1_146' title='bbox 1559 2062 1837 2119; x_wconf 85' lang='lat' dir='ltr'>mulieres</span> 
     </span>
    </p>
   </div>
   <div class='ocr_carea' id='block_1_23' title="bbox 173 2149 1835 2224">
    <p class='ocr_par' dir='ltr' id='par_1_23' title="bbox 173 2149 1835 2224">
     <span class='ocr_line' id='line_1_23' title="bbox 173 2149 1835 2224; baseline 0.001 -17"><span class='ocrx_word' id='word_1_147' title='bbox 173 2156 380 2224; x_wconf 90' lang='lat' dir='ltr'>potum</span> <span class='ocrx_word' id='word_1_148' title='bbox 414 2151 485 2207; x_wconf 91' lang='lat' dir='ltr'>de</span> <span class='ocrx_word' id='word_1_149' title='bbox 516 2150 636 2207; x_wconf 85' lang='lat' dir='ltr'>rivo</span> <span class='ocrx_word' id='word_1_150' title='bbox 667 2150 1084 2223; x_wconf 76' lang='lat' dir='ltr'>praeterﬂuenti</span> <span class='ocrx_word' id='word_1_151' title='bbox 1116 2149 1473 2218; x_wconf 89' lang='lat' dir='ltr'>attulissent,</span> <span class='ocrx_word' id='word_1_152' title='bbox 1507 2150 1679 2206; x_wconf 90' lang='lat' dir='ltr'>multi</span> <span class='ocrx_word' id='word_1_153' title='bbox 1708 2151 1835 2224; x_wconf 85' lang='lat' dir='ltr'>ipso</span> 
     </span>
    </p>
   </div>
   <div class='ocr_carea' id='block_1_24' title="bbox 172 2238 1839 2315">
    <p class='ocr_par' dir='ltr' id='par_1_24' title="bbox 172 2238 1839 2315">
     <span class='ocr_line' id='line_1_24' title="bbox 172 2238 1839 2315; baseline -0.001 -18"><span class='ocrx_word' id='word_1_154' title='bbox 172 2239 262 2315; x_wconf 87' lang='lat' dir='ltr'>die</span> <span class='ocrx_word' id='word_1_155' title='bbox 294 2238 451 2295; x_wconf 86' lang='lat' dir='ltr'>bello</span> <span class='ocrx_word' id='word_1_156' title='bbox 483 2240 960 2296; x_wconf 89' lang='lat' dir='ltr'>succubuissent.</span> <span class='ocrx_word' id='word_1_157' title='bbox 992 2240 1125 2297; x_wconf 88' lang='lat' dir='ltr'>Jam</span> <span class='ocrx_word' id='word_1_158' title='bbox 1154 2256 1286 2295; x_wconf 90' lang='lat' dir='ltr'>vero</span> <span class='ocrx_word' id='word_1_159' title='bbox 1319 2240 1503 2296; x_wconf 85' lang='lat' dir='ltr'>nostri</span> <span class='ocrx_word' id='word_1_160' title='bbox 1524 2239 1729 2296; x_wconf 89' lang='lat' dir='ltr'>Turcis</span> <span class='ocrx_word' id='word_1_161' title='bbox 1766 2241 1839 2295; x_wconf 88' lang='lat' dir='ltr'>ir-</span> 
     </span>
    </p>
   </div>
   <div class='ocr_carea' id='block_1_25' title="bbox 172 2328 1833 2403">
    <p class='ocr_par' dir='ltr' id='par_1_25' title="bbox 172 2328 1833 2403">
     <span class='ocr_line' id='line_1_25' title="bbox 172 2328 1833 2403; baseline -0.001 -18"><span class='ocrx_word' id='word_1_162' title='bbox 172 2329 482 2386; x_wconf 75' lang='lat' dir='ltr'>ruentibus</span> <span class='ocrx_word' id='word_1_163' title='bbox 510 2328 691 2385; x_wconf 89' lang='lat' dir='ltr'>semel</span> <span class='ocrx_word' id='word_1_164' title='bbox 729 2334 891 2403; x_wconf 88' lang='lat' dir='ltr'>terga</span> <span class='ocrx_word' id='word_1_165' title='bbox 920 2330 1228 2398; x_wconf 91' lang='lat' dir='ltr'>dederunt,</span> <span class='ocrx_word' id='word_1_166' title='bbox 1260 2334 1314 2385; x_wconf 91' lang='lat' dir='ltr'>et</span> <span class='ocrx_word' id='word_1_167' title='bbox 1346 2329 1459 2385; x_wconf 89' lang='lat' dir='ltr'>nisi</span> <span class='ocrx_word' id='word_1_168' title='bbox 1492 2329 1605 2384; x_wconf 91' lang='lat' dir='ltr'>cito</span> <span class='ocrx_word' id='word_1_169' title='bbox 1636 2345 1833 2384; x_wconf 88' lang='lat' dir='ltr'>comes</span> 
     </span>
    </p>
   </div>
   <div class='ocr_carea' id='block_1_26' title="bbox 171 2417 1832 2479">
    <p class='ocr_par' dir='ltr' id='par_1_26' title="bbox 171 2417 1832 2479">
     <span class='ocr_line' id='line_1_26' title="bbox 171 2417 1832 2479; baseline -0.001 -3"><span class='ocrx_word' id='word_1_170' title='bbox 171 2418 618 2479; x_wconf 84' lang='lat' dir='ltr'>Northmannus</span> <span class='ocrx_word' id='word_1_171' title='bbox 647 2435 892 2474; x_wconf 90' lang='lat' dir='ltr'>aureum</span> <span class='ocrx_word' id='word_1_172' title='bbox 927 2417 1202 2473; x_wconf 82' lang='lat' dir='ltr'>vexillum</span> <span class='ocrx_word' id='word_1_173' title='bbox 1236 2417 1296 2473; x_wconf 92' lang='lat' dir='ltr'>in</span> <span class='ocrx_word' id='word_1_174' title='bbox 1344 2418 1548 2474; x_wconf 83' lang='lat' dir='ltr'>dextra</span> <span class='ocrx_word' id='word_1_175' title='bbox 1596 2418 1832 2474; x_wconf 88' lang='lat' dir='ltr'>vibrans</span> 
     </span>
    </p>
   </div>
   <div class='ocr_carea' id='block_1_27' title="bbox 169 2507 1832 2581">
    <p class='ocr_par' dir='ltr' id='par_1_27' title="bbox 169 2507 1832 2581">
     <span class='ocr_line' id='line_1_27' title="bbox 169 2507 1832 2581; baseline 0 -18"><span class='ocrx_word' id='word_1_176' title='bbox 169 2524 394 2581; x_wconf 85' lang='lat' dir='ltr'>equum</span> <span class='ocrx_word' id='word_1_177' title='bbox 425 2508 826 2576; x_wconf 87' lang='lat' dir='ltr'>convertisset,</span> <span class='ocrx_word' id='word_1_178' title='bbox 862 2512 919 2563; x_wconf 91' lang='lat' dir='ltr'>et</span> <span class='ocrx_word' id='word_1_179' title='bbox 966 2507 1282 2581; x_wconf 88' lang='lat' dir='ltr'>geminatis</span> <span class='ocrx_word' id='word_1_180' title='bbox 1312 2507 1550 2563; x_wconf 91' lang='lat' dir='ltr'>vocibus</span> <span class='ocrx_word' id='word_1_181' title='bbox 1582 2507 1832 2563; x_wconf 87' lang='lat' dir='ltr'>militare</span> 
     </span>
    </p>
   </div>
   <div class='ocr_carea' id='block_1_28' title="bbox 168 2593 1568 2669">
    <p class='ocr_par' dir='ltr' id='par_1_28' title="bbox 168 2593 1568 2669">
     <span class='ocr_line' id='line_1_28' title="bbox 168 2593 1568 2669; baseline -0.001 -16"><span class='ocrx_word' id='word_1_182' title='bbox 168 2596 430 2669; x_wconf 84' lang='lat' dir='ltr'>signum,</span> <span class='ocrx_word' id='word_1_183' title='bbox 462 2596 601 2651; x_wconf 78' lang='lat' dir='ltr'>Deus</span> <span class='ocrx_word' id='word_1_184' title='bbox 630 2595 764 2666; x_wconf 82' lang='lat' dir='ltr'>vult,</span> <span class='ocrx_word' id='word_1_185' title='bbox 798 2600 943 2651; x_wconf 77' lang='lat' dir='ltr'>Deus</span> <span class='ocrx_word' id='word_1_186' title='bbox 972 2596 1107 2663; x_wconf 79' lang='lat' dir='ltr'>vult,</span> <span class='ocrx_word' id='word_1_187' title='bbox 1138 2593 1524 2651; x_wconf 80' lang='lat' dir='ltr'>exclamasset</span> <span class='ocrx_word' id='word_1_188' title='bbox 1555 2609 1568 2652; x_wconf 93' lang='lat'>:</span> 
     </span>
    </p>
   </div>
   <div class='ocr_carea' id='block_1_29' title="bbox 166 2683 1434 2742">
    <p class='ocr_par' dir='ltr' id='par_1_29' title="bbox 166 2683 1434 2742">
     <span class='ocr_line' id='line_1_29' title="bbox 166 2683 1434 2742; baseline -0.001 -1"><span class='ocrx_word' id='word_1_189' title='bbox 166 2684 394 2742; x_wconf 75' lang='lat' dir='ltr'>Nostris</span> <span class='ocrx_word' id='word_1_190' title='bbox 422 2684 522 2739; x_wconf 92' lang='lat' dir='ltr'>illa</span> <span class='ocrx_word' id='word_1_191' title='bbox 552 2683 676 2740; x_wconf 91' lang='lat' dir='ltr'>dies</span> <span class='ocrx_word' id='word_1_192' title='bbox 707 2685 887 2742; x_wconf 89' lang='lat' dir='ltr'>nimis</span> <span class='ocrx_word' id='word_1_193' title='bbox 917 2684 1230 2741; x_wconf 83' lang='lat' dir='ltr'>exitiabilis</span> <span class='ocrx_word' id='word_1_194' title='bbox 1261 2687 1434 2740; x_wconf 90' lang='lat' dir='ltr'>esset.</span> 
     </span>
    </p>
   </div>
   <div class='ocr_carea' id='block_1_30' title="bbox 168 2789 1830 2865">
    <p class='ocr_par' dir='ltr' id='par_1_30' title="bbox 168 2789 1830 2865">
     <span class='ocr_line' id='line_1_30' title="bbox 168 2789 1830 2865; baseline -0.003 -14"><span class='ocrx_word' id='word_1_195' title='bbox 168 2792 277 2851; x_wconf 89' lang='lat' dir='ltr'>Sed</span> <span class='ocrx_word' id='word_1_196' title='bbox 310 2794 624 2865; x_wconf 88' lang='lat' dir='ltr'>postquam</span> <span class='ocrx_word' id='word_1_197' title='bbox 657 2789 929 2847; x_wconf 87' lang='lat' dir='ltr'>viderunt</span> <span class='ocrx_word' id='word_1_198' title='bbox 967 2789 1172 2846; x_wconf 90' lang='lat' dir='ltr'>reverti</span> <span class='ocrx_word' id='word_1_199' title='bbox 1206 2789 1613 2846; x_wconf 89' lang='lat' dir='ltr'>Boamundum</span> <span class='ocrx_word' id='word_1_200' title='bbox 1644 2793 1700 2846; x_wconf 90' lang='lat' dir='ltr'>et</span> <span class='ocrx_word' id='word_1_201' title='bbox 1728 2806 1830 2846; x_wconf 91' lang='lat' dir='ltr'>co-</span> 
     </span>
    </p>
   </div>
   <div class='ocr_carea' id='block_1_31' title="bbox 166 2878 1830 2952">
    <p class='ocr_par' dir='ltr' id='par_1_31' title="bbox 166 2878 1830 2952">
     <span class='ocr_line' id='line_1_31' title="bbox 166 2878 1830 2952; baseline -0.001 -15"><span class='ocrx_word' id='word_1_202' title='bbox 166 2883 374 2938; x_wconf 88' lang='lat' dir='ltr'>mitem</span> <span class='ocrx_word' id='word_1_203' title='bbox 405 2880 901 2950; x_wconf 87' lang='lat' dir='ltr'>Northmannum,</span> <span class='ocrx_word' id='word_1_204' title='bbox 920 2879 1195 2952; x_wconf 88' lang='lat' dir='ltr'>spiritum</span> <span class='ocrx_word' id='word_1_205' title='bbox 1217 2878 1472 2936; x_wconf 82' lang='lat' dir='ltr'>audaciae</span> <span class='ocrx_word' id='word_1_206' title='bbox 1504 2896 1830 2952; x_wconf 89' lang='lat' dir='ltr'>resumpse-</span> 
     </span>
    </p>
   </div>
   <div class='ocr_carea' id='block_1_32' title="bbox 166 2967 1824 3044">
    <p class='ocr_par' dir='ltr' id='par_1_32' title="bbox 166 2967 1824 3044">
     <span class='ocr_line' id='line_1_32' title="bbox 166 2967 1824 3044; baseline -0.002 -17"><span class='ocrx_word' id='word_1_207' title='bbox 166 2975 323 3039; x_wconf 79' lang='lat' dir='ltr'>runt,</span> <span class='ocrx_word' id='word_1_208' title='bbox 344 2974 403 3027; x_wconf 93' lang='lat' dir='ltr'>et</span> <span class='ocrx_word' id='word_1_209' title='bbox 424 2970 616 3044; x_wconf 88' lang='lat' dir='ltr'>magis</span> <span class='ocrx_word' id='word_1_210' title='bbox 638 2969 784 3025; x_wconf 92' lang='lat' dir='ltr'>mori</span> <span class='ocrx_word' id='word_1_211' title='bbox 806 2986 985 3042; x_wconf 89' lang='lat' dir='ltr'>quam</span> <span class='ocrx_word' id='word_1_212' title='bbox 1008 2967 1257 3025; x_wconf 90' lang='lat' dir='ltr'>ulterius</span> <span class='ocrx_word' id='word_1_213' title='bbox 1282 2969 1480 3042; x_wconf 84' lang='lat' dir='ltr'>fugere</span> <span class='ocrx_word' id='word_1_214' title='bbox 1503 2967 1824 3041; x_wconf 90' lang='lat' dir='ltr'>elegerunt.</span> 
     </span>
    </p>
   </div>
   <div class='ocr_carea' id='block_1_33' title="bbox 167 3058 1829 3133">
    <p class='ocr_par' dir='ltr' id='par_1_33' title="bbox 167 3058 1829 3133">
     <span class='ocr_line' id='line_1_33' title="bbox 167 3058 1829 3133; baseline -0.002 -15"><span class='ocrx_word' id='word_1_215' title='bbox 167 3061 357 3118; x_wconf 87' lang='lat' dir='ltr'>Tanta</span> <span class='ocrx_word' id='word_1_216' title='bbox 390 3060 607 3133; x_wconf 89' lang='lat' dir='ltr'>quippe</span> <span class='ocrx_word' id='word_1_217' title='bbox 638 3063 763 3115; x_wconf 90' lang='lat' dir='ltr'>erat</span> <span class='ocrx_word' id='word_1_218' title='bbox 791 3060 1116 3115; x_wconf 89' lang='lat' dir='ltr'>Turcorum</span> <span class='ocrx_word' id='word_1_219' title='bbox 1148 3058 1451 3124; x_wconf 88' lang='lat' dir='ltr'>instantia,</span> <span class='ocrx_word' id='word_1_220' title='bbox 1476 3061 1532 3114; x_wconf 91' lang='lat' dir='ltr'>et</span> <span class='ocrx_word' id='word_1_221' title='bbox 1561 3075 1717 3115; x_wconf 90' lang='lat' dir='ltr'>unus</span> <span class='ocrx_word' id='word_1_222' title='bbox 1748 3058 1829 3114; x_wconf 93' lang='lat' dir='ltr'>ita</span> 
     </span>
    </p>
   </div>
   <div class='ocr_carea' id='block_1_34' title="bbox 1952 494 3605 575">
    <p class='ocr_par' dir='ltr' id='par_1_34' title="bbox 1952 494 3605 575">
     <span class='ocr_line' id='line_1_34' title="bbox 1952 494 3605 575; baseline 0.008 -28"><span class='ocrx_word' id='word_1_223' title='bbox 1952 494 2450 566; x_wconf 88' lang='lat' dir='ltr'>Congeminantur</span> <span class='ocrx_word' id='word_1_224' title='bbox 2478 497 2589 553; x_wconf 67' lang='lat' dir='ltr'>illae</span> <span class='ocrx_word' id='word_1_225' title='bbox 2619 516 2809 569; x_wconf 87' lang='lat' dir='ltr'>voces,</span> <span class='ocrx_word' id='word_1_226' title='bbox 2864 502 3005 557; x_wconf 90' lang='lat' dir='ltr'>dum</span> <span class='ocrx_word' id='word_1_227' title='bbox 3056 518 3154 557; x_wconf 91' lang='lat' dir='ltr'>eas</span> <span class='ocrx_word' id='word_1_228' title='bbox 3204 501 3512 575; x_wconf 89' lang='lat' dir='ltr'>recipiunt,</span> <span class='ocrx_word' id='word_1_229' title='bbox 3545 508 3605 560; x_wconf 90' lang='lat' dir='ltr'>et</span> 
     </span>
    </p>
   </div>
   <div class='ocr_carea' id='block_1_35' title="bbox 1952 582 3606 660">
    <p class='ocr_par' dir='ltr' id='par_1_35' title="bbox 1952 582 3606 660">
     <span class='ocr_line' id='line_1_35' title="bbox 1952 582 3606 660; baseline 0.007 -23"><span class='ocrx_word' id='word_1_230' title='bbox 1952 582 2281 655; x_wconf 87' lang='lat' dir='ltr'>recipiendo</span> <span class='ocrx_word' id='word_1_231' title='bbox 2338 587 2618 643; x_wconf 90' lang='lat' dir='ltr'>emittunt</span> <span class='ocrx_word' id='word_1_232' title='bbox 2675 606 2925 645; x_wconf 85' lang='lat' dir='ltr'>concava</span> <span class='ocrx_word' id='word_1_233' title='bbox 2975 591 3237 660; x_wconf 84' lang='lat' dir='ltr'>vallium,</span> <span class='ocrx_word' id='word_1_234' title='bbox 3300 592 3606 649; x_wconf 87' lang='lat' dir='ltr'>cacumina</span> 
     </span>
    </p>
   </div>
   <div class='ocr_carea' id='block_1_36' title="bbox 1951 671 3603 752">
    <p class='ocr_par' dir='ltr' id='par_1_36' title="bbox 1951 671 3603 752">
     <span class='ocr_line' id='line_1_36' title="bbox 1951 671 3603 752; baseline 0.008 -28"><span class='ocrx_word' id='word_1_235' title='bbox 1951 671 2265 739; x_wconf 88' lang='lat' dir='ltr'>montium,</span> <span class='ocrx_word' id='word_1_236' title='bbox 2300 673 2569 730; x_wconf 84' lang='lat' dir='ltr'>scissurae</span> <span class='ocrx_word' id='word_1_237' title='bbox 2601 677 2854 749; x_wconf 90' lang='lat' dir='ltr'>rupium.</span> <span class='ocrx_word' id='word_1_238' title='bbox 2902 679 3100 735; x_wconf 87' lang='lat' dir='ltr'>Miseri</span> <span class='ocrx_word' id='word_1_239' title='bbox 3152 697 3299 751; x_wconf 88' lang='lat' dir='ltr'>quos</span> <span class='ocrx_word' id='word_1_240' title='bbox 3347 681 3603 752; x_wconf 89' lang='lat' dir='ltr'>primum</span> 
     </span>
    </p>
   </div>
   <div class='ocr_carea' id='block_1_37' title="bbox 1953 759 3607 835">
    <p class='ocr_par' dir='ltr' id='par_1_37' title="bbox 1953 759 3607 835">
     <span class='ocr_line' id='line_1_37' title="bbox 1953 759 3607 835; baseline 0.008 -21"><span class='ocrx_word' id='word_1_241' title='bbox 1953 759 2278 829; x_wconf 88' lang='lat' dir='ltr'>inveniunt,</span> <span class='ocrx_word' id='word_1_242' title='bbox 2313 763 2452 835; x_wconf 90' lang='lat' dir='ltr'>quia</span> <span class='ocrx_word' id='word_1_243' title='bbox 2483 782 2639 820; x_wconf 91' lang='lat' dir='ltr'>nunc</span> <span class='ocrx_word' id='word_1_244' title='bbox 2671 766 2960 834; x_wconf 87' lang='lat' dir='ltr'>homines,</span> <span class='ocrx_word' id='word_1_245' title='bbox 2987 786 3142 824; x_wconf 88' lang='lat' dir='ltr'>nunc</span> <span class='ocrx_word' id='word_1_246' title='bbox 3174 768 3298 825; x_wconf 87' lang='lat' dir='ltr'>sola</span> <span class='ocrx_word' id='word_1_247' title='bbox 3325 771 3607 827; x_wconf 79' lang='lat' dir='ltr'>cadavera</span> 
     </span>
    </p>
   </div>
   <div class='ocr_carea' id='block_1_38' title="bbox 1952 854 3607 931">
    <p class='ocr_par' dir='ltr' id='par_1_38' title="bbox 1952 854 3607 931">
     <span class='ocr_line' id='line_1_38' title="bbox 1952 854 3607 931; baseline 0.008 -28"><span class='ocrx_word' id='word_1_248' title='bbox 1952 854 2108 917; x_wconf 89' lang='lat' dir='ltr'>sunt,</span> <span class='ocrx_word' id='word_1_249' title='bbox 2142 868 2288 923; x_wconf 91' lang='lat' dir='ltr'>quos</span> <span class='ocrx_word' id='word_1_250' title='bbox 2318 869 2434 907; x_wconf 92' lang='lat' dir='ltr'>non</span> <span class='ocrx_word' id='word_1_251' title='bbox 2468 855 2722 926; x_wconf 85' lang='lat' dir='ltr'>contegit</span> <span class='ocrx_word' id='word_1_252' title='bbox 2753 854 2934 912; x_wconf 86' lang='lat' dir='ltr'>lorica</span> <span class='ocrx_word' id='word_1_253' title='bbox 2964 858 3049 912; x_wconf 92' lang='lat' dir='ltr'>vel</span> <span class='ocrx_word' id='word_1_254' title='bbox 3082 856 3338 930; x_wconf 82' lang='lat' dir='ltr'>clypeus,</span> <span class='ocrx_word' id='word_1_255' title='bbox 3372 862 3428 915; x_wconf 88' lang='lat' dir='ltr'>et</span> <span class='ocrx_word' id='word_1_256' title='bbox 3459 878 3607 931; x_wconf 90' lang='lat' dir='ltr'>quos</span> 
     </span>
    </p>
   </div>
   <div class='ocr_carea' id='block_1_39' title="bbox 1950 940 3602 1013">
    <p class='ocr_par' dir='ltr' id='par_1_39' title="bbox 1950 940 3602 1013">
     <span class='ocr_line' id='line_1_39' title="bbox 1950 940 3602 1013; baseline 0.008 -20"><span class='ocrx_word' id='word_1_257' title='bbox 1950 954 2068 994; x_wconf 91' lang='lat' dir='ltr'>non</span> <span class='ocrx_word' id='word_1_258' title='bbox 2099 940 2336 1011; x_wconf 84' lang='lat' dir='ltr'>adjuvat</span> <span class='ocrx_word' id='word_1_259' title='bbox 2385 941 2600 1013; x_wconf 86' lang='lat' dir='ltr'>sagitta</span> <span class='ocrx_word' id='word_1_260' title='bbox 2648 942 2733 998; x_wconf 80' lang='lat' dir='ltr'>vel</span> <span class='ocrx_word' id='word_1_261' title='bbox 2784 944 3056 1001; x_wconf 87' lang='lat' dir='ltr'>sinuatus</span> <span class='ocrx_word' id='word_1_262' title='bbox 3104 964 3292 1002; x_wconf 90' lang='lat' dir='ltr'>arcus.</span> <span class='ocrx_word' id='word_1_263' title='bbox 3346 948 3602 1005; x_wconf 90' lang='lat' dir='ltr'>Ululant.</span> 
     </span>
    </p>
   </div>
   <div class='ocr_carea' id='block_1_40' title="bbox 1950 1033 3610 1111">
    <p class='ocr_par' dir='ltr' id='par_1_40' title="bbox 1950 1033 3610 1111">
     <span class='ocr_line' id='line_1_40' title="bbox 1950 1033 3610 1111; baseline 0.007 -29"><span class='ocrx_word' id='word_1_264' title='bbox 1950 1033 2215 1100; x_wconf 88' lang='lat' dir='ltr'>gemunt,</span> <span class='ocrx_word' id='word_1_265' title='bbox 2239 1033 2452 1086; x_wconf 88' lang='lat' dir='ltr'>terram</span> <span class='ocrx_word' id='word_1_266' title='bbox 2478 1033 2793 1088; x_wconf 89' lang='lat' dir='ltr'>morientes</span> <span class='ocrx_word' id='word_1_267' title='bbox 2815 1033 3076 1090; x_wconf 87' lang='lat' dir='ltr'>calcibus</span> <span class='ocrx_word' id='word_1_268' title='bbox 3109 1040 3323 1105; x_wconf 87' lang='lat' dir='ltr'>terunt,</span> <span class='ocrx_word' id='word_1_269' title='bbox 3350 1042 3449 1093; x_wconf 92' lang='lat' dir='ltr'>aut</span> <span class='ocrx_word' id='word_1_270' title='bbox 3481 1056 3610 1111; x_wconf 83' lang='lat' dir='ltr'>pro-</span> 
     </span>
    </p>
   </div>
   <div class='ocr_carea' id='block_1_41' title="bbox 1950 1118 3605 1199">
    <p class='ocr_par' dir='ltr' id='par_1_41' title="bbox 1950 1118 3605 1199">
     <span class='ocr_line' id='line_1_41' title="bbox 1950 1118 3605 1199; baseline 0.007 -27"><span class='ocrx_word' id='word_1_271' title='bbox 1950 1118 2293 1175; x_wconf 91' lang='lat' dir='ltr'>cumbentes</span> <span class='ocrx_word' id='word_1_272' title='bbox 2320 1119 2560 1175; x_wconf 86' lang='lat' dir='ltr'>herbam</span> <span class='ocrx_word' id='word_1_273' title='bbox 2595 1122 2894 1178; x_wconf 88' lang='lat' dir='ltr'>mordicus</span> <span class='ocrx_word' id='word_1_274' title='bbox 2926 1124 3224 1193; x_wconf 86' lang='lat' dir='ltr'>scindunt,</span> <span class='ocrx_word' id='word_1_275' title='bbox 3258 1126 3372 1181; x_wconf 88' lang='lat' dir='ltr'>Hos</span> <span class='ocrx_word' id='word_1_276' title='bbox 3404 1144 3605 1199; x_wconf 87' lang='lat' dir='ltr'>repen-</span> 
     </span>
    </p>
   </div>
   <div class='ocr_carea' id='block_1_42' title="bbox 1946 1206 3607 1286">
    <p class='ocr_par' dir='ltr' id='par_1_42' title="bbox 1946 1206 3607 1286">
     <span class='ocr_line' id='line_1_42' title="bbox 1946 1206 3607 1286; baseline 0.005 -25"><span class='ocrx_word' id='word_1_277' title='bbox 1946 1206 2102 1263; x_wconf 88' lang='lat' dir='ltr'>tinos</span> <span class='ocrx_word' id='word_1_278' title='bbox 2151 1207 2379 1263; x_wconf 89' lang='lat' dir='ltr'>sonitus</span> <span class='ocrx_word' id='word_1_279' title='bbox 2442 1208 2584 1264; x_wconf 89' lang='lat' dir='ltr'>dum</span> <span class='ocrx_word' id='word_1_280' title='bbox 2638 1208 2807 1283; x_wconf 88' lang='lat' dir='ltr'>longe</span> <span class='ocrx_word' id='word_1_281' title='bbox 2865 1212 3040 1283; x_wconf 86' lang='lat' dir='ltr'>positi</span> <span class='ocrx_word' id='word_1_282' title='bbox 3097 1215 3446 1286; x_wconf 88' lang='lat' dir='ltr'>percipiunt,</span> <span class='ocrx_word' id='word_1_283' title='bbox 3508 1214 3607 1270; x_wconf 91' lang='lat' dir='ltr'>alii</span> 
     </span>
    </p>
   </div>
   <div class='ocr_carea' id='block_1_43' title="bbox 1946 1295 3610 1376">
    <p class='ocr_par' dir='ltr' id='par_1_43' title="bbox 1946 1295 3610 1376">
     <span class='ocr_line' id='line_1_43' title="bbox 1946 1295 3610 1376; baseline 0.007 -26"><span class='ocrx_word' id='word_1_284' title='bbox 1946 1295 2339 1368; x_wconf 84' lang='lat' dir='ltr'>gratulantur,</span> <span class='ocrx_word' id='word_1_285' title='bbox 2389 1296 2486 1353; x_wconf 92' lang='lat' dir='ltr'>alii</span> <span class='ocrx_word' id='word_1_286' title='bbox 2532 1298 2724 1354; x_wconf 72' lang='lat' dir='ltr'>mmsti</span> <span class='ocrx_word' id='word_1_287' title='bbox 2786 1300 2955 1356; x_wconf 84' lang='lat' dir='ltr'>ﬁunt.</span> <span class='ocrx_word' id='word_1_288' title='bbox 3011 1302 3215 1357; x_wconf 88' lang='lat' dir='ltr'>Franci</span> <span class='ocrx_word' id='word_1_289' title='bbox 3270 1302 3610 1376; x_wconf 86' lang='lat' dir='ltr'>intelligunt</span> 
     </span>
    </p>
   </div>
   <div class='ocr_carea' id='block_1_44' title="bbox 1946 1383 3607 1461">
    <p class='ocr_par' dir='ltr' id='par_1_44' title="bbox 1946 1383 3607 1461">
     <span class='ocr_line' id='line_1_44' title="bbox 1946 1383 3607 1461; baseline 0.007 -24"><span class='ocrx_word' id='word_1_290' title='bbox 1946 1383 2199 1441; x_wconf 89' lang='lat' dir='ltr'>militare</span> <span class='ocrx_word' id='word_1_291' title='bbox 2237 1385 2474 1458; x_wconf 89' lang='lat' dir='ltr'>signum</span> <span class='ocrx_word' id='word_1_292' title='bbox 2514 1404 2757 1443; x_wconf 90' lang='lat' dir='ltr'>suorum</span> <span class='ocrx_word' id='word_1_293' title='bbox 2806 1389 3195 1461; x_wconf 85' lang='lat' dir='ltr'>pugnantium</span> <span class='ocrx_word' id='word_1_294' title='bbox 3226 1409 3238 1460; x_wconf 91' lang='lat'>;</span> <span class='ocrx_word' id='word_1_295' title='bbox 3274 1392 3448 1448; x_wconf 91' lang='lat' dir='ltr'>Turci</span> <span class='ocrx_word' id='word_1_296' title='bbox 3474 1409 3607 1448; x_wconf 89' lang='lat' dir='ltr'>vero</span> 
     </span>
    </p>
   </div>
   <div class='ocr_carea' id='block_1_45' title="bbox 1946 1471 3608 1554">
    <p class='ocr_par' dir='ltr' id='par_1_45' title="bbox 1946 1471 3608 1554">
     <span class='ocr_line' id='line_1_45' title="bbox 1946 1471 3608 1554; baseline 0.005 -26"><span class='ocrx_word' id='word_1_297' title='bbox 1946 1471 2353 1531; x_wconf 85' lang='lat' dir='ltr'>lamentabiles</span> <span class='ocrx_word' id='word_1_298' title='bbox 2382 1475 2640 1547; x_wconf 86' lang='lat' dir='ltr'>gemitus</span> <span class='ocrx_word' id='word_1_299' title='bbox 2672 1494 2913 1533; x_wconf 88' lang='lat' dir='ltr'>suorum</span> <span class='ocrx_word' id='word_1_300' title='bbox 2959 1478 3356 1536; x_wconf 88' lang='lat' dir='ltr'>morientium.</span> <span class='ocrx_word' id='word_1_301' title='bbox 3392 1482 3608 1554; x_wconf 84' lang='lat' dir='ltr'>Torpe-</span> 
     </span>
    </p>
   </div>
   <div class='ocr_carea' id='block_1_46' title="bbox 1946 1561 3606 1642">
    <p class='ocr_par' dir='ltr' id='par_1_46' title="bbox 1946 1561 3606 1642">
     <span class='ocr_line' id='line_1_46' title="bbox 1946 1561 3606 1642; baseline 0.007 -26"><span class='ocrx_word' id='word_1_302' title='bbox 1946 1561 2057 1617; x_wconf 88' lang='lat' dir='ltr'>scit</span> <span class='ocrx_word' id='word_1_303' title='bbox 2087 1565 2413 1635; x_wconf 86' lang='lat' dir='ltr'>stupefacta</span> <span class='ocrx_word' id='word_1_304' title='bbox 2446 1581 2658 1621; x_wconf 91' lang='lat' dir='ltr'>manus</span> <span class='ocrx_word' id='word_1_305' title='bbox 2714 1565 3073 1638; x_wconf 90' lang='lat' dir='ltr'>iniquorum,</span> <span class='ocrx_word' id='word_1_306' title='bbox 3109 1569 3459 1626; x_wconf 87' lang='lat' dir='ltr'>convalescit</span> <span class='ocrx_word' id='word_1_307' title='bbox 3479 1570 3606 1642; x_wconf 90' lang='lat' dir='ltr'>jam</span> 
     </span>
    </p>
   </div>
   <div class='ocr_carea' id='block_1_47' title="bbox 1946 1651 2953 1725">
    <p class='ocr_par' dir='ltr' id='par_1_47' title="bbox 1946 1651 2953 1725">
     <span class='ocr_line' id='line_1_47' title="bbox 1946 1651 2953 1725; baseline 0.006 -20"><span class='ocrx_word' id='word_1_308' title='bbox 1946 1651 2192 1725; x_wconf 88' lang='lat' dir='ltr'>fatigata</span> <span class='ocrx_word' id='word_1_309' title='bbox 2223 1669 2435 1709; x_wconf 88' lang='lat' dir='ltr'>manus</span> <span class='ocrx_word' id='word_1_310' title='bbox 2466 1653 2953 1711; x_wconf 86' lang='lat' dir='ltr'>Christianorum.</span> 
     </span>
    </p>
   </div>
   <div class='ocr_carea' id='block_1_48' title="bbox 2588 1797 2956 1854">
    <p class='ocr_par' dir='ltr' id='par_1_48' title="bbox 2588 1797 2956 1854">
     <span class='ocr_line' id='line_1_48' title="bbox 2588 1797 2956 1854; baseline 0.008 -3"><span class='ocrx_word' id='word_1_311' title='bbox 2588 1797 2817 1853; x_wconf 87' lang='lat' dir='ltr'>CAPUT</span> <span class='ocrx_word' id='word_1_312' title='bbox 2860 1799 2956 1854; x_wconf 92' lang='lat' dir='ltr'>III.</span> 
     </span>
    </p>
   </div>
   <div class='ocr_carea' id='block_1_49' title="bbox 2020 1919 3603 1997">
    <p class='ocr_par' dir='ltr' id='par_1_49' title="bbox 2020 1919 3603 1997">
     <span class='ocr_line' id='line_1_49' title="bbox 2020 1919 3603 1997; baseline 0.005 -22"><span class='ocrx_word' id='word_1_313' title='bbox 2020 1920 2245 1976; x_wconf 88' lang='lat' dir='ltr'>Interea</span> <span class='ocrx_word' id='word_1_314' title='bbox 2276 1919 2416 1975; x_wconf 89' lang='lat' dir='ltr'>dum</span> <span class='ocrx_word' id='word_1_315' title='bbox 2447 1920 2619 1976; x_wconf 90' lang='lat' dir='ltr'>Turci</span> <span class='ocrx_word' id='word_1_316' title='bbox 2651 1921 2751 1993; x_wconf 91' lang='lat' dir='ltr'>qui</span> <span class='ocrx_word' id='word_1_317' title='bbox 2785 1926 3016 1978; x_wconf 83' lang='lat' dir='ltr'>nostros</span> <span class='ocrx_word' id='word_1_318' title='bbox 3068 1924 3502 1997; x_wconf 82' lang='lat' dir='ltr'>impugnabant</span> <span class='ocrx_word' id='word_1_319' title='bbox 3531 1927 3603 1983; x_wconf 91' lang='lat' dir='ltr'>ad</span> 
     </span>
    </p>
   </div>
   <div class='ocr_carea' id='block_1_50' title="bbox 1946 2009 3607 2087">
    <p class='ocr_par' dir='ltr' id='par_1_50' title="bbox 1946 2009 3607 2087">
     <span class='ocr_line' id='line_1_50' title="bbox 1946 2009 3607 2087; baseline 0.005 -24"><span class='ocrx_word' id='word_1_320' title='bbox 1946 2014 2226 2064; x_wconf 90' lang='lat' dir='ltr'>montana</span> <span class='ocrx_word' id='word_1_321' title='bbox 2256 2009 2594 2081; x_wconf 88' lang='lat' dir='ltr'>respiciunt,</span> <span class='ocrx_word' id='word_1_322' title='bbox 2616 2010 2987 2082; x_wconf 90' lang='lat' dir='ltr'>conspiciunt</span> <span class='ocrx_word' id='word_1_323' title='bbox 3017 2013 3353 2070; x_wconf 90' lang='lat' dir='ltr'>Podiensem</span> <span class='ocrx_word' id='word_1_324' title='bbox 3389 2016 3607 2087; x_wconf 85' lang='lat' dir='ltr'>episco-</span> 
     </span>
    </p>
   </div>
   <div class='ocr_carea' id='block_1_51' title="bbox 1944 2098 3605 2172">
    <p class='ocr_par' dir='ltr' id='par_1_51' title="bbox 1944 2098 3605 2172">
     <span class='ocr_line' id='line_1_51' title="bbox 1944 2098 3605 2172; baseline 0.004 -20"><span class='ocrx_word' id='word_1_325' title='bbox 1944 2114 2087 2169; x_wconf 91' lang='lat' dir='ltr'>pum</span> <span class='ocrx_word' id='word_1_326' title='bbox 2118 2102 2173 2153; x_wconf 92' lang='lat' dir='ltr'>et</span> <span class='ocrx_word' id='word_1_327' title='bbox 2203 2098 2473 2154; x_wconf 90' lang='lat' dir='ltr'>comitem</span> <span class='ocrx_word' id='word_1_328' title='bbox 2500 2098 2921 2167; x_wconf 82' lang='lat' dir='ltr'>Raimundum,</span> <span class='ocrx_word' id='word_1_329' title='bbox 2944 2117 3079 2156; x_wconf 89' lang='lat' dir='ltr'>cum</span> <span class='ocrx_word' id='word_1_330' title='bbox 3105 2102 3327 2172; x_wconf 87' lang='lat' dir='ltr'>reliquo</span> <span class='ocrx_word' id='word_1_331' title='bbox 3350 2104 3605 2160; x_wconf 79' lang='lat' dir='ltr'>exercitu</span> 
     </span>
    </p>
   </div>
   <div class='ocr_carea' id='block_1_52' title="bbox 1946 2185 3607 2260">
    <p class='ocr_par' dir='ltr' id='par_1_52' title="bbox 1946 2185 3607 2260">
     <span class='ocr_line' id='line_1_52' title="bbox 1946 2185 3607 2260; baseline 0.006 -21"><span class='ocrx_word' id='word_1_332' title='bbox 1946 2185 2200 2241; x_wconf 91' lang='lat' dir='ltr'>militum</span> <span class='ocrx_word' id='word_1_333' title='bbox 2234 2191 2291 2242; x_wconf 89' lang='lat' dir='ltr'>et</span> <span class='ocrx_word' id='word_1_334' title='bbox 2313 2187 2574 2257; x_wconf 90' lang='lat' dir='ltr'>peditum</span> <span class='ocrx_word' id='word_1_335' title='bbox 2609 2189 2678 2243; x_wconf 89' lang='lat' dir='ltr'>de</span> <span class='ocrx_word' id='word_1_336' title='bbox 2712 2190 3011 2245; x_wconf 88' lang='lat' dir='ltr'>montibus</span> <span class='ocrx_word' id='word_1_337' title='bbox 3045 2192 3414 2260; x_wconf 80' lang='lat' dir='ltr'>descendere,</span> <span class='ocrx_word' id='word_1_338' title='bbox 3444 2209 3607 2249; x_wconf 87' lang='lat' dir='ltr'>suos-</span> 
     </span>
    </p>
   </div>
   <div class='ocr_carea' id='block_1_53' title="bbox 1945 2275 3611 2352">
    <p class='ocr_par' dir='ltr' id='par_1_53' title="bbox 1945 2275 3611 2352">
     <span class='ocr_line' id='line_1_53' title="bbox 1945 2275 3611 2352; baseline 0.005 -23"><span class='ocrx_word' id='word_1_339' title='bbox 1945 2291 2056 2346; x_wconf 91' lang='lat' dir='ltr'>que</span> <span class='ocrx_word' id='word_1_340' title='bbox 2088 2275 2360 2331; x_wconf 89' lang='lat' dir='ltr'>invadere</span> <span class='ocrx_word' id='word_1_341' title='bbox 2388 2294 2400 2344; x_wconf 93' lang='lat'>;</span> <span class='ocrx_word' id='word_1_342' title='bbox 2426 2276 2811 2349; x_wconf 86' lang='lat' dir='ltr'>obriguerunt</span> <span class='ocrx_word' id='word_1_343' title='bbox 2834 2278 3043 2333; x_wconf 89' lang='lat' dir='ltr'>timore</span> <span class='ocrx_word' id='word_1_344' title='bbox 3074 2296 3287 2351; x_wconf 86' lang='lat' dir='ltr'>magno</span> <span class='ocrx_word' id='word_1_345' title='bbox 3319 2297 3434 2352; x_wconf 63' lang='lat' dir='ltr'>pra;</span> <span class='ocrx_word' id='word_1_346' title='bbox 3460 2281 3611 2337; x_wconf 72' lang='lat' dir='ltr'>mul~</span> 
     </span>
    </p>
   </div>
   <div class='ocr_carea' id='block_1_54' title="bbox 1943 2362 3606 2440">
    <p class='ocr_par' dir='ltr' id='par_1_54' title="bbox 1943 2362 3606 2440">
     <span class='ocr_line' id='line_1_54' title="bbox 1943 2362 3606 2440; baseline 0.005 -21"><span class='ocrx_word' id='word_1_347' title='bbox 1943 2362 2195 2420; x_wconf 89' lang='lat' dir='ltr'>titudine</span> <span class='ocrx_word' id='word_1_348' title='bbox 2254 2363 2606 2421; x_wconf 87' lang='lat' dir='ltr'>bellatorum</span> <span class='ocrx_word' id='word_1_349' title='bbox 2669 2367 2801 2439; x_wconf 73' lang='lat' dir='ltr'>(3i),</span> <span class='ocrx_word' id='word_1_350' title='bbox 2855 2372 3131 2439; x_wconf 89' lang='lat' dir='ltr'>putantes</span> <span class='ocrx_word' id='word_1_351' title='bbox 3180 2369 3335 2440; x_wconf 89' lang='lat' dir='ltr'>quod</span> <span class='ocrx_word' id='word_1_352' title='bbox 3386 2373 3487 2425; x_wconf 88' lang='lat' dir='ltr'>aut</span> <span class='ocrx_word' id='word_1_353' title='bbox 3533 2372 3606 2429; x_wconf 85' lang='lat' dir='ltr'>de</span> 
     </span>
    </p>
   </div>
   <div class='ocr_carea' id='block_1_55' title="bbox 1941 2451 3603 2531">
    <p class='ocr_par' dir='ltr' id='par_1_55' title="bbox 1941 2451 3603 2531">
     <span class='ocr_line' id='line_1_55' title="bbox 1941 2451 3603 2531; baseline 0.004 -23"><span class='ocrx_word' id='word_1_354' title='bbox 1941 2451 2091 2526; x_wconf 86' lang='lat' dir='ltr'>ipsis</span> <span class='ocrx_word' id='word_1_355' title='bbox 2113 2454 2414 2511; x_wconf 91' lang='lat' dir='ltr'>montibus</span> <span class='ocrx_word' id='word_1_356' title='bbox 2437 2456 2835 2512; x_wconf 87' lang='lat' dir='ltr'>emersissent.</span> <span class='ocrx_word' id='word_1_357' title='bbox 2864 2459 3080 2513; x_wconf 89' lang='lat' dir='ltr'>Iterum</span> <span class='ocrx_word' id='word_1_358' title='bbox 3102 2458 3302 2531; x_wconf 78' lang='lat' dir='ltr'>praelia</span> <span class='ocrx_word' id='word_1_359' title='bbox 3322 2458 3603 2515; x_wconf 85' lang='lat' dir='ltr'>innovan-</span> 
     </span>
    </p>
   </div>
   <div class='ocr_carea' id='block_1_56' title="bbox 1941 2544 3601 2620">
    <p class='ocr_par' dir='ltr' id='par_1_56' title="bbox 1941 2544 3601 2620">
     <span class='ocr_line' id='line_1_56' title="bbox 1941 2544 3601 2620; baseline 0.003 -21"><span class='ocrx_word' id='word_1_360' title='bbox 1941 2546 2057 2609; x_wconf 90' lang='lat' dir='ltr'>tur,</span> <span class='ocrx_word' id='word_1_361' title='bbox 2087 2547 2462 2616; x_wconf 88' lang='lat' dir='ltr'>recenterque</span> <span class='ocrx_word' id='word_1_362' title='bbox 2492 2544 2746 2616; x_wconf 89' lang='lat' dir='ltr'>plurima</span> <span class='ocrx_word' id='word_1_363' title='bbox 2774 2546 3094 2601; x_wconf 85' lang='lat' dir='ltr'>Turcorum</span> <span class='ocrx_word' id='word_1_364' title='bbox 3129 2546 3316 2603; x_wconf 90' lang='lat' dir='ltr'>millia</span> <span class='ocrx_word' id='word_1_365' title='bbox 3347 2552 3601 2620; x_wconf 87' lang='lat' dir='ltr'>proster-</span> 
     </span>
    </p>
   </div>
   <div class='ocr_carea' id='block_1_57' title="bbox 1943 2637 2189 2689">
    <p class='ocr_par' dir='ltr' id='par_1_57' title="bbox 1943 2637 2189 2689">
     <span class='ocr_line' id='line_1_57' title="bbox 1943 2637 2189 2689; baseline 0.004 -1"><span class='ocrx_word' id='word_1_366' title='bbox 1943 2637 2189 2689; x_wconf 90' lang='lat' dir='ltr'>nuntur.</span> 
     </span>
    </p>
   </div>
   <div class='ocr_carea' id='block_1_58' title="bbox 1940 2756 3601 2834">
    <p class='ocr_par' dir='ltr' id='par_1_58' title="bbox 1940 2756 3601 2834">
     <span class='ocr_line' id='line_1_58' title="bbox 1940 2756 3601 2834; baseline 0.005 -23"><span class='ocrx_word' id='word_1_367' title='bbox 1940 2756 2089 2824; x_wconf 89' lang='lat' dir='ltr'>Quid</span> <span class='ocrx_word' id='word_1_368' title='bbox 2108 2757 2321 2813; x_wconf 87' lang='lat' dir='ltr'>faceret</span> <span class='ocrx_word' id='word_1_369' title='bbox 2335 2757 2581 2824; x_wconf 91' lang='lat' dir='ltr'>Turcus,</span> <span class='ocrx_word' id='word_1_370' title='bbox 2601 2756 2970 2831; x_wconf 88' lang='lat' dir='ltr'>populusque</span> <span class='ocrx_word' id='word_1_371' title='bbox 2988 2776 3092 2832; x_wconf 91' lang='lat' dir='ltr'>per</span> <span class='ocrx_word' id='word_1_372' title='bbox 3106 2760 3306 2817; x_wconf 88' lang='lat' dir='ltr'>omnia</span> <span class='ocrx_word' id='word_1_373' title='bbox 3322 2761 3601 2834; x_wconf 81' lang='lat' dir='ltr'>spurcus?</span> 
     </span>
    </p>
   </div>
   <div class='ocr_carea' id='block_1_59' title="bbox 1936 2846 3363 2919">
    <p class='ocr_par' dir='ltr' id='par_1_59' title="bbox 1936 2846 3363 2919">
     <span class='ocr_line' id='line_1_59' title="bbox 1936 2846 3363 2919; baseline 0.004 -18"><span class='ocrx_word' id='word_1_374' title='bbox 1936 2846 2004 2901; x_wconf 92' lang='lat' dir='ltr'>Ni</span> <span class='ocrx_word' id='word_1_375' title='bbox 2038 2864 2146 2903; x_wconf 89' lang='lat' dir='ltr'>sua</span> <span class='ocrx_word' id='word_1_376' title='bbox 2175 2851 2340 2919; x_wconf 90' lang='lat' dir='ltr'>terga</span> <span class='ocrx_word' id='word_1_377' title='bbox 2368 2847 2533 2903; x_wconf 90' lang='lat' dir='ltr'>daret</span> <span class='ocrx_word' id='word_1_378' title='bbox 2565 2864 2678 2918; x_wconf 92' lang='lat' dir='ltr'>quo</span> <span class='ocrx_word' id='word_1_379' title='bbox 2710 2852 2945 2904; x_wconf 88' lang='lat' dir='ltr'>venerat</span> <span class='ocrx_word' id='word_1_380' title='bbox 2974 2853 3030 2905; x_wconf 90' lang='lat' dir='ltr'>et</span> <span class='ocrx_word' id='word_1_381' title='bbox 3060 2855 3363 2907; x_wconf 89' lang='lat' dir='ltr'>remearet.</span> 
     </span>
    </p>
   </div>
   <div class='ocr_carea' id='block_1_60' title="bbox 1939 2935 3456 3011">
    <p class='ocr_par' dir='ltr' id='par_1_60' title="bbox 1939 2935 3456 3011">
     <span class='ocr_line' id='line_1_60' title="bbox 1939 2935 3456 3011; baseline 0.003 -19"><span class='ocrx_word' id='word_1_382' title='bbox 1939 2936 2049 2992; x_wconf 89' lang='lat' dir='ltr'>Sed</span> <span class='ocrx_word' id='word_1_383' title='bbox 2082 2936 2183 3008; x_wconf 90' lang='lat' dir='ltr'>qui</span> <span class='ocrx_word' id='word_1_384' title='bbox 2216 2936 2403 2991; x_wconf 88' lang='lat' dir='ltr'>cauda</span> <span class='ocrx_word' id='word_1_385' title='bbox 2431 2935 2597 3008; x_wconf 91' lang='lat' dir='ltr'>prius</span> <span class='ocrx_word' id='word_1_386' title='bbox 2629 2936 2839 3005; x_wconf 86' lang='lat' dir='ltr'>fuerat,</span> <span class='ocrx_word' id='word_1_387' title='bbox 2874 2942 3047 3010; x_wconf 89' lang='lat' dir='ltr'>caput</span> <span class='ocrx_word' id='word_1_388' title='bbox 3079 2939 3282 3011; x_wconf 90' lang='lat' dir='ltr'>incipit</span> <span class='ocrx_word' id='word_1_389' title='bbox 3311 2956 3456 2996; x_wconf 88' lang='lat' dir='ltr'>esse.</span> 
     </span>
    </p>
   </div>
   <div class='ocr_carea' id='block_1_61' title="bbox 1938 3025 3589 3101">
    <p class='ocr_par' dir='ltr' id='par_1_61' title="bbox 1938 3025 3589 3101">
     <span class='ocr_line' id='line_1_61' title="bbox 1938 3025 3589 3101; baseline 0.004 -20"><span class='ocrx_word' id='word_1_390' title='bbox 1938 3025 2148 3099; x_wconf 89' lang='lat' dir='ltr'>Sicque</span> <span class='ocrx_word' id='word_1_391' title='bbox 2178 3029 2354 3096; x_wconf 88' lang='lat' dir='ltr'>caput</span> <span class='ocrx_word' id='word_1_392' title='bbox 2385 3026 2633 3081; x_wconf 90' lang='lat' dir='ltr'>caudam</span> <span class='ocrx_word' id='word_1_393' title='bbox 2666 3027 2952 3099; x_wconf 90' lang='lat' dir='ltr'>sequitur,</span> <span class='ocrx_word' id='word_1_394' title='bbox 2995 3027 3229 3101; x_wconf 87' lang='lat' dir='ltr'>fugiens</span> <span class='ocrx_word' id='word_1_395' title='bbox 3279 3029 3589 3101; x_wconf 83' lang='lat' dir='ltr'>fugientes.</span> 
     </span>
    </p>
   </div>
   <div class='ocr_carea' id='block_1_62' title="bbox 165 3147 3593 3223">
    <p class='ocr_par' dir='ltr' id='par_1_62' title="bbox 165 3147 3593 3223">
     <span class='ocr_line' id='line_1_62' title="bbox 165 3147 3593 3223; baseline 0.001 -16"><span class='ocrx_word' id='word_1_396' title='bbox 165 3148 508 3223; x_wconf 85' lang='lat' dir='ltr'>impellebat</span> <span class='ocrx_word' id='word_1_397' title='bbox 538 3148 740 3216; x_wconf 89' lang='lat' dir='ltr'>alium,</span> <span class='ocrx_word' id='word_1_398' title='bbox 761 3149 914 3221; x_wconf 90' lang='lat' dir='ltr'>quod</span> <span class='ocrx_word' id='word_1_399' title='bbox 948 3164 1244 3220; x_wconf 87' lang='lat' dir='ltr'>nusquam</span> <span class='ocrx_word' id='word_1_400' title='bbox 1276 3150 1398 3203; x_wconf 90' lang='lat' dir='ltr'>erat</span> <span class='ocrx_word' id='word_1_401' title='bbox 1424 3147 1700 3218; x_wconf 88' lang='lat' dir='ltr'>cuiquam</span> <span class='ocrx_word' id='word_1_402' title='bbox 1724 3163 1827 3219; x_wconf 92' lang='lat' dir='ltr'>pro</span> <span class='ocrx_word' id='word_1_403' title='bbox 1859 3155 1902 3222; x_wconf 62' lang='grc' dir='ltr'>(ξ</span> <span class='ocrx_word' id='word_1_404' title='bbox 1936 3149 2129 3206; x_wconf 85' lang='lat' dir='ltr'>Nostri</span> <span class='ocrx_word' id='word_1_405' title='bbox 2163 3165 2394 3221; x_wconf 90' lang='lat' dir='ltr'>quoque</span> <span class='ocrx_word' id='word_1_406' title='bbox 2425 3150 2525 3222; x_wconf 92' lang='lat' dir='ltr'>qui</span> <span class='ocrx_word' id='word_1_407' title='bbox 2548 3152 2676 3222; x_wconf 90' lang='lat' dir='ltr'>jam</span> <span class='ocrx_word' id='word_1_408' title='bbox 2708 3167 2885 3223; x_wconf 87' lang='lat' dir='ltr'>prepe</span> <span class='ocrx_word' id='word_1_409' title='bbox 2924 3151 2983 3206; x_wconf 92' lang='lat' dir='ltr'>in</span> <span class='ocrx_word' id='word_1_410' title='bbox 3015 3151 3137 3207; x_wconf 89' lang='lat' dir='ltr'>suis</span> <span class='ocrx_word' id='word_1_411' title='bbox 3168 3157 3334 3223; x_wconf 85' lang='lat' dir='ltr'>erant</span> <span class='ocrx_word' id='word_1_412' title='bbox 3379 3152 3593 3211; x_wconf 88' lang='lat' dir='ltr'>inclusi</span> 
     </span>
    </p>
   </div>
   <div class='ocr_carea' id='block_1_63' title="bbox 166 3234 1825 3310">
    <p class='ocr_par' dir='ltr' id='par_1_63' title="bbox 166 3234 1825 3310">
     <span class='ocr_line' id='line_1_63' title="bbox 166 3234 1825 3310; baseline -0.003 -14"><span class='ocrx_word' id='word_1_413' title='bbox 166 3238 288 3296; x_wconf 89' lang='lat' dir='ltr'>ullo</span> <span class='ocrx_word' id='word_1_414' title='bbox 319 3238 628 3296; x_wconf 89' lang='lat' dir='ltr'>commodo</span> <span class='ocrx_word' id='word_1_415' title='bbox 662 3237 995 3310; x_wconf 83' lang='lat' dir='ltr'>dilfugium.</span> <span class='ocrx_word' id='word_1_416' title='bbox 1028 3238 1273 3293; x_wconf 90' lang='lat' dir='ltr'>Nostros</span> <span class='ocrx_word' id='word_1_417' title='bbox 1322 3236 1403 3291; x_wconf 92' lang='lat' dir='ltr'>ita</span> <span class='ocrx_word' id='word_1_418' title='bbox 1449 3234 1825 3304; x_wconf 89' lang='lat' dir='ltr'>vallaverant,</span> 
     </span>
    </p>
   </div>
   <div class='ocr_carea' id='block_1_64' title="bbox 168 3323 1832 3402">
    <p class='ocr_par' dir='ltr' id='par_1_64' title="bbox 168 3323 1832 3402">
     <span class='ocr_line' id='line_1_64' title="bbox 168 3323 1832 3402; baseline -0.001 -19"><span class='ocrx_word' id='word_1_419' title='bbox 168 3328 323 3402; x_wconf 88' lang='lat' dir='ltr'>quod</span> <span class='ocrx_word' id='word_1_420' title='bbox 358 3328 554 3384; x_wconf 90' lang='lat' dir='ltr'>locum</span> <span class='ocrx_word' id='word_1_421' title='bbox 584 3343 835 3383; x_wconf 89' lang='lat' dir='ltr'>vacuum</span> <span class='ocrx_word' id='word_1_422' title='bbox 858 3326 972 3383; x_wconf 90' lang='lat' dir='ltr'>nisi</span> <span class='ocrx_word' id='word_1_423' title='bbox 996 3325 1150 3382; x_wconf 89' lang='lat' dir='ltr'>circa</span> <span class='ocrx_word' id='word_1_424' title='bbox 1169 3324 1419 3381; x_wconf 92' lang='lat' dir='ltr'>tentoria</span> <span class='ocrx_word' id='word_1_425' title='bbox 1440 3341 1556 3379; x_wconf 92' lang='lat' dir='ltr'>non</span> <span class='ocrx_word' id='word_1_426' title='bbox 1581 3323 1832 3381; x_wconf 89' lang='lat' dir='ltr'>invenie-</span> 
     </span>
    </p>
   </div>
   <div class='ocr_carea' id='block_1_65' title="bbox 165 3413 1829 3486">
    <p class='ocr_par' dir='ltr' id='par_1_65' title="bbox 165 3413 1829 3486">
     <span class='ocr_line' id='line_1_65' title="bbox 165 3413 1829 3486; baseline -0.003 -11"><span class='ocrx_word' id='word_1_427' title='bbox 165 3417 329 3475; x_wconf 83' lang='lat' dir='ltr'>bant.</span> <span class='ocrx_word' id='word_1_428' title='bbox 366 3415 535 3472; x_wconf 81' lang='lat' dir='ltr'>Multi</span> <span class='ocrx_word' id='word_1_429' title='bbox 572 3416 643 3472; x_wconf 88' lang='lat' dir='ltr'>de</span> <span class='ocrx_word' id='word_1_430' title='bbox 670 3413 887 3471; x_wconf 88' lang='lat' dir='ltr'>nostris</span> <span class='ocrx_word' id='word_1_431' title='bbox 916 3419 1058 3470; x_wconf 90' lang='lat' dir='ltr'>tunc</span> <span class='ocrx_word' id='word_1_432' title='bbox 1110 3414 1326 3470; x_wconf 88' lang='lat' dir='ltr'>mortui</span> <span class='ocrx_word' id='word_1_433' title='bbox 1359 3416 1518 3482; x_wconf 88' lang='lat' dir='ltr'>sunt,</span> <span class='ocrx_word' id='word_1_434' title='bbox 1553 3414 1653 3486; x_wconf 92' lang='lat' dir='ltr'>qui</span> <span class='ocrx_word' id='word_1_435' title='bbox 1684 3414 1829 3470; x_wconf 90' lang='lat' dir='ltr'>Tur-</span> 
     </span>
    </p>
   </div>
   <div class='ocr_carea' id='block_1_66' title="bbox 160 3502 1832 3579">
    <p class='ocr_par' dir='ltr' id='par_1_66' title="bbox 160 3502 1832 3579">
     <span class='ocr_line' id='line_1_66' title="bbox 160 3502 1832 3579; baseline -0.003 -15"><span class='ocrx_word' id='word_1_436' title='bbox 160 3523 365 3564; x_wconf 87' lang='lat' dir='ltr'>corum</span> <span class='ocrx_word' id='word_1_437' title='bbox 393 3505 623 3579; x_wconf 86' lang='lat' dir='ltr'>sagittis</span> <span class='ocrx_word' id='word_1_438' title='bbox 652 3505 970 3578; x_wconf 90' lang='lat' dir='ltr'>perierunt.</span> <span class='ocrx_word' id='word_1_439' title='bbox 993 3502 1202 3559; x_wconf 91' lang='lat' dir='ltr'>Nullus</span> <span class='ocrx_word' id='word_1_440' title='bbox 1222 3506 1559 3559; x_wconf 87' lang='lat' dir='ltr'>nostrorum</span> <span class='ocrx_word' id='word_1_441' title='bbox 1575 3503 1832 3570; x_wconf 65' lang='lat' dir='ltr'>jvacabat</span> 
     </span>
    </p>
   </div>
   <div class='ocr_carea' id='block_1_67' title="bbox 160 3590 1830 3665">
    <p class='ocr_par' dir='ltr' id='par_1_67' title="bbox 160 3590 1830 3665">
     <span class='ocr_line' id='line_1_67' title="bbox 160 3590 1830 3665; baseline -0.004 -12"><span class='ocrx_word' id='word_1_442' title='bbox 160 3599 232 3654; x_wconf 86' lang='lat' dir='ltr'>ab</span> <span class='ocrx_word' id='word_1_443' title='bbox 263 3597 479 3663; x_wconf 81' lang='lat' dir='ltr'>ofﬁcio,</span> <span class='ocrx_word' id='word_1_444' title='bbox 514 3594 712 3651; x_wconf 74' lang='lat' dir='ltr'>nullus</span> <span class='ocrx_word' id='word_1_445' title='bbox 741 3598 865 3650; x_wconf 86' lang='lat' dir='ltr'>erat</span> <span class='ocrx_word' id='word_1_446' title='bbox 895 3594 1118 3665; x_wconf 89' lang='lat' dir='ltr'>absque</span> <span class='ocrx_word' id='word_1_447' title='bbox 1150 3590 1497 3648; x_wconf 91' lang='lat' dir='ltr'>ministerio.</span> <span class='ocrx_word' id='word_1_448' title='bbox 1524 3591 1742 3648; x_wconf 91' lang='lat' dir='ltr'>Milites</span> <span class='ocrx_word' id='word_1_449' title='bbox 1772 3596 1830 3647; x_wconf 89' lang='lat' dir='ltr'>et</span> 
     </span>
    </p>
   </div>
   <div class='ocr_carea' id='block_1_68' title="bbox 162 3680 1826 3757">
    <p class='ocr_par' dir='ltr' id='par_1_68' title="bbox 162 3680 1826 3757">
     <span class='ocr_line' id='line_1_68' title="bbox 162 3680 1826 3757; baseline -0.003 -15"><span class='ocrx_word' id='word_1_450' title='bbox 162 3686 233 3742; x_wconf 86' lang='lat' dir='ltr'>ad</span> <span class='ocrx_word' id='word_1_451' title='bbox 264 3685 486 3743; x_wconf 88' lang='lat' dir='ltr'>bellum</span> <span class='ocrx_word' id='word_1_452' title='bbox 514 3684 767 3757; x_wconf 83' lang='lat' dir='ltr'>expediti</span> <span class='ocrx_word' id='word_1_453' title='bbox 801 3683 1163 3756; x_wconf 86' lang='lat' dir='ltr'>pugnabant,</span> <span class='ocrx_word' id='word_1_454' title='bbox 1192 3682 1523 3739; x_wconf 82' lang='lat' dir='ltr'>sacerdotes</span> <span class='ocrx_word' id='word_1_455' title='bbox 1544 3685 1602 3737; x_wconf 90' lang='lat' dir='ltr'>et</span> <span class='ocrx_word' id='word_1_456' title='bbox 1630 3680 1826 3739; x_wconf 86' lang='lat' dir='ltr'>clerici</span> 
     </span>
    </p>
   </div>
   <div class='ocr_carea' id='block_1_69' title="bbox 163 3769 1826 3849">
    <p class='ocr_par' dir='ltr' id='par_1_69' title="bbox 163 3769 1826 3849">
     <span class='ocr_line' id='line_1_69' title="bbox 163 3769 1826 3849; baseline -0.004 -18"><span class='ocrx_word' id='word_1_457' title='bbox 163 3775 479 3849; x_wconf 84' lang='lat' dir='ltr'>plorabant</span> <span class='ocrx_word' id='word_1_458' title='bbox 507 3779 564 3829; x_wconf 90' lang='lat' dir='ltr'>et</span> <span class='ocrx_word' id='word_1_459' title='bbox 595 3773 863 3839; x_wconf 83' lang='lat' dir='ltr'>orabant,</span> <span class='ocrx_word' id='word_1_460' title='bbox 906 3770 1183 3829; x_wconf 88' lang='lat' dir='ltr'>mulieres</span> <span class='ocrx_word' id='word_1_461' title='bbox 1226 3769 1619 3827; x_wconf 88' lang='lat' dir='ltr'>lamentantes</span> <span class='ocrx_word' id='word_1_462' title='bbox 1668 3787 1826 3826; x_wconf 91' lang='lat' dir='ltr'>mor-</span> 
     </span>
    </p>
   </div>
   <div class='ocr_carea' id='block_1_70' title="bbox 164 3858 1825 3935">
    <p class='ocr_par' dir='ltr' id='par_1_70' title="bbox 164 3858 1825 3935">
     <span class='ocr_line' id='line_1_70' title="bbox 164 3858 1825 3935; baseline -0.003 -15"><span class='ocrx_word' id='word_1_463' title='bbox 164 3869 404 3920; x_wconf 87' lang='lat' dir='ltr'>tuorum</span> <span class='ocrx_word' id='word_1_464' title='bbox 436 3878 682 3935; x_wconf 89' lang='lat' dir='ltr'>corpora</span> <span class='ocrx_word' id='word_1_465' title='bbox 710 3861 769 3916; x_wconf 93' lang='lat' dir='ltr'>in</span> <span class='ocrx_word' id='word_1_466' title='bbox 808 3859 1059 3917; x_wconf 90' lang='lat' dir='ltr'>tentoria</span> <span class='ocrx_word' id='word_1_467' title='bbox 1105 3858 1437 3915; x_wconf 87' lang='lat' dir='ltr'>trahebant.</span> <span class='ocrx_word' id='word_1_468' title='bbox 1472 3859 1537 3915; x_wconf 90' lang='lat' dir='ltr'>Et</span> <span class='ocrx_word' id='word_1_469' title='bbox 1568 3860 1709 3915; x_wconf 92' lang='lat' dir='ltr'>dum</span> <span class='ocrx_word' id='word_1_470' title='bbox 1741 3859 1825 3915; x_wconf 92' lang='lat' dir='ltr'>sic</span> 
     </span>
    </p>
   </div>
   <div class='ocr_carea' id='block_1_71' title="bbox 166 3947 1824 4021">
    <p class='ocr_par' dir='ltr' id='par_1_71' title="bbox 166 3947 1824 4021">
     <span class='ocr_line' id='line_1_71' title="bbox 166 3947 1824 4021; baseline -0.004 -10"><span class='ocrx_word' id='word_1_471' title='bbox 166 3954 349 4011; x_wconf 83' lang='lat' dir='ltr'>nostri</span> <span class='ocrx_word' id='word_1_472' title='bbox 383 3956 739 4018; x_wconf 88' lang='lat' dir='ltr'>coartantur,</span> <span class='ocrx_word' id='word_1_473' title='bbox 764 3951 906 4006; x_wconf 89' lang='lat' dir='ltr'>dum</span> <span class='ocrx_word' id='word_1_474' title='bbox 937 3950 1093 4005; x_wconf 90' lang='lat' dir='ltr'>nube</span> <span class='ocrx_word' id='word_1_475' title='bbox 1122 3948 1445 4005; x_wconf 88' lang='lat' dir='ltr'>volantium</span> <span class='ocrx_word' id='word_1_476' title='bbox 1476 3947 1824 4021; x_wconf 83' lang='lat' dir='ltr'>sagittarum</span> 
     </span>
    </p>
   </div>
   <div class='ocr_carea' id='block_1_72' title="bbox 166 4037 1846 4109">
    <p class='ocr_par' dir='ltr' id='par_1_72' title="bbox 166 4037 1846 4109">
     <span class='ocr_line' id='line_1_72' title="bbox 166 4037 1846 4109; baseline -0.004 -10"><span class='ocrx_word' id='word_1_477' title='bbox 166 4043 619 4109; x_wconf 86' lang='lat' dir='ltr'>obumbrantur,</span> <span class='ocrx_word' id='word_1_478' title='bbox 670 4038 902 4095; x_wconf 89' lang='lat' dir='ltr'>advolat</span> <span class='ocrx_word' id='word_1_479' title='bbox 943 4037 1167 4095; x_wconf 89' lang='lat' dir='ltr'>interea</span> <span class='ocrx_word' id='word_1_480' title='bbox 1212 4038 1331 4092; x_wconf 87' lang='lat' dir='ltr'>dux</span> <span class='ocrx_word' id='word_1_481' title='bbox 1376 4037 1726 4094; x_wconf 90' lang='lat' dir='ltr'>Godefridus</span> <span class='ocrx_word' id='word_1_482' title='bbox 1769 4042 1846 4109; x_wconf 27' lang='lat' dir='ltr'>et.</span> 
     </span>
    </p>
   </div>
   <div class='ocr_carea' id='block_1_73' title="bbox 165 4129 1822 4206">
    <p class='ocr_par' dir='ltr' id='par_1_73' title="bbox 165 4129 1822 4206">
     <span class='ocr_line' id='line_1_73' title="bbox 165 4129 1822 4206; baseline -0.005 -16"><span class='ocrx_word' id='word_1_483' title='bbox 165 4133 331 4206; x_wconf 80' lang='lat' dir='ltr'>Hugo</span> <span class='ocrx_word' id='word_1_484' title='bbox 361 4132 497 4205; x_wconf 84' lang='lat'>(30).</span> <span class='ocrx_word' id='word_1_485' title='bbox 530 4131 639 4197; x_wconf 85' lang='lat' dir='ltr'>Qui</span> <span class='ocrx_word' id='word_1_486' title='bbox 671 4146 806 4185; x_wconf 90' lang='lat' dir='ltr'>cum</span> <span class='ocrx_word' id='word_1_487' title='bbox 838 4129 911 4184; x_wconf 91' lang='lat' dir='ltr'>ad</span> <span class='ocrx_word' id='word_1_488' title='bbox 942 4132 1223 4185; x_wconf 80' lang='lat' dir='ltr'>montana</span> <span class='ocrx_word' id='word_1_489' title='bbox 1270 4132 1659 4201; x_wconf 89' lang='lat' dir='ltr'>pervenerunt</span> <span class='ocrx_word' id='word_1_490' title='bbox 1687 4143 1822 4183; x_wconf 92' lang='lat' dir='ltr'>cum</span> 
     </span>
    </p>
   </div>
   <div class='ocr_carea' id='block_1_74' title="bbox 166 4215 1826 4295">
    <p class='ocr_par' dir='ltr' id='par_1_74' title="bbox 166 4215 1826 4295">
     <span class='ocr_line' id='line_1_74' title="bbox 166 4215 1826 4295; baseline -0.004 -18"><span class='ocrx_word' id='word_1_491' title='bbox 166 4221 560 4295; x_wconf 86' lang='lat' dir='ltr'>quadraginta</span> <span class='ocrx_word' id='word_1_492' title='bbox 589 4217 855 4274; x_wconf 85' lang='lat' dir='ltr'>millibus</span> <span class='ocrx_word' id='word_1_493' title='bbox 885 4216 1204 4274; x_wconf 89' lang='lat' dir='ltr'>electorum</span> <span class='ocrx_word' id='word_1_494' title='bbox 1229 4215 1506 4285; x_wconf 89' lang='lat' dir='ltr'>militum,</span> <span class='ocrx_word' id='word_1_495' title='bbox 1531 4216 1826 4289; x_wconf 88' lang='lat' dir='ltr'>aspiciunt</span> 
     </span>
    </p>
   </div>
   <div class='ocr_carea' id='block_1_75' title="bbox 163 4305 1822 4379">
    <p class='ocr_par' dir='ltr' id='par_1_75' title="bbox 163 4305 1822 4379">
     <span class='ocr_line' id='line_1_75' title="bbox 163 4305 1822 4379; baseline -0.004 -11"><span class='ocrx_word' id='word_1_496' title='bbox 163 4310 417 4368; x_wconf 85' lang='lat' dir='ltr'>tentoria</span> <span class='ocrx_word' id='word_1_497' title='bbox 463 4326 710 4366; x_wconf 87' lang='lat' dir='ltr'>suorum</span> <span class='ocrx_word' id='word_1_498' title='bbox 755 4306 1014 4379; x_wconf 90' lang='lat' dir='ltr'>undique</span> <span class='ocrx_word' id='word_1_499' title='bbox 1045 4306 1438 4378; x_wconf 89' lang='lat' dir='ltr'>circumsepta</span> <span class='ocrx_word' id='word_1_500' title='bbox 1484 4305 1822 4378; x_wconf 87' lang='lat' dir='ltr'>agminibus</span> 
     </span>
    </p>
   </div>
   <div class='ocr_carea' id='block_1_76' title="bbox 164 4397 1821 4469">
    <p class='ocr_par' dir='ltr' id='par_1_76' title="bbox 164 4397 1821 4469">
     <span class='ocr_line' id='line_1_76' title="bbox 164 4397 1821 4469; baseline -0.004 -12"><span class='ocrx_word' id='word_1_501' title='bbox 164 4401 513 4463; x_wconf 88' lang='lat' dir='ltr'>Turcorum,</span> <span class='ocrx_word' id='word_1_502' title='bbox 559 4397 868 4469; x_wconf 87' lang='lat' dir='ltr'>sociosque</span> <span class='ocrx_word' id='word_1_503' title='bbox 924 4411 1063 4452; x_wconf 91' lang='lat' dir='ltr'>suos</span> <span class='ocrx_word' id='word_1_504' title='bbox 1120 4398 1420 4467; x_wconf 88' lang='lat' dir='ltr'>utcunque</span> <span class='ocrx_word' id='word_1_505' title='bbox 1468 4398 1821 4466; x_wconf 90' lang='lat' dir='ltr'>pugnantes,</span> 
     </span>
    </p>
   </div>
   <div class='ocr_carea' id='block_1_77' title="bbox 164 4482 1819 4557">
    <p class='ocr_par' dir='ltr' id='par_1_77' title="bbox 164 4482 1819 4557">
     <span class='ocr_line' id='line_1_77' title="bbox 164 4482 1819 4557; baseline -0.004 -11"><span class='ocrx_word' id='word_1_506' title='bbox 164 4489 444 4546; x_wconf 86' lang='lat' dir='ltr'>mulieres</span> <span class='ocrx_word' id='word_1_507' title='bbox 488 4487 548 4542; x_wconf 90' lang='lat' dir='ltr'>in</span> <span class='ocrx_word' id='word_1_508' title='bbox 579 4485 847 4543; x_wconf 91' lang='lat' dir='ltr'>tentoriis</span> <span class='ocrx_word' id='word_1_509' title='bbox 877 4500 1091 4557; x_wconf 87' lang='lat' dir='ltr'>magno</span> <span class='ocrx_word' id='word_1_510' title='bbox 1140 4482 1368 4539; x_wconf 87' lang='lat' dir='ltr'>ululatu</span> <span class='ocrx_word' id='word_1_511' title='bbox 1415 4482 1819 4553; x_wconf 90' lang='lat' dir='ltr'>vociferantes,</span> 
     </span>
    </p>
   </div>
   <div class='ocr_carea' id='block_1_78' title="bbox 160 4571 1819 4644">
    <p class='ocr_par' dir='ltr' id='par_1_78' title="bbox 160 4571 1819 4644">
     <span class='ocr_line' id='line_1_78' title="bbox 160 4571 1819 4644; baseline -0.004 -8"><span class='ocrx_word' id='word_1_512' title='bbox 160 4580 479 4635; x_wconf 77' lang='lat' dir='ltr'>ardescunt</span> <span class='ocrx_word' id='word_1_513' title='bbox 520 4576 740 4643; x_wconf 89' lang='lat' dir='ltr'>animo,</span> <span class='ocrx_word' id='word_1_514' title='bbox 787 4578 846 4630; x_wconf 92' lang='lat' dir='ltr'>et</span> <span class='ocrx_word' id='word_1_515' title='bbox 894 4573 1050 4630; x_wconf 91' lang='lat' dir='ltr'>sicut</span> <span class='ocrx_word' id='word_1_516' title='bbox 1098 4571 1296 4644; x_wconf 90' lang='lat' dir='ltr'>aquila</span> <span class='ocrx_word' id='word_1_517' title='bbox 1342 4572 1528 4628; x_wconf 90' lang='lat' dir='ltr'>fertur</span> <span class='ocrx_word' id='word_1_518' title='bbox 1571 4572 1630 4627; x_wconf 91' lang='lat' dir='ltr'>in</span> <span class='ocrx_word' id='word_1_519' title='bbox 1675 4589 1819 4644; x_wconf 68' lang='lat' dir='ltr'>pra)-</span> 
     </span>
    </p>
   </div>
   <div class='ocr_carea' id='block_1_79' title="bbox 162 4667 323 4735">
    <p class='ocr_par' dir='ltr' id='par_1_79' title="bbox 162 4667 323 4735">
     <span class='ocr_line' id='line_1_79' title="bbox 162 4667 323 4735; baseline -0.006 -11"><span class='ocrx_word' id='word_1_520' title='bbox 162 4667 298 4724; x_wconf 83' lang='lat' dir='ltr'>dam</span> <span class='ocrx_word' id='word_1_521' title='bbox 309 4711 323 4735; x_wconf 93' lang='lat'>,</span> 
     </span>
    </p>
   </div>
   <div class='ocr_carea' id='block_1_80' title="bbox 163 4749 1641 4827">
    <p class='ocr_par' dir='ltr' id='par_1_80' title="bbox 163 4749 1641 4827">
     <span class='ocr_line' id='line_1_80' title="bbox 163 4749 1641 4827; baseline -0.005 -14"><span class='ocrx_word' id='word_1_522' title='bbox 163 4758 351 4822; x_wconf 83' lang='lat' dir='ltr'>Quam</span> <span class='ocrx_word' id='word_1_523' title='bbox 381 4771 490 4811; x_wconf 79' lang='lat' dir='ltr'>vox</span> <span class='ocrx_word' id='word_1_524' title='bbox 519 4752 815 4827; x_wconf 89' lang='lat' dir='ltr'>pullorum</span> <span class='ocrx_word' id='word_1_525' title='bbox 849 4749 1118 4808; x_wconf 87' lang='lat' dir='ltr'>stimulat</span> <span class='ocrx_word' id='word_1_526' title='bbox 1139 4749 1346 4823; x_wconf 90' lang='lat' dir='ltr'>jejuna</span> <span class='ocrx_word' id='word_1_527' title='bbox 1376 4766 1641 4818; x_wconf 90' lang='lat' dir='ltr'>suorum,</span> 
     </span>
    </p>
   </div>
   <div class='ocr_carea' id='block_1_81' title="bbox 161 4840 1585 4915">
    <p class='ocr_par' dir='ltr' id='par_1_81' title="bbox 161 4840 1585 4915">
     <span class='ocr_line' id='line_1_81' title="bbox 161 4840 1585 4915; baseline -0.004 -14"><span class='ocrx_word' id='word_1_528' title='bbox 161 4843 256 4901; x_wconf 89' lang='lat' dir='ltr'>Sic</span> <span class='ocrx_word' id='word_1_529' title='bbox 286 4845 377 4901; x_wconf 89' lang='lat' dir='ltr'>ira</span> <span class='ocrx_word' id='word_1_530' title='bbox 405 4860 673 4912; x_wconf 86' lang='lat' dir='ltr'>accensa,</span> <span class='ocrx_word' id='word_1_531' title='bbox 704 4844 1088 4915; x_wconf 84' lang='lat' dir='ltr'>penetrarunt</span> <span class='ocrx_word' id='word_1_532' title='bbox 1117 4840 1357 4914; x_wconf 87' lang='lat' dir='ltr'>agmina</span> <span class='ocrx_word' id='word_1_533' title='bbox 1384 4840 1585 4896; x_wconf 90' lang='lat' dir='ltr'>densa.</span> 
     </span>
    </p>
   </div>
   <div class='ocr_carea' id='block_1_82' title="bbox 155 4946 1864 5027">
    <p class='ocr_par' dir='ltr' id='par_1_82' title="bbox 155 4946 1864 5027">
     <span class='ocr_line' id='line_1_82' title="bbox 155 4946 1864 5027; baseline -0.003 -17"><span class='ocrx_word' id='word_1_534' title='bbox 155 4950 202 5010; x_wconf 90' lang='grc' dir='ltr'>Ο</span> <span class='ocrx_word' id='word_1_535' title='bbox 233 4955 494 5023; x_wconf 89' lang='lat' dir='ltr'>quantus</span> <span class='ocrx_word' id='word_1_536' title='bbox 521 4949 603 5005; x_wconf 92' lang='lat' dir='ltr'>ibi</span> <span class='ocrx_word' id='word_1_537' title='bbox 634 4950 832 5022; x_wconf 88' lang='lat' dir='ltr'>fragor</span> <span class='ocrx_word' id='word_1_538' title='bbox 860 4963 1181 5015; x_wconf 89' lang='lat' dir='ltr'>armorum,</span> <span class='ocrx_word' id='word_1_539' title='bbox 1235 4950 1494 5018; x_wconf 89' lang='lat' dir='ltr'>quantus</span> <span class='ocrx_word' id='word_1_540' title='bbox 1538 4946 1821 5019; x_wconf 89' lang='lat' dir='ltr'>strepitus</span> <span class='ocrx_word' id='word_1_541' title='bbox 1861 5023 1864 5027; x_wconf 9' lang='grc' dir='ltr'><strong>ἢ</strong></span> 
     </span>
    </p>
   </div>
   <div class='ocr_carea' id='block_1_83' title="bbox 156 5034 1825 5113">
    <p class='ocr_par' dir='ltr' id='par_1_83' title="bbox 156 5034 1825 5113">
     <span class='ocr_line' id='line_1_83' title="bbox 156 5034 1825 5113; baseline -0.003 -16"><span class='ocrx_word' id='word_1_542' title='bbox 156 5039 658 5113; x_wconf 88' lang='lat' dir='ltr'>confringentium</span> <span class='ocrx_word' id='word_1_543' title='bbox 682 5038 1043 5106; x_wconf 88' lang='lat' dir='ltr'>lancearum,</span> <span class='ocrx_word' id='word_1_544' title='bbox 1063 5039 1321 5111; x_wconf 89' lang='lat' dir='ltr'>quantus</span> <span class='ocrx_word' id='word_1_545' title='bbox 1337 5034 1559 5091; x_wconf 89' lang='lat' dir='ltr'>clamor</span> <span class='ocrx_word' id='word_1_546' title='bbox 1576 5037 1825 5092; x_wconf 90' lang='lat' dir='ltr'>morien-</span> 
     </span>
    </p>
   </div>
   <div class='ocr_carea' id='block_1_84' title="bbox 152 5123 1819 5201">
    <p class='ocr_par' dir='ltr' id='par_1_84' title="bbox 152 5123 1819 5201">
     <span class='ocr_line' id='line_1_84' title="bbox 152 5123 1819 5201; baseline -0.002 -16"><span class='ocrx_word' id='word_1_547' title='bbox 152 5128 331 5198; x_wconf 86' lang='lat' dir='ltr'>tium,</span> <span class='ocrx_word' id='word_1_548' title='bbox 355 5134 412 5185; x_wconf 90' lang='lat' dir='ltr'>et</span> <span class='ocrx_word' id='word_1_549' title='bbox 442 5145 623 5201; x_wconf 89' lang='lat' dir='ltr'>quam</span> <span class='ocrx_word' id='word_1_550' title='bbox 656 5126 861 5183; x_wconf 88' lang='lat' dir='ltr'>hilaris</span> <span class='ocrx_word' id='word_1_551' title='bbox 890 5143 1000 5182; x_wconf 83' lang='lat' dir='ltr'>vox</span> <span class='ocrx_word' id='word_1_552' title='bbox 1022 5123 1412 5198; x_wconf 83' lang='lat' dir='ltr'>pugnantium</span> <span class='ocrx_word' id='word_1_553' title='bbox 1440 5124 1819 5196; x_wconf 89' lang='lat' dir='ltr'>Francorum,</span> 
     </span>
    </p>
   </div>
   <div class='ocr_carea' id='block_1_85' title="bbox 1937 3236 3597 3312">
    <p class='ocr_par' dir='ltr' id='par_1_85' title="bbox 1937 3236 3597 3312">
     <span class='ocr_line' id='line_1_85' title="bbox 1937 3236 3597 3312; baseline 0.004 -18"><span class='ocrx_word' id='word_1_554' title='bbox 1937 3237 2223 3306; x_wconf 81' lang='lat' dir='ltr'>tentoriis,</span> <span class='ocrx_word' id='word_1_555' title='bbox 2275 3236 2487 3293; x_wconf 83' lang='lat' dir='ltr'>iterum</span> <span class='ocrx_word' id='word_1_556' title='bbox 2536 3244 2835 3311; x_wconf 86' lang='lat' dir='ltr'>resumpto</span> <span class='ocrx_word' id='word_1_557' title='bbox 2885 3240 3096 3312; x_wconf 88' lang='lat' dir='ltr'>spiritu</span> <span class='ocrx_word' id='word_1_558' title='bbox 3142 3241 3497 3311; x_wconf 88' lang='lat' dir='ltr'>animantur,</span> <span class='ocrx_word' id='word_1_559' title='bbox 3538 3247 3597 3301; x_wconf 85' lang='lat' dir='ltr'>et</span> 
     </span>
    </p>
   </div>
   <div class='ocr_carea' id='block_1_86' title="bbox 1939 3328 3595 3401">
    <p class='ocr_par' dir='ltr' id='par_1_86' title="bbox 1939 3328 3595 3401">
     <span class='ocr_line' id='line_1_86' title="bbox 1939 3328 3595 3401; baseline 0.002 -16"><span class='ocrx_word' id='word_1_560' title='bbox 1939 3346 2048 3385; x_wconf 88' lang='lat' dir='ltr'>sua</span> <span class='ocrx_word' id='word_1_561' title='bbox 2075 3328 2316 3385; x_wconf 90' lang='lat' dir='ltr'>vulnera</span> <span class='ocrx_word' id='word_1_562' title='bbox 2345 3344 2666 3401; x_wconf 87' lang='lat' dir='ltr'>gravesque</span> <span class='ocrx_word' id='word_1_563' title='bbox 2717 3329 2960 3401; x_wconf 86' lang='lat' dir='ltr'>injurias</span> <span class='ocrx_word' id='word_1_564' title='bbox 3008 3331 3077 3386; x_wconf 92' lang='lat' dir='ltr'>de</span> <span class='ocrx_word' id='word_1_565' title='bbox 3126 3331 3395 3389; x_wconf 89' lang='lat' dir='ltr'>hostibus</span> <span class='ocrx_word' id='word_1_566' title='bbox 3444 3332 3595 3390; x_wconf 90' lang='lat' dir='ltr'>ulci-</span> 
     </span>
    </p>
   </div>
   <div class='ocr_carea' id='block_1_87' title="bbox 1940 3423 2204 3475">
    <p class='ocr_par' dir='ltr' id='par_1_87' title="bbox 1940 3423 2204 3475">
     <span class='ocr_line' id='line_1_87' title="bbox 1940 3423 2204 3475; baseline -0.011 0"><span class='ocrx_word' id='word_1_567' title='bbox 1940 3423 2204 3475; x_wconf 89' lang='lat' dir='ltr'>scuntur.</span> 
     </span>
    </p>
   </div>
   <div class='ocr_carea' id='block_1_88' title="bbox 1938 3558 3590 3638">
    <p class='ocr_par' dir='ltr' id='par_1_88' title="bbox 1938 3558 3590 3638">
     <span class='ocr_line' id='line_1_88' title="bbox 1938 3558 3590 3638; baseline 0.006 -25"><span class='ocrx_word' id='word_1_568' title='bbox 1938 3558 2043 3626; x_wconf 88' lang='lat' dir='ltr'>Qui</span> <span class='ocrx_word' id='word_1_569' title='bbox 2069 3559 2230 3633; x_wconf 90' lang='lat' dir='ltr'>prius</span> <span class='ocrx_word' id='word_1_570' title='bbox 2254 3560 2572 3626; x_wconf 85' lang='lat' dir='ltr'>instabant,</span> <span class='ocrx_word' id='word_1_571' title='bbox 2596 3560 2827 3633; x_wconf 84' lang='lat' dir='ltr'>fugiunt</span> <span class='ocrx_word' id='word_1_572' title='bbox 2847 3562 2959 3635; x_wconf 79' lang='lat'>(32)</span> <span class='ocrx_word' id='word_1_573' title='bbox 2986 3581 3088 3635; x_wconf 89' lang='lat' dir='ltr'>per</span> <span class='ocrx_word' id='word_1_574' title='bbox 3116 3563 3281 3620; x_wconf 87' lang='lat' dir='ltr'>devia</span> <span class='ocrx_word' id='word_1_575' title='bbox 3306 3582 3552 3638; x_wconf 74' lang='lat' dir='ltr'>quaeque</span> <span class='ocrx_word' id='word_1_576' title='bbox 3576 3583 3590 3623; x_wconf 90' lang='lat'><strong>:</strong></span> 
     </span>
    </p>
   </div>
   <div class='ocr_carea' id='block_1_89' title="bbox 1937 3649 3590 3720">
    <p class='ocr_par' dir='ltr' id='par_1_89' title="bbox 1937 3649 3590 3720">
     <span class='ocr_line' id='line_1_89' title="bbox 1937 3649 3590 3720; baseline 0.005 -17"><span class='ocrx_word' id='word_1_577' title='bbox 1937 3649 2051 3704; x_wconf 90' lang='lat' dir='ltr'>Nec</span> <span class='ocrx_word' id='word_1_578' title='bbox 2082 3652 2289 3704; x_wconf 89' lang='lat' dir='ltr'>curant</span> <span class='ocrx_word' id='word_1_579' title='bbox 2320 3666 2625 3720; x_wconf 88' lang='lat' dir='ltr'>quorsum,</span> <span class='ocrx_word' id='word_1_580' title='bbox 2659 3650 2742 3705; x_wconf 88' lang='lat' dir='ltr'>vel</span> <span class='ocrx_word' id='word_1_581' title='bbox 2790 3650 2849 3705; x_wconf 92' lang='lat' dir='ltr'>in</span> <span class='ocrx_word' id='word_1_582' title='bbox 2883 3657 3051 3707; x_wconf 88' lang='lat' dir='ltr'>antea</span> <span class='ocrx_word' id='word_1_583' title='bbox 3073 3652 3191 3708; x_wconf 89' lang='lat' dir='ltr'>sive</span> <span class='ocrx_word' id='word_1_584' title='bbox 3223 3658 3541 3711; x_wconf 82' lang='lat' dir='ltr'>retrorsum</span> <span class='ocrx_word' id='word_1_585' title='bbox 3576 3672 3590 3711; x_wconf 92' lang='lat'><strong>:</strong></span> 
     </span>
    </p>
   </div>
   <div class='ocr_carea' id='block_1_90' title="bbox 1936 3736 3367 3812">
    <p class='ocr_par' dir='ltr' id='par_1_90' title="bbox 1936 3736 3367 3812">
     <span class='ocr_line' id='line_1_90' title="bbox 1936 3736 3367 3812; baseline 0.003 -19"><span class='ocrx_word' id='word_1_586' title='bbox 1936 3737 2047 3793; x_wconf 89' lang='lat' dir='ltr'>Sed</span> <span class='ocrx_word' id='word_1_587' title='bbox 2080 3736 2249 3793; x_wconf 92' lang='lat' dir='ltr'>miles</span> <span class='ocrx_word' id='word_1_588' title='bbox 2280 3737 2490 3793; x_wconf 90' lang='lat' dir='ltr'>Christi</span> <span class='ocrx_word' id='word_1_589' title='bbox 2524 3741 2843 3811; x_wconf 90' lang='lat' dir='ltr'>prosternit</span> <span class='ocrx_word' id='word_1_590' title='bbox 2876 3757 2974 3796; x_wconf 93' lang='lat' dir='ltr'>eos</span> <span class='ocrx_word' id='word_1_591' title='bbox 3006 3759 3144 3797; x_wconf 89' lang='lat' dir='ltr'>nece</span> <span class='ocrx_word' id='word_1_592' title='bbox 3175 3742 3367 3812; x_wconf 85' lang='lat' dir='ltr'>tristi;</span> 
     </span>
    </p>
   </div>
   <div class='ocr_carea' id='block_1_91' title="bbox 1935 3827 3587 3905">
    <p class='ocr_par' dir='ltr' id='par_1_91' title="bbox 1935 3827 3587 3905">
     <span class='ocr_line' id='line_1_91' title="bbox 1935 3827 3587 3905; baseline 0.004 -22"><span class='ocrx_word' id='word_1_593' title='bbox 1935 3827 2231 3900; x_wconf 89' lang='lat' dir='ltr'>Sanguine</span> <span class='ocrx_word' id='word_1_594' title='bbox 2264 3831 2417 3883; x_wconf 90' lang='lat' dir='ltr'>terra</span> <span class='ocrx_word' id='word_1_595' title='bbox 2438 3828 2656 3893; x_wconf 86' lang='lat' dir='ltr'>madet,</span> <span class='ocrx_word' id='word_1_596' title='bbox 2676 3828 2892 3884; x_wconf 88' lang='lat' dir='ltr'>montis</span> <span class='ocrx_word' id='word_1_597' title='bbox 2914 3830 3083 3885; x_wconf 90' lang='lat' dir='ltr'>rubet</span> <span class='ocrx_word' id='word_1_598' title='bbox 3103 3831 3366 3905; x_wconf 90' lang='lat' dir='ltr'>undique</span> <span class='ocrx_word' id='word_1_599' title='bbox 3385 3832 3587 3903; x_wconf 89' lang='lat' dir='ltr'>clivus,</span> 
     </span>
    </p>
   </div>
   <div class='ocr_carea' id='block_1_92' title="bbox 1933 3915 3432 3992">
    <p class='ocr_par' dir='ltr' id='par_1_92' title="bbox 1933 3915 3432 3992">
     <span class='ocr_line' id='line_1_92' title="bbox 1933 3915 3432 3992; baseline 0.005 -21"><span class='ocrx_word' id='word_1_600' title='bbox 1933 3915 2196 3989; x_wconf 89' lang='lat' dir='ltr'>Complet</span> <span class='ocrx_word' id='word_1_601' title='bbox 2224 3933 2412 3989; x_wconf 89' lang='lat' dir='ltr'>usque</span> <span class='ocrx_word' id='word_1_602' title='bbox 2444 3916 2622 3972; x_wconf 90' lang='lat' dir='ltr'>simul</span> <span class='ocrx_word' id='word_1_603' title='bbox 2656 3917 2907 3973; x_wconf 88' lang='lat' dir='ltr'>fluitanti</span> <span class='ocrx_word' id='word_1_604' title='bbox 2940 3921 3223 3992; x_wconf 89' lang='lat' dir='ltr'>sanguine</span> <span class='ocrx_word' id='word_1_605' title='bbox 3255 3922 3432 3980; x_wconf 89' lang='lat' dir='ltr'>rivus.</span> 
     </span>
    </p>
   </div>
   <div class='ocr_carea' id='block_1_93' title="bbox 1934 4006 3586 4086">
    <p class='ocr_par' dir='ltr' id='par_1_93' title="bbox 1934 4006 3586 4086">
     <span class='ocr_line' id='line_1_93' title="bbox 1934 4006 3586 4086; baseline 0.005 -25"><span class='ocrx_word' id='word_1_606' title='bbox 1934 4006 2187 4079; x_wconf 91' lang='lat' dir='ltr'>Corpora</span> <span class='ocrx_word' id='word_1_607' title='bbox 2216 4022 2497 4061; x_wconf 66' lang='lat' dir='ltr'>caesorum</span> <span class='ocrx_word' id='word_1_608' title='bbox 2529 4010 2613 4061; x_wconf 91' lang='lat' dir='ltr'>tot</span> <span class='ocrx_word' id='word_1_609' title='bbox 2643 4012 2811 4062; x_wconf 88' lang='lat' dir='ltr'>erant</span> <span class='ocrx_word' id='word_1_610' title='bbox 2859 4013 3149 4079; x_wconf 89' lang='lat' dir='ltr'>prostrata</span> <span class='ocrx_word' id='word_1_611' title='bbox 3190 4028 3294 4083; x_wconf 89' lang='lat' dir='ltr'>per</span> <span class='ocrx_word' id='word_1_612' title='bbox 3342 4029 3586 4086; x_wconf 89' lang='lat' dir='ltr'>agrum;</span> 
     </span>
    </p>
   </div>
   <div class='ocr_carea' id='block_1_94' title="bbox 2005 4093 3367 4173">
    <p class='ocr_par' dir='ltr' id='par_1_94' title="bbox 2005 4093 3367 4173">
     <span class='ocr_line' id='line_1_94' title="bbox 2005 4093 3367 4173; baseline 0.006 -24"><span class='ocrx_word' id='word_1_613' title='bbox 2005 4095 2168 4160; x_wconf 90' lang='lat' dir='ltr'>Quod</span> <span class='ocrx_word' id='word_1_614' title='bbox 2201 4094 2314 4149; x_wconf 91' lang='lat' dir='ltr'>nisi</span> <span class='ocrx_word' id='word_1_615' title='bbox 2348 4093 2442 4149; x_wconf 79' lang='lat' dir='ltr'>vix</span> <span class='ocrx_word' id='word_1_616' title='bbox 2472 4093 2628 4150; x_wconf 92' lang='lat' dir='ltr'>ullus</span> <span class='ocrx_word' id='word_1_617' title='bbox 2661 4112 2894 4152; x_wconf 91' lang='lat' dir='ltr'>currere</span> <span class='ocrx_word' id='word_1_618' title='bbox 2925 4097 3128 4170; x_wconf 88' lang='lat' dir='ltr'>quibat</span> <span class='ocrx_word' id='word_1_619' title='bbox 3160 4117 3367 4173; x_wconf 88' lang='lat' dir='ltr'>equus.</span> 
     </span>
    </p>
   </div>
   <div class='ocr_carea' id='block_1_95' title="bbox 1929 4235 3594 4316">
    <p class='ocr_par' dir='ltr' id='par_1_95' title="bbox 1929 4235 3594 4316">
     <span class='ocr_line' id='line_1_95' title="bbox 1929 4235 3594 4316; baseline 0.005 -24"><span class='ocrx_word' id='word_1_620' title='bbox 1929 4237 2014 4292; x_wconf 85' lang='lat' dir='ltr'>Ab</span> <span class='ocrx_word' id='word_1_621' title='bbox 2045 4237 2189 4292; x_wconf 90' lang='lat' dir='ltr'>hora</span> <span class='ocrx_word' id='word_1_622' title='bbox 2216 4235 2402 4309; x_wconf 89' lang='lat' dir='ltr'>igitur</span> <span class='ocrx_word' id='word_1_623' title='bbox 2423 4235 2535 4291; x_wconf 91' lang='lat' dir='ltr'>diei</span> <span class='ocrx_word' id='word_1_624' title='bbox 2564 4238 2737 4293; x_wconf 91' lang='lat' dir='ltr'>tertia</span> <span class='ocrx_word' id='word_1_625' title='bbox 2760 4256 2945 4311; x_wconf 84' lang='lat' dir='ltr'>usque</span> <span class='ocrx_word' id='word_1_626' title='bbox 2977 4241 3047 4296; x_wconf 89' lang='lat' dir='ltr'>ad</span> <span class='ocrx_word' id='word_1_627' title='bbox 3073 4242 3261 4299; x_wconf 86' lang='lat' dir='ltr'>noctis</span> <span class='ocrx_word' id='word_1_628' title='bbox 3284 4261 3594 4316; x_wconf 88' lang='lat' dir='ltr'>crepuscu-</span> 
     </span>
    </p>
   </div>
   <div class='ocr_carea' id='block_1_96' title="bbox 1930 4324 3592 4397">
    <p class='ocr_par' dir='ltr' id='par_1_96' title="bbox 1930 4324 3592 4397">
     <span class='ocr_line' id='line_1_96' title="bbox 1930 4324 3592 4397; baseline 0.005 -16"><span class='ocrx_word' id='word_1_629' title='bbox 1930 4326 2055 4382; x_wconf 90' lang='lat' dir='ltr'>lum</span> <span class='ocrx_word' id='word_1_630' title='bbox 2088 4325 2398 4382; x_wconf 86' lang='lat' dir='ltr'>conflictus</span> <span class='ocrx_word' id='word_1_631' title='bbox 2428 4324 2526 4381; x_wconf 87' lang='lat' dir='ltr'>ille</span> <span class='ocrx_word' id='word_1_632' title='bbox 2556 4327 2873 4383; x_wconf 90' lang='lat' dir='ltr'>continuus</span> <span class='ocrx_word' id='word_1_633' title='bbox 2912 4329 3038 4397; x_wconf 89' lang='lat' dir='ltr'>fuit,</span> <span class='ocrx_word' id='word_1_634' title='bbox 3091 4336 3147 4386; x_wconf 90' lang='lat' dir='ltr'>et</span> <span class='ocrx_word' id='word_1_635' title='bbox 3196 4333 3411 4388; x_wconf 89' lang='lat' dir='ltr'>mirum</span> <span class='ocrx_word' id='word_1_636' title='bbox 3464 4351 3592 4391; x_wconf 90' lang='lat' dir='ltr'>esse</span> 
     </span>
    </p>
   </div>
   <div class='ocr_carea' id='block_1_97' title="bbox 1932 4415 3595 4491">
    <p class='ocr_par' dir='ltr' id='par_1_97' title="bbox 1932 4415 3595 4491">
     <span class='ocr_line' id='line_1_97' title="bbox 1932 4415 3595 4491; baseline 0.004 -19"><span class='ocrx_word' id='word_1_637' title='bbox 1932 4419 2157 4489; x_wconf 90' lang='lat' dir='ltr'>poterat</span> <span class='ocrx_word' id='word_1_638' title='bbox 2187 4415 2341 4470; x_wconf 92' lang='lat' dir='ltr'>unde</span> <span class='ocrx_word' id='word_1_639' title='bbox 2372 4431 2518 4487; x_wconf 87' lang='lat' dir='ltr'>gens</span> <span class='ocrx_word' id='word_1_640' title='bbox 2549 4419 2714 4470; x_wconf 89' lang='lat' dir='ltr'>tanta</span> <span class='ocrx_word' id='word_1_641' title='bbox 2734 4422 3046 4491; x_wconf 87' lang='lat' dir='ltr'>aggregata</span> <span class='ocrx_word' id='word_1_642' title='bbox 3076 4420 3268 4475; x_wconf 85' lang='lat' dir='ltr'>fuerit.</span> <span class='ocrx_word' id='word_1_643' title='bbox 3287 4422 3397 4477; x_wconf 91' lang='lat' dir='ltr'>Sed</span> <span class='ocrx_word' id='word_1_644' title='bbox 3424 4427 3487 4477; x_wconf 91' lang='lat' dir='ltr'>ut</span> <span class='ocrx_word' id='word_1_645' title='bbox 3509 4440 3595 4479; x_wconf 88' lang='lat' dir='ltr'>as-</span> 
     </span>
    </p>
   </div>
   <div class='ocr_carea' id='block_1_98' title="bbox 1930 4503 3592 4580">
    <p class='ocr_par' dir='ltr' id='par_1_98' title="bbox 1930 4503 3592 4580">
     <span class='ocr_line' id='line_1_98' title="bbox 1930 4503 3592 4580; baseline 0.004 -19"><span class='ocrx_word' id='word_1_646' title='bbox 1930 4505 2219 4572; x_wconf 90' lang='lat' dir='ltr'>serebant,</span> <span class='ocrx_word' id='word_1_647' title='bbox 2273 4503 2373 4577; x_wconf 91' lang='lat' dir='ltr'>qui</span> <span class='ocrx_word' id='word_1_648' title='bbox 2405 4521 2467 4559; x_wconf 92' lang='lat' dir='ltr'>se</span> <span class='ocrx_word' id='word_1_649' title='bbox 2508 4503 2720 4560; x_wconf 90' lang='lat' dir='ltr'>melius</span> <span class='ocrx_word' id='word_1_650' title='bbox 2748 4506 2895 4561; x_wconf 90' lang='lat' dir='ltr'>scire</span> <span class='ocrx_word' id='word_1_651' title='bbox 2946 4507 3323 4580; x_wconf 87' lang='lat' dir='ltr'>arbitrantur,</span> <span class='ocrx_word' id='word_1_652' title='bbox 3374 4511 3592 4568; x_wconf 83' lang='lat' dir='ltr'>Persae—</span> 
     </span>
    </p>
   </div>
   <div class='ocr_carea' id='block_1_99' title="bbox 1932 4593 3591 4673">
    <p class='ocr_par' dir='ltr' id='par_1_99' title="bbox 1932 4593 3591 4673">
     <span class='ocr_line' id='line_1_99' title="bbox 1932 4593 3591 4673; baseline 0.004 -24"><span class='ocrx_word' id='word_1_653' title='bbox 1932 4593 2254 4664; x_wconf 90' lang='lat' dir='ltr'>Publicani,</span> <span class='ocrx_word' id='word_1_654' title='bbox 2281 4593 2454 4660; x_wconf 86' lang='lat' dir='ltr'>Medi,</span> <span class='ocrx_word' id='word_1_655' title='bbox 2489 4593 2639 4666; x_wconf 84' lang='lat' dir='ltr'>Syri,</span> <span class='ocrx_word' id='word_1_656' title='bbox 2665 4593 2936 4662; x_wconf 68' lang='lat' dir='ltr'>Chaldaei,</span> <span class='ocrx_word' id='word_1_657' title='bbox 2964 4598 3289 4664; x_wconf 87' lang='lat' dir='ltr'>Sarraceni,</span> <span class='ocrx_word' id='word_1_658' title='bbox 3320 4600 3591 4673; x_wconf 83' lang='lat' dir='ltr'>Agulani,</span> 
     </span>
    </p>
   </div>
   <div class='ocr_carea' id='block_1_100' title="bbox 1930 4682 3596 4760">
    <p class='ocr_par' dir='ltr' id='par_1_100' title="bbox 1930 4682 3596 4760">
     <span class='ocr_line' id='line_1_100' title="bbox 1930 4682 3596 4760; baseline 0.004 -21"><span class='ocrx_word' id='word_1_659' title='bbox 1930 4684 2147 4739; x_wconf 83' lang='lat' dir='ltr'>Arabes</span> <span class='ocrx_word' id='word_1_660' title='bbox 2178 4687 2235 4738; x_wconf 88' lang='lat' dir='ltr'>et</span> <span class='ocrx_word' id='word_1_661' title='bbox 2264 4682 2441 4738; x_wconf 90' lang='lat' dir='ltr'>Turci</span> <span class='ocrx_word' id='word_1_662' title='bbox 2464 4682 2545 4737; x_wconf 93' lang='lat' dir='ltr'>ibi</span> <span class='ocrx_word' id='word_1_663' title='bbox 2580 4689 2990 4751; x_wconf 86' lang='lat' dir='ltr'>convenerant,</span> <span class='ocrx_word' id='word_1_664' title='bbox 3011 4690 3067 4742; x_wconf 90' lang='lat' dir='ltr'>et</span> <span class='ocrx_word' id='word_1_665' title='bbox 3092 4704 3157 4742; x_wconf 87' lang='lat' dir='ltr'>su</span> <span class='ocrx_word' id='word_1_666' title='bbox 3166 4689 3459 4760; x_wconf 84' lang='lat' dir='ltr'>perliciem</span> <span class='ocrx_word' id='word_1_667' title='bbox 3483 4695 3596 4746; x_wconf 84' lang='lat' dir='ltr'>ter-</span> 
     </span>
    </p>
   </div>
   <div class='ocr_carea' id='block_1_101' title="bbox 1931 4771 3592 4851">
    <p class='ocr_par' dir='ltr' id='par_1_101' title="bbox 1931 4771 3592 4851">
     <span class='ocr_line' id='line_1_101' title="bbox 1931 4771 3592 4851; baseline 0.005 -24"><span class='ocrx_word' id='word_1_668' title='bbox 1931 4788 2006 4827; x_wconf 66' lang='lat' dir='ltr'>rae</span> <span class='ocrx_word' id='word_1_669' title='bbox 2038 4776 2483 4845; x_wconf 87' lang='lat' dir='ltr'>cooperuerant,</span> <span class='ocrx_word' id='word_1_670' title='bbox 2507 4771 2661 4827; x_wconf 90' lang='lat' dir='ltr'>sicut</span> <span class='ocrx_word' id='word_1_671' title='bbox 2691 4772 2928 4830; x_wconf 86' lang='lat' dir='ltr'>locustae</span> <span class='ocrx_word' id='word_1_672' title='bbox 2959 4779 3015 4831; x_wconf 91' lang='lat' dir='ltr'>et</span> <span class='ocrx_word' id='word_1_673' title='bbox 3046 4776 3308 4834; x_wconf 89' lang='lat' dir='ltr'>bruchus</span> <span class='ocrx_word' id='word_1_674' title='bbox 3339 4796 3592 4851; x_wconf 90' lang='lat' dir='ltr'>quorum</span> 
     </span>
    </p>
   </div>
   <div class='ocr_carea' id='block_1_102' title="bbox 1931 4861 3595 4940">
    <p class='ocr_par' dir='ltr' id='par_1_102' title="bbox 1931 4861 3595 4940">
     <span class='ocr_line' id='line_1_102' title="bbox 1931 4861 3595 4940; baseline 0.005 -23"><span class='ocrx_word' id='word_1_675' title='bbox 1931 4879 2046 4917; x_wconf 90' lang='lat' dir='ltr'>non</span> <span class='ocrx_word' id='word_1_676' title='bbox 2078 4867 2167 4917; x_wconf 91' lang='lat' dir='ltr'>est</span> <span class='ocrx_word' id='word_1_677' title='bbox 2196 4877 2480 4916; x_wconf 90' lang='lat' dir='ltr'>numerus</span> <span class='ocrx_word' id='word_1_678' title='bbox 2510 4861 2686 4930; x_wconf 89' lang='lat' dir='ltr'>(Psal.</span> <span class='ocrx_word' id='word_1_679' title='bbox 2723 4879 2830 4934; x_wconf 85' lang='lat' dir='ltr'>CIV,</span> <span class='ocrx_word' id='word_1_680' title='bbox 2868 4864 2983 4936; x_wconf 74' lang='grc'>34).</span> <span class='ocrx_word' id='word_1_681' title='bbox 3017 4864 3140 4920; x_wconf 85' lang='lat' dir='ltr'>Nox</span> <span class='ocrx_word' id='word_1_682' title='bbox 3169 4867 3385 4940; x_wconf 91' lang='lat' dir='ltr'>quippe</span> <span class='ocrx_word' id='word_1_683' title='bbox 3431 4868 3595 4926; x_wconf 90' lang='lat' dir='ltr'>litem</span> 
     </span>
    </p>
   </div>
   <div class='ocr_carea' id='block_1_103' title="bbox 1932 4950 3597 5029">
    <p class='ocr_par' dir='ltr' id='par_1_103' title="bbox 1932 4950 3597 5029">
     <span class='ocr_line' id='line_1_103' title="bbox 1932 4950 3597 5029; baseline 0.005 -22"><span class='ocrx_word' id='word_1_684' title='bbox 1932 4951 2191 5015; x_wconf 87' lang='lat' dir='ltr'>diremit,</span> <span class='ocrx_word' id='word_1_685' title='bbox 2225 4967 2555 5023; x_wconf 88' lang='lat' dir='ltr'>magnoque</span> <span class='ocrx_word' id='word_1_686' title='bbox 2584 4950 2703 5008; x_wconf 90' lang='lat' dir='ltr'>illis</span> <span class='ocrx_word' id='word_1_687' title='bbox 2736 4952 2844 5007; x_wconf 90' lang='lat' dir='ltr'>fuit</span> <span class='ocrx_word' id='word_1_688' title='bbox 2868 4953 3139 5025; x_wconf 67' lang='lat' dir='ltr'>praesidio</span> <span class='ocrx_word' id='word_1_689' title='bbox 3164 4974 3176 5024; x_wconf 92' lang='lat'>;</span> <span class='ocrx_word' id='word_1_690' title='bbox 3204 4958 3343 5029; x_wconf 89' lang='lat' dir='ltr'>quia</span> <span class='ocrx_word' id='word_1_691' title='bbox 3374 4957 3485 5013; x_wconf 89' lang='lat' dir='ltr'>nisi</span> <span class='ocrx_word' id='word_1_692' title='bbox 3516 4963 3597 5016; x_wconf 88' lang='lat' dir='ltr'>te-</span> 
     </span>
    </p>
   </div>
   <div class='ocr_carea' id='block_1_104' title="bbox 1933 5039 3596 5113">
    <p class='ocr_par' dir='ltr' id='par_1_104' title="bbox 1933 5039 3596 5113">
     <span class='ocr_line' id='line_1_104' title="bbox 1933 5039 3596 5113; baseline 0.006 -18"><span class='ocrx_word' id='word_1_693' title='bbox 1933 5041 2124 5096; x_wconf 61' lang='lat' dir='ltr'>nebrae</span> <span class='ocrx_word' id='word_1_694' title='bbox 2156 5056 2254 5096; x_wconf 90' lang='lat' dir='ltr'>eos</span> <span class='ocrx_word' id='word_1_695' title='bbox 2285 5039 2700 5109; x_wconf 88' lang='lat' dir='ltr'>occuluissent,</span> <span class='ocrx_word' id='word_1_696' title='bbox 2725 5042 2895 5113; x_wconf 86' lang='lat' dir='ltr'>pauci</span> <span class='ocrx_word' id='word_1_697' title='bbox 2919 5059 2986 5098; x_wconf 84' lang='lat' dir='ltr'>ex</span> <span class='ocrx_word' id='word_1_698' title='bbox 3016 5047 3183 5100; x_wconf 89' lang='lat' dir='ltr'>tanta</span> <span class='ocrx_word' id='word_1_699' title='bbox 3214 5046 3596 5105; x_wconf 89' lang='lat' dir='ltr'>multitudine</span> 
     </span>
    </p>
   </div>
   <div class='ocr_carea' id='block_1_105' title="bbox 1933 5128 2384 5201">
    <p class='ocr_par' dir='ltr' id='par_1_105' title="bbox 1933 5128 2384 5201">
     <span class='ocr_line' id='line_1_105' title="bbox 1933 5128 2384 5201; baseline -0.002 -17"><span class='ocrx_word' id='word_1_700' title='bbox 1933 5128 2384 5201; x_wconf 83' lang='lat' dir='ltr'>superfuissent.</span> 
     </span>
    </p>
   </div>
   <div class='ocr_carea' id='block_1_106' title="bbox 1289 5221 2467 5283">
    <p class='ocr_par' dir='ltr' id='par_1_106' title="bbox 1289 5221 2467 5283">
     <span class='ocr_line' id='line_1_106' title="bbox 1289 5221 2467 5283; baseline 0.003 -6"><span class='ocrx_word' id='word_1_701' title='bbox 1289 5221 1604 5278; x_wconf 62' lang='lat' dir='ltr'>NOTULIE</span> <span class='ocrx_word' id='word_1_702' title='bbox 1643 5223 2106 5282; x_wconf 81' lang='lat' dir='ltr'>MARGINALES</span> <span class='ocrx_word' id='word_1_703' title='bbox 2146 5227 2263 5283; x_wconf 90' lang='lat' dir='ltr'>MS.</span> <span class='ocrx_word' id='word_1_704' title='bbox 2308 5226 2467 5281; x_wconf 80' lang='lat' dir='ltr'>COD;</span> 
     </span>
    </p>
   </div>
   <div class='ocr_carea' id='block_1_107' title="bbox 150 5302 1821 5445">
    <p class='ocr_par' dir='ltr' id='par_1_107' title="bbox 150 5302 1821 5445">
     <span class='ocr_line' id='line_1_107' title="bbox 150 5302 1821 5445; baseline -0.004 -79"><span class='ocrx_word' id='word_1_705' title='bbox 150 5309 271 5383; x_wconf 85' lang='lat'>(29)</span> <span class='ocrx_word' id='word_1_706' title='bbox 300 5308 448 5365; x_wconf 82' lang='lat' dir='ltr'>Hinc</span> <span class='ocrx_word' id='word_1_707' title='bbox 476 5306 661 5375; x_wconf 89' lang='lat' dir='ltr'>labor,</span> <span class='ocrx_word' id='word_1_708' title='bbox 694 5306 829 5361; x_wconf 88' lang='lat' dir='ltr'>inde</span> <span class='ocrx_word' id='word_1_709' title='bbox 883 5303 1062 5373; x_wconf 92' lang='lat' dir='ltr'>calor,</span> <span class='ocrx_word' id='word_1_710' title='bbox 1094 5302 1245 5371; x_wconf 90' lang='lat' dir='ltr'>sitis,</span> <span class='ocrx_word' id='word_1_711' title='bbox 1277 5302 1622 5445; x_wconf 50' lang='lat' dir='ltr'>improtpéitsa</span> <span class='ocrx_word' id='word_1_712' title='bbox 1626 5302 1821 5431; x_wconf 49' lang='lat' dir='ltr'>1hucilsltis</span> 
     </span>
    </p>
   </div>
   <div class='ocr_carea' id='block_1_108' title="bbox 298 5445 1825 5587">
    <p class='ocr_par' dir='ltr' id='par_1_108' title="bbox 298 5445 1825 5587">
     <span class='ocr_line' id='line_1_108' title="bbox 298 5445 1825 5587; baseline -0.012 -78"><span class='ocrx_word' id='word_1_713' title='bbox 298 5452 542 5509; x_wconf 87' lang='lat' dir='ltr'>Nostros</span> <span class='ocrx_word' id='word_1_714' title='bbox 591 5448 899 5516; x_wconf 87' lang='lat' dir='ltr'>invadunt,</span> <span class='ocrx_word' id='word_1_715' title='bbox 932 5450 990 5504; x_wconf 86' lang='lat' dir='ltr'>et</span> <span class='ocrx_word' id='word_1_716' title='bbox 1021 5446 1093 5503; x_wconf 91' lang='lat' dir='ltr'>ob</span> <span class='ocrx_word' id='word_1_717' title='bbox 1124 5445 1232 5503; x_wconf 91' lang='lat' dir='ltr'>hoc</span> <span class='ocrx_word' id='word_1_718' title='bbox 1256 5446 1384 5518; x_wconf 92' lang='lat' dir='ltr'>jam</span> <span class='ocrx_word' id='word_1_719' title='bbox 1434 5449 1825 5587; x_wconf 47' lang='lat' dir='ltr'>tergaibpmt‘a-</span> 
     </span>
     <span class='ocr_line' id='line_1_109' title="bbox 1653 5535 1724 5573; baseline 0 0"><span class='ocrx_word' id='word_1_720' title='bbox 1653 5535 1724 5573; x_wconf 89' lang='lat' dir='ltr'>an</span> 
     </span>
    </p>
   </div>
   <div class='ocr_carea' id='block_1_109' title="bbox 1653 5535 1724 5573">
    <p class='ocr_par' dir='ltr' id='par_1_109' title="bbox 1653 5535 1724 5573">
     <span class='ocr_line' id='line_1_110' title="bbox 1653 5535 1724 5573; baseline 0 0"><span class='ocrx_word' id='word_1_721' title='bbox 1653 5535 1724 5573; x_wconf 86' lang='lat' dir='ltr'>an</span> 
     </span>
    </p>
   </div>
   <div class='ocr_carea' id='block_1_110' title="bbox 155 5588 1665 5679">
    <p class='ocr_par' dir='ltr' id='par_1_110' title="bbox 155 5588 1665 5679">
     <span class='ocr_line' id='line_1_111' title="bbox 155 5588 1665 5679; baseline -0.007 -26"><span class='ocrx_word' id='word_1_722' title='bbox 155 5596 273 5679; x_wconf 85' lang='grc'>(30)</span> <span class='ocrx_word' id='word_1_723' title='bbox 301 5596 525 5652; x_wconf 81' lang='lat' dir='ltr'>Assunt</span> <span class='ocrx_word' id='word_1_724' title='bbox 558 5592 826 5667; x_wconf 71' lang='lat' dir='ltr'>praesidio</span> <span class='ocrx_word' id='word_1_725' title='bbox 857 5591 983 5647; x_wconf 84' lang='lat' dir='ltr'>Dux</span> <span class='ocrx_word' id='word_1_726' title='bbox 1013 5588 1358 5646; x_wconf 86' lang='lat' dir='ltr'>Godefridus</span> <span class='ocrx_word' id='word_1_727' title='bbox 1391 5594 1447 5645; x_wconf 89' lang='lat' dir='ltr'>et</span> <span class='ocrx_word' id='word_1_728' title='bbox 1478 5588 1665 5660; x_wconf 80' lang='lat' dir='ltr'>llugo,</span> 
     </span>
    </p>
   </div>
   <div class='ocr_carea' id='block_1_111' title="bbox 1930 5306 3418 5382">
    <p class='ocr_par' dir='ltr' id='par_1_111' title="bbox 1930 5306 3418 5382">
     <span class='ocr_line' id='line_1_112' title="bbox 1930 5306 3418 5382; baseline 0.005 -20"><span class='ocrx_word' id='word_1_729' title='bbox 1930 5308 2043 5381; x_wconf 91' lang='grc'>(31)</span> <span class='ocrx_word' id='word_1_730' title='bbox 2075 5306 2287 5382; x_wconf 59' lang='lat' dir='ltr'>Militiae</span> <span class='ocrx_word' id='word_1_731' title='bbox 2319 5310 2491 5382; x_wconf 63' lang='lat' dir='ltr'>tantes</span> <span class='ocrx_word' id='word_1_732' title='bbox 2523 5306 2742 5382; x_wconf 88' lang='lat' dir='ltr'>bellum</span> <span class='ocrx_word' id='word_1_733' title='bbox 2776 5326 3082 5382; x_wconf 86' lang='lat' dir='ltr'>nunquam</span> <span class='ocrx_word' id='word_1_734' title='bbox 3118 5313 3226 5369; x_wconf 90' lang='lat' dir='ltr'>fuit</span> <span class='ocrx_word' id='word_1_735' title='bbox 3259 5319 3418 5372; x_wconf 89' lang='lat' dir='ltr'>ante.</span> 
     </span>
    </p>
   </div>
   <div class='ocr_carea' id='block_1_112' title="bbox 2073 5377 3598 5469">
    <p class='ocr_par' dir='ltr' id='par_1_112' title="bbox 2073 5377 3598 5469">
     <span class='ocr_line' id='line_1_113' title="bbox 2073 5377 3598 5469; baseline 0.006 -35"><span class='ocrx_word' id='word_1_736' title='bbox 2073 5379 2218 5435; x_wconf 88' lang='lat' dir='ltr'>Hinc</span> <span class='ocrx_word' id='word_1_737' title='bbox 2248 5377 2426 5434; x_wconf 90' lang='lat' dir='ltr'>timor</span> <span class='ocrx_word' id='word_1_738' title='bbox 2465 5377 2705 5436; x_wconf 90' lang='lat' dir='ltr'>incessit</span> <span class='ocrx_word' id='word_1_739' title='bbox 2754 5398 2868 5454; x_wconf 93' lang='lat' dir='ltr'>quo</span> <span class='ocrx_word' id='word_1_740' title='bbox 2920 5377 3082 5440; x_wconf 75' lang='lat' dir='ltr'>trans</span> <span class='ocrx_word' id='word_1_741' title='bbox 3132 5386 3202 5440; x_wconf 90' lang='lat' dir='ltr'>ab</span> <span class='ocrx_word' id='word_1_742' title='bbox 3236 5385 3373 5442; x_wconf 92' lang='lat' dir='ltr'>inde</span> <span class='ocrx_word' id='word_1_743' title='bbox 3406 5403 3598 5469; x_wconf 78' lang='lat' dir='ltr'>reces-</span> 
     </span>
    </p>
   </div>
   <div class='ocr_carea' id='block_1_113' title="bbox 1934 5459 3524 5600">
    <p class='ocr_par' dir='ltr' id='par_1_113' title="bbox 1934 5459 3524 5600">
     <span class='ocr_line' id='line_1_114' title="bbox 1934 5459 3524 5600; baseline 0.009 -26"><span class='ocrx_word' id='word_1_744' title='bbox 1934 5523 2044 5595; x_wconf 80' lang='lat'>(32)</span> <span class='ocrx_word' id='word_1_745' title='bbox 2081 5523 2212 5577; x_wconf 88' lang='lat' dir='ltr'>Jam</span> <span class='ocrx_word' id='word_1_746' title='bbox 2244 5520 2550 5600; x_wconf 72' lang='lat' dir='ltr'>Sarraceni</span> <span class='ocrx_word' id='word_1_747' title='bbox 2582 5521 2837 5600; x_wconf 71' lang='lat' dir='ltr'>fugiunt,</span> <span class='ocrx_word' id='word_1_748' title='bbox 2872 5527 3115 5600; x_wconf 59' lang='lat' dir='ltr'>Arabes,</span> <span class='ocrx_word' id='word_1_749' title='bbox 3143 5459 3524 5600; x_wconf 44' lang='lat' dir='ltr'>AgareniESlt.</span> 
     </span>
    </p>
   </div>
   <div class='ocr_carea' id='block_1_114' title="bbox 2076 5590 3435 5673">
    <p class='ocr_par' dir='ltr' id='par_1_114' title="bbox 2076 5590 3435 5673">
     <span class='ocr_line' id='line_1_115' title="bbox 2076 5590 3435 5673; baseline 0.005 -26"><span class='ocrx_word' id='word_1_750' title='bbox 2076 5602 2218 5649; x_wconf 77' lang='lat' dir='ltr'>(lum</span> <span class='ocrx_word' id='word_1_751' title='bbox 2252 5590 2609 5660; x_wconf 85' lang='lat' dir='ltr'>Publicanis,</span> <span class='ocrx_word' id='word_1_752' title='bbox 2647 5593 2851 5662; x_wconf 87' lang='lat' dir='ltr'>Medis,</span> <span class='ocrx_word' id='word_1_753' title='bbox 2890 5590 3110 5664; x_wconf 76' lang='lat' dir='ltr'>Persis,</span> <span class='ocrx_word' id='word_1_754' title='bbox 3136 5590 3435 5673; x_wconf 69' lang='lat' dir='ltr'>Agulanis.</span> 
     </span>
    </p>
   </div>
  </div>
