3996 6096
138 196 263 281 6,97

915 194 1254 273 BOBERTI
1302 192 1651 271 MONAenI
1701 191 1900 253 lllS'l‘.
1948 189 2357 273 HIEROSOL.
2391 189 2646 263 -LIB_.
2691 190 2794 265 Iv.

3435 188 3557 271 698

1143 364 1551 455 INCIPIT
1610 362 1948 451 LIBER
2007 361 2546 477 QUABTUS

711 516 945 575 CAPUT
985 517 1273 575 PRIMUM

1836 513 1893 581 Α
1921 512 2069 568 Nam
2098 512 2403 570 castellum
2435 515 2732 587 quoddam
2753 521 2875 575 erat
2896 516 2959 575 in
2980 517 3276 576 montanis
3297 536 3414 576 non
3445 518 3570 578 lon-

220 626 373 695 Quia
419 642 556 684 vero
602 625 746 683 urbs
772 626 1153 693 Antiochena,
1186 643 1303 682 non
1334 624 1525 682 solum
1557 622 1803 681 naturali

1943 621 1990 677 ge
2020 622 2055 659 a
2083 604 2312 661 civitate
2343 605 2581 663 nomine
2601 607 2807 676 Arech,
2839 610 2995 682 quod
3040 614 3164 667 erat
3211 610 3451 685 plenum
3484 630 3572 670 re-

147 693 516 795 situ,verum
545 715 722 772 etiam
750 714 1044 772 mcenibus
1072 714 1725 788 excelsis,turribusque
1751 712 1812 769 in
1921 693 2276 795 benfimib‘}?
2307 695 2533 795 Τυνίξίεν
2567 696 2669 768 qni
2701 699 2920 795 ηοεξνίὲ
2968 698 3212 795 infimi”
3255 702 3572 795 Ριίδξίοηάθ-

149 807 341 864 altum
370 803 653 880 porrectis
674 804 1163 878 densissimisque
1184 805 1244 861 in
1265 803 1672 861 cacuminibus
1688 820 1815 859 mu-

1923 787 2081 852 runt,
2116 783 2332 841 multos
2374 784 2827 843 vulneraverunt
2873 791 2929 843 et
2975 787 3172 861 plures
3212 790 3571 860 occiderunt,

150 873 391 957 rerum-
414 893 875 968 propugnaculis
932 873 1282 967 prmmunita
1323 899 1469 961 erat,
1501 892 1814 950 consilium
1924 878 1981 931 et
2008 873 2318 968 Ρξθςοεςιιιθ
2348 878 2547 968 οθριοε
2573 875 2963 968 θδάυπεῖῐῖυηῐν
2995 882 3349 954 οωῖθτοείῖυθ
3394 884 3576 957 ίυῐῬί⁹

151 963 1166 1061 inierunt.principes,quod'contra
1185 1001 1314 1040 eam
1344 988 1816 1058 pugnarent,non
1924 967 2016 1061 te?
2045 963 2457 1061 ίηξυνίθίοειθίξ
2482 968 2671 1061 θὲθίῐξα
2712 966 2901 1061 ι’θάξνξδ
2953 968 3376 1061 οῇῑῖἶρυξθιῆυηί·
3412 974 3575 1041 Ουοά

152 1076 394 1151 virtute,
453 1074 555 1131 sed
610 1072 877 1147 ingenio;
930 1077 1072 1144 arte,
1115 1091 1231 1131 non
1291 1074 1474 1130 Marte
1520 1073 1819 1130 machina-

154 1167 381 1233 mento,
414 1180 531 1220 non
563 1162 835 1219 conﬂictu
883 1161 1114 1219 bellico.
1149 1162 1317 1219 Prius
1348 1162 1531 1237 igitur
1581 1166 1818 1236 pontem

153 1271 344 1329 supra
358 1253 581 1310 ﬂumen
598 1255 1021 1320 statuerunt,ut
1042 1252 1369 1326 expeditius
1390 1252 1609 1310 flumen
1626 1255 1819 1309 trans-

153 1344 336 1419 irent,
360 1341 590 1416 quoties
643 1341 989 1399 transeundi
1044 1358 1281 1400 necesse
1318 1341 1622 1399 haberent.
1657 1343 1822 1399 Tunc

154 1434 381 1511 quippe
412 1432 472 1488 in
503 1430 759 1488 confinio
805 1432 970 1489 urbis
1025 1449 1304 1507 magnam
1357 1432 1646 1490 bonarum
1674 1432 1824 1490 fruc-

155 1528 337 1587 tuum
367 1522 698 1580 ubertatem
729 1520 1125 1589 inveniebant,
1158 1522 1425 1596 copiosas
1472 1523 1821 1592 vindemias,

160 1599 360 1685 foveas
387 1611 681 1671 frumento
702 1611 906 1685 plenas
934 1616 992 1669 et
1020 1611 1260 1681 hordeo,
1285 1612 1533 1686 aliisque
1561 1613 1822 1682 cibariis,

161 1704 524 1776 arboresque
536 1700 707 1757 multi
730 1700 960 1776 generis
981 1702 1173 1776 pomis
1186 1702 1571 1759 refertas.Hoc
1593 1719 1826 1776 quoque

160 1792 552 1851 insinuabant
574 1790 660 1849 eis
685 1791 946 1851 Armenii
975 1792 1077 1871 qui
1106 1792 1168 1849 in
1218 1790 1447 1848 civitate
1476 1796 1662 1860 erant,
1694 1791 1827 1865 qui-

164 1899 283 1967 que
316 1881 450 1940 inde
479 1880 985 1943 consentientibus
1011 1882 1220 1939 Turcis
1248 1881 1323 1939 ad
1355 1898 1453 1938 eos
1487 1880 1828 1951 veniebant;
1859 1890 1910 1956 B

165 1970 274 2037 sed
305 1987 508 2030 eorum
542 1987 752 2029 uxores
779 1975 837 2028 et
868 1969 972 2033 filii
1018 1971 1079 2027 in
1128 1971 1273 2027 urbe
1326 1970 1727 2028 remanebant.
1754 1971 1825 2027 Et

165 2060 281 2131 hoc
310 2059 671 2130 totum,licet
690 2059 1008 2117 Christiani
1039 2063 1256 2127 essent,
1280 2060 1488 2118 callide
1516 2065 1714 2118 tamen
1744 2060 1826 2116 fa-

167 2149 710 2223 ciebant,quoniam
741 2149 897 2207 dicta
926 2154 1260 2209 nostrorum
1293 2151 1416 2208 sive
1436 2151 1590 2207 facta
1617 2148 1826 2207 Turcis

167 2239 333 2321 intus
354 2238 791 2295 renuntiabant.
806 2238 1238 2297 Construuntur
1258 2257 1293 2297 a
1312 2237 1689 2297 Christocolis
1712 2237 1828 2295 bel-

169 2327 287 2386 lica
308 2326 782 2385 machinamenta
793 2328 865 2385 ad
880 2330 1340 2404 oppugnandum
1354 2332 1828 2403 congrua,turres

171 2408 402 2499 lignea,
455 2413 702 2486 balista,
736 2415 933 2484 falces,
967 2416 1196 2487 arietes,
1226 2416 1418 2491 talpae,
1449 2416 1585 2486 tela,
1628 2416 1825 2482 sudes,

173 2509 234 2561 et
257 2504 474 2572 fundae,
507 2508 565 2561 et
592 2504 641 2560 si
672 2522 791 2579 qua
842 2504 959 2562 alia
1006 2510 1323 2580 potuerunt
1369 2504 1489 2563 ulla
1517 2504 1830 2580 excogitari

175 2586 323 2675 arte.
352 2594 464 2651 Sed
496 2593 640 2668 quid
671 2594 979 2652 valuerunt
1007 2597 1318 2653 adversum
1349 2595 1555 2657 urbem
1592 2596 1832 2669 inexpu-

175 2682 498 2759 gnabilem,
532 2684 855 2758 praesertim
884 2702 1020 2742 cum
1049 2690 1136 2742 tot
1164 2686 1226 2742 in
1247 2703 1315 2743 ea
1344 2689 1541 2743 essent
1569 2685 1833 2742 defenso-

174 2791 298 2840 res.
320 2773 425 2847 qui
450 2772 629 2831 etiam
676 2791 811 2831 cum
853 2775 1073 2832 nostris
1124 2775 1436 2848 campestri
1486 2773 1684 2848 praelio
1723 2791 1832 2848 pu-

178 2880 363 2955 gnare
392 2864 760 2937 potuissent?
790 2868 1109 2937 Postquam
1133 2881 1266 2921 vero

180 2970 558 3044 Bhosphorus
584 2986 806 3029 aurorae
837 2971 1047 3028 rutilos
1074 2974 1450 3045 praecesserat
1479 2973 1663 3040 ortus,

179 3061 433 3133 Ipsaque
462 3059 702 3119 rorifluo
731 3076 866 3117 cum
891 3060 1019 3130 jam
1047 3061 1304 3118 candore
1320 3060 1594 3128 vibraret,

178 3148 400 3221 Solque
424 3151 756 3209 venustaret
784 3149 1109 3206 ﬂammanti
1140 3149 1367 3208 lumine
1400 3150 1712 3216 mundum,

180 3237 522 3312 Exsurgunt
550 3255 792 3312 propere
821 3256 1110 3313 proceres,
1126 3257 1549 3316 procerumque
1570 3247 1831 3315 catervas,
1867 3259 1910 3327 ο

180 3329 479 3401 Armaque
508 3326 852 3401 corripiunt,
884 3333 942 3386 et
981 3329 1055 3385 ad
1088 3330 1254 3386 urbis
1284 3331 1502 3387 muenia
1528 3339 1796 3392 currunt.

182 3417 388 3491 Pugna
417 3416 657 3489 quidem
683 3417 884 3474 dextra
912 3419 1045 3476 forti
1078 3419 1143 3474 ﬁt
1171 3423 1229 3475 et
1268 3420 1430 3477 intus
1461 3425 1517 3478 et
1546 3426 1727 3479 extra.

182 3505 273 3564 Illi
304 3506 649 3578 defendunt,
680 3508 825 3563 dum
855 3508 1040 3564 nostri
1067 3508 1295 3581 spicula
1324 3510 1598 3580 fundunt,

181 3595 444 3669 Telaque
470 3613 605 3655 cum
637 3596 995 3668 baculis,nec
1017 3615 1133 3653 non
1155 3597 1495 3672 lapidesque
1519 3602 1836 3676 sudesque.

184 3683 273 3741 Fit
300 3682 470 3743 labor
497 3684 797 3754 immanis,
829 3684 933 3742 sed
964 3685 1257 3758 profectus
1288 3686 1352 3742 fit
1370 3684 1587 3754 inanis,

182 3774 397 3847 Sicque
426 3777 812 3843 recesserunt,
846 3774 989 3847 quia
1016 3777 1275 3831 sternere
1305 3791 1421 3831 non
1452 3781 1769 3848 potuerunt

181 3863 405 3925 Turres
432 3866 490 3920 et
518 3880 742 3929 muros,
769 3864 825 3920 vi
851 3862 1015 3920 nulla
1042 3863 1425 3922 corruituros.

182 3987 450 4067 Cumque
477 3987 742 4044 viderent
771 3987 957 4044 nostri
990 3987 1145 4062 quod
1172 3986 1255 4043 nil
1276 3989 1554 4060 proficere
1576 3996 1835 4064 possent,

182 4072 344 4133 illam
356 4075 669 4133 dimittunt
690 4077 1228 4151 pugnam,retinent
1241 4080 1439 4135 tamen
1454 4079 1834 4139 sbsidionem.

183 4165 357 4223 Turci
392 4164 610 4239 quippe
637 4164 699 4222 in
729 4183 840 4223 sua
869 4167 1227 4223 confidentes
1276 4168 1659 4228 invictissime
1706 4170 1840 4227 civi-

181 4259 499 4323 tate,nocte
519 4255 726 4327 januis
757 4256 976 4330 apertis
1006 4256 1259 4312 exibant.
1276 4261 1333 4313 et
1362 4258 1422 4313 in
1444 4262 1636 4319 castra
1665 4260 1840 4335 sagit-

179 4348 269 4401 tas
282 4342 880 4418 mittebant.Contigit
909 4349 1107 4402 autem
1128 4348 1194 4401 ut
1216 4345 1297 4401 ita
1316 4348 1645 4421 sagittando
1658 4366 1837 4406 unam

179 4432 492 4490 mulierem
518 4436 652 4490 ante
678 4435 934 4490 tentoria
954 4434 1282 4491 Boamundi
1313 4437 1594 4511 principis
1615 4438 1840 4497 occide-

177 4526 405 4592 rent,et
434 4522 566 4579 ideo
592 4522 993 4597 vigilantiores
1018 4525 1291 4584 excubias
1322 4544 1427 4599 per
1455 4532 1646 4584 castra
1667 4545 1842 4602 posu-

1930 1054 2131 1110 miseri
2163 1070 2335 1110 casus
2365 1052 2753 1111 infortunium
2779 1055 2880 1111 ubi
2913 1056 3122 1114 militia
3152 1058 3253 1115 Dei
3288 1062 3575 1135 cognovit,

1929 1143 2250 1200 admodum
2283 1143 2564 1212 indoluit;
2597 1144 2699 1201 sed
2730 1145 2841 1201 sibi
2872 1145 3148 1221 deinceps
3179 1148 3412 1207 salubre
3441 1168 3579 1210 con-

1930 1233 2134 1291 silium
2192 1232 2430 1290 invenit.
2465 1232 2621 1290 Mille
2669 1234 2994 1308 armigeros
3032 1241 3165 1293 ante
3194 1238 3578 1311 praemittunt,

1932 1340 2080 1398 quos
2106 1323 2483 1379 Boamundus
2512 1327 2569 1379 et
2591 1323 2964 1381 Flandrensis
2996 1342 3192 1385 comes
3218 1345 3351 1387 cum
3379 1328 3580 1391 electis

1932 1412 2223 1470 militibus
2254 1414 2718 1487 subsequuntur,
2747 1413 3170 1487 praenominata
3198 1417 3434 1490 valle,in
3466 1404 3597 1495 qua.

1934 1504 2007 1561 ad
2040 1503 2201 1578 ipsos
2231 1503 2630 1579 confugerent,
2661 1502 2712 1560 si
2743 1505 2917 1561 Turci
2963 1522 3062 1563 eos
3110 1507 3581 1582 insequerentur.

1935 1595 2098 1662 Quod
2130 1593 2212 1650 ita
2242 1594 2465 1667 absque
2496 1594 2775 1651 dilatione
2792 1595 3053 1670 contigit,
3076 1598 3357 1670 quoniam
3387 1599 3581 1670 Turci,

1936 1688 2248 1757 postquam
2281 1683 2416 1741 illos
2446 1684 2679 1741 eminus
2707 1690 3088 1759 agnoverunt,
3119 1685 3332 1745 laxatis
3352 1688 3513 1758 loris,
3528 1694 3586 1749 et

1936 1790 2118 1856 equos
2150 1772 2477 1830 calcaribus
2519 1777 2816 1848 urgentes,
2871 1774 3118 1832 insecuti
3163 1782 3322 1847 sunt,
3368 1795 3597 1853 eosque,

1936 1861 1996 1917 in
2028 1862 2229 1936 fugam
2257 1865 2573 1917 verterunt.
2608 1861 2800 1918 Nostri
2822 1879 2956 1919 vero
2988 1864 3060 1920 ad
3111 1881 3271 1935 suos,
3305 1865 3458 1924 sicut
3511 1868 3586 1927 ad

1936 1950 2304 2007 tutissimum
2362 1950 2613 2024 asylum,
2674 1950 3061 2026 confugerunt
3114 1958 3171 2013 et
3245 1955 3586 2028 praesidium

1934 2039 2115 2099 divini
2145 2039 2396 2097 subsidii
2426 2039 2791 2097 invenerunt.
2844 2041 3017 2098 Turci
3061 2059 3194 2107 vero
3244 2061 3377 2105 cum
3412 2044 3597 2109 nimia

1936 2131 2006 2188 de
2037 2130 2301 2203 proximo
2324 2135 2553 2187 nostros
2582 2128 2799 2187 milites
2829 2134 3064 2203 paratos
3112 2150 3239 2191 esse
3271 2133 3592 2208 deprehen-

1935 2222 2166 2291 derunt,
2193 2219 2385 2295 primo
2415 2218 2653 2295 quidem
2684 2220 3020 2283 haesitantes
3048 2220 3173 2283 loco
3202 2220 3599 2287 libentissime

1936 2310 2271 2379 cessissent,
2291 2310 2341 2366 si
2372 2308 2575 2367 cedere
2601 2309 2944 2367 valuissent.
2980 2308 3051 2369 Ut
3088 2316 3285 2370 tamen
3316 2330 3592 2390 cognove-

1936 2404 2078 2457 runt
2107 2399 2247 2474 quia
2275 2399 2578 2473 pauciores
2627 2398 2939 2457 Christiani
2989 2406 3187 2461 essent
3232 2420 3411 2477 quam
3453 2403 3589 2478 ipsi,

1938 2485 2161 2547 bellum
2195 2490 2473 2558 inierunt,
2508 2492 2705 2545 tamen
2730 2507 2864 2546 cum
2886 2494 3161 2560 tremore,
3194 2491 3255 2553 in
3286 2510 3395 2551 sua
3418 2494 3594 2552 confl-

1941 2581 2146 2637 dentes
2177 2594 2494 2637 numerosa
2522 2577 2920 2637 multitudine.
2956 2580 3068 2638 Sed
3093 2581 3233 2655 quid
3263 2581 3417 2641 valet
3447 2599 3594 2657 pras-

1941 2668 2110 2739 lium,
2132 2672 2337 2725 contra
2366 2666 2523 2741 quod
2557 2666 2821 2724 divinum
2853 2667 3066 2727 militat
3095 2670 3422 2731 auxilium?
3445 2677 3594 2731 Deus

1942 2757 2100 2814 enim
2128 2757 2310 2829 fortis,
2341 2762 2393 2813 et
2413 2755 2607 2828 pbtens
2636 2763 2737 2825 est,
2767 2757 3031 2815 Dominus
3054 2767 3246 2831 potens
3290 2761 3352 2819 in
3394 2762 3595 2835 praelia

1942 2845 2113 2917 (Ρδαι.
2141 2861 2301 2913 xxm,
2336 2843 2411 2916 8).
2445 2843 2570 2899 Duo
2592 2843 2748 2900 enim
2780 2861 2849 2903 ex
2879 2845 3096 2914 nostris
3130 2847 3210 2905 ibi
3239 2852 3470 2906 tantum
3495 2866 3595 2925 pe-

1943 2931 2155 3007 rempti
2187 2936 2345 2989 sunt.
2379 2932 2491 2989 Sed
2521 2932 2593 2988 de
2637 2933 2863 3001 Turcis,
2896 2950 3148 3008 quorum
3195 2953 3311 2995 non
3354 2942 3444 2997 est
3490 2957 3597 2996 nu-

1944 3039 2163 3090 merus,
2195 3021 2296 3095 qui
2328 3025 2384 3078 et
2422 3022 2494 3079 de
2542 3039 2720 3078 manu
2765 3022 2868 3080 Dei
2920 3024 3137 3097 repulsi
3185 3031 3342 3097 sunt,
3374 3028 3598 3103 absque

1943 3128 2189 3189 numero
2219 3110 2393 3167 occisi
2427 3114 2582 3169 sunt.
2617 3110 2834 3168 Multos
2863 3129 2932 3169 ex
2961 3113 3045 3172 eis
3074 3118 3274 3188 captos
3302 3117 3375 3174 ad
3405 3122 3598 3179 castra

1948 3202 2371 3269 conduxerunt,
2404 3202 2462 3257 et
2491 3217 2687 3261 coram
2720 3200 2837 3259 illis
2866 3203 2967 3276 qui
3014 3220 3195 3278 supra
3243 3206 3460 3267 muenia
3503 3206 3596 3267 in-

1946 3289 2111 3363 clyta
2141 3289 2393 3346 civitatis
2420 3290 2606 3357 erant,
2635 3290 3087 3349 decollaverunt.
3115 3294 3185 3351 Et
3215 3298 3280 3351 ut
3310 3296 3595 3369 majorem

1947 3376 2067 3436 illis
2096 3378 2354 3436 dolorem
2380 3379 2707 3436 incuterent
2735 3384 2791 3437 et
2819 3385 3123 3451 terrorem,
3153 3383 3384 3443 balistis
3412 3385 3599 3444 incisa

1947 3469 2141 3542 capita
2168 3469 2226 3524 in
2260 3467 2551 3523 civitatem
2582 3469 2973 3542 projecerunt.
3005 3470 3227 3529 Dehinc
3272 3474 3598 3548 expeditius

1948 3558 2033 3614 ire
2064 3560 2379 3631 potuerunt
2406 3557 2589 3613 nostri
2618 3557 2691 3615 ad
2714 3557 2881 3615 villas
2903 3564 2959 3616 et
2987 3559 3142 3619 vicos
3162 3563 3595 3635 Armeniorum,

1945 3648 2165 3704 victum
2184 3649 2592 3720 qumrentes,et
2622 3646 2734 3721 ipsi
2748 3648 3007 3704 Armenii
3039 3654 3095 3706 et
3124 3650 3411 3727 indigenae
3430 3657 3597 3712 terra;

1945 3736 2109 3813 illius
2129 3736 2201 3792 ad
2238 3739 2464 3792 nostros
2501 3740 2821 3792 mercatum
2854 3738 3181 3797 afferentes.
3214 3741 3462 3801 Advenit
3509 3743 3598 3801 in-

1946 3830 2106 3885 terea
2135 3824 2535 3882 sacratissima
2565 3824 2691 3882 dies
2722 3825 3038 3883 Dominicae
3061 3829 3599 3905 Nativitatis.quam

1952 3918 2102 3991 Deus
2133 3915 2361 3971 cunctis
2392 3914 2669 3973 fidelibus
2711 3916 2838 3974 suis
2888 3917 3329 3977 celeberrimam
3378 3921 3438 3978 in
3465 3905 3599 3979 (hoc

1947 4003 2215 4075 contulit,
2250 4004 2390 4079 quia
2417 4003 2518 4077 qui
2550 4006 2834 4063 creaturis
2863 4008 3140 4066 omnibus
3180 4009 3341 4068 nasci
3370 4009 3597 4081 tribuit,

1948 4112 2053 4168 pro
2076 4094 2216 4152 solis
2236 4090 2577 4152 hominibus
2603 4095 2765 4152 nasci
2788 4096 3393 4169 disposuit.Festivam
3420 4100 3601 4175 igitur

1947 4183 2110 4241 illam
2142 4182 2459 4241 Christiani
2490 4183 2928 4257 fecerunt,sicut
2948 4188 3048 4260 qui
3065 4188 3125 4244 in
3146 4188 3413 4246 tentoriis
3434 4194 3603 4247 erant

1948 4290 2120 4349 agere
2149 4275 2483 4346 potuerunt.
2518 4270 2710 4345 Majus
2730 4274 2946 4348 quippe
2967 4276 3250 4350 gaudium
3273 4283 3399 4335 erat
3428 4278 3489 4334 in
3511 4296 3602 4335 ca-

1948 4362 2088 4419 stris
2135 4377 2312 4436 quam
2358 4360 2513 4419 intra
2561 4361 2777 4419 mmnia
2827 4363 3053 4438 inclytae
3103 4366 3288 4434 urbis,
3320 4366 3599 4442 inclytam

1949 4452 2234 4519 dico,non
2266 4455 2502 4525 propter
2534 4450 2747 4509 fcedam
2776 4450 3122 4526 gentilitatis
3152 4454 3599 4526 habitationem,

1952 4542 2054 4599 sed
2101 4544 2337 4616 propter
2395 4539 2665 4598 humana:
2721 4542 3074 4603 conditionis
3130 4544 3502 4618 positionem,
3543 4550 3602 4605 et

175 4611 513 4710 erunt,“qu
544 4611 719 4710 etiam
752 4616 981 4710 portam
1012 4631 1116 4688 per
1144 4632 1322 4710 quam
1364 4615 1525 4710 exire
1572 4616 1839 4710 solebant
1868 4637 1915 4704 ι)
1947 4611 2267 4705 praesertim
2297 4629 2452 4687 beati
2484 4629 2633 4687 Petri
2666 4631 3071 4704 apostolorum
3113 4611 3398 4709 principis
3442 4611 3599 4710 apud

174 4698 612 4799 custodierunt.
644 4698 1102 4799 Placuit‘itaque
1131 4704 1495 4779 principibus
1527 4705 1749 4764 militiai
1781 4712 1838 4767 et
1868 4698 1905 4704 ⁷
1946 4698 2130 4799 beum
2162 4698 2716 4778 reconciliationem:

175 4788 569 4872 optimatibus
601 4795 670 4847 ut
693 4790 1003 4872 castellum
1030 4794 1140 4855 sibi
1172 4798 1720 4872 construercnt,quo
1745 4815 1838 4857 se-

176 4871 443 4928 curiores
474 4874 692 4939 essent,
725 4870 775 4928 si
806 4872 1032 4929 inimici
1064 4874 1167 4931 Dei
1197 4874 1316 4932 ullo
1348 4876 1522 4933 modo
1568 4870 1840 4951 praevale-

179 4964 330 5027 rent,
362 4959 467 5033 qui
498 4960 761 5035 undique
789 4961 947 5019 sicut
984 4979 1123 5037 apes
1170 4964 1244 5019 ad
1297 4962 1549 5022 alvearia
1590 4968 1842 5027 conflue-

180 5050 345 5107 bant.
380 5049 547 5116 Quod
577 5053 635 5106 et
662 5049 880 5108 factum
921 5055 1029 5109 est.
1082 5056 1309 5110 Interea
1357 5054 1498 5113 dum
1548 5073 1841 5115 rarescere

178 5138 357 5212 capit
378 5138 906 5212 quotidianivictus
928 5142 1534 5217 impensa,consilium
1557 5146 1837 5216 inierunt,

180 5232 247 5285 ut
275 5227 442 5285 cibos
472 5234 818 5305 quaererent,
832 5235 891 5289 et
919 5233 992 5289 ad
1022 5234 1762 5312 quaarendum,armigeros
1785 5243 1842 5295 et

178 5317 499 5392 plerosque
527 5318 748 5379 milites
777 5321 852 5379 ob
880 5322 1210 5380 custodiam
1232 5325 1837 5385 transmitterent.Sed

178 5408 283 5483 qui
313 5409 564 5484 pradari
594 5410 925 5480 voluerunt,

250 5517 473 5583 Partim
506 5520 771 5593 praedati,
802 5521 1139 5597 partimque
1170 5521 1329 5583 fuere
1359 5523 1565 5583 necati.

2606 4861 2837 4922 CAPUT
2876 4864 2948 4922 ΙΙ.

2019 4991 2142 5058 Qua
2170 4987 2555 5047 celebratione
2584 4993 2840 5064 peracta,
2890 4991 3207 5051 concilium
3253 5003 3604 5071 acceperunt

1949 5079 2091 5165 quid
2121 5083 2378 5156 agerent,
2412 5080 2695 5153 quoniam
2726 5080 2787 5136 in
2819 5081 3032 5140 castris
3052 5083 3243 5142 victus
3272 5085 3599 5159 deficiebat,

1949 5175 2006 5228 et
2035 5170 2299 5246 glacialis
2329 5170 2520 5229 hiems
2548 5174 2873 5230 mercatum
2895 5172 3208 5233 atferentes
3236 5176 3309 5233 ad
3331 5175 3492 5249 ipsos
3511 5194 3604 5235 ve-

1949 5260 2076 5317 nire
2108 5278 2223 5318 non
2255 5259 2502 5317 sinebat.
2536 5261 2627 5319 Illi
2675 5277 2934 5337 namque
2983 5264 3088 5335 qui
3134 5270 3300 5323 erant
3345 5264 3406 5325 in
3436 5267 3602 5335 urbe.

1949 5353 2169 5425 quanto
2201 5349 2390 5423 magis
2411 5349 2673 5408 sciebant
2703 5356 2938 5411 nostros
2967 5353 3212 5423 esurire,
3230 5357 3393 5421 tanto
3414 5355 3607 5430 magis

1949 5438 2309 5513 incipiebant
2329 5438 2388 5496 in
2411 5439 2544 5499 illos
2565 5439 3020 5517 desevirellinc
3036 5442 3195 5511 acris
3210 5441 3610 5517 inclementia,

1842 5564 1849 5571 -
1951 5530 2090 5594 hinc
2117 5529 2345 5608 miserm
2374 5531 2650 5611 egestatis
2679 5530 2903 5611 inopia,
2934 5531 3075 5603 hinc
3092 5529 3461 5611 opprimebat
3505 5529 3633 5605 ἢεί-ι
