3996 6096
353 353 475 422 699

861 354 968 419 AD
1013 353 1528 423 GODEFRIDUM
1567 355 1901 421 APPEND.
1947 353 2025 420 II.
2057 388 2136 403 -—
2175 353 2488 421 NONUM.
2533 354 2636 420 DE
2681 353 2931 421 BELLO
2975 354 3248 422 SACRO.

3639 356 3765 422 700

351 489 746 549 versariorum
774 488 1070 546 violentia.
1102 491 1171 547 Et
1201 490 1354 547 sicut
1374 489 1519 548 solet
1549 490 1885 564 contingere
1937 489 1999 546 in
2029 492 2083 559 Α
2112 488 2256 546 tatio
2276 489 2388 545 fuit
2413 488 2473 545 in
2495 486 2600 546 illa
2616 488 2711 546 die
2731 488 2791 545 in
2823 488 3053 559 castris,
3076 506 3211 547 cum
3243 489 3386 547 talia
3412 488 3566 547 dona
3594 489 3760 547 vide-

354 580 735 639 multitudine
753 583 1379 654 congregatorum,non
1404 581 1707 636 deﬁciebat
1722 598 1831 636 vox
1846 597 2004 635 mur-

354 669 739 729 murantium.
771 670 887 726 Nec
915 669 1133 725 mirum
1170 673 1312 734 erat,
1346 670 1395 724 si
1426 670 1689 726 humana
1718 669 2004 742 fragilitas

353 761 464 818 sub
510 763 599 816 tot
653 758 961 815 tormentis
1004 775 1207 830 pressa
1237 758 1560 814 deﬁciebat.
1593 759 1846 824 Grande,
1883 758 1999 827 nix,

351 850 590 926 glacies,
639 848 882 921 spiritus
939 847 1348 920 procellarum,
1400 847 1530 903 illos
1580 847 2003 904 violentissime

350 938 777 1013 opprimebant,
813 953 961 1009 quos
993 936 1149 992 nulla
1182 941 1406 992 tectura
1437 936 1821 1009 eooperiebat.
1854 937 2003 1003 Quid

351 1029 569 1086 mirum
592 1026 641 1084 si
672 1043 734 1081 se
767 1026 919 1081 male
949 1025 1387 1085 dementabant.
1421 1025 1523 1098 qui
1555 1031 1715 1081 extra
1754 1026 2005 1081 tentoria

349 1121 535 1181 erant,
560 1133 693 1171 cum
724 1115 854 1188 ipsa
880 1115 1132 1170 tentoria
1161 1115 1541 1171 innatabant?
1580 1116 1904 1188 Propterea,
1939 1119 2005 1170 ut

350 1223 531 1278 supra
560 1203 1165 1271 diximus,consilium
1200 1203 1463 1260 inierunt
1492 1203 1631 1276 quid
1666 1208 1922 1277 agerent,
1946 1207 2003 1259 et

346 1295 462 1350 tale
484 1294 728 1349 invicem
757 1296 1121 1365 acceperunt.
1140 1293 1517 1349 Boamundus
1535 1297 1590 1347 et
1618 1310 1813 1349 comes
1835 1292 2003 1348 Flan-

348 1382 579 1441 drensis
612 1383 683 1438 ad
716 1382 807 1439 his
831 1381 1296 1437 subveniendum
1331 1398 1392 1437 se
1430 1381 1592 1453 ipsos
1642 1381 1998 1448 obtulerunt,

347 1478 405 1531 et
428 1473 706 1530 omnibus
753 1472 994 1544 placuit,
1029 1475 1085 1526 et
1131 1470 1520 1527 libentissime
1565 1475 1997 1526 concesserunt.

347 1563 415 1620 Hi
446 1562 643 1635 itaque
673 1560 917 1635 triginta
946 1558 1134 1616 millia
1163 1560 1427 1633 equitum
1462 1561 1845 1634 peditumque
1884 1559 2001 1617 ele-

347 1656 580 1726 gerunt,
613 1655 670 1707 et
716 1650 777 1706 in
825 1655 981 1706 terra
1031 1650 1489 1706 Sarracenorum
1538 1651 1922 1706 intraverunt.
1955 1649 2000 1706 Ο

348 1757 544 1797 rerum
577 1739 839 1797 omnium
890 1739 1181 1794 mediator
1222 1740 1397 1806 Deus,
1430 1755 1607 1812 quam
1656 1739 2000 1812 tempestive

348 1830 626 1887 subvenis
649 1829 707 1884 in
727 1827 1087 1902 periculis,et
1116 1828 1175 1883 in
1208 1827 1552 1885 necessitate
1570 1828 1999 1897 laborantibus,

348 1924 415 1976 ut
444 1919 787 1992 impleretur
815 1917 955 1973 illud
991 1918 1146 1991 quod
1178 1918 1453 1974 Salomon
1487 1918 1724 1990 scripsit
1771 1918 1828 1973 in
1866 1917 1999 1973 Pro-

345 2008 563 2065 verbiis
587 2025 601 2063 :
626 2008 984 2065 Conseruntur
988 2008 1135 2079 justo
1154 2008 1461 2063 substantia
1486 2009 1782 2079 peccatoris
1813 2007 1995 2073 (Prov.

347 2099 599 2167 xm,22).
617 2098 658 2153 Α
686 2095 1011 2153 Jerusalem
1042 2099 1098 2152 et
1128 2096 1507 2161 Damasco,et
1533 2095 2000 2168 Aleph,ca3teris—

349 2202 464 2260 que
492 2185 835 2259 regionibus
871 2184 1203 2258 congregati
1237 2190 1425 2251 erant,
1450 2185 1654 2251 Persas,
1677 2184 1894 2240 Arabes
1942 2188 2000 2240 et

350 2274 525 2343 Medi,
556 2291 701 2349 gens
728 2273 998 2329 videlicet
1037 2273 1225 2329 multa
1271 2273 1467 2340 nimis,
1501 2291 1627 2346 quae
1676 2274 1747 2329 ad
1798 2271 1998 2329 Antio-

350 2363 543 2420 chiam
595 2363 964 2437 disposuerat
1019 2360 1234 2425 venire,
1266 2379 1514 2436 eamque
1565 2380 1599 2418 a
1651 2361 1998 2419 Christianis

351 2452 679 2508 defendere.
712 2451 825 2508 Sed
856 2451 1024 2507 aliter
1054 2450 1112 2506 in
1145 2449 1288 2507 coelo
1318 2450 1425 2507 fuit
1464 2451 1839 2524 dispositum,
1872 2467 1998 2523 quae

350 2541 659 2614 dispositio
676 2540 909 2597 illorum
931 2539 1357 2596 ordinationem
1379 2540 1679 2596 inclinavit
1699 2540 1995 2596 deorsum.

348 2629 492 2687 Cum
512 2629 667 2687 enim
685 2630 990 2686 audissent
1020 2627 1158 2702 quia
1178 2646 1315 2702 pars
1332 2629 1795 2685 Christianorum
1820 2629 1998 2684 intra-

347 2723 554 2776 verant
579 2718 639 2774 in
670 2722 887 2776 terram
913 2734 1104 2783 suam,
1145 2718 1327 2793 gavisi
1359 2723 1497 2775 sunt
1513 2718 1996 2791 valde,quoniam

349 2807 411 2863 in
432 2807 682 2864 vinculis
704 2808 830 2880 jam
855 2808 1023 2880 quasi
1055 2806 1310 2864 irretitos
1341 2808 1601 2864 arbitrati
1636 2812 1795 2863 sunt.
1831 2808 1997 2863 Tunc

348 2895 675 2952 diviserunt
704 2895 848 2953 sein
879 2895 1028 2951 duas
1058 2896 1233 2962 acies,
1256 2898 1323 2951 ut
1351 2895 1437 2951 sic
1459 2894 1658 2950 vallati
1691 2895 1764 2949 ab
1791 2894 1877 2950 eis
1898 2911 1997 2950 no-

347 2984 475 3054 stri,
508 2985 658 3058 fuga:
711 2983 1051 3058 praesidium
1111 3000 1402 3058 nusquam
1462 2983 1811 3040 invenirent.
1859 2984 1995 3049 Quae

345 3074 556 3132 divisio
586 3073 769 3133 stulta
796 3073 1073 3146 fuit,quia
1103 3072 1398 3131 «stultitia
1426 3073 1483 3128 in
1515 3073 1793 3129 cordibus
1815 3072 1997 3129 incre-

344 3164 616 3221 dulorum
649 3181 882 3238 semper
910 3164 1279 3237 requiescit»
1304 3163 1451 3219 Nam
1470 3168 1730 3235 utraeque
1751 3163 1906 3218 acies
1928 3165 1994 3217 ut

2112 582 2250 634 runt
2267 577 2481 635 sammi
2503 579 2932 651 procuratoris?
2946 580 3278 636 Mirandum
3301 583 3358 636 et
3377 579 3760 654 gaudendum

2111 672 2253 734 erat,
2284 668 2437 741 quod
2477 668 2761 725 Dominus
2789 668 2859 724 de
2891 669 3183 725 mercibus
3216 668 3588 726 inimicorum
3623 686 3764 726 suo-

2112 772 2243 811 rum
2275 757 2346 812 de
2373 756 2689 830 longinquo
2720 758 3011 825 adductis,
3036 757 3239 814 ﬁdeles
3269 776 3407 815 suos
3438 758 3763 816 reﬁciebat.

2110 845 2423 902 Esurz'entes
2471 846 2625 902 bonis
2677 845 2960 920 implebat
2989 848 3143 918 (Luc.
3175 865 3215 913 1,
3246 849 3360 920 53),
3394 847 3611 921 quibus
3660 849 3770 903 ad-

2109 934 2399 990 versarios
2428 952 2568 991 suos
2608 936 2917 1007 spoliabat.
2952 937 3047 992 Sic
3103 953 3332 1009 quoque
3388 936 3526 992 filiis
3584 937 3768 993 Israel

2110 1022 2252 1078 olim
2285 1023 2554 1088 faciebat,
2588 1041 2724 1080 cum
2770 1041 2873 1097 per
2930 1030 3143 1082 terram
3203 1025 3511 1098 gentilium
3555 1042 3768 1099 regum

2110 1111 2360 1168 transire
2391 1113 2725 1185 cupiebant,
2750 1119 2807 1170 et
2838 1113 2920 1169 illi
2956 1115 3258 1187 publicum
3307 1114 3411 1170 vim
3459 1114 3629 1187 regiae
3669 1113 3769 1170 in-

2110 1217 2340 1256 cessum
2363 1202 2448 1257 eis
2467 1202 2854 1276 denegabant.
2880 1203 3094 1260 Omnes
3124 1204 3249 1275 pari
3281 1204 3473 1271 modo,
3497 1203 3599 1276 qui
3623 1221 3768 1259 eon-

2108 1294 2201 1346 tra
2230 1288 2362 1346 illos
2392 1291 2757 1364 accipiebant
2813 1290 3096 1365 gladium,
3127 1291 3322 1366 gladio
3382 1291 3666 1366 peribant,
3705 1298 3766 1348 et

2108 1395 2309 1435 eorum
2340 1383 2494 1435 terra
2524 1384 2582 1435 et
2612 1380 2919 1437 facultates
2949 1382 3243 1437 dabantur
3260 1380 3422 1437 eisin
3446 1382 3768 1454 possessio—

2110 1485 2266 1524 nem.
2290 1468 2455 1524 Nunc
2478 1486 2610 1524 vero
2632 1469 2785 1525 idem
2809 1469 3095 1526 Dominus
3119 1471 3324 1526 eadem
3347 1487 3764 1542 recompensa-

2105 1557 2263 1613 tione
2314 1558 2506 1612 aufert
2558 1575 2800 1614 suorum
2859 1560 3231 1627 adversariis,
3266 1564 3332 1615 ut
3374 1559 3470 1614 isti
3518 1560 3770 1615 credant

2106 1647 2389 1702 veraciter
2413 1652 2607 1702 actum
2639 1648 2821 1704 fuisse
2851 1649 3007 1721 quod
3049 1649 3334 1720 scriptum
3375 1653 3463 1704 est
3492 1649 3564 1704 de
3592 1647 3715 1704 illis
3748 1664 3765 1704 :

2107 1735 2216 1791 Per
2234 1735 2432 1791 omnia
2464 1736 2543 1791 sit
2577 1741 2746 1804 Deus,
2780 1738 2881 1810 qui
2914 1737 3349 1794 benedicendus
3376 1742 3483 1805 est,
3520 1736 3770 1793 benedi-

2106 1828 2275 1893 ctus;
2304 1824 2431 1881 sine
2458 1824 2586 1897 ipso
2618 1825 2763 1882 nihil
2794 1843 3133 1899 possumus.

2743 1916 2974 1972 CAPUT
3015 1917 3113 1973 III.

2180 2003 2416 2059 Interim
2440 2003 2581 2059 dum
2605 2004 2701 2059 isti
2725 2003 2964 2079 gloriosi
2988 2005 3281 2078 principes
3303 2005 3637 2073 abfuerunt,
3655 2005 3768 2079 qui

2107 2091 2166 2147 in
2189 2092 2421 2148 civitate
2442 2099 2629 2159 erant,
2652 2099 2889 2167 repente
2908 2095 2979 2151 de
2998 2111 3067 2150 ea
3096 2094 3379 2166 exierunt,
3408 2102 3768 2168 nostrosque

2106 2181 2260 2237 inter
2287 2187 2479 2237 castra
2522 2182 2883 2252 invaserunt,
2916 2189 2973 2239 et
3003 2183 3288 2257 plurimos
3316 2201 3385 2240 ex
3415 2184 3497 2240 eis
3530 2185 3769 2240 occide-

2107 2276 2263 2326 runt.
2290 2272 2422 2343 lpso
2452 2271 2544 2327 die
2579 2272 2876 2328 Podiensis
2905 2273 3215 2346 episcopus
3249 2272 3500 2346 perdidit
3530 2273 3762 2345 depile-

2108 2377 2238 2415 rum
2270 2377 2469 2427 suum,
2500 2360 2599 2433 qui
2629 2378 2747 2417 suae
2779 2361 2921 2417 aciei
2952 2362 3178 2418 deferre
3205 2362 3429 2419 solebat
3459 2362 3765 2418 vexillum.

2106 2449 2176 2505 Et
2207 2448 2317 2505 nisi
2369 2449 2590 2505 ﬂumen
2639 2449 2795 2506 inter
2850 2455 3111 2507 castrum
3143 2455 3201 2508 et
3230 2451 3434 2507 urbem
3469 2450 3760 2520 fluxisset,

2106 2537 2432 2609 majoribus
2462 2538 2698 2610 injuriis
2728 2544 2787 2595 et
2815 2539 3309 2613 frequentioribus
3358 2539 3754 2596 lacessissent.

2106 2627 2329 2693 Quibus
2344 2626 2631 2683 bellorum
2649 2628 3040 2692 eventibus.et
3062 2630 3315 2685 maxime
3339 2629 3512 2684 famis
3536 2629 3761 2702 inopia,

2104 2715 2368 2789 plerique
2399 2721 2734 2773 nostrorum
2763 2719 2987 2787 afflicti,
3012 2718 3171 2774 abire
3196 2717 3766 2790 moliebantur,quia

2104 2805 2283 2862 nimis
2312 2822 2485 2879 grave
2505 2810 2630 2862 erat
2658 2805 2857 2865 invitis
2887 2808 3034 2864 ferre
3049 2807 3368 2880 jejunium,
3392 2813 3451 2863 et
3472 2808 3600 2864 ideo
3630 2823 3762 2863 ma-

2105 2894 2501 2951 chinabantur
2520 2895 2593 2950 ab
2616 2894 2920 2952 obsidione
2944 2896 3447 2970 dill‘ugium.Quos
3469 2896 3764 2952 Boamuno

2105 2984 2218 3040 dus
2245 2984 2334 3039 vir
2361 2984 2650 3040 facundus
2681 2989 2738 3040 et
2766 2990 2971 3056 gratus
3000 2985 3251 3058 eloquio,
3284 2986 3366 3041 ita
3395 2986 3607 3041 affatus
3635 2989 3753 3052 est,

2105 3073 2305 3129 dicens
2334 3090 2348 3128 :
2384 3095 2412 3122 «
2445 3073 2489 3129 Ο
2518 3072 2648 3138 viri,
2680 3073 2778 3146 qui
2812 3073 2926 3130 huc
2972 3091 3161 3147 usque
3205 3074 3401 3130 fuistis
3440 3073 3754 3130 bellatores

2103 3161 2341 3236 egregii,
2364 3178 2511 3235 quos
2530 3163 2684 3218 Deus
2705 3179 2808 3234 per
2826 3162 3013 3219 multa
3024 3164 3151 3234 jam
3172 3162 3457 3220 bellorum
3491 3163 3756 3236 pericula

343 3271 472 3311 sese
504 3254 753 3311 invicem
777 3234 1145 3327 aspexerunt,
1179 3253 1585 3308 incunctanter
1613 3234 1797 3308 altera
1826 3252 1886 3307 in
1908 3251 1991 3306 al-
2021 3234 2066 3301 C
2103 3234 2350 3307 victo—res
2382 3234 2673 3319 reddidit,
2707 3268 2973 3324 quosque
3026 3253 3213 3309 virtus
3239 3298 3247 3305 .
3269 3234 3635 3326 experientiae
3686 3258 3756 3308 ut

341 3348 528 3400 teram
558 3342 750 3409 irruit,
777 3344 920 3416 quia
962 3342 1062 3397 illa
1090 3342 1149 3397 in
1181 3358 1290 3397 sua
1336 3341 1741 3405 multitudlne,
1771 3339 1885 3395 ista
1927 3340 1987 3394 in

342 3432 446 3489 Dei
506 3432 929 3505 omnipotentia
985 3429 1244 3492 conﬁdit.
1278 3434 1336 3485 et
1390 3428 1520 3485 ideo
1572 3427 1987 3485 eventus'belli

344 3521 654 3578 dissimilis
683 3521 809 3576 fuit.
835 3520 1051 3576 Milites
1101 3519 1311 3575 armati
1361 3523 1648 3592 quotquot
1676 3519 1738 3575 in
1788 3536 1988 3574 occur-

343 3627 475 3669 sum
495 3609 587 3666 sui
603 3613 977 3675 venerunt,ut
993 3607 1233 3663 falcator
1248 3610 1986 3680 messem,prostraverunt.

342 3700 455 3757 Sed
487 3714 619 3754 cum
653 3697 712 3754 in
742 3713 950 3771 gyrum
1000 3696 1205 3752 reverti
1256 3696 1434 3751 frenis
1482 3694 1808 3765 voluerunt,
1841 3714 1991 3769 quos

341 3788 554 3845 iterum
582 3790 954 3861 percuterent
986 3785 1098 3841 nisi
1131 3785 1420 3858 fugientes
1462 3802 1576 3841 non
1620 3785 1988 3841 invenerunt.

341 3875 447 3944 Qui
478 3892 614 3933 vero
646 3875 705 3931 in
736 3876 1009 3931 manibus
1048 3878 1381 3931 nostrorum
1433 3874 1694 3947 perlitum
1745 3875 1992 3930 devene-

339 3970 498 4033 runt,
530 3966 592 4022 in
640 3965 898 4022 immane
951 3963 1340 4038 praecipitium
1390 3969 1754 4020 corruerunt.
1787 3964 1993 4020 Sciunt

339 4054 498 4110 enim
532 4052 748 4127 quibus
776 4051 929 4109 bella
956 4056 1094 4109 nota
1125 4057 1282 4120 sunt,
1316 4053 1453 4125 quia
1483 4075 1511 4102 «
1545 4052 1796 4125 graviori
1825 4053 1991 4108 attri-

338 4142 497 4199 tione
543 4142 768 4215 pedites
818 4158 997 4214 quam
1045 4141 1273 4214 equites
1325 4141 1705 4197 interﬁciunt.
1745 4163 1771 4191 ››
1799 4141 1994 4197 Altera

337 4247 473 4288 vero
502 4229 656 4288 acies
682 4248 809 4305 quas
839 4247 901 4287 se
931 4231 1006 4286 ab
1038 4231 1221 4285 altera
1251 4235 1639 4303 separaverat,
1662 4234 1728 4286 ut
1758 4235 1991 4286 nostros

338 4319 803 4385 circumveniret,
836 4323 902 4375 ut
940 4318 1164 4374 audivit
1208 4334 1378 4373 voces
1429 4317 1798 4387 bellantium,
1831 4319 1992 4375 soni-

336 4413 585 4483 tumque
615 4408 1111 4481 confringentium
1144 4423 1466 4473 armorum,
1494 4406 1704 4463 laxatis
1744 4407 1993 4463 habenis

339 4499 682 4555 accurrebat
712 4498 840 4554 suis
872 4498 931 4552 in
965 4496 1271 4553 auxilium.
1306 4497 1417 4553 Sed
1465 4501 1530 4551 ut
1576 4497 1824 4552 miseros
1869 4497 1995 4553 illo-

2098 3339 2359 3396 illustres
2390 3340 2704 3405 decoravit,
2737 3346 2805 3396 ut
2834 3342 2975 3414 quid
3009 3347 3214 3397 contra
3247 3342 3557 3397 Dominum
3588 3358 3754 3396 mur-

2099 3429 2370 3496 muratis,
2404 3429 2545 3501 quia
2590 3429 2805 3502 premit
2858 3447 2960 3486 vos
3014 3431 3291 3503 angustia
3342 3430 3755 3503 paupertatis?

2098 3519 2244 3574 Cum
2273 3518 2440 3574 vobis
2471 3518 2714 3592 porrigit
2754 3535 3019 3577 manum.
3054 3524 3198 3575 tunc
3228 3519 3540 3576 exsultatis
3566 3537 3580 3585 ;
3612 3536 3754 3575 cum

2099 3608 2340 3673 relaxat,
2380 3612 2524 3663 tunc
2563 3608 2909 3679 desperatis.
2939 3610 2999 3663 In
3032 3608 3141 3664 hoc
3169 3608 3445 3665 videmini
3480 3625 3595 3664 non
3620 3607 3755 3663 dili-

2098 3713 2234 3770 gere
2257 3697 2597 3765 donantem,
2619 3697 2720 3752 sed
2742 3697 2898 3753 dona
2922 3714 2936 3763 ;
2962 3714 3077 3752 non
3116 3697 3475 3771 largitorem,
3500 3698 3601 3753 sed
3633 3696 3755 3752 lar-

2099 3785 2312 3859 gientis
2343 3783 2714 3842 oblationem.
2750 3790 2894 3842 Cum
2926 3785 3174 3860 largitur
3202 3784 3755 3853 Dominus,amicus

2100 3881 2225 3943 est;
2260 3891 2391 3929 cum
2416 3874 2914 3940 cessat,inimicus
2940 3875 3106 3931 vobis
3147 3875 3377 3932 videtur
3404 3892 3533 3931 esse
3564 3881 3623 3931 et
3649 3891 3753 3932 ex-

2098 3969 2359 4019 traneus.
2393 3962 2495 4017 Cui
2542 3979 2806 4035 unquam
2855 3963 3013 4037 genti
3045 3963 3319 4036 praestitit
3347 3964 3504 4020 Deus
3534 3963 3593 4018 in
3627 3970 3757 4020 tam

2099 4052 2256 4108 brevi
2289 4055 2550 4124 tempore
2582 4056 2663 4108 tot
2696 4050 2851 4109 bella
2896 4053 3286 4119 committere,
3318 4058 3406 4109 tot
3434 4053 3759 4110 acerrimos

2099 4140 2299 4197 hostes
2353 4157 2647 4213 superare,
2700 4144 2786 4197 tot
2842 4140 3047 4214 spoliis
3094 4140 3357 4215 gentium
3409 4142 3607 4210 ditari,
3665 4146 3761 4198 tot

2100 4229 2596 4303 triumphantium
2627 4228 2842 4303 palmis
2868 4230 3184 4305 insigniri?
3206 4232 3349 4287 Ecce
3389 4248 3545 4287 nunc
3582 4230 3761 4287 innu-

2103 4319 2411 4376 merabiles
2469 4319 2668 4375 hostes
2725 4318 3088 4392 subegimus,
3147 4336 3279 4376 ecce
3337 4337 3493 4376 nunc
3547 4337 3759 4377 eorum

2102 4407 2291 4482 spolia
2319 4409 2391 4464 ad
2420 4425 2524 4465 vos
2552 4406 2884 4464 attulimus.
2919 4408 3068 4475 Quid
3099 4414 3189 4465 est
3216 4409 3373 4481 quod
3420 4408 3505 4465 sic
3535 4409 3758 4466 difﬁdi-

2103 4515 2258 4564 mus,
2291 4514 2424 4553 cum
2457 4496 2542 4553 sic
2591 4497 2851 4570 quotidie
2898 4497 3249 4553 vincamus?
3278 4515 3393 4553 non
3442 4496 3610 4572 longe
3662 4504 3762 4556 est

340 4605 471 4644 rum
490 4604 666 4644 casus
690 4585 1361 4661 agnovit,fugientesque
1379 4584 1994 4657 circumspexit,timor
2025 4605 2073 4669 D
2104 4604 2138 4641 a
2165 4585 2352 4655 vobis,
2386 4585 2487 4659 qui
2535 4585 2620 4641 sic
2672 4591 2897 4660 pugnat
2943 4603 3047 4659 pro
3093 4587 3297 4655 vobis;
3331 4603 3482 4660 szepe
3512 4586 3759 4659 quidem

340 4678 399 4733 in
432 4676 566 4733 illos
607 4674 1168 4732 vehementissimus
1217 4673 1408 4741 irruit,
1442 4674 1823 4747 fugiendique
1864 4691 1996 4730 con-

334 4765 472 4822 tulit
501 4764 989 4823 societatem.Sed
1020 4763 1158 4837 quid
1192 4761 1349 4818 aliud
1381 4763 1563 4818 nostri
1599 4763 1991 4833 facerent,nisi

337 4859 404 4910 ut
434 4852 965 4927 persequerentur?
995 4852 1325 4917 Nam,sicut
1351 4850 1413 4906 in
1433 4850 1656 4924 vulgari
1692 4853 1992 4924 proverbio

338 4942 556 4998 dicitur
587 4958 601 4999 :
638 4965 666 4993 ‹‹
695 4940 756 4997 Si
788 4946 877 4998 est
906 4941 1006 5013 qui
1037 4939 1241 5013 fugiat,
1275 4956 1391 4995 non
1424 4939 1606 4995 deerit
1648 4940 1749 5013 qui
1797 4957 1993 5013 perse-

337 5035 584 5105 quatur;
617 5052 646 5082 ››
670 5032 799 5102 jam
847 5046 1054 5086 omnes
1110 5029 1295 5085 nostri
1345 5045 1445 5084 eos
1491 5029 1994 5101 persequebantur

339 5120 618 5194 quoniam
679 5119 780 5192 qui
830 5118 1054 5191 pedites
1102 5121 1400 5183 venerant,
1434 5134 1773 5175 ascensores
1812 5136 1991 5192 equo-

338 5224 472 5267 rum
504 5207 928 5266 el‘ﬁciebantur.
961 5207 1109 5273 Quid
1142 5206 1352 5280 plura?
1380 5207 1488 5273 Qui
1519 5208 1759 5264 evadere
1782 5209 1989 5282 potuit,

337 5298 509 5356 latus
534 5301 590 5353 ct
618 5295 825 5353 hilaris
873 5296 1014 5365 fuit;
1049 5295 1149 5369 qui
1198 5311 1333 5351 vero
1381 5294 1758 5369 interceptus,
1791 5297 1996 5354 miser-

340 5387 493 5445 rima
521 5403 661 5444 nece
689 5386 984 5442 occubuit.
1018 5387 1167 5452 Quot
1197 5385 1349 5442 asini
1389 5389 1449 5442 et
1477 5385 1706 5455 cameli,
1735 5391 1995 5459 quotque

335 5480 609 5551 jumenta
640 5476 953 5544 frumento,
986 5475 1140 5543 vino,
1176 5475 1516 5547 earterisque
1565 5474 1800 5532 cibariis
1847 5494 1994 5531 ouu-

341 5569 454 5634 sta,
487 5564 570 5622 ibi
627 5570 798 5639 capta
845 5568 1004 5635 sunt,
1036 5580 1165 5637 qua
1224 5563 1505 5620 esurienti
1563 5564 1840 5620 exercitui
1890 5564 1994 5622 Dei

342 5657 511 5732 grata
541 5655 748 5712 erant?
775 5656 1071 5723 Quantum
1101 5651 1407 5726 gaudium,
1441 5656 1497 5709 et
1526 5652 1771 5724 tripudii
1798 5653 1994 5710 exsul-

2104 4675 2306 4731 ﬁdeles
2337 4691 2478 4731 suos
2507 4677 2716 4742 tentat,
2747 4679 2812 4729 ut
2840 4679 3042 4731 utrum
3088 4673 3337 4748 diligant
3368 4675 3559 4748 ipsum
3592 4675 3762 4733 inno-

2101 4769 2303 4822 tescat.
2338 4765 2504 4820 Nunc
2558 4767 2746 4819 tentat
2800 4781 2903 4820 vos
2952 4780 3056 4836 per
3104 4764 3312 4836 inopia:
3346 4765 3665 4831 molestias,
3700 4770 3763 4822 et

2102 4871 2205 4927 per
2229 4853 2500 4909 assiduas
2519 4852 2957 4908 inimicantium
2974 4851 3138 4909 vobis
3166 4870 3493 4927 pressuras.
3517 4855 3682 4920 Quod
3706 4856 3761 4912 si

2100 4947 2295 4998 tantas
2328 4941 2669 4999 intulissent
2716 4942 2888 4998 nobis
2937 4941 3204 5014 injurias,
3236 4948 3490 5014 quantas
3541 4949 3599 4998 et
3648 4960 3762 5000 nos

2101 5031 2186 5087 eis
2216 5030 2642 5105 irrogavimus?
2672 5031 2722 5087 si
2755 5036 2841 5087 tot
2869 5031 2941 5087 de
2994 5030 3166 5087 nobis
3211 5031 3587 5103 occidissent,
3611 5039 3763 5105 quot

2101 5120 2172 5175 de
2204 5118 2320 5176 illis
2351 5136 2457 5175 nos
2487 5119 2953 5193 prostravimus?
2983 5119 3029 5175 si
3054 5119 3269 5192 aliquis
3297 5122 3371 5176 de
3395 5120 3564 5177 nobis
3586 5138 3762 5194 supe-

2104 5213 2307 5279 resset,
2332 5210 2470 5282 jure
2509 5208 2608 5266 ille
2637 5207 2915 5282 conqueri
2958 5209 3264 5281 potuisset.
3297 5209 3409 5266 Sed
3462 5227 3566 5283 pro
3596 5216 3759 5267 certo

2103 5298 2202 5370 qui
2234 5305 2625 5371 conqueretur
2654 5296 2857 5354 nullus
2897 5302 3074 5363 esset,
3106 5298 3387 5371 quoniam
3435 5316 3607 5355 nemo
3656 5317 3761 5356 su-

2102 5390 2326 5459 perstes
2354 5387 2754 5444 remansisset.
2790 5386 3102 5460 Propterea
3130 5387 3310 5444 nolite
3339 5388 3625 5457 difﬁdere,
3654 5390 3758 5446 sed

2102 5479 2284 5532 estote
2303 5475 2407 5531 viri
2433 5476 2964 5548 cordati,quoniam
2990 5475 3037 5531 si
3060 5475 3120 5531 in
3143 5476 3273 5549 ipso
3293 5476 3505 5545 vivitis,
3526 5482 3630 5533 aut
3651 5495 3759 5551 pro

2101 5564 2230 5638 ipso
2261 5565 2584 5632 morimini,
2617 5565 2760 5622 estis
2791 5563 2968 5621 beati.
3006 5588 3033 5615 ι»
3066 5565 3170 5622 His
3209 5570 3268 5623 et
3315 5565 3536 5623 talibus
3581 5567 3763 5624 dictis

2101 5653 2333 5711 animos
2363 5670 2568 5711 eorum
2600 5658 2930 5723 enervatus,
2964 5655 3237 5713 robustos
3285 5655 3559 5725 reddidit,
3589 5660 3649 5713 et
3698 5656 3761 5712 in
