3994 6082
238 245 348 306 701

240 470 421 543 nique
451 470 659 528 diebus
695 471 942 529 evolutis
988 472 1178 530 hiems
1227 491 1435 546 aspera
1480 472 1791 539 inhorruit,
1827 476 1883 529 et

238 559 299 614 in
328 561 538 617 castris
567 563 832 618 ciborum
863 564 1228 619 abundantia
1257 563 1598 619 evanuit.llli
1624 562 1725 635 qui
1754 579 1885 617 ven-

239 648 376 705 dere
408 651 569 706 cibos
600 651 886 720 solebant,
923 652 1153 709 nivibus
1184 656 1240 709 et
1288 652 1471 726 glacie
1518 653 1884 726 prohibente,

238 739 583 797 nullatenus
613 741 805 797 venire
833 742 1121 799 valebant.
1157 742 1435 799 Cursores
1463 744 1754 798 exercitus
1784 742 1885 815 qui

239 846 432 902 usque
462 831 534 885 ad
564 835 778 887 terram
803 832 1257 888 Sarracenorum
1291 831 1886 902 transcurrebant,ni-

239 918 325 974 hil
356 937 598 992 prorsus
630 919 1024 989 inveniebant,
1055 921 1196 993 quia
1239 938 1443 977 omnes
1472 922 1543 977 de
1572 926 1692 977 toto
1723 925 1887 976 terrae

238 1007 404 1065 illius
433 1009 704 1077 confinio,
737 1014 840 1066 aut
868 1009 1039 1084 longe
1074 1011 1470 1083 fugerant,aut
1488 1011 1545 1066 in
1571 1010 1886 1084 speluncis,

243 1102 349 1153 aut
380 1098 440 1154 in
469 1099 732 1155 cavernis
762 1104 1060 1172 petrarum
1094 1099 1465 1156 delituerant.
1491 1100 1751 1173 Cumque
1780 1101 1889 1155 Ar-

242 1188 423 1243 menii
457 1192 515 1244 et
544 1188 755 1245 Surani
787 1189 1070 1245 vidissent
1092 1189 1150 1244 in
1174 1194 1334 1245 tanto
1357 1190 1696 1246 discrimine
1720 1189 1890 1246 famis

241 1282 479 1333 nostros
507 1294 636 1333 esse
670 1278 912 1351 positos,
946 1296 1049 1351 per
1096 1283 1231 1334 nota
1277 1278 1405 1335 loca
1450 1279 1888 1353 gradiebantur,

237 1366 489 1423 sollicite
536 1366 922 1439 inquirentes,
957 1369 1004 1425 si
1034 1369 1197 1442 quid
1250 1369 1595 1435 invenirent,
1631 1370 1783 1442 quod
1817 1368 1890 1423 ad

240 1463 477 1514 nostros
507 1457 712 1513 afferre
759 1456 1036 1513 valerent.
1069 1459 1180 1514 Sed
1233 1459 1384 1532 apud
1439 1463 1631 1515 tantos
1679 1475 1890 1532 parum

240 1553 389 1615 erat,
423 1564 529 1603 nec
582 1550 756 1603 tanta:
814 1546 1177 1603 multitudini
1232 1550 1600 1622 suppetebat,
1650 1552 1705 1605 et
1763 1548 1890 1603 ideo

239 1637 607 1693 vendebatur
636 1635 957 1693 asinarium
988 1654 1138 1693 onus
1169 1637 1442 1693 frumenti
1466 1641 1685 1710 septem
1713 1637 1891 1693 libra-

1004 248 1338 310 ROBERTI
1387 245 1738 309 MONACHI
1785 243 1983 307 HlS'l‘.
2032 245 2443 308 HIEBOSOL.
2489 245 2735 308 --LIB.
2782 246 2884 308 IV.

237 378 604 439 effeminatus
634 382 862 440 mentes
892 379 1230 440 virilitatem
1260 379 1753 457 induxitrPaucis
1786 379 1887 437 de-
1921 379 1976 447 Α

3525 248 3643 313 702

2642 379 2873 439 CAPUT
2914 379 3006 440 IV.

2065 470 2225 526 Hanc
2254 464 2453 543 itaque
2483 470 2658 529 famis
2690 472 3164 545 asperitatem,ut
3190 490 3329 530 suos
3352 474 3645 548 probaret,
3742 540 3749 544 ,

1993 561 2219 616 evenire
2251 560 2519 632 permisit
2558 562 2731 625 Deus,
2766 566 2825 617 et
2871 567 2936 617 ut
2984 566 3169 618 terror
3216 564 3343 635 ejus
3391 564 3554 621 ﬁeret
3584 566 3644 622 in

1996 650 2284 706 universis
2307 650 2817 706 nationibus.Nal'i
2840 655 2896 707 et
2918 668 3056 707 suos
3078 653 3642 725 premebatjejunio,

1995 741 2053 792 et
2094 736 2316 791 vicinas
2365 737 2630 793 nationes
2677 755 2878 792 eorum
2930 738 3378 796 disterminabat
3429 741 3644 814 gladio.

1997 826 2291 882 Cadebant
2340 826 2499 881 mille
2530 843 2563 881 a
2595 826 2771 883 latere
2821 828 3018 893 unius,
3052 832 3110 884 et
3156 830 3353 886 decem
3403 830 3587 887 millia
3615 849 3649 888 a

1998 914 2215 971 dextris
2264 914 2523 971 alterius.
2568 917 2638 971 Et
2686 917 2812 972 ideo
2860 935 3164 991 nunquam
3219 924 3308 975 est
3337 937 3370 975 a
3401 921 3647 977 Domino

1998 1004 2098 1060 tali
2130 1005 2583 1077 desperandum,
2618 1006 2758 1079 quia
2785 1024 3145 1081 quascunque
3194 1009 3333 1082 agit,
3365 1010 3647 1082 diligenti-

2002 1096 2098 1149 bus
2126 1112 2182 1150 se
2210 1103 2569 1166 cooperantur
2607 1097 2668 1150 in
2718 1096 2918 1152 bonum
2944 1098 3116 1165 (Rom.
3150 1116 3268 1166 vm,
3304 1102 3417 1168 28).
3452 1101 3533 1156 Ne
3565 1100 3647 1156 illi

1998 1182 2416 1239 insolescerent
2446 1190 2529 1239 tot
2558 1184 2813 1240 victoriis
2847 1185 3528 1261 bellorum,opprimebat
3548 1206 3647 1247 eos

1999 1274 2156 1348 gravi
2187 1274 2383 1330 inedia
2403 1274 2788 1346 jejuniorum.
2823 1278 2886 1331 In
2928 1281 3047 1333 toto
3096 1296 3349 1351 namque
3393 1280 3645 1337 exercitu

2001 1364 2160 1420 mille
2192 1363 2325 1437 equi
2360 1364 2603 1420 inveniri
2651 1383 2765 1421 non
2819 1371 3107 1439 poterant,
3141 1369 3212 1423 ad
3262 1370 3647 1442 pugnandum

2000 1454 2213 1522 idonei,
2250 1458 2312 1509 ut
2343 1471 2446 1527 per
2473 1454 2583 1510 hoc
2632 1454 3017 1512 innotesceret
3045 1457 3337 1529 quoniam
3385 1457 3443 1513 in
3487 1459 3649 1514 forti-

2000 1543 2206 1599 tudine
2230 1544 2363 1617 equi
2397 1562 2509 1599 non
2545 1544 2826 1601 haberent
2857 1546 3169 1615 fiduciam;
3205 1547 3305 1602 sed
3338 1547 3397 1603 in
3429 1564 3513 1615 se,
3546 1565 3651 1620 per

2000 1650 2196 1705 quem,
2232 1639 2287 1689 et
2319 1635 2611 1705 quomodo
2641 1634 2884 1703 volebat,
2919 1640 2976 1691 et
3007 1637 3241 1709 quando
3270 1637 3515 1705 volebat,
3548 1655 3649 1694 su-

240 1743 375 1782 rum
412 1726 616 1799 pretio,
649 1743 821 1782 ovum
855 1727 1162 1782 duodecim
1195 1727 1483 1795 denariis;
1518 1733 1574 1783 et
1604 1746 1721 1784 una
1750 1746 1888 1784 nux.
1925 1753 1972 1819 B
2002 1725 2303 1797 perabant.
2338 1726 2471 1780 Erat
2501 1724 2739 1797 quidam
2789 1724 2959 1781 miles
3007 1725 3065 1781 in
3120 1727 3372 1783 exercitu
3420 1728 3645 1795 eodem,

243 1833 363 1873 uno
389 1816 523 1888 (43).
560 1816 633 1872 Ut
680 1815 822 1890 quid
881 1816 1152 1872 universa
1210 1834 1570 1890 percurram,
1605 1835 1737 1873 cum
1798 1834 1892 1874 ca-

244 1924 376 1963 rum
412 1905 589 1962 nimis
619 1907 979 1963 vendebatur
1008 1906 1293 1979 quidquid
1325 1907 1497 1964 vilius
1528 1908 1890 1974 habebatur;

244 2001 487 2070 propter
516 1996 670 2069 quod
704 1995 875 2051 multi
910 1996 1059 2051 fame
1103 1996 1183 2051 ibi
1234 1996 1554 2069 perierunt,
1589 1998 1688 2071 qui
1739 1998 1894 2053 unde

246 2085 472 2158 aliquid
504 2089 907 2159 emerent,non
939 2084 1290 2142 habuerunt.
1316 2087 1497 2159 Cmpit
1525 2087 1724 2160 itaque
1757 2086 1894 2142 oriri

244 2174 402 2229 inter
431 2192 530 2230 eos
552 2191 769 2247 magna
790 2174 1184 2231 inconstantia
1204 2176 1781 2244 animorum,mentis
1804 2178 1897 2232 de-

244 2264 457 2328 fectus,
491 2267 547 2318 et
570 2262 747 2319 totius
779 2263 941 2319 bona:
974 2264 1097 2337 spei
1130 2265 1476 2322 diffidentia.
1512 2267 1579 2321 Et
1611 2265 1746 2338 quid
1786 2265 1895 2320 mi-

244 2368 379 2407 rum
413 2352 462 2407 si
495 2369 842 2424 pauperum,
877 2353 924 2409 si
958 2353 1342 2410 imbecillium
1374 2356 1553 2411 animi
1586 2356 1892 2426 nutabant,

245 2458 382 2497 cum
417 2440 502 2496 illi
534 2440 631 2514 qui
662 2441 1008 2498 videbantur
1036 2444 1204 2515 quasi
1238 2443 1522 2500 columna:
1564 2462 1711 2508 esse,
1748 2446 1896 2500 defi-

245 2531 482 2588 ciebant
509 2530 793 2587 omnino?
826 2534 1025 2588 Petrus
1066 2533 1223 2589 enim
1272 2534 1545 2600 Eremita,
1580 2540 1637 2590 et
1665 2534 1897 2591 Willel-

248 2638 385 2676 mus
415 2620 747 2693 Carpentari
760 2638 825 2676 us
858 2626 1142 2678 nocturno
1173 2622 1375 2695 clapsu
1407 2623 1462 2678 in
1498 2624 1695 2697 fugam
1746 2624 1895 2682 versi

248 2713 477 2776 sunt,et
497 2726 708 2765 asacra
728 2709 991 2766 fidelium
1018 2711 1111 2767 Dei
1138 2711 1409 2768 societate
1437 2712 1713 2786 disjuncti
1736 2719 1893 2770 sunt.

246 2799 329 2855 De
362 2798 660 2855 Willelmo
688 2816 822 2855 vero
852 2801 952 2872 qui
989 2800 1181 2869 fuerit,
1215 2801 1795 2875 dicamus,quoniam
1828 2804 1899 2859 de

246 2888 417 2945 Petro
450 2889 721 2962 superius
760 2889 1117 2947 mentionem
1167 2892 1433 2949 fecimus.
1466 2893 1797 2950 Willelmus
1828 2895 1899 2950 de

249 2978 428 3051 regali
465 2978 738 3052 prosapia
768 2984 929 3035 ortus
961 2980 1090 3048 fuit,
1126 2986 1182 3037 et
1219 2981 1540 3039 vicecomes
1588 2984 1897 3053 cujusdam

248 3069 392 3141 regii
426 3068 669 3135 castelli,
702 3070 856 3141 quod
891 3069 1245 3127 Milidunum
1285 3072 1520 3139 dicitur,
1555 3071 1694 3128 olim
1721 3073 1898 3129 exsti-

247 3155 317 3211 tit
345 3172 360 3210 :
385 3155 486 3228 qui
514 3155 643 3211 ideo
673 3155 1087 3228 Carpentarius
1111 3160 1285 3232 ccepit
1314 3159 1737 3233 cognominari,
1761 3160 1901 3233 quia

245 3243 306 3299 in
352 3244 504 3300 bello
556 3244 756 3301 nullus
805 3246 1036 3302 valebat
1066 3247 1118 3303 ei
1166 3250 1481 3306 occursari.
1513 3249 1684 3306 Nulla
1742 3249 1899 3306 enim

245 3332 430 3388 lorica
454 3338 596 3399 erat,
629 3334 793 3407 galea
820 3334 906 3391 vel
939 3334 1197 3408 clypeus,
1227 3338 1325 3408 qui
1360 3339 1539 3395 duros
1580 3339 1793 3394 lancea:
1824 3338 1896 3394 il-

248 3422 366 3478 lius
395 3423 516 3479 sive
547 3425 847 3481 mucronis
890 3426 1206 3482 sustineret
1252 3428 1425 3484 ictus.
1465 3429 1624 3483 Unde
1680 3429 1898 3484 miran-

248 3512 480 3579 dum,et
506 3529 640 3567 cum
671 3512 1056 3570 admiratione
1087 3514 1589 3588 dolendum,quod
1628 3518 1687 3572 in
1720 3517 1898 3573 talem

249 3617 314 3656 ac
348 3604 579 3656 tantum
607 3601 797 3657 virum
829 3606 991 3659 tanta
1038 3604 1254 3659 mentis
1300 3605 1593 3661 hebetudo
1646 3607 1899 3663 incesse-

246 3689 344 3757 rit,
380 3690 535 3761 quod
568 3693 687 3745 tam
720 3690 968 3762 turpiter
997 3709 1030 3748 a
1060 3693 1270 3749 castris
1299 3694 1554 3750 virorum
1578 3694 1899 3751 illustrium

248 3778 574 3834 recesserit.
606 3778 716 3833 Sed
749 3779 858 3835 hoc
890 3798 1004 3835 non
1036 3785 1191 3837 metu
1227 3782 1580 3854 praeliorum,
1612 3788 1679 3839 ut
1708 3801 1902 3855 spera-

248 3883 403 3933 mus,
439 3866 690 3935 fecerat;
728 3868 827 3923 sed
851 3874 1075 3925 tantam
1102 3870 1275 3926 famis
1301 3870 1579 3943 injuriam
1606 3874 1725 3945 pati
1749 3890 1901 3929 nun-

250 3972 431 4028 quam
464 3955 934 4023 didicerat.Quod
969 3958 1116 4031 fugae
1140 3960 1453 4016 discidium
1477 3966 1542 4016 ut
1563 3963 1901 4018 Tancredus

249 4044 423 4100 miles
453 4044 622 4100 fortis
652 4050 710 4101 et
739 4044 966 4117 integer
996 4048 1194 4104 animo
1216 4048 1505 4120 cognovit,
1528 4050 1903 4106 vehementer

246 4133 588 4202 condolens,
619 4133 921 4191 insecutus
970 4140 1062 4192 est
1102 4136 1234 4193 illos
1263 4142 1320 4193 et
1349 4138 1810 4210 comprehendit,
1845 4143 1903 4195 et

246 4238 383 4277 cum
414 4221 695 4278 dedecore
727 4223 934 4279 reverti
966 4226 1238 4298 coegit,et
1255 4226 1325 4281 ad
1350 4227 1591 4282 domum
1616 4228 1902 4284 Boamun-

245 4312 305 4366 di
336 4310 599 4366 adduxit.
633 4312 756 4367 Non
804 4312 1120 4369 dicendum
1170 4318 1260 4370 est
1297 4316 1345 4370 si
1382 4333 1591 4387 passus
1624 4322 1713 4372 est
1741 4334 1899 4373 vere-

245 4399 655 4471 cundiam,qui
691 4400 850 4457 nullo
885 4402 1123 4474 fugante
1151 4403 1364 4459 inierat
1388 4405 1902 4477 fugam.Dolebant

2004 1814 2241 1871 nomine
2272 1815 2537 1888 Tetigus,
2572 1814 2734 1871 dives
2765 1816 2919 1887 apud
2953 1832 3113 1884 suos,
3144 1821 3202 1872 et
3248 1817 3650 1875 nominatissi-

2004 1905 2225 1973 mus,in
2259 1905 2553 1962 Romaniae
2582 1905 2850 1978 partibus
2879 1906 3025 1961 bene
3055 1910 3250 1973 notus,
3271 1906 3507 1979 palliato
3538 1925 3651 1964 nu-

2001 1995 2269 2068 gacitatis
2302 1994 2557 2068 tegmine
2585 1994 2829 2051 velatus.
2863 1994 2966 2050 Hic
3004 1995 3163 2052 venit
3209 1997 3281 2052 ad
3333 1997 3646 2071 principes,

2002 2091 2058 2142 et
2087 2085 2165 2141 ait
2196 2084 2313 2142 illis
2346 2103 2358 2141 :
2396 2108 2422 2134 υ
2461 2085 2525 2142 Ut
2552 2085 2692 2157 quid
2734 2084 2829 2140 hic
2876 2084 2956 2141 ita
3004 2086 3433 2158 torpescimus?
3463 2093 3649 2154 Quare

2003 2193 2130 2248 quze
2153 2175 2322 2231 nobis
2349 2178 2487 2230 sunt
2508 2174 2811 2246 profutura
2832 2192 2945 2230 non
2970 2175 3289 2247 quaerimus
3304 2176 3331 2231 ?
3346 2176 3403 2232 Si
3429 2176 3650 2234 bonum

2002 2265 2166 2321 vobis
2215 2266 2461 2329 videtur,
2495 2282 2599 2335 ego
2633 2263 2690 2319 in
2724 2264 3015 2335 regionem
3050 2263 3345 2320 Romanim
3387 2282 3647 2338 pergam,

2004 2359 2059 2409 et
2081 2354 2215 2410 inde
2237 2355 2295 2409 in
2316 2353 2588 2409 ﬁdelitate
2608 2352 2978 2425 imperatoris
3001 2353 3302 2425 copiosum
3326 2358 3649 2411 mercatum

2003 2444 2291 2499 adducam
2319 2461 2331 2511 ;
2366 2458 2541 2498 naves
2571 2446 2813 2498 onustas
2842 2442 3118 2498 omnibus
3148 2442 3343 2510 rebus,
3360 2443 3652 2500 frumento

2004 2532 2156 2599 vino,
2192 2532 2339 2598 oleo,
2373 2532 2611 2601 hordeo,
2647 2548 2841 2599 carne,
2874 2530 3081 2600 farina,
3115 2532 3324 2599 caseis,
3358 2548 3463 2604 per
3491 2547 3653 2589 mare

2007 2621 2217 2678 adduci
2251 2621 2481 2687 faciam,
2516 2625 2571 2677 et
2601 2637 2804 2693 equos,
2838 2620 3051 2687 mulos,
3085 2620 3394 2693 mulasque
3425 2638 3526 2695 per
3545 2624 3655 2678 ter-

2006 2728 2152 2766 ram.
2185 2712 2255 2767 Et
2286 2728 2357 2766 ne
2388 2710 2567 2766 ullam
2600 2710 2670 2767 de
2692 2726 2785 2765 me
2805 2726 2970 2783 spem
3001 2709 3338 2766 diffidentia:
3363 2710 3650 2779 habeatis,

2008 2800 2331 2873 papiliones
2361 2817 2523 2856 meos
2547 2804 2605 2855 et
2634 2800 2833 2856 omnia
2863 2800 3016 2855 bona
3045 2816 3175 2855 mea
3223 2798 3649 2873 derelinquam,

2006 2890 2115 2945 hoc
2146 2889 2338 2946 solum
2369 2894 2604 2962 excepto
2635 2889 2786 2962 qued
2819 2905 3050 2945 mecum
3082 2888 3360 2944 feram.Et
3390 2889 3437 2944 si
3463 2889 3653 2946 adhuc

2007 2978 2149 3034 mihi
2182 2978 2725 3049 decreditisjurabo
2754 2978 2907 3051 quod
2941 2977 3115 3034 citius
3149 2977 3219 3033 ad
3253 2994 3354 3033 vos
3384 2978 3652 3034 redibo.»

2006 3068 2304 3140 Principes
2333 3068 2714 3124 mendacibus
2743 3066 2934 3123 verbis
2962 3066 3122 3122 illius
3151 3066 3652 3134 crediderunt,sed

2008 3161 2064 3213 et
2093 3162 2525 3213 sacramentum
2558 3160 2920 3229 receperunt.
2955 3156 3083 3230 Ipse
3114 3161 3309 3212 autem
3334 3173 3438 3213 nec
3460 3173 3654 3213 sacra-

2008 3252 2272 3302 mentum
2306 3246 2513 3311 tenuit,
2545 3262 2650 3302 nec
2682 3246 2988 3301 verborum
3025 3243 3399 3316 sponsionem
3446 3244 3654 3318 imple-

2009 3337 2232 3392 vit.Hoc
2264 3335 2390 3391 ideo
2421 3336 2492 3391 de
2522 3335 2616 3390 his
2640 3335 2869 3391 duobus
2892 3332 3180 3390 militibus
3201 3334 3480 3399 refero,ut
3500 3334 3660 3407 quis-

2009 3442 2119 3498 que
2152 3424 2432 3497 percipiat
2462 3428 2682 3496 quanta
2712 3427 2941 3495 egestas
2972 3421 3033 3477 in
3066 3422 3275 3478 castris
3306 3422 3500 3490 fuerit,
3525 3439 3654 3495 qua:

2008 3514 2184 3571 etiam
2214 3514 2412 3586 fugere
2443 3513 2649 3589 divites
2680 3518 2737 3567 et
2758 3514 3058 3585 perjurare
3077 3510 3655 3584 compellebat.Cum-

2008 3619 2122 3675 que
2145 3603 2271 3673 jam
2304 3601 2387 3657 sic
2417 3604 2865 3667 arctarentur,et
2882 3598 3076 3655 omnis
3096 3599 3357 3656 humana
3377 3616 3511 3672 spes
3529 3616 3654 3655 om-

2009 3691 2147 3747 nino
2179 3691 2470 3757 defieeret,
2505 3690 2759 3762 plurima
2808 3706 2940 3762 pars
2982 3688 3268 3746 exercitus
3298 3692 3450 3744 retro
3478 3687 3654 3745 eundi

2008 3779 2302 3836 licentiam
2327 3797 2360 3835 a
2383 3778 2746 3851 principibus
2768 3778 3145 3851 petierunt,et
3166 3778 3273 3851 ipsi
3299 3776 3656 3833 unanimiter

2010 3870 2212 3925 flentes
2243 3869 2327 3924 eis
2359 3872 2794 3924 concesserunt.
2831 3868 2904 3924 Ut
2934 3867 3072 3941 quid
3106 3868 3261 3923 enim
3315 3867 3652 3933 retinerent,

2010 3976 2157 4031 quos
2216 3957 2502 4013 consolari
2554 3974 2670 4013 non
2730 3957 3040 4039 poterant?
3069 3956 3217 4012 Dum
3269 3956 3354 4012 sic
3403 3954 3655 4010 invalide

2009 4047 2292 4103 desolatio
2323 4045 2638 4119 pullularet
2669 4045 2728 4101 in
2760 4045 2989 4113 castris,
3023 4049 3079 4101 et
3111 4044 3310 4101 nullus
3340 4044 3526 4101 ullum
3557 4043 3657 4099 ha-

2009 4137 2170 4193 beret
2198 4135 2838 4202 consilium,miseratio
2869 4134 3065 4191 divina
3102 4134 3345 4191 solitum
3395 4134 3480 4191 eis
3509 4150 3655 4207 prte-

2011 4225 2157 4282 stitit
2187 4224 2491 4281 auxilium.
2525 4223 2708 4280 Aﬂ'uit
2756 4224 3000 4280 nuntius
3030 4223 3129 4297 qui
3162 4224 3472 4280 innumera
3501 4224 3655 4278 Tur-

2009 4332 2211 4371 eorum
2244 4314 2546 4387 agminum
2591 4313 2778 4369 millia
2822 4329 2999 4386 prope
3029 4313 3234 4369 adesse
3261 4311 3478 4379 retulit,
3507 4317 3564 4367 et
3593 4311 3653 4366 in

2010 4408 2201 4461 castro
2232 4403 2317 4459 eis
2347 4401 2634 4475 proximo.
2668 4402 2904 4459 nomine
2932 4401 3309 4474 Arech,quod
3331 4417 3509 4472 supra
3540 4416 3657 4456 me—

247 4486 487 4560 plurimi
513 4488 613 4558 qui
637 4505 771 4544 eum
795 4494 1186 4561 agnoverant;
1211 4492 1681 4548 convitiabantur
1701 4510 1904 4550 omnes
1932 4496 1981 4562 D
2015 4492 2391 4559 moravimus,
2426 4490 2525 4546 illa
2558 4495 2721 4547 nocte
2751 4489 3052 4564 aggregari
3084 4490 3353 4546 asseruit.
3388 4489 3496 4558 Qui
3526 4488 3655 4545 ideo

245 4575 347 4647 qui
398 4575 596 4646 qualis
643 4576 944 4633 exstiterat
983 4577 1350 4651 ignorabant.
1386 4580 1648 4637 Tandem
1695 4582 1896 4638 multis

243 4663 557 4720 lacessitus
586 4664 843 4736 injuriis,
876 4685 980 4740 pro
1014 4668 1335 4724 reverentia
1365 4670 1626 4742 Hugonis
1676 4671 1892 4742 Magni,

244 4754 420 4823 cujus
448 4755 924 4828 consanguineus
952 4762 1160 4821 erat,et
1189 4758 1327 4830 quia
1350 4759 1476 4829 jam
1509 4777 1642 4815 cum
1671 4760 1895 4832 ipsisin

246 4844 551 4899 retroactis
581 4846 1003 4902 certaminibus
1034 4846 1277 4903 honeste
1307 4854 1895 4921 pugnaverat,pacem

245 4930 522 4997 obtinuit,
557 4933 657 4988 sed
693 4951 993 5006 nunquam
1029 4953 1090 4991 se
1119 4934 1375 5008 amplius
1398 4938 1477 4993 ita
1496 4937 1896 4995 discessurum

246 5036 444 5076 coram
476 5022 753 5077 omnibus
776 5024 1018 5093 juravit.
1050 5025 1163 5079 Sed
1194 5031 1390 5081 tamen
1423 5027 1525 5082 diu
1564 5044 1896 5083 sacramen-

246 5114 373 5164 tum
422 5126 540 5165 non
589 5111 926 5179 custodivit,
959 5111 1097 5184 quia
1135 5114 1486 5185 quantocius
1520 5115 1711 5187 potuit
1744 5116 1897 5172 clam

244 5196 539 5254 discessit.

2005 4582 2255 4638 latenter
2274 4585 2329 4636 et
2344 4580 2403 4636 in
2424 4596 2636 4652 magno
2660 4578 2889 4635 silentio
2911 4577 3313 4647 veniebant,ut
3336 4578 3657 4652 imparatos

2005 4672 2064 4727 in
2095 4670 2301 4727 castris
2333 4669 2677 4726 invenirent.
2713 4672 2832 4725 Hoc
2864 4667 3086 4723 dictum
3113 4668 3340 4726 cunctis
3380 4667 3653 4736 innotuit,

2005 4765 2061 4816 et
2092 4776 2239 4831 quos
2272 4776 2480 4815 somno
2513 4756 2759 4830 pigritiae
2791 4759 3091 4828 torpentes
3122 4754 3657 4824 invenit,excitatos

2005 4847 2277 4905 reddidit.
2313 4846 2461 4903 Salit
2490 4853 2547 4902 et
2576 4842 2994 4917 tripudiat,qui
3022 4848 3194 4901 antea
3224 4842 3525 4900 ambulare
3554 4859 3657 4899 ne-

2006 4938 2228 5011 quibat.
2263 4935 2487 4993 Revixit
2532 4934 2774 5008 spiritus
2816 4933 3075 5003 illorum,
3105 4950 3253 5007 quos
3284 4931 3536 5006 sopierat
3568 4934 3656 4988 in-

2007 5026 2264 5101 digentia
2295 5024 2808 5081 ciborum.Er~eetis
2837 5022 2896 5078 in
2930 5022 3139 5079 cmlum
3165 5022 3439 5079 manibus
3469 5023 3656 5079 Deum

2007 5115 2331 5187 laudant,et
2362 5113 2528 5188 quasi
2548 5116 2673 5186 jam
2697 5111 3243 5180 vicerint,manibus
3265 5110 3653 5186 applaudunt.

2006 5204 2299 5261 Malebant
2328 5203 2483 5260 enim
2514 5203 2755 5260 honeste
2788 5202 2844 5257 in
2876 5200 3026 5259 bello
3067 5201 3215 5258 mori
3264 5219 3442 5275 quam
3490 5217 3656 5258 esca-

1363 5407 1671 5465 NOTUL/E
1711 5410 2178 5468 MARGINALES
2221 5412 2339 5467 MS.
2380 5410 2540 5476 COD,

239 5558 356 5632 (43)
388 5559 517 5615 1Nux
545 5563 670 5614 erat
698 5558 757 5614 in
788 5560 993 5632 pretio,
1017 5577 1151 5616 cum
1184 5578 1427 5617 nummo
1457 5562 1727 5619 venditur
1753 5581 1890 5621 uno.

2005 5564 2107 5620 Hic
2132 5563 2307 5620 nimis
2334 5567 2508 5635 atque
2532 5580 2912 5631 novum,cum
2934 5561 3025 5620 bis
3046 5578 3145 5620 sex
3165 5559 3437 5617 venditur
3456 5576 3654 5621 ovum.
