3996 6096
392 344 509 407 7J7

909 345 1014 406 AD
1061 343 1577 407 GODEFRIDUM
1621 345 1954 404 APPEND.
2001 343 2077 403 Il.
2114 377 2186 386 —
2219 341 2531 403 MONUM.
2580 343 2681 403 DE
2726 342 2974 402 BELLO
3019 342 3294 403 SACRO.

3678 341 3802 402 708

394 492 559 533 mum
592 478 1004 550 praeceptorem
1024 492 1197 533 suum
1219 475 1279 532 in
1302 474 1585 532 auxilium
1611 474 1699 531 sui
1738 477 2041 548 coeperunt
2149 492 2296 548 quos
2348 473 2617 530 Christus
2666 490 2768 547 per
2824 491 2962 531 suos
3015 473 3230 531 milites
3280 473 3465 531 voluit
3521 473 3801 531 extermi—

390 565 679 624 invocare.
713 566 827 624 Sed
870 565 1214 624 Machomus
1264 583 1379 621 non
1438 564 1630 637 potuit
1685 569 2035 631 restaurare,

2148 581 2307 620 nare.

1614 688 1947 745 EXPLICIT
1986 689 2201 745 LIBER
2240 689 2575 756 QUARTUS

1412 877 1829 967 INCIPI'I‘
1892 878 2201 963 uasa
2260 877 2777 992 Ql’lN'l‘US

925 1054 1153 1111 CAPUT
1193 1054 1502 1110 PRIMUM.

2063 1055 2113 1121 Α
2145 1052 2205 1108 in
2236 1053 2537 1110 communi
2571 1052 2799 1110 edicite.
2834 1076 2863 1103 »
2894 1054 2980 1110 Ad
3001 1053 3125 1109 haec
3146 1052 3477 1109 communis
3500 1052 3800 1109 sententia

456 1148 717 1218 Cumque
746 1143 868 1199 haec
893 1144 1096 1199 crebro
1137 1142 1609 1200 vicissitudinum
1656 1143 2037 1198 actitarentur
2143 1143 2478 1216 principum
2506 1142 2824 1215 respondit,
2858 1143 3096 1199 dicens:
3130 1166 3158 1193 ‹‹
3205 1141 3361 1199 Nulli
3394 1141 3646 1216 sapienti
3677 1141 3792 1198 mi-

386 1234 666 1309 impulsu,
701 1231 1095 1306 praaambulus
1124 1232 1367 1305 quidam
1403 1232 1760 1305 advenit,qui
1794 1232 2033 1287 nuntios

386 1323 668 1398 principis
698 1321 1027 1396 Babylonia:
1045 1322 1103 1376 in
1128 1322 1449 1377 crastinum
1473 1321 2033 1394 praeconabaturad-

383 1411 598 1477 venire,
632 1415 690 1467 et
718 1428 753 1467 a
782 1410 1147 1484 principibus
1169 1415 1497 1466 castrorum
1523 1411 1795 1466 fiduciam
1826 1409 2033 1483 quaerit

382 1501 657 1558 veniendt
686 1516 908 1555 secure.
943 1499 1051 1566 Qui
1096 1499 1346 1555 libenter
1401 1505 1693 1567 annuunt,
1724 1516 1904 1571 seque
1933 1515 2031 1553 eo-

384 1607 514 1647 rum
548 1588 902 1662 susceptioni
932 1588 1274 1644 solemniter
1306 1589 1721 1661 praemuniunt.
1756 1588 2031 1644 Tentoria

381 1680 558 1737 variis
588 1683 1068 1735 ornamentorum
1101 1678 1414 1751 generibus
1443 1681 2027 1745 venustantur;terrze

382 1768 578 1825 inﬁxis
608 1767 855 1824 sudibus
889 1771 1057 1822 scuta
1085 1768 1706 1840 apponuntur,quibus
1728 1766 1786 1822 in
1819 1764 2028 1821 crusti-

380 1875 524 1915 num
555 1857 857 1924 Quintanae
888 1855 1085 1921 ludus,
1117 1855 1339 1912 scilicet
1389 1857 1700 1929 equestris,
1735 1870 2026 1910 exercere-

340 1953 495 2004 Itur.
525 1946 699 2017 Aleae,
731 1943 907 2011 scaci,
937 1944 1161 2001 veloces
1212 1962 1421 2001 cursus
1464 1962 1747 2017 equorum
1784 1943 1944 2000 ﬂexis
1964 1943 2025 1998 in

379 2054 588 2111 gvrum
622 2035 801 2091 frenis
834 2051 949 2090 non
990 2035 1323 2102 defuerunt,
1355 2040 1412 2090 et
1442 2034 1724 2090 militares
1746 2034 2023 2105 impetus,

379 2127 803 2196 hastarumque
832 2123 1185 2179 vibrationes
1206 2123 1265 2179 in
1293 2123 1641 2178 alterutrum
1664 2122 1742 2177 ibi
1776 2122 2028 2177 celebra-

376 2220 449 2270 ta:
480 2218 639 2269 sunt.
688 2213 750 2268 In
809 2213 1025 2284 quibus
1081 2213 1311 2268 actibus
1365 2212 1823 2275 monstrabatur,
1867 2212 2023 2282 quod

378 2301 541 2360 nullo
573 2317 780 2374 pavore
834 2300 1223 2373 trepidabant,
1275 2301 1378 2372 qui
1425 2300 1561 2357 talia
1610 2300 2022 2372 operabantur.

2143 1232 2393 1287 randum
2427 1236 2533 1300 est,
2567 1231 2619 1288 si
2647 1232 2720 1288 ad
2754 1231 2985 1288 Domini
3043 1232 3229 1289 nostri
3273 1231 3611 1304 sepulcrum
3652 1247 3791 1287 cum

2141 1319 2323 1376 armis
2346 1320 2633 1387 venimus,
2668 1327 3018 1394 gentemque
3038 1326 3289 1378 vestram
3312 1321 3385 1377 ab
3416 1319 3547 1377 istis
3568 1320 3794 1377 finibus

2139 1408 2824 1482 eliminamus,quoniam
2847 1410 3185 1483 quicunque
3215 1410 3287 1465 de
3309 1409 3525 1465 nostris
3546 1409 3663 1466 huc
3688 1427 3792 1466 us-

2139 1514 2251 1570 que
2282 1496 2339 1551 in
2375 1496 2582 1553 baculo
2612 1502 2670 1553 et
2699 1515 2837 1570 pera
2866 1499 3062 1555 venire
3088 1496 3246 1553 soliti
3268 1497 3614 1570 erant,turpi
3639 1496 3793 1552 ludi-

2138 1585 2266 1640 brio
2295 1585 2484 1641 affecti
2515 1591 2654 1642 sunt
2683 1604 2696 1653 ;
2737 1592 2794 1643 et
2848 1585 3235 1660 ignominiam
3294 1584 3790 1642 contumeliarum

2136 1672 2554 1743 tolerantes,ad
2587 1681 2910 1731 extremum
2926 1676 3569 1748 perimebantur.Terra
3589 1681 3788 1732 autem

2137 1763 2329 1836 gentis
2358 1763 2587 1819 illorum
2624 1782 2738 1819 non
2766 1770 2875 1831 est,
2898 1764 3033 1821 licet
3062 1765 3163 1820 diu
3219 1764 3611 1837 possederint,
3646 1765 3791 1838 quia

2138 1860 2472 1908 nostrorum
2503 1871 2536 1908 a
2556 1853 2764 1925 priscis
2790 1854 3156 1926 temporibus
3182 1854 3517 1926 fuit,eisque
3548 1860 3791 1927 propter

2137 1941 2425 1997 malitiam
2457 1941 2928 2014 injuslitiamque
2949 1960 3118 1998 suam
3148 1948 3340 2000 vestra
3365 1959 3509 2017 gens
3539 1944 3791 2000 adversa

2135 2030 2543 2103 abstulit;quze
2573 2036 2769 2086 tamen
2788 2030 2917 2087 ideo
2945 2035 3138 2088 vestra
3158 2049 3273 2088 non
3305 2032 3788 2105 debetesse,quia

2133 2120 2234 2174 diu
2265 2137 2392 2174 eam
2426 2120 2716 2175 tenuistis.
2749 2118 2980 2175 Caelesti
3011 2122 3168 2176 enim
3211 2137 3460 2177 censura
3490 2139 3646 2177 nunc
3677 2122 3782 2178 de-

2133 2215 2357 2264 cretum
2382 2213 2561 2263 estut
2618 2208 3072 2264 misericorditer
3124 2210 3402 2266 reddatur
3439 2209 3577 2267 filiis
3620 2213 3783 2284 quod

2135 2298 2352 2368 injuste
2384 2297 2650 2369 patribus
2680 2296 2941 2353 ablatum
2972 2303 3080 2353 est.
3105 2298 3187 2353 Ne
3217 2298 3499 2372 glorietur
3527 2316 3671 2373 gens
3694 2318 3787 2357 ve-

377 2390 771 2462 Taliaquippe
780 2390 1062 2461 juventus
1084 2387 1515 2457 excolebat,sed
1541 2394 1707 2444 aetate
1729 2404 2024 2460 sensuque
2052 2423 2100 2489 Β
2134 2392 2276 2453 stra,
2309 2386 2448 2458 quia
2479 2385 2840 2458 superaverit
2868 2386 3260 2443 effeminatam
3301 2392 3534 2461 gentem
3554 2393 3785 2446 Graeco-

378 2480 638 2537 seniores
667 2478 727 2534 in
759 2494 941 2534 unum
983 2478 1387 2543 consederant,
1415 2494 1743 2550 causasque
1791 2475 2019 2532 consilii

2132 2492 2285 2541 rum,
2318 2475 2618 2547 quoniam,
2649 2475 2847 2530 divina
2877 2476 3236 2548 suffragante
3265 2477 3619 2550 potentia,in
3651 2495 3783 2534 cer-

376 2574 434 2625 et
466 2567 788 2642 prudentia:
818 2566 1215 2622 conferebant.
1274 2567 1513 2623 Interim
1568 2565 2022 2639 Babylonienses
2128 2563 2356 2619 vicibus
2397 2563 2607 2619 vestris
2665 2562 2940 2618 meritum
2994 2565 3536 2638 recompensabitur
3579 2566 3783 2638 gladio

376 2657 565 2714 nuntii
598 2673 731 2712 cum
763 2654 1257 2729 approximarent,
1282 2660 1592 2727 tantosque
1619 2661 1783 2711 tanto
1805 2655 2019 2727 gaudio

374 2746 766 2821 tripudiantes
797 2744 1296 2816 conspicarentur,
1331 2745 1525 2800 mirati
1559 2750 1717 2813 sunt,
1742 2745 2019 2817 quoniam

375 2835 579 2892 relatio
611 2850 797 2907 usque
828 2832 1202 2907 Babyloniam
1225 2833 1772 2906 concurrerat,quia
1789 2838 1845 2889 et
1870 2834 2022 2889 fame

374 2924 790 2981 cruciabantur
818 2927 873 2978 et
899 2938 1112 2995 pavore
1133 2921 1887 2979 concutiebantur.Adducti
1912 2921 2020 2993 igi-

373 3018 473 3069 tur
501 3017 636 3068 ante
666 3010 958 3084 principes
989 3015 1220 3078 sunt;et
1250 3010 1309 3066 in
1331 3011 1453 3066 haec
1472 3011 1647 3067 verba
1668 3010 2020 3077 retulerunt,

374 3119 502 3176 quae
532 3102 619 3156 eis
647 3099 969 3156 commissa
998 3104 1175 3155 sunt:
1212 3122 1241 3150 «
1271 3100 1556 3156 Dominus
1604 3106 1802 3156 noster
1827 3101 2023 3155 Admi-

375 3190 634 3247 ravissus
664 3188 1013 3262 Babyloniae,
1043 3189 1285 3244 mandat
1302 3189 1466 3244 vobis
1489 3189 1842 3244 Francorum
1868 3188 2023 3260 prin-

374 3279 603 3351 cipibus
615 3277 867 3334 salutem
889 3281 947 3332 et
967 3276 1362 3344 amicitiam,si
1389 3279 1518 3349 ejus
1539 3277 1821 3333 voluntati
1844 3276 2020 3332 vultis

374 3367 628 3423 obedire.
662 3366 726 3421 In
758 3364 894 3421 aula
923 3365 1076 3438 regis
1109 3366 1419 3421 Persarum
1442 3365 1784 3438 dominique
1813 3366 2018 3433 nostri,

375 3471 628 3527 magnus
654 3454 831 3509 vestri
877 3469 1057 3509 causa
1103 3458 1491 3526 congregatus
1542 3458 1632 3509 est
1678 3459 2019 3520 conventus,

374 3548 720 3615 septemque
751 3542 960 3598 diebus
989 3541 1341 3613 protelatum
1369 3546 1459 3597 est
1484 3541 1819 3605 consilium,
1851 3542 2021 3613 quid-

374 3648 511 3688 nam
544 3631 630 3687 eis
659 3646 836 3702 super
864 3629 974 3685 hoc
1005 3630 1082 3684 sit
1111 3631 1425 3702 agendum.
1460 3630 1745 3687 Mirantur
1775 3632 1931 3686 enim
1957 3636 2024 3686 ut

374 3719 517 3793 quid
548 3718 631 3775 sic
661 3719 869 3775 armati
902 3718 1165 3791 quaeritis
1192 3718 1420 3774 Domini
1456 3719 1626 3775 vestri
1660 3719 2018 3793 sepulcrum,

2131 2654 2510 2709 Francorum.
2545 2652 2614 2707 Et
2644 2657 2846 2708 notum
2879 2669 3008 2709 esse
3056 2655 3286 2726 poterit,
3319 2653 3412 2710 his
3471 2656 3569 2728 qui
3605 2655 3779 2729 igno-

2130 2749 2284 2810 rant,
2315 2743 2468 2815 quod
2503 2758 2617 2797 non
2664 2746 2753 2797 est
2808 2741 3115 2797 hominum
3154 2747 3410 2800 evertere
3440 2760 3637 2817 regna,
3671 2747 3781 2802 sed

2129 2833 2257 2903 ejus
2288 2849 2392 2904 per
2419 2847 2595 2903 quem
2626 2847 2792 2902 reges
2851 2837 3113 2903 regnant.
3144 2831 3259 2905 Ipsi
3305 2831 3510 2889 dicunt
3538 2849 3601 2889 se
3629 2833 3785 2891 velle

2130 2919 2298 2975 nobis
2329 2917 2707 2991 indulgere,si
2742 2919 2796 2973 in
2819 2936 2957 2991 pera
2984 2924 3042 2974 et
3056 2919 3264 2976 baculo
3286 2921 3497 2977 amodo
3526 2920 3783 2979 velimus

2128 3008 2400 3075 transire,
2435 3007 2493 3063 in
2545 3007 2799 3079 scipsam
2850 3007 3049 3063 redeat
3107 3025 3309 3065 eorum
3351 3009 3779 3079 misericordia,

2131 3096 2432 3169 quoniam,
2481 3095 2661 3152 velint
2717 3095 2924 3163 nolint,
2974 3096 3266 3154 thesauris
3319 3114 3520 3155 eorum
3572 3106 3783 3157 nostra

2131 3186 2413 3241 dilabitur
2443 3202 2545 3241 seu
2575 3185 2920 3241 vacuabitur
2950 3184 3499 3258 iuopia.Jerusalem
3517 3205 3653 3244 cum
3678 3206 3782 3244 no-

2130 3276 2222 3331 bis
2248 3293 2282 3330 a
2314 3280 2422 3330 Deo
2454 3291 2729 3330 concessa
2759 3274 2856 3340 sit,
2879 3275 3014 3347 quis
3044 3274 3317 3347 praevalet
3342 3277 3569 3333 auferre
3599 3294 3730 3333 eam
3752 3279 3786 3334 ?

2130 3364 2304 3420 Nulla
2332 3364 2516 3419 virtus
2547 3369 2636 3420 est
2663 3363 2927 3419 humana
2955 3381 3084 3437 quae
3115 3363 3284 3421 nobis
3314 3365 3434 3421 ullo
3465 3366 3637 3422 modo
3657 3373 3782 3422 ter-

2130 3470 2320 3510 rorem
2354 3452 2762 3524 incutiat,quia
2791 3470 2925 3508 cum
2955 3452 3262 3523 morimur,
3295 3454 3597 3511 nascimur
3617 3472 3780 3525 ;cum

2128 3543 2307 3597 vitam
2340 3541 2669 3597 amittimus
2692 3541 3092 3614 temporalem,
3118 3559 3532 3616 recuperamus
3561 3546 3786 3617 sempi-

2131 3636 2378 3687 ternam.
2412 3630 2631 3686 Idcirco
2682 3630 3013 3687 renuntiate
3058 3630 3150 3687 bis
3208 3632 3309 3704 qui
3368 3633 3657 3689 miserunt
3676 3652 3787 3690 vos

2130 3720 2287 3792 quod
2320 3736 2485 3775 arma
2515 3736 2640 3791 quae
2673 3718 2731 3772 in
2765 3718 2953 3790 patria
2983 3724 3184 3776 nostra
3205 3720 3785 3793 sumpsimus,etiam

372 3811 606 3879 gentem
633 3824 803 3863 suam
834 3823 869 3862 a
899 3807 1117 3861 finibus
1141 3807 1241 3861 diu
1267 3808 1523 3878 possesis
1546 3807 2019 3875 exterminantes,
2047 3793 2090 3859 C
2130 3825 2265 3865 cum
2289 3812 2459 3880 capta
2488 3807 2598 3864 erit
2653 3807 3002 3880 Jerusalem,
3058 3825 3174 3864 non
3227 3809 3597 3867 dimittemus
3643 3812 3783 3884 (45).

370 3895 512 3962 imo,
545 3896 702 3967 quod
726 3894 1015 3951 nefarium
1068 3900 1159 3951 est
1217 3896 1561 3969 peregrinis,
1595 3896 1654 3951 in
1712 3913 1810 3953 ore
1842 3896 2019 3969 gladii

369 3985 752 4041 trucidantes.
786 3984 947 4050 Quod
981 3983 1032 4040 si
1063 3984 1304 4056 posthac
1336 3985 1396 4040 in
1428 4001 1568 4057 pera
1588 3992 1646 4041 et
1671 3985 1880 4042 baculo
1901 3985 2022 4041 vul-

371 4073 450 4129 tis
482 4073 585 4139 ire,
615 4089 751 4129 cum
791 4072 1011 4129 honore
1058 4073 1313 4129 maximo
1359 4089 1673 4147 rerumque
1721 4074 2020 4146 opulentia

369 4177 473 4218 vos
500 4160 640 4217 illuc
666 4159 881 4217 facient
932 4160 1324 4232 pertransire:
1360 4162 1432 4218 de
1464 4162 1761 4235 peditibus
1789 4163 2019 4235 equites

370 4250 585 4308 facient
612 4267 626 4316 ;
653 4249 754 4323 qui
788 4266 1073 4323 pauperes
1105 4256 1263 4319 sunt,
1297 4250 1357 4305 in
1416 4256 1536 4307 toto
1586 4251 1791 4307 itinere
1822 4268 1926 4308 nec
1956 4252 2015 4307 in

371 4339 559 4396 reditu
592 4337 847 4412 amplius
872 4339 1152 4394 esurient.
1184 4339 1253 4394 Et
1296 4339 1345 4395 si
1395 4356 1499 4412 per
1534 4357 1796 4396 mensem
1828 4341 1900 4397 ad
1931 4358 2019 4397 se-

369 4428 636 4502 pulcrum
669 4426 833 4484 vobis
859 4428 1135 4484 diurnare
1182 4427 1486 4501 placuerit,
1533 4429 1819 4484 bonorum
1851 4430 2018 4503 copia

368 4517 533 4574 vobis
558 4534 672 4573 non
722 4517 945 4583 deerit;
996 4516 1247 4572 facultas
1297 4516 1475 4572 eundi
1525 4534 1627 4590 per
1683 4517 2016 4574 universam

367 4605 694 4662 Jerusalem
722 4605 888 4661 vobis
919 4605 1288 4674 concedetur,
1324 4610 1388 4660 ut
1418 4622 1532 4678 quo
1552 4606 1770 4662 honore
1791 4607 2019 4679 placue-

369 4696 464 4767 rit,
495 4699 553 4752 et
578 4694 865 4768 templum
897 4699 953 4750 et
997 4693 1334 4768 sepulcrum
1390 4694 1639 4768 quilibet
1686 4702 2012 4753 veneretur.

366 4785 528 4850 Quod
556 4782 602 4839 si
636 4782 758 4839 hac
785 4783 950 4839 vobis
980 4783 1209 4839 indulta
1229 4783 1604 4840 contemnitis
1629 4784 1763 4841 etin
1797 4784 2015 4842 animo-

368 4890 501 4929 rum
530 4877 857 4929 vestrorum
889 4871 1295 4944 magnitudine
1324 4873 1622 4929 confiditis
1642 4877 1700 4928 et
1720 4874 2012 4941 armis,vi-

368 4962 627 5017 dendum
658 4961 820 5016 vobis
849 4965 938 5016 est
967 4959 1141 5016 etiam
1173 4965 1347 5033 atque
1385 4960 1584 5029 etiam,
1618 4968 1838 5034 quanto
1870 4965 2016 5037 peri-

368 5047 501 5105 culo
522 5066 631 5105 vos
661 5049 1002 5121 exponatis;
1036 5051 1191 5122 apud
1249 5066 1356 5106 nos
1401 5056 1557 5107 certe
1582 5052 1855 5109 ducimus
1883 5071 2013 5111 esse

2129 3897 2494 3953 Confidimus
2523 3895 2680 3951 enim
2709 3895 2769 3951 in
2796 3912 2863 3951 eo
2894 3895 2994 3969 qui
3025 3898 3418 3955 docetmanus
3448 3906 3680 3956 nostras
3703 3902 3779 3957 ad

2129 3985 2418 4058 praelium,
2447 3990 2503 4040 et
2527 3984 2764 4040 brachia
2799 3991 2998 4041 nostra
3027 3986 3190 4058 ponit
3215 3993 3279 4044 ut
3300 4005 3500 4044 arcum
3532 4005 3775 4057 areum,

2128 4073 2406 4145 quoniam
2437 4078 2495 4129 et
2525 4074 2617 4128 via
2648 4073 2862 4131 nostris
2891 4073 3103 4147 gladiis
3136 4078 3451 4148 aperietur,
3486 4082 3546 4133 et
3573 4079 3784 4135 omnia

2128 4163 2406 4218 scandala
2421 4162 2962 4231 eradicabuntur,et
2980 4164 3307 4221 Jerusalem
3321 4166 3785 4239 capietur.Tunc

2128 4258 2329 4308 nostra
2359 4252 2471 4308 erit
2496 4270 2607 4308 non
2642 4269 2745 4325 per
2773 4251 3031 4309 hominis
3057 4253 3507 4327 indulgentiam,
3540 4256 3641 4312 sed
3674 4274 3787 4328 per

2126 4340 2378 4397 cmlestis
2409 4358 2668 4397 censurae
2691 4341 3143 4414 aequitatem.De
3172 4342 3335 4399 vultu
3353 4342 3508 4399 enim
3542 4343 3787 4401 Domini

2126 4430 2233 4486 hoc
2246 4430 2539 4502 judicium
2573 4431 2805 4503 prodiit,
2841 4431 2982 4503 quia
3016 4431 3344 4488 Jerusalem
3377 4436 3578 4489 nostra
3605 4433 3781 4490 erit.»

2128 4520 2323 4592 Legati
2344 4535 2477 4575 vero
2500 4519 2642 4592 quid
2656 4518 2811 4574 ultra
2830 4520 3255 4591 praetenderent
3275 4537 3389 4575 non
3404 4520 3778 4590 invenerunt,

2124 4609 2224 4663 sed
2256 4609 2456 4664 audito
2482 4608 2592 4664 hoc
2616 4608 2790 4664 verbo
2812 4607 3190 4664 scandalizati
3213 4609 3778 4678 sunt,Antiochiam-

2123 4712 2237 4768 que
2264 4695 2482 4753 nostris
2511 4694 3015 4753 comentientibus
3044 4696 3419 4754 introierunt.

2775 4838 3006 4896 CAPUT
3052 4839 3122 4895 II.

2193 4966 2293 5022 His
2323 4966 2406 5021 ita
2436 4964 2767 5033 transactis,
2803 4964 2977 5021 tertia
3006 4965 3101 5020 die
3130 4969 3263 5037 post
3292 4968 3590 5038 peractum
3623 4982 3776 5038 pra:-

2120 5053 2288 5122 lium,
2322 5053 2629 5110 castellum
2661 5059 2963 5125 coeperunt
2981 5054 3286 5123 aedificare,
3318 5055 3390 5111 de
3447 5070 3564 5128 quo
3596 5072 3777 5128 supe-

366 5138 768 5203 temerarium,
801 5139 953 5210 quod
1002 5137 1142 5205 ulla,
1194 5137 1570 5210 quantumvis
1630 5157 1864 5215 magna,
1898 5143 2007 5199 hu-
2041 5160 2089 5226 D
2122 5144 2247 5200 rius
2280 5143 2637 5199 mentionem
2669 5142 2937 5209 fecimus,
2986 5148 3391 5200 constructum
3436 5142 3498 5198 in
3528 5141 3778 5201 introitu

368 5243 545 5283 mana
574 5229 832 5300 potestas
860 5233 1275 5300 congressetur
1302 5232 1507 5284 contra
1537 5229 1904 5302 Babylonios,
1922 5249 2013 5289 re-

366 5332 618 5390 gemque
647 5314 973 5372 Persarum.
1031 5315 1163 5371 Jam
1211 5332 1345 5373 vero
1393 5334 1520 5389 qua;
1566 5319 1732 5375 vobis
1762 5320 2012 5393 applau-

368 5405 516 5464 dunt
544 5421 722 5481 super
749 5404 863 5471 bis,
898 5403 1068 5463 nobis
1089 5406 1307 5479 aperite
1332 5423 1483 5480 ;quaa
1512 5424 1646 5464 vero
1676 5408 2007 5483 displicent,

2121 5233 2317 5306 pontis
2347 5237 2483 5288 ante
2507 5232 2758 5303 januam
2817 5231 3091 5288 civitatis.
3115 5231 3541 5289 Destruxerunt
3569 5238 3773 5290 autem

2120 5339 2325 5380 omnes
2354 5320 2616 5377 tumulos
2644 5319 2908 5393 lapideos
2939 5325 3330 5390 mortuorum,
3352 5326 3410 5378 et
3437 5337 3507 5377 ex
3537 5319 3657 5378 illis
3686 5339 3780 5380 ca-

2120 5416 2311 5469 strum
2341 5410 2700 5466 munierunt.
2734 5409 2900 5477 Quod
2929 5426 3065 5468 cum
3110 5414 3417 5484 peractum
3444 5409 3580 5480 fuit,
3612 5427 3781 5469 com-

1484 5531 1796 5592 NOTUL/E
1835 5535 2302 5600 MARGINALES
2341 5535 2460 5608 MS,
2501 5534 2660 5595 COD.

370 5630 484 5712 (45)
509 5630 867 5696 Francorum
894 5630 1071 5695 verba
1098 5633 1377 5696 resonant
1404 5628 1618 5713 pietate
1649 5632 1924 5712 superba.
