3996 6096
197 187 235 243 7
241 183 324 242 09

982 179 1327 243 ROBERTI
1370 175 1727 241 MONACHI
1771 173 1974 238 HIST.
2020 173 2432 237 HlEROSOL.
2462 207 2540 219 —
2567 173 2717 237 LIB.
2762 174 2835 236 V.

3489 173 3614 235 710

204 314 549 369 mendatum
572 315 661 370 est
692 312 1020 369 Rnimundo
1038 312 1267 386 egregio
1285 311 1481 368 comiti
1500 307 1693 365 Sancti
1883 308 1938 376 Α
1971 324 2118 381 puos
2150 306 2679 374 nominatissimus,
2695 306 2789 362 hic
2806 306 3039 379 perﬁdre
3056 304 3212 381 genti
3230 306 3479 363 nimium
3499 324 3616 364 cre-

202 404 312 459 dii.
331 404 449 460 Hoc
475 403 696 459 factum
722 400 891 459 valde
923 402 1271 459 constrinxit
1302 418 1401 458 eos
1421 401 1519 473 qui
1552 400 1610 455 in
1635 399 1863 454 civitate

202 489 691 562 erant,quoniam
723 489 972 546 ulterius
994 489 1068 546 ab
1088 488 1189 544 illa
1220 492 1382 561 parte
1408 505 1523 543 non
1551 487 1864 542 valuerunt

202 579 386 634 exire.
421 577 614 634 nostri
643 595 777 634 vero
800 579 930 649 jam
966 594 1171 635 secure
1199 578 1365 633 ibant
1402 592 1751 650 quocunque
1783 576 1864 630 ire

206 667 622 741 disponebant.
655 667 821 723 Tunc
869 682 1138 738 proceres
1186 665 1491 738 elegerunt
1526 664 1683 721 viros
1713 662 1863 736 cpti-

204 772 342 823 nos,
374 771 674 827 equosque
722 753 1060 823 velociores,
1111 759 1170 809 et
1219 771 1335 810 non
1383 753 1555 827 longe
1598 753 1670 809 ab
1719 752 1865 808 urbe

203 844 578 900 transierunt
608 843 873 910 fluvium,
907 848 965 900 et
994 843 1251 915 praedam
1280 842 1599 899 maximam
1630 841 1865 897 invene-

207 937 375 1001 runt,
409 948 593 1003 equos
620 936 680 987 et
704 930 1117 1003 equas,mulos
1147 936 1205 987 et
1236 930 1448 999 mulas,
1467 930 1665 987 asinos
1697 934 1755 985 et
1770 947 1866 985 ca-

208 1020 422 1088 melos,
455 1026 512 1076 et
559 1019 904 1076 animalium
945 1019 1208 1093 quinque
1240 1019 1442 1076 millia.
1491 1018 1702 1076 Omnia
1743 1019 1866 1075 11030

208 1109 452 1185 egregia
496 1109 704 1166 cohors
754 1109 998 1165 adduxit
1027 1109 1099 1164 ad
1131 1112 1343 1175 castra,
1376 1114 1433 1163 et
1463 1107 1754 1164 celebrata
1780 1112 1870 1164 est

210 1200 373 1272 apud
406 1198 784 1255 Christicolas
816 1197 1020 1254 laetitia
1040 1197 1450 1271 magna.Quod
1480 1194 1867 1254 infortunium

211 1290 372 1345 cives
399 1288 773 1343 vehementer
805 1285 1042 1354 attrivit,
1075 1286 1353 1358 quoniam
1385 1284 1746 1341 abundantia
1776 1301 1871 1341 re-

212 1394 374 1445 rum,
407 1393 535 1450 quae
568 1380 799 1432 nostros
830 1375 1140 1441 roboravit,
1173 1374 1423 1447 perdita,
1455 1372 1589 1429 illos
1610 1372 1873 1429 debilita-

211 1468 323 1523 vit.
360 1465 483 1523 Illic
513 1482 647 1521 vero
678 1463 777 1520 ubi
806 1465 1003 1537 praeda
1029 1468 1198 1536 capta
1229 1463 1361 1531 fuit,
1394 1468 1518 1518 erat
1558 1463 1869 1535 antiquum

215 1553 624 1616 castrum.sed
656 1551 884 1608 incuria
913 1556 970 1608 et
992 1557 1280 1607 vetustate
1300 1550 1658 1616 dirutum,et
1679 1550 1872 1607 adhuc

212 1644 456 1717 vigebat
486 1642 565 1698 ibi
599 1642 903 1740 quoddam.
926 1640 1369 1696 monasterium.
1403 1640 1567 1749 Qupd
1590 1645 1654 1696 ut
1683 1640 1873 1749 magis
1900 1682 1950 1749 Β

217 1731 694 1804 constringerent
739 1729 1011 1785 inimicos
1061 1745 1223 1794 suos,
1258 1729 1596 1801 proceribus
1652 1728 1875 1802 placuit

221 1821 568 1887 raedificare,
620 1824 678 1875 et
723 1818 855 1874 forti
902 1818 1230 1874 munitione
1276 1816 1658 1874 circumdare.
1709 1820 1872 1885 Quod

220 1927 364 1968 cum
417 1909 474 1964 in
528 1908 686 1963 brevi
718 1913 1020 1980 peractum
1062 1905 1191 1974 fuit,
1227 1905 1529 1978 inquisitio
1580 1907 1733 1963 facta
1786 1914 1877 1964 est

225 2001 366 2073 quis
396 1997 539 2053 illud
574 1996 915 2052 custodiret.
936 1995 1006 2050 Et
1035 1995 1176 2050 dum
1208 2000 1560 2051 tractaretur
1587 1995 1657 2050 de
1686 2002 1877 2052 custo-

223 2090 346 2153 dia,
378 2093 438 2143 et
469 2084 725 2159 plurima
755 2084 812 2139 in
844 2089 1082 2139 ventum
1115 2084 1493 2156 procederent
1521 2086 1877 2147 verba,Tun-

224 2177 442 2234 credus
476 2173 726 2231 illustris
756 2167 1028 2246 prinCeps
1058 2178 1117 2228 et
1144 2172 1414 2245 egregius
1436 2173 1691 2244 juvenis,
1725 2175 1881 2231 sicut

226 2271 357 2324 erat
383 2264 576 2321 alacer
603 2263 664 2318 in
696 2261 1068 2318 sermonibus
1097 2265 1155 2316 et
1178 2260 1442 2325 l'actis,in
1464 2262 1722 2317 medium
1749 2280 1879 2335 pro-

227 2353 633 2421 siluit,dicens
655 2368 669 2406 :
695 2375 723 2402 ‹‹
757 2352 874 2423 Ego
906 2349 1233 2406 custodiam
1266 2349 1659 2415 castellum,si
1691 2357 1881 2409 custo-

228 2448 342 2500 dias
370 2460 512 2500 mea;
544 2441 787 2514 dignum
810 2437 1355 2512 recompensabitur
1380 2439 1675 2496 meritum.
1696 2462 1722 2491 »
1755 2442 1883 2497 Pre-

228 2536 383 2589 tium
414 2547 551 2604 ergo
580 2546 786 2585 omnes
815 2527 874 2583 in
906 2544 1218 2583 commune
1260 2532 1616 2596 taxaverunt,
1651 2534 1708 2585 et
1736 2547 1880 2602 qua-

230 2624 578 2693 dringentas
609 2618 835 2692 argenti
870 2634 1097 2672 marcus
1125 2617 1176 2672 ei
1210 2616 1605 2673 contulerunt.
1640 2619 1885 2674 Tancre-

230 2714 348 2768 dus
378 2708 686 2765 castellum
717 2706 975 2773 intravit,
991 2706 1168 2778 idque
1198 2706 1461 2777 peditum
1494 2708 1704 2763 turmis
1730 2708 1887 2763 forti-

230 2818 350 2875 que
380 2799 565 2856 milite
595 2797 908 2871 plusquam
941 2796 1330 2853 munitionem
1383 2797 1557 2853 aliam
1610 2799 1881 2855 ﬁrmavit.

231 2892 398 2958 Quod
454 2888 716 2954 feliciter,
751 2887 869 2942 Deo
913 2885 1256 2958 opitulante,
1291 2886 1570 2959 suscepit,
1604 2888 1882 2959 quoniam

231 2981 369 3054 ipsa
398 2978 492 3034 die
512 2993 766 3049 magnus
795 2973 1201 3030 Armeniorum
1234 2973 1509 3048 populus,
1543 2980 1601 3031 et
1630 2977 1883 3033 Surano-

1969 395 2164 461 dulus,
2182 397 2435 468 quadam
2467 397 2559 452 die
2593 413 2695 468 per
2721 394 2973 468 virgulta
3001 411 3203 451 eorum
3226 395 3610 468 spatiabatur,

1969 491 2027 541 et
2074 484 2335 540 locorum
2386 485 2721 542 amoenitate
2768 483 2967 540 oculos
2997 485 3292 557 pascebat.
3327 485 3514 551 Hunc,
3549 489 3619 540 ut

1970 573 2276 639 inermem,
2308 573 2499 629 virum
2522 573 2733 630 armati
2752 590 2925 629 canes
2946 574 3167 646 egressi
3189 578 3346 642 sunt,
3362 579 3419 629 et
3440 590 3620 628 mem-

1971 662 2185 718 bratim
2215 662 2490 730 divisum,
2514 661 2832 718 miserabili
2864 662 3127 718 cruciatu
3159 662 3616 735 discerpserunt.

1973 752 2117 820 Heu,
2146 751 2294 807 heul
2330 758 2516 808 morte
2541 750 2802 807 Walonis
2836 769 2944 825 pax
2975 750 3622 825 infringitur(46),data

1974 840 2109 896 fidei
2140 844 2506 897 sacramenta
2535 839 2846 908 violentur,
2872 844 3053 912 portae
3083 839 3299 896 iterum
3333 841 3497 897 urbis
3518 840 3620 898 ob-

1973 933 2304 995 struuntur,
2317 932 2375 985 et
2402 928 2607 1002 perﬁdi
2638 927 2885 1002 gentiles
2902 929 3057 985 intra
3073 928 3354 987 mmnium
3372 931 3622 987 turrium

1975 1034 2088 1090 que
2118 1034 2360 1073 suarum
2393 1034 2669 1074 cavernas
2691 1016 3392 1075 recluduntur.Luctusin
3414 1021 3625 1078 castris

1975 1106 2376 1179 permaximus
2406 1106 2970 1179 habetur,quoniam
3003 1106 3075 1163 ab
3095 1107 3372 1164 omnibus
3392 1109 3530 1165 viris
3556 1127 3626 1167 ac

1976 1194 2324 1251 mulieribus
2337 1211 2495 1251 mors
2512 1194 2773 1253 Walonis
2790 1195 3009 1251 crebris
3027 1195 3385 1269 singultibus
3402 1197 3625 1256 lamen-

1976 1288 2137 1340 tatur
2161 1286 2293 1357 (47).
2328 1284 2552 1356 Conjux
2598 1301 2731 1341 vero
2778 1282 2939 1340 illius
2988 1284 3289 1342 universos
3336 1287 3408 1343 ad
3435 1287 3626 1362 lacry-

1978 1390 2106 1429 mas
2133 1373 2481 1444 concitabat,
2498 1389 2623 1446 quae
2655 1390 2717 1430 sc
2744 1371 2900 1429 ultra
2930 1390 3151 1430 morem
3176 1374 3424 1432 aliarum
3456 1377 3630 1435 mise-

1980 1460 2241 1518 rabiliter
2268 1461 2547 1531 laniabat,
2582 1467 2638 1518 et
2668 1480 2796 1535 qua:
2827 1461 2972 1519 alios
3003 1463 3075 1519 ad
3108 1462 3332 1520 luctum
3363 1481 3628 1523 commo-

1980 1551 2167 1618 vebat,
2200 1554 2436 1624 propter
2480 1551 2684 1608 crebra
2729 1552 2987 1624 suspiria
3034 1552 3470 1627 singultusque,
3522 1572 3629 1614 nec

1981 1638 2140 1713 loqui
2172 1656 2275 1695 nec
2308 1639 2559 1695 clamare
2590 1644 2834 1712 poterat.
2856 1642 2990 1696 Erat
3020 1647 3213 1698 autem
3238 1641 3339 1699 illa
3361 1643 3477 1700 alto
3497 1662 3630 1718 pro-

1981 1745 2179 1784 cerum
2195 1728 2480 1802 sanguine
2492 1734 2810 1802 procreata,
2827 1733 2883 1785 et
2899 1731 3219 1786 secundum
3245 1732 3437 1791 carnis
3449 1733 3630 1806 hujus

1980 1815 2401 1888 inﬁrmitatem,
2437 1817 2626 1873 forma
2663 1835 2779 1890 prae
2813 1818 3037 1875 caeteris
3068 1819 3320 1893 egregia.
3352 1822 3490 1879 Erat
3521 1840 3632 1880 au-

1981 1914 2099 1962 tem
2113 1904 2459 1979 plerumque
2478 1906 2800 1963 immobilis
2816 1907 2973 1963 velut
2993 1906 3267 1965 columna
3281 1927 3629 1983 marmorea,

1982 1995 2064 2051 ita
2111 1999 2178 2051 ut
2213 1995 2428 2068 saepius
2473 2000 2706 2052 mortua
2733 2001 3069 2069 putaretur,
3103 1997 3219 2054 nisi
3250 1999 3446 2058 vitalis
3476 2001 3636 2059 calor

1985 2083 2280 2158 palpitans
2310 2084 2369 2139 in
2403 2100 2677 2157 supremo
2702 2090 2929 2158 pectore
2958 2086 3291 2145 sentiretur.
3308 2089 3419 2146 Sed
3451 2096 3507 2147 et
3527 2091 3634 2148 ad-

1986 2173 2100 2228 huc
2130 2173 2451 2247 pulsitabat
2478 2190 2624 2230 vena
2643 2173 2832 2230 latens
2863 2175 2973 2231 sub
3005 2180 3137 2232 cute
3161 2176 3402 2235 minime
3423 2178 3638 2252 pilosa,

1986 2263 2202 2335 pubem
2236 2278 2364 2335 quae
2381 2261 2648 2319 ciliorum
2666 2262 3130 2321 discriminabat.
3146 2264 3292 2322 Cum
3308 2284 3442 2325 vero
3460 2269 3641 2344 respi-

1987 2352 2175 2410 rabat.
2190 2351 2371 2407 oblita
2402 2351 2633 2408 feminei
2658 2351 2899 2424 pudoris
2916 2369 2977 2411 se
2996 2354 3055 2410 in
3074 2358 3292 2412 terram
3308 2355 3634 2429 volutabat,

1988 2445 2045 2496 et
2074 2456 2254 2513 genas
2286 2440 2585 2512 unguibus
2615 2457 3063 2509 secans,aureos
3093 2443 3285 2501 crines
3305 2446 3636 2520 disrumpe-

1990 2526 2110 2584 hat.
2141 2528 2467 2584 Occurrunt
2491 2528 2614 2584 aliae
2646 2537 2946 2599 matronae,
2981 2548 3109 2604 quae
3139 2533 3209 2588 de
3240 2550 3303 2590 se
3333 2534 3417 2590 illi
3451 2537 3640 2593 facere

1992 2608 2129 2674 talia
2178 2617 2505 2690 prohibent,
2554 2622 2611 2673 et
2659 2619 2757 2691 pia
2803 2621 3070 2677 custodia
3117 2623 3447 2681 observant.
3499 2627 3635 2693 Quae

1997 2724 2131 2761 cum
2183 2706 2339 2780 loqui
2390 2707 2599 2779 potuit,
2631 2707 2692 2762 in
2724 2707 2845 2763 haec
2891 2709 3068 2765 verba
3094 2711 3361 2786 prorupit
3389 2714 3589 2772 dicens
3622 2732 3636 2772 :

1994 2795 2109 2851 Rex
2142 2795 2199 2850 in
2232 2796 2498 2869 personis
2530 2795 2742 2865 trinus,
2778 2794 3053 2855 misere're
3082 2799 3369 2871 Walonis,

1993 2885 2064 2940 Et
2091 2883 2217 2939 vitze
2250 2900 2468 2940 munus
2498 2884 2611 2941 sibi
2643 2886 2859 2954 confer,
2889 2890 2956 2943 ut
2982 2903 3045 2943 es
3075 2888 3228 2945 Deus
3259 2907 3435 2948 unus.

1994 2971 2140 3039 Quid
2176 2972 2383 3028 meruit
2417 2972 2609 3041 Walo,
2641 2974 2798 3045 quod
2830 2980 3103 3033 mortuus
3134 2982 3225 3033 est
3253 2978 3380 3036 sine
3410 2980 3607 3039 bello?

233 3051 369 3126 rum
400 3067 473 3123 ad
503 3066 795 3122 civitatem
818 3063 1178 3131 veniebat,et
1199 3063 1441 3120 urbanis
1460 3064 1657 3137 opima
1673 3066 1886 3121 victua.~
1917 3051 1959 3117 C
1998 3062 2234 3134 Virgine
2265 3066 2453 3117 matre
2485 3066 2671 3131 satus,
2702 3062 2972 3120 Walonis
3001 3069 3158 3137 terge
3192 3071 3410 3138 reatus,

234 3157 320 3214 lia
348 3155 648 3213 afferebat.
684 3157 838 3221 Quos
868 3168 1074 3209 omnes
1104 3153 1164 3208 in
1197 3152 1429 3208 insidiis
1477 3154 1706 3225 positus
1736 3156 1888 3211 Tan-

236 3247 453 3304 credus
482 3241 886 3316 apprehendit,
904 3257 1010 3297 nec
1039 3245 1236 3296 tamen
1260 3258 1380 3308 eos,
1408 3241 1548 3314 quia
1575 3242 1891 3299 Christiani

232 3338 427 3403 erant,
459 3332 719 3388 occidere
773 3329 977 3401 voluit,
1009 3330 1110 3385 sed
1160 3345 1295 3385 cum
1353 3329 1500 3402 ipsis
1539 3331 1786 3388 sarcinis
1815 3334 1889 3389 ad

237 3430 505 3482 castrum
537 3437 712 3477 suum
745 3419 1052 3476 conduxit'
1085 3420 1241 3485 Quos
1271 3419 1508 3474 tandem
1541 3420 1641 3476 tali
1685 3421 1887 3477 condi-

241 3516 409 3571 tione
440 3511 654 3568 illaasos
702 3510 862 3565 abire
892 3507 1180 3582 permisit,
1212 3506 1353 3580 quia
1382 3508 1793 3580 promiserunt,
1814 3511 1888 3580 ei,

234 3604 297 3659 in
332 3601 449 3657 fide
480 3598 835 3665 Christiana,
852 3614 915 3653 se
945 3595 1228 3652 allaturos
1261 3596 1608 3654 Christianis
1640 3615 1742 3672 pro
1762 3616 1891 3656 com

234 3690 456 3766 petenti
489 3687 674 3761 pretio
696 3685 1045 3754 necessaria,
1061 3685 1446 3758 quoadusque
1467 3691 1773 3759 caperetur
1788 3691 1895 3744 An-

233 3780 476 3838 tiocbia.
492 3778 655 3845 Quod
687 3776 770 3832 illi
794 3781 1029 3832 strenue
1052 3772 1627 3845 impleverunt,sicut
1670 3780 1728 3831 et
1765 3793 1895 3849 spo-

236 3865 949 3943 ponderunt.Tancredus
978 3880 1112 3920 vero
1143 3862 1264 3919 vias
1292 3880 1359 3919 ac
1388 3864 1629 3920 semitas
1660 3864 1890 3921 obstru-

232 3963 403 4015 xerat
428 3956 522 4012 his
553 3954 653 4027 qui
687 3957 855 4009 erant
883 3952 940 4007 in
973 3951 1396 4024 civitate,quod
1420 3951 1619 4009 nullus
1641 3954 1895 4009 audebat

235 4045 416 4103 exire.
433 4045 741 4116 Propterea
761 4041 923 4114 pacis
946 4041 1215 4096 inducias
1237 4040 1615 4112 quasiet-unt,
1631 4041 1892 4099 dicentes

235 4136 396 4210 quod
447 4133 546 4189 illo
594 4130 874 4205 temporis
920 4129 1230 4186 intervallo
1280 4130 1438 4203 apud
1471 4147 1534 4186 se
1572 4134 1894 4188 tractarent

234 4243 356 4299 qua
387 4223 536 4297 lege,
571 4239 687 4295 qua
716 4219 1073 4288 conditione,
1108 4235 1171 4275 se
1200 4223 1259 4275 et
1288 4217 1580 4275 civitatem
1612 4219 1892 4276 Christia-

235 4314 333 4371 nis
361 4311 775 4369 deliberarent.
808 4307 1194 4365 Crediderunt
1224 4307 1536 4381 principes,
1560 4311 1620 4364 et
1649 4308 1896 4381 disposi-

1997 3152 2179 3217 Quem
2213 3150 2284 3205 de
2315 3148 2601 3207 bellorum
2629 3155 2713 3207 tot
2743 3151 3010 3209 cassibus
3039 3155 3330 3228 eripuisti,

1999 3241 2067 3296 Et
2097 3238 2415 3313 permisisti
2444 3256 2601 3295 nunc
2624 3241 2884 3310 tandem,
2917 3243 3304 3317 martyrizari.

2070 3352 2099 3380 ‹‹
2130 3328 2287 3385 Henl
2339 3333 2627 3401 quantum
2674 3329 2867 3387 videre
2915 3332 3285 3390 desiderabat
3330 3339 3501 3393 tuum
3552 3354 3643 3394 se-

1999 3418 2294 3491 pulcrum,
2308 3434 2412 3492 pro
2444 3434 2558 3491 quo
2576 3419 2930 3492 contempsit
2952 3420 3151 3478 omnia
3169 3440 3278 3480 sua
3293 3441 3421 3497 quae
3438 3426 3649 3483 habuit

1999 3513 2057 3565 et
2087 3507 2368 3580 seipsum.
2403 3509 2526 3574 Quo
2579 3506 2795 3564 infelici
2848 3509 3170 3568 infortunio
3201 3512 3311 3569 fuit
3340 3513 3648 3589 elongatus

1998 3596 2158 3653 ensis
2189 3613 2353 3663 suus,
2387 3596 2486 3669 qui
2537 3595 2621 3652 sic
2671 3598 3052 3655 conveniebat
3099 3599 3265 3657 lateri
3296 3604 3440 3675 ejus.
3477 3604 3521 3660 Ο
3555 3621 3649 3662 me

2000 3685 2207 3742 saltem
2240 3684 2488 3753 felicem,
2519 3684 2569 3742 si
2591 3684 2856 3743 licuisset
2884 3687 3030 3744 mihi
3061 3689 3120 3745 in
3152 3707 3407 3764 supreno
3436 3693 3646 3767 spiritu

2001 3773 2202 3830 oculos
2232 3773 2526 3840 claudere,
2560 3774 2806 3831 vulnera
2836 3775 3114 3851 lacrymis
3147 3779 3404 3851 abluere,
3438 3787 3497 3839 et
3526 3799 3651 3839 ma-

2002 3864 2176 3919 nibus
2205 3867 2477 3936 vesthue
2489 3864 2807 3938 detergere,
2824 3866 3086 3923 etdulcia
3099 3869 3366 3941 sepulcro
3388 3872 3653 3928 membra

2001 3951 2394 4008 committere!
2434 3974 2461 4002 η
2494 3952 2596 4009 His
2628 3954 2935 4025 questibus
2951 3955 3287 4014 Euvrardus
3312 3958 3488 4015 frater
3506 3976 3651 4017 suus

2001 4041 2331 4110 intervenit,
2355 4046 2413 4097 et
2444 4041 2505 4096 in
2537 4046 2826 4115 quantum
2858 4044 3099 4102 admisit
3128 4047 3214 4103 vis
3245 4047 3483 4118 doloris,
3501 4065 3655 4106 com-

2003 4129 2248 4203 pescuit.

2640 4220 2873 4278 CAPUT
2915 4223 3008 4279 IV.

2074 4308 2222 4364 illud
2272 4325 2411 4365 sane
2460 4312 2931 4379 praetereundum
2983 4330 3099 4370 non
3150 4319 3261 4383 est,
3308 4316 3463 4388 quod
3518 4320 3653 4374 ante

234 4404 316 4461 tis
346 4398 737 4475 pactionibus,
761 4403 819 4454 et
847 4403 1109 4471 tempore
1138 4396 1482 4467 constituto,
1499 4399 1759 4487 tenendae
1792 4415 1891 4487 pa-
1924 4420 1970 4487 ι)
2003 4402 2249 4454 mortem
2279 4398 2385 4453 viri
2415 4397 2588 4454 istius
2618 4400 2879 4473 contigit,
2912 4401 3054 4458 dum
3096 4407 3333 4477 tempus
3379 4405 3655 4462 inducia-

236 4492 326 4549 cis
357 4493 730 4546 sacramenta
757 4487 1045 4543 dederunt
1074 4492 1133 4542 et
1162 4490 1531 4558 acceperunt.
1553 4486 1732 4543 Porta).
1754 4486 1892 4543 civi-

236 4579 383 4638 tatis
413 4577 778 4652 aperiuntur,
792 4581 850 4632 et
864 4576 1041 4632 eundi
1073 4574 1320 4631 invicem
1341 4573 1508 4631 alteri
1539 4575 1612 4630 ad
1646 4575 1892 4632 alterum

239 4665 494 4725 facultas
523 4665 881 4722 conceditur.
915 4666 1080 4721 Tunc
1108 4663 1289 4720 libere
1319 4664 1523 4721 Franci
1555 4679 1659 4736 per
1684 4664 1893 4721 circui-

239 4764 368 4814 tum
402 4771 709 4812 murorum
740 4753 922 4822 ibant,
937 4757 994 4810 et
1019 4754 1091 4810 ad
1123 4753 1564 4827 propugnacula
1592 4770 1726 4809 cum
1747 4753 1895 4828 ipsis

240 4846 469 4904 civibus
492 4844 746 4912 stabant,
762 4848 820 4900 et
839 4842 992 4899 cives
1012 4859 1145 4899 cum
1169 4842 1383 4916 gaudio
1405 4842 1476 4899 ad
1499 4847 1691 4900 castra
1711 4843 1896 4900 venie-

242 4937 408 4993 bant.

879 5022 1114 5080 CAPUT
1155 5022 1252 5079 III.

316 5114 600 5171 Processu
658 5112 914 5187 denique
953 5112 1259 5185 temporis,
1291 5127 1427 5168 cum
1464 5112 1590 5184 jam
1623 5128 1899 5186 suprema

240 5204 369 5262 dies
402 5202 776 5260 induciarum
826 5202 1180 5272 advenisset,
1213 5200 1383 5258 Walo
1437 5200 1679 5275 quidam
1728 5200 1898 5258 miles

239 5293 635 5364 Christianus,
667 5296 726 5348 et
770 5290 831 5348 in
881 5291 1063 5349 armis
1101 5290 1393 5365 egregius,
1428 5294 1486 5347 et
1512 5290 1669 5346 inter
1697 5290 1898 5363 praeci-

2000 4505 2134 4543 rum
2164 4486 2458 4560 integrum
2489 4492 2547 4543 et
2576 4487 2745 4545 ﬁdele
2774 4489 3011 4547 mansit.
3037 4491 3171 4548 Erat
3193 4493 3430 4566 quidem
3461 4495 3655 4550 Admi-

2002 4576 2202 4632 raldus
2234 4576 2305 4632 de
2336 4593 2547 4650 genere
2594 4578 2919 4634 Turcorum
2971 4578 3033 4635 in
3083 4580 3183 4637 illa
3212 4582 3442 4639 civitate
3470 4584 3654 4657 regia,

2003 4681 2138 4722 cum
2161 4682 2278 4737 quo
2309 4666 2689 4722 Boamundus
2720 4665 2978 4740 plurima
3007 4673 3064 4724 et
3091 4670 3318 4742 privata
3335 4670 3496 4743 pacis
3511 4677 3656 4729 tem-

2004 4770 2142 4827 pore
2171 4754 2379 4810 habuit
2409 4753 2838 4827 colloquia.Hic
2864 4756 3016 4813 inter
3045 4763 3254 4815 cratera
3281 4761 3537 4833 quodam
3561 4760 3656 4818 die

2005 4842 2309 4915 requisivit
2337 4843 2409 4898 ab
2440 4859 2528 4908 eo,
2557 4843 2800 4900 ubinam
2827 4850 3022 4902 castra
3051 4849 3315 4920 posuerit
3336 4848 3434 4907 ille
3464 4849 3660 4906 candi-

2004 4932 2275 4988 datorum
2293 4930 2580 4988 exercitus
2605 4932 3074 5005 innumerabilis,
3101 4953 3355 5010 quorum
3379 4938 3439 4995 in
3461 4939 3657 4996 omni-

2006 5021 2119 5077 bus
2144 5020 2316 5078 bellis
2346 5019 2742 5078 fulciebantur
2771 5022 3010 5082 auxilio.
3040 5026 3281 5083 Dicebat
3310 5028 3472 5085 enim
3519 5029 3661 5102 quia

2006 5111 2322 5166 adventum
2353 5108 2587 5166 illorum
2620 5128 2922 5186 nunquam
2946 5119 3214 5187 poterant
3229 5117 3661 5186 sustinere,sed

2007 5199 2208 5257 Statim
2229 5204 2297 5256 ut
2316 5198 2593 5256 videbant
2616 5199 2769 5269 illos,
2785 5201 3145 5277 incipiebant
3165 5222 3371 5279 pavere
3392 5206 3475 5262 illi
3498 5205 3663 5278 ipsos

2006 5292 2073 5345 ut
2099 5293 2307 5345 ventus
2337 5288 2593 5347 turbinis
2613 5289 3031 5363 opprimerent,
3047 5298 3105 5351 et
3131 5294 3229 5351 isti
3250 5295 3665 5366 vulnerabant;

1351 5387 1663 5446 NOTULIE
1701 5387 2169 5451 MARGINALES
2209 5387 2327 5445 MS.
2369 5385 2529 5443 COD.

234 5475 355 5571 (46)
384 5470 558 5533 Walo
586 5473 914 5545 truncatur,
947 5484 1089 5531 nece
1118 5467 1293 5549 cujus
1320 5483 1433 5546 pax
1457 5466 1729 5529 violatur.

2009 5469 2121 5551 (47)
2150 5467 2233 5529 De
2263 5482 2402 5529 nece
2431 5467 2698 5532 Walonis
2728 5466 2897 5534 dolor
2922 5471 3131 5554 ingens
3160 5469 3334 5555 capit
3366 5469 3592 5533 haberi.
