  <div class='ocr_page' id='page_1' title='image "/cluster/home/n/w/nwhite01/storage/ocr_20150623/155/hvd.32044054760137/359.png"; bbox 0 0 3996 6096; ppageno 0'>
   <div class='ocr_carea' id='block_1_1' title="bbox 427 227 544 325">
    <p class='ocr_par' dir='ltr' id='par_1_1' title="bbox 427 227 544 325">
     <span class='ocr_line' id='line_1_1' title="bbox 427 227 544 325; baseline 0.026 -2"><span class='ocrx_word' id='word_1_1' title='bbox 427 227 544 325; x_wconf 68' lang='lat' dir='ltr'>7ft</span> 
     </span>
    </p>
   </div>
   <div class='ocr_carea' id='block_1_2' title="bbox 937 259 3317 327">
    <p class='ocr_par' dir='ltr' id='par_1_2' title="bbox 937 259 3317 327">
     <span class='ocr_line' id='line_1_2' title="bbox 937 259 3317 327; baseline 0.001 -5"><span class='ocrx_word' id='word_1_2' title='bbox 937 264 1039 324; x_wconf 90' lang='lat' dir='ltr'>AD</span> <span class='ocrx_word' id='word_1_3' title='bbox 1085 259 1592 324; x_wconf 76' lang='lat' dir='ltr'>GODEFRIDUM</span> <span class='ocrx_word' id='word_1_4' title='bbox 1641 261 1976 320; x_wconf 77' lang='lat' dir='ltr'>APPEND.</span> <span class='ocrx_word' id='word_1_5' title='bbox 2025 259 2100 319; x_wconf 90' lang='lat' dir='ltr'>Il.</span> <span class='ocrx_word' id='word_1_6' title='bbox 2136 294 2210 302; x_wconf 95' lang='lat'><strong>—</strong></span> <span class='ocrx_word' id='word_1_7' title='bbox 2245 259 2555 323; x_wconf 81' lang='lat' dir='ltr'>MONUM.</span> <span class='ocrx_word' id='word_1_8' title='bbox 2604 263 2704 322; x_wconf 87' lang='lat' dir='ltr'>DE</span> <span class='ocrx_word' id='word_1_9' title='bbox 2748 263 2994 325; x_wconf 84' lang='lat' dir='ltr'><strong>BELLO</strong></span> <span class='ocrx_word' id='word_1_10' title='bbox 3040 266 3317 327; x_wconf 75' lang='lat' dir='ltr'>SACRO.</span> 
     </span>
    </p>
   </div>
   <div class='ocr_carea' id='block_1_3' title="bbox 3725 271 3833 327">
    <p class='ocr_par' dir='ltr' id='par_1_3' title="bbox 3725 271 3833 327">
     <span class='ocr_line' id='line_1_3' title="bbox 3725 271 3833 327; baseline 0.009 -1"><span class='ocrx_word' id='word_1_11' title='bbox 3725 271 3833 327; x_wconf 71' lang='lat'>712</span> 
     </span>
    </p>
   </div>
   <div class='ocr_carea' id='block_1_4' title="bbox 427 391 3836 468">
    <p class='ocr_par' dir='ltr' id='par_1_4' title="bbox 427 391 3836 468">
     <span class='ocr_line' id='line_1_4' title="bbox 427 391 3836 468; baseline 0 -13"><span class='ocrx_word' id='word_1_12' title='bbox 427 397 511 455; x_wconf 87' lang='lat' dir='ltr'>illi</span> <span class='ocrx_word' id='word_1_13' title='bbox 553 397 900 464; x_wconf 82' lang='lat' dir='ltr'>obruebant,</span> <span class='ocrx_word' id='word_1_14' title='bbox 929 400 986 452; x_wconf 88' lang='lat' dir='ltr'>et</span> <span class='ocrx_word' id='word_1_15' title='bbox 1015 395 1112 452; x_wconf 84' lang='lat' dir='ltr'>isti</span> <span class='ocrx_word' id='word_1_16' title='bbox 1167 396 1529 452; x_wconf 89' lang='lat' dir='ltr'>occidebant.</span> <span class='ocrx_word' id='word_1_17' title='bbox 1555 393 1656 450; x_wconf 91' lang='lat' dir='ltr'>Cui</span> <span class='ocrx_word' id='word_1_18' title='bbox 1699 392 2075 447; x_wconf 90' lang='lat' dir='ltr'>Boamundus</span> <span class='ocrx_word' id='word_1_19' title='bbox 2109 399 2158 464; x_wconf 80' lang='grc' dir='ltr'><strong>Α</strong></span> <span class='ocrx_word' id='word_1_20' title='bbox 2189 391 2580 466; x_wconf 89' lang='lat' dir='ltr'>culum,quod</span> <span class='ocrx_word' id='word_1_21' title='bbox 2613 411 2714 467; x_wconf 88' lang='lat' dir='ltr'>per</span> <span class='ocrx_word' id='word_1_22' title='bbox 2740 413 2846 452; x_wconf 92' lang='lat' dir='ltr'>nos</span> <span class='ocrx_word' id='word_1_23' title='bbox 2875 402 3146 468; x_wconf 81' lang='lat' dir='ltr'>operatur</span> <span class='ocrx_word' id='word_1_24' title='bbox 3176 397 3461 455; x_wconf 84' lang='lat' dir='ltr'>Dominus</span> <span class='ocrx_word' id='word_1_25' title='bbox 3482 398 3660 456; x_wconf 87' lang='lat' dir='ltr'>Jesus</span> <span class='ocrx_word' id='word_1_26' title='bbox 3681 399 3836 455; x_wconf 92' lang='lat' dir='ltr'>Chri-</span> 
     </span>
    </p>
   </div>
   <div class='ocr_carea' id='block_1_5' title="bbox 428 481 2078 554">
    <p class='ocr_par' dir='ltr' id='par_1_5' title="bbox 428 481 2078 554">
     <span class='ocr_line' id='line_1_5' title="bbox 428 481 2078 554; baseline -0.005 -10"><span class='ocrx_word' id='word_1_27' title='bbox 428 489 508 544; x_wconf 83' lang='lat' dir='ltr'>ait</span> <span class='ocrx_word' id='word_1_28' title='bbox 539 505 553 544; x_wconf 91' lang='lat'><strong>:</strong></span> <span class='ocrx_word' id='word_1_29' title='bbox 589 512 617 538; x_wconf 83' lang='lat'><strong>«</strong></span> <span class='ocrx_word' id='word_1_30' title='bbox 655 488 908 543; x_wconf 85' lang='lat' dir='ltr'>Putasne</span> <span class='ocrx_word' id='word_1_31' title='bbox 969 485 1152 542; x_wconf 90' lang='lat' dir='ltr'>alium</span> <span class='ocrx_word' id='word_1_32' title='bbox 1193 485 1511 541; x_wconf 86' lang='lat' dir='ltr'>exercitum</span> <span class='ocrx_word' id='word_1_33' title='bbox 1557 499 1685 538; x_wconf 92' lang='lat' dir='ltr'>esse</span> <span class='ocrx_word' id='word_1_34' title='bbox 1716 499 1890 554; x_wconf 88' lang='lat' dir='ltr'>quam</span> <span class='ocrx_word' id='word_1_35' title='bbox 1921 481 2078 536; x_wconf 91' lang='lat' dir='ltr'>hunc</span> 
     </span>
    </p>
   </div>
   <div class='ocr_carea' id='block_1_6' title="bbox 427 569 2078 652">
    <p class='ocr_par' dir='ltr' id='par_1_6' title="bbox 427 569 2078 652">
     <span class='ocr_line' id='line_1_6' title="bbox 427 569 2078 652; baseline -0.005 -19"><span class='ocrx_word' id='word_1_36' title='bbox 427 595 602 652; x_wconf 85' lang='lat' dir='ltr'>quem</span> <span class='ocrx_word' id='word_1_37' title='bbox 633 577 795 634; x_wconf 86' lang='lat' dir='ltr'>vides</span> <span class='ocrx_word' id='word_1_38' title='bbox 825 575 1136 633; x_wconf 84' lang='lat' dir='ltr'>uestrum?</span> <span class='ocrx_word' id='word_1_39' title='bbox 1163 599 1190 625; x_wconf 88' lang='lat'><strong>«</strong></span> <span class='ocrx_word' id='word_1_40' title='bbox 1210 575 1314 630; x_wconf 90' lang='lat' dir='ltr'>Cui</span> <span class='ocrx_word' id='word_1_41' title='bbox 1347 574 1442 629; x_wconf 91' lang='lat' dir='ltr'>ille</span> <span class='ocrx_word' id='word_1_42' title='bbox 1476 590 1487 628; x_wconf 90' lang='lat'><strong>:</strong></span> <span class='ocrx_word' id='word_1_43' title='bbox 1524 596 1549 622; x_wconf 85' lang='lat'><strong>«</strong></span> <span class='ocrx_word' id='word_1_44' title='bbox 1573 572 1678 627; x_wconf 91' lang='lat' dir='ltr'>Per</span> <span class='ocrx_word' id='word_1_45' title='bbox 1708 569 2078 626; x_wconf 86' lang='lat' dir='ltr'>Maehomum</span> 
     </span>
    </p>
   </div>
   <div class='ocr_carea' id='block_1_7' title="bbox 427 660 2076 740">
    <p class='ocr_par' dir='ltr' id='par_1_7' title="bbox 427 660 2076 740">
     <span class='ocr_line' id='line_1_7' title="bbox 427 660 2076 740; baseline -0.007 -16"><span class='ocrx_word' id='word_1_46' title='bbox 427 685 628 724; x_wconf 90' lang='lat' dir='ltr'>meum</span> <span class='ocrx_word' id='word_1_47' title='bbox 659 670 1075 740; x_wconf 67' lang='lat' dir='ltr'>praeceptorem</span> <span class='ocrx_word' id='word_1_48' title='bbox 1102 665 1260 736; x_wconf 90' lang='lat' dir='ltr'>juro,</span> <span class='ocrx_word' id='word_1_49' title='bbox 1279 662 1556 736; x_wconf 89' lang='lat' dir='ltr'>quoniam</span> <span class='ocrx_word' id='word_1_50' title='bbox 1583 661 1630 717; x_wconf 89' lang='lat' dir='ltr'>si</span> <span class='ocrx_word' id='word_1_51' title='bbox 1660 660 1756 716; x_wconf 92' lang='lat' dir='ltr'>hic</span> <span class='ocrx_word' id='word_1_52' title='bbox 1784 661 2076 728; x_wconf 85' lang='lat' dir='ltr'>adessent,</span> 
     </span>
    </p>
   </div>
   <div class='ocr_carea' id='block_1_8' title="bbox 423 747 2080 828">
    <p class='ocr_par' dir='ltr' id='par_1_8' title="bbox 423 747 2080 828">
     <span class='ocr_line' id='line_1_8' title="bbox 423 747 2080 828; baseline -0.007 -14"><span class='ocrx_word' id='word_1_53' title='bbox 423 757 547 814; x_wconf 84' lang='lat' dir='ltr'>tota</span> <span class='ocrx_word' id='word_1_54' title='bbox 577 751 700 812; x_wconf 77' lang='lat' dir='ltr'>hzec</span> <span class='ocrx_word' id='word_1_55' title='bbox 730 755 1004 828; x_wconf 86' lang='lat' dir='ltr'>planities</span> <span class='ocrx_word' id='word_1_56' title='bbox 1027 753 1161 809; x_wconf 91' lang='lat' dir='ltr'>illos</span> <span class='ocrx_word' id='word_1_57' title='bbox 1193 770 1308 808; x_wconf 90' lang='lat' dir='ltr'>non</span> <span class='ocrx_word' id='word_1_58' title='bbox 1341 755 1592 825; x_wconf 80' lang='lat' dir='ltr'>caperet.</span> <span class='ocrx_word' id='word_1_59' title='bbox 1616 751 1831 806; x_wconf 89' lang='lat' dir='ltr'>Omnes</span> <span class='ocrx_word' id='word_1_60' title='bbox 1861 747 2080 805; x_wconf 85' lang='lat' dir='ltr'>habent</span> 
     </span>
    </p>
   </div>
   <div class='ocr_carea' id='block_1_9' title="bbox 424 837 2078 920">
    <p class='ocr_par' dir='ltr' id='par_1_9' title="bbox 424 837 2078 920">
     <span class='ocr_line' id='line_1_9' title="bbox 424 837 2078 920; baseline -0.007 -17"><span class='ocrx_word' id='word_1_61' title='bbox 424 863 608 920; x_wconf 88' lang='lat' dir='ltr'>equos</span> <span class='ocrx_word' id='word_1_62' title='bbox 663 845 848 912; x_wconf 90' lang='lat' dir='ltr'>albos,</span> <span class='ocrx_word' id='word_1_63' title='bbox 901 843 1060 899; x_wconf 72' lang='lat' dir='ltr'>mirae</span> <span class='ocrx_word' id='word_1_64' title='bbox 1125 840 1458 909; x_wconf 76' lang='lat' dir='ltr'>celeiitatis,</span> <span class='ocrx_word' id='word_1_65' title='bbox 1507 844 1564 896; x_wconf 90' lang='lat' dir='ltr'>et</span> <span class='ocrx_word' id='word_1_66' title='bbox 1604 837 1968 906; x_wconf 87' lang='lat' dir='ltr'>vestimenta,</span> <span class='ocrx_word' id='word_1_67' title='bbox 2022 841 2078 892; x_wconf 92' lang='lat' dir='ltr'>et</span> 
     </span>
    </p>
   </div>
   <div class='ocr_carea' id='block_1_10' title="bbox 425 927 2076 1004">
    <p class='ocr_par' dir='ltr' id='par_1_10' title="bbox 425 927 2076 1004">
     <span class='ocr_line' id='line_1_10' title="bbox 425 927 2076 1004; baseline -0.007 -11"><span class='ocrx_word' id='word_1_68' title='bbox 425 939 615 1002; x_wconf 81' lang='lat' dir='ltr'>scuta,</span> <span class='ocrx_word' id='word_1_69' title='bbox 650 940 706 990; x_wconf 92' lang='lat' dir='ltr'>et</span> <span class='ocrx_word' id='word_1_70' title='bbox 734 932 945 990; x_wconf 87' lang='lat' dir='ltr'>vexilla</span> <span class='ocrx_word' id='word_1_71' title='bbox 976 933 1243 1004; x_wconf 87' lang='lat' dir='ltr'>ejusdem</span> <span class='ocrx_word' id='word_1_72' title='bbox 1277 929 1508 987; x_wconf 90' lang='lat' dir='ltr'>coloris.</span> <span class='ocrx_word' id='word_1_73' title='bbox 1537 929 1648 985; x_wconf 88' lang='lat' dir='ltr'>Sed</span> <span class='ocrx_word' id='word_1_74' title='bbox 1682 927 1923 984; x_wconf 81' lang='lat' dir='ltr'>forsitan</span> <span class='ocrx_word' id='word_1_75' title='bbox 1947 927 2076 982; x_wconf 92' lang='lat' dir='ltr'>ideo</span> 
     </span>
    </p>
   </div>
   <div class='ocr_carea' id='block_1_11' title="bbox 424 1016 2071 1089">
    <p class='ocr_par' dir='ltr' id='par_1_11' title="bbox 424 1016 2071 1089">
     <span class='ocr_line' id='line_1_11' title="bbox 424 1016 2071 1089; baseline -0.006 -7"><span class='ocrx_word' id='word_1_76' title='bbox 424 1024 885 1089; x_wconf 79' lang='lat' dir='ltr'>abscondantur,</span> <span class='ocrx_word' id='word_1_77' title='bbox 921 1039 991 1077; x_wconf 91' lang='lat' dir='ltr'>ne</span> <span class='ocrx_word' id='word_1_78' title='bbox 1019 1020 1204 1078; x_wconf 90' lang='lat' dir='ltr'>virtus</span> <span class='ocrx_word' id='word_1_79' title='bbox 1234 1025 1426 1078; x_wconf 90' lang='lat' dir='ltr'>vestra</span> <span class='ocrx_word' id='word_1_80' title='bbox 1457 1017 1622 1074; x_wconf 88' lang='lat' dir='ltr'>nobis</span> <span class='ocrx_word' id='word_1_81' title='bbox 1647 1016 2071 1072; x_wconf 87' lang='lat' dir='ltr'>manifestetur.</span> 
     </span>
    </p>
   </div>
   <div class='ocr_carea' id='block_1_12' title="bbox 417 1107 2076 1187">
    <p class='ocr_par' dir='ltr' id='par_1_12' title="bbox 417 1107 2076 1187">
     <span class='ocr_line' id='line_1_12' title="bbox 417 1107 2076 1187; baseline -0.005 -17"><span class='ocrx_word' id='word_1_82' title='bbox 417 1115 535 1172; x_wconf 86' lang='lat' dir='ltr'>Sed</span> <span class='ocrx_word' id='word_1_83' title='bbox 569 1131 672 1187; x_wconf 92' lang='lat' dir='ltr'>per</span> <span class='ocrx_word' id='word_1_84' title='bbox 701 1114 896 1178; x_wconf 83' lang='lat' dir='ltr'>fidem,</span> <span class='ocrx_word' id='word_1_85' title='bbox 913 1129 1091 1184; x_wconf 91' lang='lat' dir='ltr'>quam</span> <span class='ocrx_word' id='word_1_86' title='bbox 1123 1111 1304 1167; x_wconf 90' lang='lat' dir='ltr'>habes</span> <span class='ocrx_word' id='word_1_87' title='bbox 1326 1110 1386 1165; x_wconf 94' lang='lat' dir='ltr'>in</span> <span class='ocrx_word' id='word_1_88' title='bbox 1409 1109 1633 1173; x_wconf 88' lang='lat' dir='ltr'>Jesum,</span> <span class='ocrx_word' id='word_1_89' title='bbox 1656 1107 1756 1164; x_wconf 89' lang='lat' dir='ltr'>ubi</span> <span class='ocrx_word' id='word_1_90' title='bbox 1779 1111 1969 1162; x_wconf 90' lang='lat' dir='ltr'>castra</span> <span class='ocrx_word' id='word_1_91' title='bbox 1987 1122 2076 1162; x_wconf 89' lang='lat' dir='ltr'>co-</span> 
     </span>
    </p>
   </div>
   <div class='ocr_carea' id='block_1_13' title="bbox 423 1194 2073 1270">
    <p class='ocr_par' dir='ltr' id='par_1_13' title="bbox 423 1194 2073 1270">
     <span class='ocr_line' id='line_1_13' title="bbox 423 1194 2073 1270; baseline -0.006 -10"><span class='ocrx_word' id='word_1_92' title='bbox 423 1221 555 1260; x_wconf 90' lang='lat' dir='ltr'>rum</span> <span class='ocrx_word' id='word_1_93' title='bbox 583 1202 774 1258; x_wconf 89' lang='lat' dir='ltr'>locata</span> <span class='ocrx_word' id='word_1_94' title='bbox 805 1199 986 1257; x_wconf 80' lang='lat' dir='ltr'>sunt?</span> <span class='ocrx_word' id='word_1_95' title='bbox 1021 1223 1045 1248; x_wconf 74' lang='grc' dir='ltr'><em>η</em></span> <span class='ocrx_word' id='word_1_96' title='bbox 1078 1200 1458 1255; x_wconf 88' lang='lat' dir='ltr'>Boamundus</span> <span class='ocrx_word' id='word_1_97' title='bbox 1503 1198 1698 1270; x_wconf 81' lang='lat' dir='ltr'>itaque</span> <span class='ocrx_word' id='word_1_98' title='bbox 1731 1196 1944 1269; x_wconf 89' lang='lat' dir='ltr'>spiritu</span> <span class='ocrx_word' id='word_1_99' title='bbox 1973 1194 2073 1250; x_wconf 91' lang='lat' dir='ltr'>Dei</span> 
     </span>
    </p>
   </div>
   <div class='ocr_carea' id='block_1_14' title="bbox 420 1285 2072 1361">
    <p class='ocr_par' dir='ltr' id='par_1_14' title="bbox 420 1285 2072 1361">
     <span class='ocr_line' id='line_1_14' title="bbox 420 1285 2072 1361; baseline -0.006 -13"><span class='ocrx_word' id='word_1_100' title='bbox 420 1292 773 1359; x_wconf 86' lang='lat' dir='ltr'>illustratus,</span> <span class='ocrx_word' id='word_1_101' title='bbox 798 1288 952 1346; x_wconf 91' lang='lat' dir='ltr'>illico</span> <span class='ocrx_word' id='word_1_102' title='bbox 967 1290 1152 1346; x_wconf 85' lang='lat' dir='ltr'>sensit</span> <span class='ocrx_word' id='word_1_103' title='bbox 1168 1290 1321 1345; x_wconf 87' lang='lat' dir='ltr'>hanc</span> <span class='ocrx_word' id='word_1_104' title='bbox 1339 1305 1515 1361; x_wconf 91' lang='lat' dir='ltr'>quam</span> <span class='ocrx_word' id='word_1_105' title='bbox 1533 1285 2072 1352; x_wconf 84' lang='lat' dir='ltr'>viderat,visionem</span> 
     </span>
    </p>
   </div>
   <div class='ocr_carea' id='block_1_15' title="bbox 421 1374 2073 1452">
    <p class='ocr_par' dir='ltr' id='par_1_15' title="bbox 421 1374 2073 1452">
     <span class='ocr_line' id='line_1_15' title="bbox 421 1374 2073 1452; baseline -0.006 -14"><span class='ocrx_word' id='word_1_106' title='bbox 421 1382 523 1439; x_wconf 91' lang='lat' dir='ltr'>Dei</span> <span class='ocrx_word' id='word_1_107' title='bbox 554 1398 702 1448; x_wconf 90' lang='lat' dir='ltr'>esse,</span> <span class='ocrx_word' id='word_1_108' title='bbox 737 1396 841 1436; x_wconf 91' lang='lat' dir='ltr'>nec</span> <span class='ocrx_word' id='word_1_109' title='bbox 873 1379 1028 1452; x_wconf 91' lang='lat' dir='ltr'>quod</span> <span class='ocrx_word' id='word_1_110' title='bbox 1083 1379 1379 1451; x_wconf 62' lang='lat' dir='ltr'>quaerebat</span> <span class='ocrx_word' id='word_1_111' title='bbox 1409 1381 1464 1434; x_wconf 92' lang='lat' dir='ltr'>et</span> <span class='ocrx_word' id='word_1_112' title='bbox 1501 1375 1838 1442; x_wconf 90' lang='lat' dir='ltr'>tentatione,</span> <span class='ocrx_word' id='word_1_113' title='bbox 1871 1374 1971 1431; x_wconf 90' lang='lat' dir='ltr'>sed</span> <span class='ocrx_word' id='word_1_114' title='bbox 2005 1391 2073 1429; x_wconf 86' lang='lat' dir='ltr'>ex</span> 
     </span>
    </p>
   </div>
   <div class='ocr_carea' id='block_1_16' title="bbox 420 1463 2066 1542">
    <p class='ocr_par' dir='ltr' id='par_1_16' title="bbox 420 1463 2066 1542">
     <span class='ocr_line' id='line_1_16' title="bbox 420 1463 2066 1542; baseline -0.006 -14"><span class='ocrx_word' id='word_1_115' title='bbox 420 1473 574 1528; x_wconf 87' lang='lat' dir='ltr'>bona</span> <span class='ocrx_word' id='word_1_116' title='bbox 602 1469 900 1526; x_wconf 88' lang='lat' dir='ltr'>voluntate</span> <span class='ocrx_word' id='word_1_117' title='bbox 952 1469 1262 1542; x_wconf 88' lang='lat' dir='ltr'>procedere</span> <span class='ocrx_word' id='word_1_118' title='bbox 1296 1485 1309 1522; x_wconf 87' lang='lat'><strong>:</strong></span> <span class='ocrx_word' id='word_1_119' title='bbox 1343 1472 1400 1524; x_wconf 87' lang='lat' dir='ltr'>et</span> <span class='ocrx_word' id='word_1_120' title='bbox 1429 1465 1789 1538; x_wconf 91' lang='lat' dir='ltr'>respondens</span> <span class='ocrx_word' id='word_1_121' title='bbox 1836 1463 2066 1536; x_wconf 87' lang='lat' dir='ltr'>inquit:</span> 
     </span>
    </p>
   </div>
   <div class='ocr_carea' id='block_1_17' title="bbox 421 1553 2072 1630">
    <p class='ocr_par' dir='ltr' id='par_1_17' title="bbox 421 1553 2072 1630">
     <span class='ocr_line' id='line_1_17' title="bbox 421 1553 2072 1630; baseline -0.002 -18"><span class='ocrx_word' id='word_1_122' title='bbox 421 1587 447 1612; x_wconf 87' lang='grc'><em>‹‹</em></span> <span class='ocrx_word' id='word_1_123' title='bbox 485 1559 644 1617; x_wconf 90' lang='lat' dir='ltr'>Licet</span> <span class='ocrx_word' id='word_1_124' title='bbox 675 1559 757 1616; x_wconf 90' lang='lat' dir='ltr'>sis</span> <span class='ocrx_word' id='word_1_125' title='bbox 787 1563 1096 1614; x_wconf 86' lang='lat' dir='ltr'>cxtraneus</span> <span class='ocrx_word' id='word_1_126' title='bbox 1129 1575 1163 1614; x_wconf 91' lang='lat' dir='ltr'>a</span> <span class='ocrx_word' id='word_1_127' title='bbox 1191 1557 1316 1630; x_wconf 86' lang='lat' dir='ltr'>lege</span> <span class='ocrx_word' id='word_1_128' title='bbox 1360 1560 1582 1622; x_wconf 83' lang='lat' dir='ltr'>nostra,</span> <span class='ocrx_word' id='word_1_129' title='bbox 1617 1555 1757 1627; x_wconf 88' lang='lat' dir='ltr'>quia</span> <span class='ocrx_word' id='word_1_130' title='bbox 1803 1553 1969 1609; x_wconf 77' lang='lat' dir='ltr'>video</span> <span class='ocrx_word' id='word_1_131' title='bbox 2017 1558 2072 1608; x_wconf 92' lang='lat' dir='ltr'>te</span> 
     </span>
    </p>
   </div>
   <div class='ocr_carea' id='block_1_18' title="bbox 421 1643 2068 1721">
    <p class='ocr_par' dir='ltr' id='par_1_18' title="bbox 421 1643 2068 1721">
     <span class='ocr_line' id='line_1_18' title="bbox 421 1643 2068 1721; baseline -0.007 -14"><span class='ocrx_word' id='word_1_132' title='bbox 421 1653 572 1707; x_wconf 89' lang='lat' dir='ltr'>bona</span> <span class='ocrx_word' id='word_1_133' title='bbox 596 1666 734 1721; x_wconf 87' lang='lat' dir='ltr'>erga</span> <span class='ocrx_word' id='word_1_134' title='bbox 751 1666 857 1704; x_wconf 94' lang='lat' dir='ltr'>nos</span> <span class='ocrx_word' id='word_1_135' title='bbox 874 1647 1191 1715; x_wconf 84' lang='lat' dir='ltr'>voluntate,</span> <span class='ocrx_word' id='word_1_136' title='bbox 1207 1647 1478 1718; x_wconf 89' lang='lat' dir='ltr'>bonoque</span> <span class='ocrx_word' id='word_1_137' title='bbox 1495 1644 1701 1716; x_wconf 87' lang='lat' dir='ltr'>spiritu</span> <span class='ocrx_word' id='word_1_138' title='bbox 1720 1643 2068 1710; x_wconf 88' lang='lat' dir='ltr'>animatum,</span> 
     </span>
    </p>
   </div>
   <div class='ocr_carea' id='block_1_19' title="bbox 420 1731 2151 1835">
    <p class='ocr_par' dir='ltr' id='par_1_19' title="bbox 420 1731 2151 1835">
     <span class='ocr_line' id='line_1_19' title="bbox 420 1731 2151 1835; baseline -0.008 -38"><span class='ocrx_word' id='word_1_139' title='bbox 420 1738 677 1813; x_wconf 88' lang='lat' dir='ltr'>aperiam</span> <span class='ocrx_word' id='word_1_140' title='bbox 703 1737 803 1794; x_wconf 84' lang='lat' dir='ltr'>tibi</span> <span class='ocrx_word' id='word_1_141' title='bbox 829 1737 1064 1810; x_wconf 86' lang='lat' dir='ltr'>aliquod</span> <span class='ocrx_word' id='word_1_142' title='bbox 1097 1736 1230 1792; x_wconf 82' lang='lat' dir='ltr'>ﬁdei</span> <span class='ocrx_word' id='word_1_143' title='bbox 1263 1740 1478 1791; x_wconf 73' lang='lat' dir='ltr'>nostrae</span> <span class='ocrx_word' id='word_1_144' title='bbox 1501 1737 1961 1832; x_wconf 79' lang='lat' dir='ltr'>sacramentum.</span> <span class='ocrx_word' id='word_1_145' title='bbox 2007 1731 2067 1786; x_wconf 90' lang='lat' dir='ltr'>Si</span> 
     </span>
    </p>
   </div>
   <div class='ocr_carea' id='block_1_20' title="bbox 417 1821 2073 1900">
    <p class='ocr_par' dir='ltr' id='par_1_20' title="bbox 417 1821 2073 1900">
     <span class='ocr_line' id='line_1_20' title="bbox 417 1821 2073 1900; baseline -0.007 -14"><span class='ocrx_word' id='word_1_146' title='bbox 417 1834 650 1887; x_wconf 87' lang='lat' dir='ltr'>tantum</span> <span class='ocrx_word' id='word_1_147' title='bbox 682 1827 956 1900; x_wconf 81' lang='lat' dir='ltr'>profundi</span> <span class='ocrx_word' id='word_1_148' title='bbox 989 1825 1321 1882; x_wconf 90' lang='lat' dir='ltr'>intellectus</span> <span class='ocrx_word' id='word_1_149' title='bbox 1353 1824 1618 1889; x_wconf 83' lang='lat' dir='ltr'>haberes,</span> <span class='ocrx_word' id='word_1_150' title='bbox 1650 1821 1870 1895; x_wconf 84' lang='lat' dir='ltr'>gratias</span> <span class='ocrx_word' id='word_1_151' title='bbox 1901 1825 2073 1876; x_wconf 88' lang='lat' dir='ltr'>Crea-</span> 
     </span>
    </p>
   </div>
   <div class='ocr_carea' id='block_1_21' title="bbox 419 1911 2071 1986">
    <p class='ocr_par' dir='ltr' id='par_1_21' title="bbox 419 1911 2071 1986">
     <span class='ocr_line' id='line_1_21' title="bbox 419 1911 2071 1986; baseline -0.007 -10"><span class='ocrx_word' id='word_1_152' title='bbox 419 1920 531 1976; x_wconf 90' lang='lat' dir='ltr'>tori</span> <span class='ocrx_word' id='word_1_153' title='bbox 563 1917 829 1976; x_wconf 90' lang='lat' dir='ltr'>omnium</span> <span class='ocrx_word' id='word_1_154' title='bbox 863 1918 1076 1974; x_wconf 84' lang='lat' dir='ltr'>referre</span> <span class='ocrx_word' id='word_1_155' title='bbox 1105 1916 1370 1981; x_wconf 86' lang='lat' dir='ltr'>deberes,</span> <span class='ocrx_word' id='word_1_156' title='bbox 1394 1914 1492 1986; x_wconf 93' lang='lat' dir='ltr'>qui</span> <span class='ocrx_word' id='word_1_157' title='bbox 1512 1912 1618 1968; x_wconf 90' lang='lat' dir='ltr'>tibi</span> <span class='ocrx_word' id='word_1_158' title='bbox 1649 1911 2071 1967; x_wconf 82' lang='lat' dir='ltr'>estenditexer-</span> 
     </span>
    </p>
   </div>
   <div class='ocr_carea' id='block_1_22' title="bbox 420 2003 2073 2076">
    <p class='ocr_par' dir='ltr' id='par_1_22' title="bbox 420 2003 2073 2076">
     <span class='ocr_line' id='line_1_22' title="bbox 420 2003 2073 2076; baseline -0.007 -10"><span class='ocrx_word' id='word_1_159' title='bbox 420 2009 601 2067; x_wconf 90' lang='lat' dir='ltr'>citum</span> <span class='ocrx_word' id='word_1_160' title='bbox 634 2009 1034 2074; x_wconf 88' lang='lat' dir='ltr'>candidatum,</span> <span class='ocrx_word' id='word_1_161' title='bbox 1067 2010 1123 2061; x_wconf 88' lang='lat' dir='ltr'>et</span> <span class='ocrx_word' id='word_1_162' title='bbox 1154 2005 1305 2060; x_wconf 89' lang='lat' dir='ltr'>scias</span> <span class='ocrx_word' id='word_1_163' title='bbox 1343 2003 1480 2076; x_wconf 92' lang='lat' dir='ltr'>quia</span> <span class='ocrx_word' id='word_1_164' title='bbox 1512 2003 1569 2056; x_wconf 92' lang='lat' dir='ltr'>in</span> <span class='ocrx_word' id='word_1_165' title='bbox 1602 2006 1755 2058; x_wconf 89' lang='lat' dir='ltr'>terra</span> <span class='ocrx_word' id='word_1_166' title='bbox 1786 2017 1900 2056; x_wconf 91' lang='lat' dir='ltr'>non</span> <span class='ocrx_word' id='word_1_167' title='bbox 1934 2017 2073 2055; x_wconf 91' lang='lat' dir='ltr'>con-</span> 
     </span>
    </p>
   </div>
   <div class='ocr_carea' id='block_1_23' title="bbox 418 2087 2072 2167">
    <p class='ocr_par' dir='ltr' id='par_1_23' title="bbox 418 2087 2072 2167">
     <span class='ocr_line' id='line_1_23' title="bbox 418 2087 2072 2167; baseline -0.007 -12"><span class='ocrx_word' id='word_1_168' title='bbox 418 2105 745 2167; x_wconf 86' lang='lat' dir='ltr'>versantur,</span> <span class='ocrx_word' id='word_1_169' title='bbox 763 2099 862 2153; x_wconf 87' lang='lat' dir='ltr'>sed</span> <span class='ocrx_word' id='word_1_170' title='bbox 897 2097 953 2151; x_wconf 92' lang='lat' dir='ltr'>in</span> <span class='ocrx_word' id='word_1_171' title='bbox 989 2093 1262 2167; x_wconf 78' lang='lat' dir='ltr'>supernis</span> <span class='ocrx_word' id='word_1_172' title='bbox 1284 2092 1690 2148; x_wconf 88' lang='lat' dir='ltr'>mansionibus</span> <span class='ocrx_word' id='word_1_173' title='bbox 1714 2089 1876 2162; x_wconf 85' lang='lat' dir='ltr'>regni</span> <span class='ocrx_word' id='word_1_174' title='bbox 1900 2087 2072 2144; x_wconf 63' lang='lat' dir='ltr'>coale-</span> 
     </span>
    </p>
   </div>
   <div class='ocr_carea' id='block_1_24' title="bbox 422 2177 2072 2258">
    <p class='ocr_par' dir='ltr' id='par_1_24' title="bbox 422 2177 2072 2258">
     <span class='ocr_line' id='line_1_24' title="bbox 422 2177 2072 2258; baseline -0.008 -13"><span class='ocrx_word' id='word_1_175' title='bbox 422 2205 576 2245; x_wconf 91' lang='lat' dir='ltr'>rum.</span> <span class='ocrx_word' id='word_1_176' title='bbox 597 2188 662 2244; x_wconf 91' lang='lat' dir='ltr'>lli</span> <span class='ocrx_word' id='word_1_177' title='bbox 691 2191 831 2243; x_wconf 91' lang='lat' dir='ltr'>sunt</span> <span class='ocrx_word' id='word_1_178' title='bbox 860 2184 960 2257; x_wconf 93' lang='lat' dir='ltr'>qui</span> <span class='ocrx_word' id='word_1_179' title='bbox 993 2202 1095 2258; x_wconf 91' lang='lat' dir='ltr'>pro</span> <span class='ocrx_word' id='word_1_180' title='bbox 1127 2185 1241 2239; x_wconf 85' lang='lat' dir='ltr'>fide</span> <span class='ocrx_word' id='word_1_181' title='bbox 1271 2182 1485 2238; x_wconf 90' lang='lat' dir='ltr'>Christi</span> <span class='ocrx_word' id='word_1_182' title='bbox 1521 2179 1867 2253; x_wconf 84' lang='lat' dir='ltr'>martyrium</span> <span class='ocrx_word' id='word_1_183' title='bbox 1887 2177 2072 2234; x_wconf 87' lang='lat' dir='ltr'>susti-</span> 
     </span>
    </p>
   </div>
   <div class='ocr_carea' id='block_1_25' title="bbox 422 2268 2073 2343">
    <p class='ocr_par' dir='ltr' id='par_1_25' title="bbox 422 2268 2073 2343">
     <span class='ocr_line' id='line_1_25' title="bbox 422 2268 2073 2343; baseline -0.007 -10"><span class='ocrx_word' id='word_1_184' title='bbox 422 2281 698 2343; x_wconf 88' lang='lat' dir='ltr'>nuerunt,</span> <span class='ocrx_word' id='word_1_185' title='bbox 731 2281 787 2330; x_wconf 91' lang='lat' dir='ltr'>et</span> <span class='ocrx_word' id='word_1_186' title='bbox 813 2275 873 2329; x_wconf 93' lang='lat' dir='ltr'>in</span> <span class='ocrx_word' id='word_1_187' title='bbox 907 2274 1066 2330; x_wconf 91' lang='lat' dir='ltr'>omni</span> <span class='ocrx_word' id='word_1_188' title='bbox 1097 2279 1253 2328; x_wconf 89' lang='lat' dir='ltr'>terra</span> <span class='ocrx_word' id='word_1_189' title='bbox 1282 2276 1485 2327; x_wconf 91' lang='lat' dir='ltr'>contra</span> <span class='ocrx_word' id='word_1_190' title='bbox 1529 2268 1864 2325; x_wconf 90' lang='lat' dir='ltr'>incredulos</span> <span class='ocrx_word' id='word_1_191' title='bbox 1894 2268 2073 2322; x_wconf 88' lang='lat' dir='ltr'>dimi-</span> 
     </span>
    </p>
   </div>
   <div class='ocr_carea' id='block_1_26' title="bbox 421 2357 2070 2437">
    <p class='ocr_par' dir='ltr' id='par_1_26' title="bbox 421 2357 2070 2437">
     <span class='ocr_line' id='line_1_26' title="bbox 421 2357 2070 2437; baseline -0.007 -15"><span class='ocrx_word' id='word_1_192' title='bbox 421 2365 957 2437; x_wconf 59' lang='lat' dir='ltr'>caverunt.:Horum</span> <span class='ocrx_word' id='word_1_193' title='bbox 991 2362 1266 2436; x_wconf 71' lang='lat' dir='ltr'>prazcipui</span> <span class='ocrx_word' id='word_1_194' title='bbox 1293 2366 1432 2418; x_wconf 91' lang='lat' dir='ltr'>sunt</span> <span class='ocrx_word' id='word_1_195' title='bbox 1454 2359 1744 2433; x_wconf 80' lang='lat' dir='ltr'>signiferi,</span> <span class='ocrx_word' id='word_1_196' title='bbox 1764 2357 2070 2430; x_wconf 87' lang='lat' dir='ltr'>Georgius,</span> 
     </span>
    </p>
   </div>
   <div class='ocr_carea' id='block_1_27' title="bbox 419 2446 2074 2523">
    <p class='ocr_par' dir='ltr' id='par_1_27' title="bbox 419 2446 2074 2523">
     <span class='ocr_line' id='line_1_27' title="bbox 419 2446 2074 2523; baseline -0.009 -9"><span class='ocrx_word' id='word_1_197' title='bbox 419 2455 770 2523; x_wconf 89' lang='lat' dir='ltr'>Demetrius,</span> <span class='ocrx_word' id='word_1_198' title='bbox 806 2453 1147 2519; x_wconf 87' lang='lat' dir='ltr'>Mauricius,</span> <span class='ocrx_word' id='word_1_199' title='bbox 1185 2451 1286 2523; x_wconf 90' lang='lat' dir='ltr'>qui</span> <span class='ocrx_word' id='word_1_200' title='bbox 1335 2451 1393 2505; x_wconf 91' lang='lat' dir='ltr'>in</span> <span class='ocrx_word' id='word_1_201' title='bbox 1445 2449 1553 2504; x_wconf 90' lang='lat' dir='ltr'>hac</span> <span class='ocrx_word' id='word_1_202' title='bbox 1597 2447 1910 2520; x_wconf 89' lang='lat' dir='ltr'>temporali</span> <span class='ocrx_word' id='word_1_203' title='bbox 1955 2446 2074 2500; x_wconf 90' lang='lat' dir='ltr'>vita</span> 
     </span>
    </p>
   </div>
   <div class='ocr_carea' id='block_1_28' title="bbox 423 2535 2073 2615">
    <p class='ocr_par' dir='ltr' id='par_1_28' title="bbox 423 2535 2073 2615">
     <span class='ocr_line' id='line_1_28' title="bbox 423 2535 2073 2615; baseline -0.008 -14"><span class='ocrx_word' id='word_1_204' title='bbox 423 2545 705 2603; x_wconf 87' lang='lat' dir='ltr'>militaria</span> <span class='ocrx_word' id='word_1_205' title='bbox 735 2561 898 2598; x_wconf 90' lang='lat' dir='ltr'>arma</span> <span class='ocrx_word' id='word_1_206' title='bbox 931 2545 1325 2615; x_wconf 78' lang='lat' dir='ltr'>gestaverunt,</span> <span class='ocrx_word' id='word_1_207' title='bbox 1360 2544 1414 2594; x_wconf 88' lang='lat' dir='ltr'>et</span> <span class='ocrx_word' id='word_1_208' title='bbox 1448 2556 1548 2611; x_wconf 88' lang='lat' dir='ltr'>pro</span> <span class='ocrx_word' id='word_1_209' title='bbox 1581 2537 1911 2592; x_wconf 86' lang='lat' dir='ltr'>Christiana</span> <span class='ocrx_word' id='word_1_210' title='bbox 1961 2535 2073 2589; x_wconf 82' lang='lat' dir='ltr'>fide</span> 
     </span>
    </p>
   </div>
   <div class='ocr_carea' id='block_1_29' title="bbox 421 2626 2074 2708">
    <p class='ocr_par' dir='ltr' id='par_1_29' title="bbox 421 2626 2074 2708">
     <span class='ocr_line' id='line_1_29' title="bbox 421 2626 2074 2708; baseline -0.009 -16"><span class='ocrx_word' id='word_1_211' title='bbox 421 2636 610 2708; x_wconf 90' lang='lat' dir='ltr'>capite</span> <span class='ocrx_word' id='word_1_212' title='bbox 641 2633 788 2706; x_wconf 86' lang='lat' dir='ltr'>plexi</span> <span class='ocrx_word' id='word_1_213' title='bbox 822 2636 979 2688; x_wconf 90' lang='lat' dir='ltr'>sunt.</span> <span class='ocrx_word' id='word_1_214' title='bbox 1001 2631 1064 2686; x_wconf 87' lang='lat' dir='ltr'>Hi</span> <span class='ocrx_word' id='word_1_215' title='bbox 1102 2631 1332 2702; x_wconf 88' lang='lat' dir='ltr'>quoties</span> <span class='ocrx_word' id='word_1_216' title='bbox 1363 2629 1532 2684; x_wconf 86' lang='lat' dir='ltr'>nobis</span> <span class='ocrx_word' id='word_1_217' title='bbox 1565 2626 2074 2700; x_wconf 83' lang='lat' dir='ltr'>expedit,jubente</span> 
     </span>
    </p>
   </div>
   <div class='ocr_carea' id='block_1_30' title="bbox 423 2713 2075 2790">
    <p class='ocr_par' dir='ltr' id='par_1_30' title="bbox 423 2713 2075 2790">
     <span class='ocr_line' id='line_1_30' title="bbox 423 2713 2075 2790; baseline -0.008 -9"><span class='ocrx_word' id='word_1_218' title='bbox 423 2725 672 2782; x_wconf 84' lang='lat' dir='ltr'>Domino</span> <span class='ocrx_word' id='word_1_219' title='bbox 701 2723 840 2779; x_wconf 88' lang='lat' dir='ltr'>Jesu</span> <span class='ocrx_word' id='word_1_220' title='bbox 871 2721 1120 2788; x_wconf 89' lang='lat' dir='ltr'>Christo,</span> <span class='ocrx_word' id='word_1_221' title='bbox 1141 2719 1310 2775; x_wconf 92' lang='lat' dir='ltr'>nobis</span> <span class='ocrx_word' id='word_1_222' title='bbox 1337 2719 1826 2790; x_wconf 79' lang='lat' dir='ltr'>suffragantur,et</span> <span class='ocrx_word' id='word_1_223' title='bbox 1850 2732 1950 2786; x_wconf 88' lang='lat' dir='ltr'>per</span> <span class='ocrx_word' id='word_1_224' title='bbox 1968 2713 2075 2769; x_wconf 89' lang='lat' dir='ltr'>hos</span> 
     </span>
    </p>
   </div>
   <div class='ocr_carea' id='block_1_31' title="bbox 425 2808 2074 2883">
    <p class='ocr_par' dir='ltr' id='par_1_31' title="bbox 425 2808 2074 2883">
     <span class='ocr_line' id='line_1_31' title="bbox 425 2808 2074 2883; baseline -0.008 -13"><span class='ocrx_word' id='word_1_225' title='bbox 425 2813 648 2871; x_wconf 92' lang='lat' dir='ltr'>inimici</span> <span class='ocrx_word' id='word_1_226' title='bbox 681 2811 865 2867; x_wconf 91' lang='lat' dir='ltr'>nostri</span> <span class='ocrx_word' id='word_1_227' title='bbox 898 2810 1356 2883; x_wconf 71' lang='lat' dir='ltr'>prmeipitantur.</span> <span class='ocrx_word' id='word_1_228' title='bbox 1391 2808 1459 2862; x_wconf 88' lang='lat' dir='ltr'>Et</span> <span class='ocrx_word' id='word_1_229' title='bbox 1490 2811 1554 2862; x_wconf 93' lang='lat' dir='ltr'>ut</span> <span class='ocrx_word' id='word_1_230' title='bbox 1583 2823 1674 2861; x_wconf 91' lang='lat' dir='ltr'>me</span> <span class='ocrx_word' id='word_1_231' title='bbox 1705 2821 1908 2860; x_wconf 88' lang='lat' dir='ltr'>verum</span> <span class='ocrx_word' id='word_1_232' title='bbox 1941 2819 2074 2875; x_wconf 88' lang='lat' dir='ltr'>cog-</span> 
     </span>
    </p>
   </div>
   <div class='ocr_carea' id='block_1_32' title="bbox 426 2891 2075 2974">
    <p class='ocr_par' dir='ltr' id='par_1_32' title="bbox 426 2891 2075 2974">
     <span class='ocr_line' id='line_1_32' title="bbox 426 2891 2075 2974; baseline -0.009 -14"><span class='ocrx_word' id='word_1_233' title='bbox 426 2920 631 2960; x_wconf 88' lang='lat' dir='ltr'>noscas</span> <span class='ocrx_word' id='word_1_234' title='bbox 660 2900 938 2974; x_wconf 84' lang='lat' dir='ltr'>profiteri,</span> <span class='ocrx_word' id='word_1_235' title='bbox 973 2897 1205 2972; x_wconf 91' lang='lat' dir='ltr'>inquire</span> <span class='ocrx_word' id='word_1_236' title='bbox 1237 2902 1293 2952; x_wconf 90' lang='lat' dir='ltr'>et</span> <span class='ocrx_word' id='word_1_237' title='bbox 1323 2896 1494 2952; x_wconf 91' lang='lat' dir='ltr'>hodie</span> <span class='ocrx_word' id='word_1_238' title='bbox 1521 2901 1576 2950; x_wconf 91' lang='lat' dir='ltr'>et</span> <span class='ocrx_word' id='word_1_239' title='bbox 1607 2912 1756 2963; x_wconf 91' lang='lat' dir='ltr'>cras,</span> <span class='ocrx_word' id='word_1_240' title='bbox 1803 2897 1858 2948; x_wconf 88' lang='lat' dir='ltr'>et</span> <span class='ocrx_word' id='word_1_241' title='bbox 1890 2893 1948 2947; x_wconf 90' lang='lat' dir='ltr'>in</span> <span class='ocrx_word' id='word_1_242' title='bbox 1981 2891 2075 2947; x_wconf 89' lang='lat' dir='ltr'>die</span> 
     </span>
    </p>
   </div>
   <div class='ocr_carea' id='block_1_33' title="bbox 425 2985 2076 3061">
    <p class='ocr_par' dir='ltr' id='par_1_33' title="bbox 425 2985 2076 3061">
     <span class='ocr_line' id='line_1_33' title="bbox 425 2985 2076 3061; baseline -0.008 -13"><span class='ocrx_word' id='word_1_243' title='bbox 425 2992 628 3060; x_wconf 88' lang='lat' dir='ltr'>altera,</span> <span class='ocrx_word' id='word_1_244' title='bbox 646 3008 719 3046; x_wconf 88' lang='lat' dir='ltr'>an</span> <span class='ocrx_word' id='word_1_245' title='bbox 753 2991 812 3044; x_wconf 90' lang='lat' dir='ltr'>in</span> <span class='ocrx_word' id='word_1_246' title='bbox 844 2993 966 3045; x_wconf 89' lang='lat' dir='ltr'>tota</span> <span class='ocrx_word' id='word_1_247' title='bbox 989 2988 1224 3061; x_wconf 86' lang='lat' dir='ltr'>regione</span> <span class='ocrx_word' id='word_1_248' title='bbox 1251 2987 1358 3042; x_wconf 92' lang='lat' dir='ltr'>hac</span> <span class='ocrx_word' id='word_1_249' title='bbox 1377 3003 1578 3042; x_wconf 90' lang='lat' dir='ltr'>eorum</span> <span class='ocrx_word' id='word_1_250' title='bbox 1597 2989 1787 3040; x_wconf 88' lang='lat' dir='ltr'>castra</span> <span class='ocrx_word' id='word_1_251' title='bbox 1805 2985 2076 3055; x_wconf 89' lang='lat' dir='ltr'>poterunt</span> 
     </span>
    </p>
   </div>
   <div class='ocr_carea' id='block_1_34' title="bbox 426 3073 2073 3146">
    <p class='ocr_par' dir='ltr' id='par_1_34' title="bbox 426 3073 2073 3146">
     <span class='ocr_line' id='line_1_34' title="bbox 426 3073 2073 3146; baseline -0.007 -9"><span class='ocrx_word' id='word_1_252' title='bbox 426 3081 698 3138; x_wconf 86' lang='lat' dir='ltr'>inveniri.</span> <span class='ocrx_word' id='word_1_253' title='bbox 733 3079 897 3144; x_wconf 90' lang='lat' dir='ltr'>Quod</span> <span class='ocrx_word' id='word_1_254' title='bbox 949 3078 999 3134; x_wconf 92' lang='lat' dir='ltr'>si</span> <span class='ocrx_word' id='word_1_255' title='bbox 1038 3077 1438 3142; x_wconf 87' lang='lat' dir='ltr'>inveniuntur,</span> <span class='ocrx_word' id='word_1_256' title='bbox 1475 3073 1772 3146; x_wconf 91' lang='lat' dir='ltr'>redarguti</span> <span class='ocrx_word' id='word_1_257' title='bbox 1825 3073 1885 3126; x_wconf 92' lang='lat' dir='ltr'>in</span> <span class='ocrx_word' id='word_1_258' title='bbox 1936 3089 2073 3126; x_wconf 89' lang='lat' dir='ltr'>con-</span> 
     </span>
    </p>
   </div>
   <div class='ocr_carea' id='block_1_35' title="bbox 425 3156 2075 3244">
    <p class='ocr_par' dir='ltr' id='par_1_35' title="bbox 425 3156 2075 3244">
     <span class='ocr_line' id='line_1_35' title="bbox 425 3156 2075 3244; baseline -0.008 -16"><span class='ocrx_word' id='word_1_259' title='bbox 425 3175 627 3244; x_wconf 89' lang='lat' dir='ltr'>spectu</span> <span class='ocrx_word' id='word_1_260' title='bbox 659 3156 812 3225; x_wconf 17' lang='lat' dir='ltr'>tuoia</span> <span class='ocrx_word' id='word_1_261' title='bbox 828 3167 1153 3234; x_wconf 89' lang='lat' dir='ltr'>mendacio,</span> <span class='ocrx_word' id='word_1_262' title='bbox 1175 3166 1609 3221; x_wconf 89' lang='lat' dir='ltr'>erubescemus.</span> <span class='ocrx_word' id='word_1_263' title='bbox 1632 3164 1848 3217; x_wconf 85' lang='lat' dir='ltr'>Etcum</span> <span class='ocrx_word' id='word_1_264' title='bbox 1869 3162 1926 3215; x_wconf 91' lang='lat' dir='ltr'>in</span> <span class='ocrx_word' id='word_1_265' title='bbox 1953 3164 2075 3216; x_wconf 89' lang='lat' dir='ltr'>tota</span> 
     </span>
    </p>
   </div>
   <div class='ocr_carea' id='block_1_36' title="bbox 427 3252 2076 3334">
    <p class='ocr_par' dir='ltr' id='par_1_36' title="bbox 427 3252 2076 3334">
     <span class='ocr_line' id='line_1_36' title="bbox 427 3252 2076 3334; baseline -0.007 -18"><span class='ocrx_word' id='word_1_266' title='bbox 427 3261 664 3334; x_wconf 82' lang='lat' dir='ltr'>regione</span> <span class='ocrx_word' id='word_1_267' title='bbox 697 3257 1030 3331; x_wconf 86' lang='lat' dir='ltr'>nequiveris</span> <span class='ocrx_word' id='word_1_268' title='bbox 1063 3255 1194 3311; x_wconf 89' lang='lat' dir='ltr'>illos</span> <span class='ocrx_word' id='word_1_269' title='bbox 1225 3253 1505 3321; x_wconf 88' lang='lat' dir='ltr'>invenire,</span> <span class='ocrx_word' id='word_1_270' title='bbox 1539 3253 1588 3308; x_wconf 92' lang='lat' dir='ltr'>si</span> <span class='ocrx_word' id='word_1_271' title='bbox 1622 3252 1792 3308; x_wconf 89' lang='lat' dir='ltr'>nobis</span> <span class='ocrx_word' id='word_1_272' title='bbox 1841 3266 2076 3306; x_wconf 87' lang='lat' dir='ltr'>necesse</span> 
     </span>
    </p>
   </div>
   <div class='ocr_carea' id='block_1_37' title="bbox 426 3341 2074 3416">
    <p class='ocr_par' dir='ltr' id='par_1_37' title="bbox 426 3341 2074 3416">
     <span class='ocr_line' id='line_1_37' title="bbox 426 3341 2074 3416; baseline -0.007 -11"><span class='ocrx_word' id='word_1_273' title='bbox 426 3351 558 3416; x_wconf 89' lang='lat' dir='ltr'>erit,</span> <span class='ocrx_word' id='word_1_274' title='bbox 592 3349 651 3403; x_wconf 90' lang='lat' dir='ltr'>in</span> <span class='ocrx_word' id='word_1_275' title='bbox 682 3347 1006 3403; x_wconf 89' lang='lat' dir='ltr'>crastinum</span> <span class='ocrx_word' id='word_1_276' title='bbox 1036 3344 1263 3399; x_wconf 84' lang='lat' dir='ltr'>videbis</span> <span class='ocrx_word' id='word_1_277' title='bbox 1294 3343 1518 3398; x_wconf 88' lang='lat' dir='ltr'>adesse.</span> <span class='ocrx_word' id='word_1_278' title='bbox 1552 3341 1714 3398; x_wconf 90' lang='lat' dir='ltr'>Unde</span> <span class='ocrx_word' id='word_1_279' title='bbox 1747 3341 1927 3413; x_wconf 90' lang='lat' dir='ltr'>igitur</span> <span class='ocrx_word' id='word_1_280' title='bbox 1955 3343 2074 3395; x_wconf 88' lang='lat' dir='ltr'>tam</span> 
     </span>
    </p>
   </div>
   <div class='ocr_carea' id='block_1_38' title="bbox 427 3431 2079 3506">
    <p class='ocr_par' dir='ltr' id='par_1_38' title="bbox 427 3431 2079 3506">
     <span class='ocr_line' id='line_1_38' title="bbox 427 3431 2079 3506; baseline -0.006 -12"><span class='ocrx_word' id='word_1_281' title='bbox 427 3439 540 3494; x_wconf 91' lang='lat' dir='ltr'>cito</span> <span class='ocrx_word' id='word_1_282' title='bbox 572 3436 838 3506; x_wconf 88' lang='lat' dir='ltr'>venlunt,</span> <span class='ocrx_word' id='word_1_283' title='bbox 862 3435 973 3490; x_wconf 91' lang='lat' dir='ltr'>nisi</span> <span class='ocrx_word' id='word_1_284' title='bbox 1007 3452 1040 3490; x_wconf 88' lang='lat' dir='ltr'>a</span> <span class='ocrx_word' id='word_1_285' title='bbox 1061 3432 1333 3506; x_wconf 88' lang='lat' dir='ltr'>supernis</span> <span class='ocrx_word' id='word_1_286' title='bbox 1363 3431 1604 3487; x_wconf 90' lang='lat' dir='ltr'>sedibus</span> <span class='ocrx_word' id='word_1_287' title='bbox 1635 3431 1692 3486; x_wconf 87' lang='lat' dir='ltr'>in</span> <span class='ocrx_word' id='word_1_288' title='bbox 1724 3431 1941 3501; x_wconf 89' lang='lat' dir='ltr'>quibus</span> <span class='ocrx_word' id='word_1_289' title='bbox 1962 3445 2079 3484; x_wconf 91' lang='lat' dir='ltr'>mo-</span> 
     </span>
    </p>
   </div>
   <div class='ocr_carea' id='block_1_39' title="bbox 427 3520 2076 3596">
    <p class='ocr_par' dir='ltr' id='par_1_39' title="bbox 427 3520 2076 3596">
     <span class='ocr_line' id='line_1_39' title="bbox 427 3520 2076 3596; baseline -0.007 -13"><span class='ocrx_word' id='word_1_290' title='bbox 427 3527 660 3584; x_wconf 80' lang='lat' dir='ltr'>rantur?</span> <span class='ocrx_word' id='word_1_291' title='bbox 672 3549 697 3574; x_wconf 90' lang='grc'>‹‹</span> <span class='ocrx_word' id='word_1_292' title='bbox 715 3526 816 3580; x_wconf 85' lang='lat' dir='ltr'>Cui</span> <span class='ocrx_word' id='word_1_293' title='bbox 832 3523 1130 3596; x_wconf 88' lang='lat' dir='ltr'>respondit</span> <span class='ocrx_word' id='word_1_294' title='bbox 1149 3522 1517 3594; x_wconf 81' lang='lat' dir='ltr'>Pyrrhuszsic</span> <span class='ocrx_word' id='word_1_295' title='bbox 1533 3520 1688 3576; x_wconf 91' lang='lat' dir='ltr'>enim</span> <span class='ocrx_word' id='word_1_296' title='bbox 1708 3525 2076 3575; x_wconf 87' lang='lat' dir='ltr'>eratnomem</span> 
     </span>
    </p>
   </div>
   <div class='ocr_carea' id='block_1_40' title="bbox 428 3609 2074 3688">
    <p class='ocr_par' dir='ltr' id='par_1_40' title="bbox 428 3609 2074 3688">
     <span class='ocr_line' id='line_1_40' title="bbox 428 3609 2074 3688; baseline -0.006 -16"><span class='ocrx_word' id='word_1_297' title='bbox 428 3617 557 3688; x_wconf 87' lang='lat' dir='ltr'>ejus</span> <span class='ocrx_word' id='word_1_298' title='bbox 591 3632 603 3669; x_wconf 78' lang='grc' dir='ltr'><strong>ε</strong></span> <span class='ocrx_word' id='word_1_299' title='bbox 643 3638 670 3665; x_wconf 78' lang='grc' dir='ltr'>ι(</span> <span class='ocrx_word' id='word_1_300' title='bbox 705 3616 774 3670; x_wconf 87' lang='lat' dir='ltr'>Et</span> <span class='ocrx_word' id='word_1_301' title='bbox 803 3614 852 3669; x_wconf 92' lang='lat' dir='ltr'>si</span> <span class='ocrx_word' id='word_1_302' title='bbox 885 3614 955 3668; x_wconf 90' lang='lat' dir='ltr'>de</span> <span class='ocrx_word' id='word_1_303' title='bbox 988 3612 1128 3667; x_wconf 75' lang='lat' dir='ltr'>cmlo</span> <span class='ocrx_word' id='word_1_304' title='bbox 1162 3610 1542 3678; x_wconf 90' lang='lat' dir='ltr'>veniunt,ubi</span> <span class='ocrx_word' id='word_1_305' title='bbox 1566 3615 1649 3664; x_wconf 90' lang='lat' dir='ltr'>tot</span> <span class='ocrx_word' id='word_1_306' title='bbox 1675 3609 1839 3664; x_wconf 90' lang='lat' dir='ltr'>albos</span> <span class='ocrx_word' id='word_1_307' title='bbox 1871 3625 2074 3680; x_wconf 91' lang='lat' dir='ltr'>equos,</span> 
     </span>
    </p>
   </div>
   <div class='ocr_carea' id='block_1_41' title="bbox 426 3697 2079 3770">
    <p class='ocr_par' dir='ltr' id='par_1_41' title="bbox 426 3697 2079 3770">
     <span class='ocr_line' id='line_1_41' title="bbox 426 3697 2079 3770; baseline -0.006 -10"><span class='ocrx_word' id='word_1_308' title='bbox 426 3709 512 3760; x_wconf 90' lang='lat' dir='ltr'>tot</span> <span class='ocrx_word' id='word_1_309' title='bbox 542 3707 728 3770; x_wconf 83' lang='lat' dir='ltr'>scuta,</span> <span class='ocrx_word' id='word_1_310' title='bbox 764 3707 846 3757; x_wconf 91' lang='lat' dir='ltr'>tot</span> <span class='ocrx_word' id='word_1_311' title='bbox 875 3700 1086 3757; x_wconf 90' lang='lat' dir='ltr'>vexilia</span> <span class='ocrx_word' id='word_1_312' title='bbox 1117 3700 1540 3755; x_wconf 87' lang='lat' dir='ltr'>inveniuntur?</span> <span class='ocrx_word' id='word_1_313' title='bbox 1571 3722 1598 3748; x_wconf 87' lang='lat'>»</span> <span class='ocrx_word' id='word_1_314' title='bbox 1632 3697 1733 3753; x_wconf 86' lang='lat' dir='ltr'>Cui</span> <span class='ocrx_word' id='word_1_315' title='bbox 1785 3699 2079 3753; x_wconf 87' lang='lat' dir='ltr'>Boamun-</span> 
     </span>
    </p>
   </div>
   <div class='ocr_carea' id='block_1_42' title="bbox 428 3785 2077 3864">
    <p class='ocr_par' dir='ltr' id='par_1_42' title="bbox 428 3785 2077 3864">
     <span class='ocr_line' id='line_1_42' title="bbox 428 3785 2077 3864; baseline -0.005 -15"><span class='ocrx_word' id='word_1_316' title='bbox 428 3795 540 3850; x_wconf 82' lang='lat' dir='ltr'>dus</span> <span class='ocrx_word' id='word_1_317' title='bbox 570 3794 722 3848; x_wconf 73' lang='lat' dir='ltr'>:«Tu</span> <span class='ocrx_word' id='word_1_318' title='bbox 756 3795 1055 3864; x_wconf 89' lang='lat' dir='ltr'>magna,et</span> <span class='ocrx_word' id='word_1_319' title='bbox 1085 3807 1263 3862; x_wconf 91' lang='lat' dir='ltr'>super</span> <span class='ocrx_word' id='word_1_320' title='bbox 1293 3806 1534 3843; x_wconf 88' lang='lat' dir='ltr'>sensum</span> <span class='ocrx_word' id='word_1_321' title='bbox 1570 3804 1768 3843; x_wconf 89' lang='lat' dir='ltr'>meum</span> <span class='ocrx_word' id='word_1_322' title='bbox 1803 3785 2077 3859; x_wconf 90' lang='lat' dir='ltr'>requiris.</span> 
     </span>
    </p>
   </div>
   <div class='ocr_carea' id='block_1_43' title="bbox 428 3875 2077 3955">
    <p class='ocr_par' dir='ltr' id='par_1_43' title="bbox 428 3875 2077 3955">
     <span class='ocr_line' id='line_1_43' title="bbox 428 3875 2077 3955; baseline -0.006 -17"><span class='ocrx_word' id='word_1_323' title='bbox 428 3883 766 3955; x_wconf 88' lang='lat' dir='ltr'>Propterea,</span> <span class='ocrx_word' id='word_1_324' title='bbox 792 3881 840 3936; x_wconf 91' lang='lat' dir='ltr'>si</span> <span class='ocrx_word' id='word_1_325' title='bbox 877 3879 982 3948; x_wconf 91' lang='lat' dir='ltr'>vis,</span> <span class='ocrx_word' id='word_1_326' title='bbox 1003 3879 1240 3934; x_wconf 89' lang='lat' dir='ltr'>accedat</span> <span class='ocrx_word' id='word_1_327' title='bbox 1265 3877 1602 3950; x_wconf 89' lang='lat' dir='ltr'>capellanus</span> <span class='ocrx_word' id='word_1_328' title='bbox 1635 3894 1822 3943; x_wconf 82' lang='lat' dir='ltr'>meus,</span> <span class='ocrx_word' id='word_1_329' title='bbox 1841 3876 1940 3948; x_wconf 87' lang='lat' dir='ltr'>qui</span> <span class='ocrx_word' id='word_1_330' title='bbox 1971 3875 2077 3929; x_wconf 92' lang='lat' dir='ltr'>tibi</span> 
     </span>
    </p>
   </div>
   <div class='ocr_carea' id='block_1_44' title="bbox 429 3966 2078 4044">
    <p class='ocr_par' dir='ltr' id='par_1_44' title="bbox 429 3966 2078 4044">
     <span class='ocr_line' id='line_1_44' title="bbox 429 3966 2078 4044; baseline -0.006 -15"><span class='ocrx_word' id='word_1_331' title='bbox 429 3989 608 4044; x_wconf 88' lang='lat' dir='ltr'>super</span> <span class='ocrx_word' id='word_1_332' title='bbox 638 3971 731 4026; x_wconf 91' lang='lat' dir='ltr'>his</span> <span class='ocrx_word' id='word_1_333' title='bbox 762 3968 1198 4042; x_wconf 83' lang='lat' dir='ltr'>respondebit.»</span> <span class='ocrx_word' id='word_1_334' title='bbox 1233 3967 1316 4022; x_wconf 89' lang='lat' dir='ltr'>Ad</span> <span class='ocrx_word' id='word_1_335' title='bbox 1350 3966 1471 4022; x_wconf 60' lang='lat' dir='ltr'>haec</span> <span class='ocrx_word' id='word_1_336' title='bbox 1503 3966 1866 4039; x_wconf 89' lang='lat' dir='ltr'>capellanus:</span> <span class='ocrx_word' id='word_1_337' title='bbox 1890 3969 2078 4020; x_wconf 83' lang='lat' dir='ltr'>«Cum</span> 
     </span>
    </p>
   </div>
   <div class='ocr_carea' id='block_1_45' title="bbox 429 4056 2078 4133">
    <p class='ocr_par' dir='ltr' id='par_1_45' title="bbox 429 4056 2078 4133">
     <span class='ocr_line' id='line_1_45' title="bbox 429 4056 2078 4133; baseline -0.005 -17"><span class='ocrx_word' id='word_1_338' title='bbox 429 4059 811 4133; x_wconf 87' lang='lat' dir='ltr'>Omnipotens</span> <span class='ocrx_word' id='word_1_339' title='bbox 859 4062 1085 4114; x_wconf 86' lang='lat' dir='ltr'>creator</span> <span class='ocrx_word' id='word_1_340' title='bbox 1130 4056 1369 4129; x_wconf 88' lang='lat' dir='ltr'>angelos</span> <span class='ocrx_word' id='word_1_341' title='bbox 1408 4073 1570 4125; x_wconf 88' lang='lat' dir='ltr'>suos,</span> <span class='ocrx_word' id='word_1_342' title='bbox 1614 4056 1733 4111; x_wconf 90' lang='lat' dir='ltr'>sive</span> <span class='ocrx_word' id='word_1_343' title='bbox 1776 4056 2078 4127; x_wconf 90' lang='lat' dir='ltr'>justorum</span> 
     </span>
    </p>
   </div>
   <div class='ocr_carea' id='block_1_46' title="bbox 429 4145 2081 4222">
    <p class='ocr_par' dir='ltr' id='par_1_46' title="bbox 429 4145 2081 4222">
     <span class='ocr_line' id='line_1_46' title="bbox 429 4145 2081 4222; baseline -0.005 -17"><span class='ocrx_word' id='word_1_344' title='bbox 429 4149 674 4222; x_wconf 88' lang='lat' dir='ltr'>spiritus</span> <span class='ocrx_word' id='word_1_345' title='bbox 707 4149 937 4203; x_wconf 89' lang='lat' dir='ltr'>mittere</span> <span class='ocrx_word' id='word_1_346' title='bbox 969 4145 1226 4218; x_wconf 91' lang='lat' dir='ltr'>disponit</span> <span class='ocrx_word' id='word_1_347' title='bbox 1259 4146 1317 4199; x_wconf 91' lang='lat' dir='ltr'>in</span> <span class='ocrx_word' id='word_1_348' title='bbox 1341 4150 1576 4213; x_wconf 87' lang='lat' dir='ltr'>terram,</span> <span class='ocrx_word' id='word_1_349' title='bbox 1597 4149 1738 4199; x_wconf 89' lang='lat' dir='ltr'>tunc</span> <span class='ocrx_word' id='word_1_350' title='bbox 1767 4147 2081 4200; x_wconf 90' lang='lat' dir='ltr'>assumunt</span> 
     </span>
    </p>
   </div>
   <div class='ocr_carea' id='block_1_47' title="bbox 430 4233 2076 4308">
    <p class='ocr_par' dir='ltr' id='par_1_47' title="bbox 430 4233 2076 4308">
     <span class='ocr_line' id='line_1_47' title="bbox 430 4233 2076 4308; baseline -0.004 -14"><span class='ocrx_word' id='word_1_351' title='bbox 430 4238 544 4296; x_wconf 84' lang='lat' dir='ltr'>sibi</span> <span class='ocrx_word' id='word_1_352' title='bbox 576 4237 735 4293; x_wconf 90' lang='lat' dir='ltr'>aeria</span> <span class='ocrx_word' id='word_1_353' title='bbox 765 4253 1029 4308; x_wconf 89' lang='lat' dir='ltr'>corpora,</span> <span class='ocrx_word' id='word_1_354' title='bbox 1062 4240 1126 4290; x_wconf 88' lang='lat' dir='ltr'>ut</span> <span class='ocrx_word' id='word_1_355' title='bbox 1148 4252 1250 4308; x_wconf 91' lang='lat' dir='ltr'>per</span> <span class='ocrx_word' id='word_1_356' title='bbox 1279 4250 1346 4289; x_wconf 89' lang='lat' dir='ltr'>ea</span> <span class='ocrx_word' id='word_1_357' title='bbox 1379 4233 1544 4289; x_wconf 90' lang='lat' dir='ltr'>nobis</span> <span class='ocrx_word' id='word_1_358' title='bbox 1571 4233 2076 4305; x_wconf 89' lang='lat' dir='ltr'>innotescant,qui</span> 
     </span>
    </p>
   </div>
   <div class='ocr_carea' id='block_1_48' title="bbox 428 4322 2078 4399">
    <p class='ocr_par' dir='ltr' id='par_1_48' title="bbox 428 4322 2078 4399">
     <span class='ocr_line' id='line_1_48' title="bbox 428 4322 2078 4399; baseline -0.005 -15"><span class='ocrx_word' id='word_1_359' title='bbox 428 4327 612 4384; x_wconf 92' lang='lat' dir='ltr'>videri</span> <span class='ocrx_word' id='word_1_360' title='bbox 649 4344 762 4382; x_wconf 92' lang='lat' dir='ltr'>non</span> <span class='ocrx_word' id='word_1_361' title='bbox 795 4330 1044 4399; x_wconf 92' lang='lat' dir='ltr'>possunt</span> <span class='ocrx_word' id='word_1_362' title='bbox 1092 4325 1148 4380; x_wconf 89' lang='lat' dir='ltr'>in</span> <span class='ocrx_word' id='word_1_363' title='bbox 1205 4323 1456 4396; x_wconf 87' lang='lat' dir='ltr'>spiritali</span> <span class='ocrx_word' id='word_1_364' title='bbox 1488 4323 1744 4379; x_wconf 86' lang='lat' dir='ltr'>essentia</span> <span class='ocrx_word' id='word_1_365' title='bbox 1785 4340 1910 4379; x_wconf 89' lang='lat' dir='ltr'>sua.</span> <span class='ocrx_word' id='word_1_366' title='bbox 1947 4322 2078 4377; x_wconf 92' lang='lat' dir='ltr'>Ideo</span> 
     </span>
    </p>
   </div>
   <div class='ocr_carea' id='block_1_49' title="bbox 430 4410 2080 4487">
    <p class='ocr_par' dir='ltr' id='par_1_49' title="bbox 430 4410 2080 4487">
     <span class='ocr_line' id='line_1_49' title="bbox 430 4410 2080 4487; baseline -0.004 -14"><span class='ocrx_word' id='word_1_367' title='bbox 430 4417 639 4474; x_wconf 89' lang='lat' dir='ltr'>armati</span> <span class='ocrx_word' id='word_1_368' title='bbox 674 4433 828 4471; x_wconf 91' lang='lat' dir='ltr'>nunc</span> <span class='ocrx_word' id='word_1_369' title='bbox 859 4417 1160 4487; x_wconf 90' lang='lat' dir='ltr'>apparent,</span> <span class='ocrx_word' id='word_1_370' title='bbox 1179 4417 1242 4468; x_wconf 92' lang='lat' dir='ltr'>ut</span> <span class='ocrx_word' id='word_1_371' title='bbox 1272 4413 1428 4484; x_wconf 90' lang='lat' dir='ltr'>quod</span> <span class='ocrx_word' id='word_1_372' title='bbox 1462 4413 1520 4466; x_wconf 91' lang='lat' dir='ltr'>in</span> <span class='ocrx_word' id='word_1_373' title='bbox 1547 4411 1697 4468; x_wconf 91' lang='lat' dir='ltr'>bello</span> <span class='ocrx_word' id='word_1_374' title='bbox 1729 4410 2080 4467; x_wconf 89' lang='lat' dir='ltr'>laboraturis</span> 
     </span>
    </p>
   </div>
   <div class='ocr_carea' id='block_1_50' title="bbox 2189 483 3834 562">
    <p class='ocr_par' dir='ltr' id='par_1_50' title="bbox 2189 483 3834 562">
     <span class='ocr_line' id='line_1_50' title="bbox 2189 483 3834 562; baseline 0.004 -24"><span class='ocrx_word' id='word_1_375' title='bbox 2189 487 2336 550; x_wconf 91' lang='lat' dir='ltr'>stus,</span> <span class='ocrx_word' id='word_1_376' title='bbox 2352 483 2410 537; x_wconf 86' lang='lat' dir='ltr'>in</span> <span class='ocrx_word' id='word_1_377' title='bbox 2444 500 2618 555; x_wconf 87' lang='lat' dir='ltr'>quem</span> <span class='ocrx_word' id='word_1_378' title='bbox 2646 484 2981 542; x_wconf 89' lang='lat' dir='ltr'>credimus?</span> <span class='ocrx_word' id='word_1_379' title='bbox 3001 487 3140 559; x_wconf 90' lang='lat' dir='ltr'>quia</span> <span class='ocrx_word' id='word_1_380' title='bbox 3159 493 3378 560; x_wconf 88' lang='lat' dir='ltr'>quanto</span> <span class='ocrx_word' id='word_1_381' title='bbox 3400 505 3507 544; x_wconf 91' lang='lat' dir='ltr'>nos</span> <span class='ocrx_word' id='word_1_382' title='bbox 3529 490 3834 562; x_wconf 90' lang='lat' dir='ltr'>pauciores</span> 
     </span>
    </p>
   </div>
   <div class='ocr_carea' id='block_1_51' title="bbox 2189 574 3834 650">
    <p class='ocr_par' dir='ltr' id='par_1_51' title="bbox 2189 574 3834 650">
     <span class='ocr_line' id='line_1_51' title="bbox 2189 574 3834 650; baseline 0.004 -22"><span class='ocrx_word' id='word_1_383' title='bbox 2189 579 2594 641; x_wconf 90' lang='lat' dir='ltr'>sumus,tanto</span> <span class='ocrx_word' id='word_1_384' title='bbox 2626 580 2682 628; x_wconf 91' lang='lat' dir='ltr'>et</span> <span class='ocrx_word' id='word_1_385' title='bbox 2708 574 2976 632; x_wconf 85' lang='lat' dir='ltr'>fortiores</span> <span class='ocrx_word' id='word_1_386' title='bbox 3003 594 3136 643; x_wconf 87' lang='lat' dir='ltr'>;vos</span> <span class='ocrx_word' id='word_1_387' title='bbox 3163 594 3297 633; x_wconf 92' lang='lat' dir='ltr'>vero</span> <span class='ocrx_word' id='word_1_388' title='bbox 3317 582 3536 650; x_wconf 88' lang='lat' dir='ltr'>quanto</span> <span class='ocrx_word' id='word_1_389' title='bbox 3562 596 3834 635; x_wconf 86' lang='lat' dir='ltr'>numero-</span> 
     </span>
    </p>
   </div>
   <div class='ocr_carea' id='block_1_52' title="bbox 2189 661 3837 728">
    <p class='ocr_par' dir='ltr' id='par_1_52' title="bbox 2189 661 3837 728">
     <span class='ocr_line' id='line_1_52' title="bbox 2189 661 3837 728; baseline 0.004 -12"><span class='ocrx_word' id='word_1_390' title='bbox 2189 661 2568 728; x_wconf 84' lang='lat' dir='ltr'>siores,tanto</span> <span class='ocrx_word' id='word_1_391' title='bbox 2599 661 3025 721; x_wconf 89' lang='lat' dir='ltr'>imbecilliores.</span> <span class='ocrx_word' id='word_1_392' title='bbox 3046 665 3147 720; x_wconf 88' lang='lat' dir='ltr'>Cui</span> <span class='ocrx_word' id='word_1_393' title='bbox 3181 665 3334 722; x_wconf 89' lang='lat' dir='ltr'>hanc</span> <span class='ocrx_word' id='word_1_394' title='bbox 3364 667 3646 723; x_wconf 87' lang='lat' dir='ltr'>virtutem</span> <span class='ocrx_word' id='word_1_395' title='bbox 3680 669 3837 724; x_wconf 89' lang='lat' dir='ltr'>attri-</span> 
     </span>
    </p>
   </div>
   <div class='ocr_carea' id='block_1_53' title="bbox 2188 750 3838 822">
    <p class='ocr_par' dir='ltr' id='par_1_53' title="bbox 2188 750 3838 822">
     <span class='ocr_line' id='line_1_53' title="bbox 2188 750 3838 822; baseline 0.005 -17"><span class='ocrx_word' id='word_1_396' title='bbox 2188 750 2341 822; x_wconf 90' lang='lat' dir='ltr'>buis,</span> <span class='ocrx_word' id='word_1_397' title='bbox 2376 751 2728 807; x_wconf 88' lang='lat' dir='ltr'>humanitati</span> <span class='ocrx_word' id='word_1_398' title='bbox 2780 771 2853 808; x_wconf 90' lang='lat' dir='ltr'>an</span> <span class='ocrx_word' id='word_1_399' title='bbox 2901 754 3231 811; x_wconf 86' lang='lat' dir='ltr'>divinitati?</span> <span class='ocrx_word' id='word_1_400' title='bbox 3263 757 3444 812; x_wconf 79' lang='lat' dir='ltr'>Homo</span> <span class='ocrx_word' id='word_1_401' title='bbox 3500 774 3617 813; x_wconf 90' lang='lat' dir='ltr'>nou</span> <span class='ocrx_word' id='word_1_402' title='bbox 3666 762 3761 813; x_wconf 91' lang='lat' dir='ltr'>est</span> <span class='ocrx_word' id='word_1_403' title='bbox 3807 775 3838 812; x_wconf 89' lang='lat' dir='ltr'>a</span> 
     </span>
    </p>
   </div>
   <div class='ocr_carea' id='block_1_54' title="bbox 2187 839 3837 916">
    <p class='ocr_par' dir='ltr' id='par_1_54' title="bbox 2187 839 3837 916">
     <span class='ocr_line' id='line_1_54' title="bbox 2187 839 3837 916; baseline 0.005 -22"><span class='ocrx_word' id='word_1_404' title='bbox 2187 839 2516 913; x_wconf 89' lang='lat' dir='ltr'>seipso,sed</span> <span class='ocrx_word' id='word_1_405' title='bbox 2549 859 2583 896; x_wconf 91' lang='lat' dir='ltr'>a</span> <span class='ocrx_word' id='word_1_406' title='bbox 2613 841 2879 898; x_wconf 90' lang='lat' dir='ltr'>Creatore</span> <span class='ocrx_word' id='word_1_407' title='bbox 2906 860 3013 898; x_wconf 88' lang='lat' dir='ltr'>suo</span> <span class='ocrx_word' id='word_1_408' title='bbox 3038 862 3051 911; x_wconf 91' lang='lat'>;</span> <span class='ocrx_word' id='word_1_409' title='bbox 3076 861 3109 898; x_wconf 89' lang='lat' dir='ltr'>a</span> <span class='ocrx_word' id='word_1_410' title='bbox 3140 861 3255 916; x_wconf 90' lang='lat' dir='ltr'>quo</span> <span class='ocrx_word' id='word_1_411' title='bbox 3287 843 3463 901; x_wconf 86' lang='lat' dir='ltr'>habet</span> <span class='ocrx_word' id='word_1_412' title='bbox 3492 846 3837 914; x_wconf 89' lang='lat' dir='ltr'>esse,habet</span> 
     </span>
    </p>
   </div>
   <div class='ocr_carea' id='block_1_55' title="bbox 2186 930 3838 1007">
    <p class='ocr_par' dir='ltr' id='par_1_55' title="bbox 2186 930 3838 1007">
     <span class='ocr_line' id='line_1_55' title="bbox 2186 930 3838 1007; baseline 0.005 -25"><span class='ocrx_word' id='word_1_413' title='bbox 2186 933 2241 983; x_wconf 89' lang='lat' dir='ltr'>et</span> <span class='ocrx_word' id='word_1_414' title='bbox 2287 947 2478 1002; x_wconf 85' lang='lat' dir='ltr'>posse.</span> <span class='ocrx_word' id='word_1_415' title='bbox 2508 931 2589 985; x_wconf 88' lang='lat' dir='ltr'>Ex</span> <span class='ocrx_word' id='word_1_416' title='bbox 2627 930 2736 986; x_wconf 81' lang='lat' dir='ltr'>hoc</span> <span class='ocrx_word' id='word_1_417' title='bbox 2782 930 2965 1004; x_wconf 89' lang='lat' dir='ltr'>igitur</span> <span class='ocrx_word' id='word_1_418' title='bbox 2993 933 3281 1005; x_wconf 90' lang='lat' dir='ltr'>conjicere</span> <span class='ocrx_word' id='word_1_419' title='bbox 3312 939 3498 1006; x_wconf 89' lang='lat' dir='ltr'>potes,</span> <span class='ocrx_word' id='word_1_420' title='bbox 3531 934 3672 1007; x_wconf 90' lang='lat' dir='ltr'>quia</span> <span class='ocrx_word' id='word_1_421' title='bbox 3701 935 3838 991; x_wconf 88' lang='lat' dir='ltr'>licet</span> 
     </span>
    </p>
   </div>
   <div class='ocr_carea' id='block_1_56' title="bbox 2186 1021 3833 1089">
    <p class='ocr_par' dir='ltr' id='par_1_56' title="bbox 2186 1021 3833 1089">
     <span class='ocr_line' id='line_1_56' title="bbox 2186 1021 3833 1089; baseline 0.005 -17"><span class='ocrx_word' id='word_1_422' title='bbox 2186 1035 2339 1075; x_wconf 90' lang='lat' dir='ltr'>unus</span> <span class='ocrx_word' id='word_1_423' title='bbox 2369 1023 2602 1075; x_wconf 86' lang='lat' dir='ltr'>Creator</span> <span class='ocrx_word' id='word_1_424' title='bbox 2631 1021 2908 1076; x_wconf 86' lang='lat' dir='ltr'>creaverit</span> <span class='ocrx_word' id='word_1_425' title='bbox 2939 1039 3044 1078; x_wconf 91' lang='lat' dir='ltr'>nos</span> <span class='ocrx_word' id='word_1_426' title='bbox 3068 1026 3124 1077; x_wconf 92' lang='lat' dir='ltr'>et</span> <span class='ocrx_word' id='word_1_427' title='bbox 3143 1023 3614 1089; x_wconf 80' lang='lat' dir='ltr'>vos,uberiorem</span> <span class='ocrx_word' id='word_1_428' title='bbox 3637 1030 3833 1080; x_wconf 86' lang='lat' dir='ltr'>tamen</span> 
     </span>
    </p>
   </div>
   <div class='ocr_carea' id='block_1_57' title="bbox 2185 1109 3835 1186">
    <p class='ocr_par' dir='ltr' id='par_1_57' title="bbox 2185 1109 3835 1186">
     <span class='ocr_line' id='line_1_57' title="bbox 2185 1109 3835 1186; baseline 0.005 -24"><span class='ocrx_word' id='word_1_429' title='bbox 2185 1125 2303 1163; x_wconf 70' lang='lat' dir='ltr'>sua:</span> <span class='ocrx_word' id='word_1_430' title='bbox 2327 1109 2586 1164; x_wconf 89' lang='lat' dir='ltr'>virturtis</span> <span class='ocrx_word' id='word_1_431' title='bbox 2601 1115 2836 1182; x_wconf 54' lang='lat' dir='ltr'>prastat</span> <span class='ocrx_word' id='word_1_432' title='bbox 2850 1111 3272 1167; x_wconf 90' lang='lat' dir='ltr'>abundantiam</span> <span class='ocrx_word' id='word_1_433' title='bbox 3287 1111 3457 1168; x_wconf 92' lang='lat' dir='ltr'>nobis</span> <span class='ocrx_word' id='word_1_434' title='bbox 3475 1131 3651 1186; x_wconf 90' lang='lat' dir='ltr'>quam</span> <span class='ocrx_word' id='word_1_435' title='bbox 3668 1115 3835 1170; x_wconf 83' lang='lat' dir='ltr'>vobis</span> 
     </span>
    </p>
   </div>
   <div class='ocr_carea' id='block_1_58' title="bbox 2183 1196 3833 1274">
    <p class='ocr_par' dir='ltr' id='par_1_58' title="bbox 2183 1196 3833 1274">
     <span class='ocr_line' id='line_1_58' title="bbox 2183 1196 3833 1274; baseline 0.004 -22"><span class='ocrx_word' id='word_1_436' title='bbox 2183 1196 2337 1253; x_wconf 85' lang='lat' dir='ltr'>Certi</span> <span class='ocrx_word' id='word_1_437' title='bbox 2371 1201 2587 1271; x_wconf 84' lang='lat' dir='ltr'>quippe</span> <span class='ocrx_word' id='word_1_438' title='bbox 2620 1199 2676 1253; x_wconf 92' lang='lat' dir='ltr'>in</span> <span class='ocrx_word' id='word_1_439' title='bbox 2711 1199 2870 1255; x_wconf 90' lang='lat' dir='ltr'>illius</span> <span class='ocrx_word' id='word_1_440' title='bbox 2902 1200 3117 1256; x_wconf 91' lang='lat' dir='ltr'>virtute</span> <span class='ocrx_word' id='word_1_441' title='bbox 3141 1217 3373 1272; x_wconf 91' lang='lat' dir='ltr'>sumus,</span> <span class='ocrx_word' id='word_1_442' title='bbox 3407 1202 3548 1274; x_wconf 88' lang='lat' dir='ltr'>quia</span> <span class='ocrx_word' id='word_1_443' title='bbox 3593 1220 3710 1258; x_wconf 91' lang='lat' dir='ltr'>non</span> <span class='ocrx_word' id='word_1_444' title='bbox 3743 1221 3833 1259; x_wconf 86' lang='lat' dir='ltr'>so—</span> 
     </span>
    </p>
   </div>
   <div class='ocr_carea' id='block_1_59' title="bbox 2181 1286 3836 1360">
    <p class='ocr_par' dir='ltr' id='par_1_59' title="bbox 2181 1286 3836 1360">
     <span class='ocr_line' id='line_1_59' title="bbox 2181 1286 3836 1360; baseline 0.004 -19"><span class='ocrx_word' id='word_1_445' title='bbox 2181 1286 2306 1342; x_wconf 90' lang='lat' dir='ltr'>lum</span> <span class='ocrx_word' id='word_1_446' title='bbox 2339 1287 2730 1358; x_wconf 88' lang='lat' dir='ltr'>Antiochiam,</span> <span class='ocrx_word' id='word_1_447' title='bbox 2764 1289 3146 1345; x_wconf 87' lang='lat' dir='ltr'>verumetiam</span> <span class='ocrx_word' id='word_1_448' title='bbox 3181 1291 3529 1348; x_wconf 87' lang='lat' dir='ltr'>Romaniam</span> <span class='ocrx_word' id='word_1_449' title='bbox 3558 1296 3836 1360; x_wconf 85' lang='lat' dir='ltr'>totam,et</span> 
     </span>
    </p>
   </div>
   <div class='ocr_carea' id='block_1_60' title="bbox 2182 1375 3835 1454">
    <p class='ocr_par' dir='ltr' id='par_1_60' title="bbox 2182 1375 3835 1454">
     <span class='ocr_line' id='line_1_60' title="bbox 2182 1375 3835 1454; baseline 0.004 -23"><span class='ocrx_word' id='word_1_450' title='bbox 2182 1375 2430 1450; x_wconf 85' lang='lat' dir='ltr'>Syriam,</span> <span class='ocrx_word' id='word_1_451' title='bbox 2463 1377 2651 1449; x_wconf 90' lang='lat' dir='ltr'>ipsam</span> <span class='ocrx_word' id='word_1_452' title='bbox 2685 1382 2742 1434; x_wconf 92' lang='lat' dir='ltr'>et</span> <span class='ocrx_word' id='word_1_453' title='bbox 2769 1378 3096 1435; x_wconf 86' lang='lat' dir='ltr'>Jerusalem</span> <span class='ocrx_word' id='word_1_454' title='bbox 3128 1379 3706 1454; x_wconf 90' lang='lat' dir='ltr'>obtinebimus,quia</span> <span class='ocrx_word' id='word_1_455' title='bbox 3727 1382 3835 1438; x_wconf 89' lang='lat' dir='ltr'>hoc</span> 
     </span>
    </p>
   </div>
   <div class='ocr_carea' id='block_1_61' title="bbox 2182 1464 3839 1544">
    <p class='ocr_par' dir='ltr' id='par_1_61' title="bbox 2182 1464 3839 1544">
     <span class='ocr_line' id='line_1_61' title="bbox 2182 1464 3839 1544; baseline 0.004 -24"><span class='ocrx_word' id='word_1_456' title='bbox 2182 1464 2451 1539; x_wconf 89' lang='lat' dir='ltr'>promisit</span> <span class='ocrx_word' id='word_1_457' title='bbox 2475 1465 2572 1522; x_wconf 91' lang='lat' dir='ltr'>Dei</span> <span class='ocrx_word' id='word_1_458' title='bbox 2603 1466 2782 1522; x_wconf 88' lang='lat' dir='ltr'>Filius</span> <span class='ocrx_word' id='word_1_459' title='bbox 2795 1468 3374 1540; x_wconf 87' lang='lat' dir='ltr'>omnipotensJesus.</span> <span class='ocrx_word' id='word_1_460' title='bbox 3394 1493 3421 1519; x_wconf 83' lang='lat'>»</span> <span class='ocrx_word' id='word_1_461' title='bbox 3437 1470 3694 1544; x_wconf 88' lang='lat' dir='ltr'>Pyrrhus</span> <span class='ocrx_word' id='word_1_462' title='bbox 3713 1473 3839 1544; x_wconf 85' lang='lat' dir='ltr'>qui-</span> 
     </span>
    </p>
   </div>
   <div class='ocr_carea' id='block_1_62' title="bbox 2181 1554 3836 1633">
    <p class='ocr_par' dir='ltr' id='par_1_62' title="bbox 2181 1554 3836 1633">
     <span class='ocr_line' id='line_1_62' title="bbox 2181 1554 3836 1633; baseline 0.004 -23"><span class='ocrx_word' id='word_1_463' title='bbox 2181 1555 2312 1611; x_wconf 91' lang='lat' dir='ltr'>dem</span> <span class='ocrx_word' id='word_1_464' title='bbox 2344 1554 2466 1610; x_wconf 68' lang='lat' dir='ltr'>haec</span> <span class='ocrx_word' id='word_1_465' title='bbox 2495 1561 2551 1611; x_wconf 91' lang='lat' dir='ltr'>et</span> <span class='ocrx_word' id='word_1_466' title='bbox 2581 1556 2910 1612; x_wconf 91' lang='lat' dir='ltr'>consimilia</span> <span class='ocrx_word' id='word_1_467' title='bbox 2938 1558 3091 1612; x_wconf 90' lang='lat' dir='ltr'>dicta</span> <span class='ocrx_word' id='word_1_468' title='bbox 3139 1558 3464 1615; x_wconf 90' lang='lat' dir='ltr'>Boamundi</span> <span class='ocrx_word' id='word_1_469' title='bbox 3517 1561 3836 1633; x_wconf 88' lang='lat' dir='ltr'>prudenter</span> 
     </span>
    </p>
   </div>
   <div class='ocr_carea' id='block_1_63' title="bbox 2180 1643 3834 1717">
    <p class='ocr_par' dir='ltr' id='par_1_63' title="bbox 2180 1643 3834 1717">
     <span class='ocr_line' id='line_1_63' title="bbox 2180 1643 3834 1717; baseline 0.004 -19"><span class='ocrx_word' id='word_1_470' title='bbox 2180 1643 2482 1708; x_wconf 86' lang='lat' dir='ltr'>intellexit,</span> <span class='ocrx_word' id='word_1_471' title='bbox 2535 1661 2790 1717; x_wconf 90' lang='lat' dir='ltr'>eumque</span> <span class='ocrx_word' id='word_1_472' title='bbox 2839 1645 3214 1703; x_wconf 87' lang='lat' dir='ltr'>vehementer</span> <span class='ocrx_word' id='word_1_473' title='bbox 3283 1650 3665 1705; x_wconf 87' lang='lat' dir='ltr'>Boamundus</span> <span class='ocrx_word' id='word_1_474' title='bbox 3732 1666 3834 1706; x_wconf 91' lang='lat' dir='ltr'>suo</span> 
     </span>
    </p>
   </div>
   <div class='ocr_carea' id='block_1_64' title="bbox 2183 1733 3834 1809">
    <p class='ocr_par' dir='ltr' id='par_1_64' title="bbox 2183 1733 3834 1809">
     <span class='ocr_line' id='line_1_64' title="bbox 2183 1733 3834 1809; baseline 0.004 -22"><span class='ocrx_word' id='word_1_475' title='bbox 2183 1733 2366 1788; x_wconf 90' lang='lat' dir='ltr'>amori</span> <span class='ocrx_word' id='word_1_476' title='bbox 2400 1734 2656 1790; x_wconf 76' lang='lat' dir='ltr'>attraxit.</span> <span class='ocrx_word' id='word_1_477' title='bbox 2673 1739 2934 1808; x_wconf 90' lang='lat' dir='ltr'>Cumque</span> <span class='ocrx_word' id='word_1_478' title='bbox 2951 1737 3314 1809; x_wconf 87' lang='lat' dir='ltr'>contigisset,</span> <span class='ocrx_word' id='word_1_479' title='bbox 3330 1737 3569 1795; x_wconf 91' lang='lat' dir='ltr'>inimico</span> <span class='ocrx_word' id='word_1_480' title='bbox 3585 1738 3834 1794; x_wconf 88' lang='lat' dir='ltr'>humani</span> 
     </span>
    </p>
   </div>
   <div class='ocr_carea' id='block_1_65' title="bbox 2184 1822 3836 1898">
    <p class='ocr_par' dir='ltr' id='par_1_65' title="bbox 2184 1822 3836 1898">
     <span class='ocr_line' id='line_1_65' title="bbox 2184 1822 3836 1898; baseline 0.003 -20"><span class='ocrx_word' id='word_1_481' title='bbox 2184 1822 2417 1896; x_wconf 85' lang='lat' dir='ltr'>generis</span> <span class='ocrx_word' id='word_1_482' title='bbox 2443 1824 2745 1891; x_wconf 89' lang='lat' dir='ltr'>suadente,</span> <span class='ocrx_word' id='word_1_483' title='bbox 2764 1827 2915 1897; x_wconf 91' lang='lat' dir='ltr'>quod</span> <span class='ocrx_word' id='word_1_484' title='bbox 2951 1825 3224 1898; x_wconf 87' lang='lat' dir='ltr'>superius</span> <span class='ocrx_word' id='word_1_485' title='bbox 3254 1827 3475 1882; x_wconf 91' lang='lat' dir='ltr'>dictum</span> <span class='ocrx_word' id='word_1_486' title='bbox 3498 1832 3588 1884; x_wconf 90' lang='lat' dir='ltr'>est</span> <span class='ocrx_word' id='word_1_487' title='bbox 3611 1829 3684 1883; x_wconf 87' lang='lat' dir='ltr'>de</span> <span class='ocrx_word' id='word_1_488' title='bbox 3705 1829 3836 1883; x_wconf 81' lang='lat' dir='ltr'>Wa-</span> 
     </span>
    </p>
   </div>
   <div class='ocr_carea' id='block_1_66' title="bbox 2183 1911 3834 1990">
    <p class='ocr_par' dir='ltr' id='par_1_66' title="bbox 2183 1911 3834 1990">
     <span class='ocr_line' id='line_1_66' title="bbox 2183 1911 3834 1990; baseline 0.004 -24"><span class='ocrx_word' id='word_1_489' title='bbox 2183 1911 2336 1981; x_wconf 91' lang='lat' dir='ltr'>lone,</span> <span class='ocrx_word' id='word_1_490' title='bbox 2369 1912 2622 1985; x_wconf 78' lang='lat' dir='ltr'>Pyrrhus</span> <span class='ocrx_word' id='word_1_491' title='bbox 2673 1931 2806 1969; x_wconf 90' lang='lat' dir='ltr'>cum</span> <span class='ocrx_word' id='word_1_492' title='bbox 2857 1932 2964 1970; x_wconf 90' lang='lat' dir='ltr'>suo</span> <span class='ocrx_word' id='word_1_493' title='bbox 3013 1917 3353 1972; x_wconf 89' lang='lat' dir='ltr'>Boamundo</span> <span class='ocrx_word' id='word_1_494' title='bbox 3382 1916 3544 1989; x_wconf 92' lang='lat' dir='ltr'>loqui</span> <span class='ocrx_word' id='word_1_495' title='bbox 3576 1916 3834 1990; x_wconf 91' lang='lat' dir='ltr'>amplius</span> 
     </span>
    </p>
   </div>
   <div class='ocr_carea' id='block_1_67' title="bbox 2183 2001 3833 2077">
    <p class='ocr_par' dir='ltr' id='par_1_67' title="bbox 2183 2001 3833 2077">
     <span class='ocr_line' id='line_1_67' title="bbox 2183 2001 3833 2077; baseline 0.004 -21"><span class='ocrx_word' id='word_1_496' title='bbox 2183 2018 2298 2056; x_wconf 89' lang='lat' dir='ltr'>non</span> <span class='ocrx_word' id='word_1_497' title='bbox 2329 2001 2531 2070; x_wconf 87' lang='lat' dir='ltr'>valuit,</span> <span class='ocrx_word' id='word_1_498' title='bbox 2548 2003 2648 2058; x_wconf 90' lang='lat' dir='ltr'>sed</span> <span class='ocrx_word' id='word_1_499' title='bbox 2681 2008 2876 2058; x_wconf 88' lang='lat' dir='ltr'>tamen</span> <span class='ocrx_word' id='word_1_500' title='bbox 2900 2003 3121 2060; x_wconf 90' lang='lat' dir='ltr'>occulte</span> <span class='ocrx_word' id='word_1_501' title='bbox 3144 2022 3246 2077; x_wconf 91' lang='lat' dir='ltr'>per</span> <span class='ocrx_word' id='word_1_502' title='bbox 3264 2005 3700 2062; x_wconf 88' lang='lat' dir='ltr'>internuntium</span> <span class='ocrx_word' id='word_1_503' title='bbox 3719 2007 3833 2063; x_wconf 60' lang='lat' dir='ltr'>hac</span> 
     </span>
    </p>
   </div>
   <div class='ocr_carea' id='block_1_68' title="bbox 2183 2090 3835 2169">
    <p class='ocr_par' dir='ltr' id='par_1_68' title="bbox 2183 2090 3835 2169">
     <span class='ocr_line' id='line_1_68' title="bbox 2183 2090 3835 2169; baseline 0.004 -23"><span class='ocrx_word' id='word_1_504' title='bbox 2183 2091 2233 2146; x_wconf 89' lang='lat' dir='ltr'>ei</span> <span class='ocrx_word' id='word_1_505' title='bbox 2267 2090 2618 2164; x_wconf 73' lang='lat' dir='ltr'>significavit</span> <span class='ocrx_word' id='word_1_506' title='bbox 2650 2109 2662 2146; x_wconf 92' lang='lat'>:</span> <span class='ocrx_word' id='word_1_507' title='bbox 2703 2115 2730 2143; x_wconf 89' lang='lat'><strong>«</strong></span> <span class='ocrx_word' id='word_1_508' title='bbox 2762 2093 2902 2148; x_wconf 89' lang='lat' dir='ltr'>Novi</span> <span class='ocrx_word' id='word_1_509' title='bbox 2936 2098 2990 2148; x_wconf 89' lang='lat' dir='ltr'>te</span> <span class='ocrx_word' id='word_1_510' title='bbox 3021 2093 3275 2150; x_wconf 89' lang='lat' dir='ltr'>nobilem</span> <span class='ocrx_word' id='word_1_511' title='bbox 3319 2094 3530 2164; x_wconf 90' lang='lat' dir='ltr'>virum,</span> <span class='ocrx_word' id='word_1_512' title='bbox 3565 2101 3745 2169; x_wconf 90' lang='lat' dir='ltr'>atque</span> <span class='ocrx_word' id='word_1_513' title='bbox 3773 2098 3835 2152; x_wconf 85' lang='lat' dir='ltr'>fi-</span> 
     </span>
    </p>
   </div>
   <div class='ocr_carea' id='block_1_69' title="bbox 2183 2179 3834 2250">
    <p class='ocr_par' dir='ltr' id='par_1_69' title="bbox 2183 2179 3834 2250">
     <span class='ocr_line' id='line_1_69' title="bbox 2183 2179 3834 2250; baseline 0.005 -16"><span class='ocrx_word' id='word_1_514' title='bbox 2183 2179 2370 2236; x_wconf 91' lang='lat' dir='ltr'>delem</span> <span class='ocrx_word' id='word_1_515' title='bbox 2413 2180 2852 2250; x_wconf 88' lang='lat' dir='ltr'>Christianum;</span> <span class='ocrx_word' id='word_1_516' title='bbox 2885 2184 3229 2240; x_wconf 91' lang='lat' dir='ltr'>commendo</span> <span class='ocrx_word' id='word_1_517' title='bbox 3283 2201 3376 2240; x_wconf 91' lang='lat' dir='ltr'>me</span> <span class='ocrx_word' id='word_1_518' title='bbox 3429 2188 3538 2240; x_wconf 67' lang='lat' dir='ltr'>tua:</span> <span class='ocrx_word' id='word_1_519' title='bbox 3587 2186 3730 2242; x_wconf 80' lang='lat' dir='ltr'>fidei</span> <span class='ocrx_word' id='word_1_520' title='bbox 3785 2191 3834 2242; x_wconf 91' lang='lat' dir='ltr'>et</span> 
     </span>
    </p>
   </div>
   <div class='ocr_carea' id='block_1_70' title="bbox 2184 2270 3834 2344">
    <p class='ocr_par' dir='ltr' id='par_1_70' title="bbox 2184 2270 3834 2344">
     <span class='ocr_line' id='line_1_70' title="bbox 2184 2270 3834 2344; baseline 0.005 -20"><span class='ocrx_word' id='word_1_521' title='bbox 2184 2286 2372 2325; x_wconf 91' lang='lat' dir='ltr'>meam</span> <span class='ocrx_word' id='word_1_522' title='bbox 2409 2270 2679 2340; x_wconf 89' lang='lat' dir='ltr'>domum;</span> <span class='ocrx_word' id='word_1_523' title='bbox 2707 2271 2914 2326; x_wconf 88' lang='lat' dir='ltr'>faciam</span> <span class='ocrx_word' id='word_1_524' title='bbox 2947 2272 3052 2328; x_wconf 91' lang='lat' dir='ltr'>tibi</span> <span class='ocrx_word' id='word_1_525' title='bbox 3080 2290 3205 2344; x_wconf 69' lang='lat' dir='ltr'>quae</span> <span class='ocrx_word' id='word_1_526' title='bbox 3237 2290 3330 2328; x_wconf 89' lang='lat' dir='ltr'>me</span> <span class='ocrx_word' id='word_1_527' title='bbox 3352 2273 3621 2330; x_wconf 88' lang='lat' dir='ltr'>hortatus</span> <span class='ocrx_word' id='word_1_528' title='bbox 3639 2293 3703 2332; x_wconf 90' lang='lat' dir='ltr'>es</span> <span class='ocrx_word' id='word_1_529' title='bbox 3723 2280 3834 2332; x_wconf 88' lang='lat' dir='ltr'>tres</span> 
     </span>
    </p>
   </div>
   <div class='ocr_carea' id='block_1_71' title="bbox 2184 2360 3833 2431">
    <p class='ocr_par' dir='ltr' id='par_1_71' title="bbox 2184 2360 3833 2431">
     <span class='ocr_line' id='line_1_71' title="bbox 2184 2360 3833 2431; baseline 0.004 -17"><span class='ocrx_word' id='word_1_530' title='bbox 2184 2363 2376 2415; x_wconf 90' lang='lat' dir='ltr'>turres</span> <span class='ocrx_word' id='word_1_531' title='bbox 2407 2376 2555 2431; x_wconf 89' lang='lat' dir='ltr'>quas</span> <span class='ocrx_word' id='word_1_532' title='bbox 2608 2361 2667 2414; x_wconf 92' lang='lat' dir='ltr'>in</span> <span class='ocrx_word' id='word_1_533' title='bbox 2701 2360 3010 2417; x_wconf 83' lang='lat' dir='ltr'>Antiochia</span> <span class='ocrx_word' id='word_1_534' title='bbox 3041 2363 3327 2428; x_wconf 91' lang='lat' dir='ltr'>custodio,</span> <span class='ocrx_word' id='word_1_535' title='bbox 3359 2363 3462 2419; x_wconf 89' lang='lat' dir='ltr'>tibi</span> <span class='ocrx_word' id='word_1_536' title='bbox 3494 2365 3755 2431; x_wconf 89' lang='lat' dir='ltr'>tradam,</span> <span class='ocrx_word' id='word_1_537' title='bbox 3782 2369 3833 2420; x_wconf 88' lang='lat' dir='ltr'>et</span> 
     </span>
    </p>
   </div>
   <div class='ocr_carea' id='block_1_72' title="bbox 2184 2449 3832 2524">
    <p class='ocr_par' dir='ltr' id='par_1_72' title="bbox 2184 2449 3832 2524">
     <span class='ocr_line' id='line_1_72' title="bbox 2184 2449 3832 2524; baseline 0.005 -21"><span class='ocrx_word' id='word_1_538' title='bbox 2184 2466 2362 2504; x_wconf 91' lang='lat' dir='ltr'>unam</span> <span class='ocrx_word' id='word_1_539' title='bbox 2396 2449 2465 2504; x_wconf 91' lang='lat' dir='ltr'>de</span> <span class='ocrx_word' id='word_1_540' title='bbox 2496 2451 2697 2522; x_wconf 89' lang='lat' dir='ltr'>portis,</span> <span class='ocrx_word' id='word_1_541' title='bbox 2730 2450 2833 2505; x_wconf 92' lang='lat' dir='ltr'>tibi</span> <span class='ocrx_word' id='word_1_542' title='bbox 2861 2455 3091 2522; x_wconf 68' lang='lat' dir='ltr'>tumque</span> <span class='ocrx_word' id='word_1_543' title='bbox 3120 2451 3278 2524; x_wconf 88' lang='lat' dir='ltr'>genti</span> <span class='ocrx_word' id='word_1_544' title='bbox 3309 2452 3745 2523; x_wconf 74' lang='lat' dir='ltr'>Christianaz,et</span> <span class='ocrx_word' id='word_1_545' title='bbox 3768 2472 3832 2511; x_wconf 91' lang='lat' dir='ltr'>ne</span> 
     </span>
    </p>
   </div>
   <div class='ocr_carea' id='block_1_73' title="bbox 2184 2537 3830 2610">
    <p class='ocr_par' dir='ltr' id='par_1_73' title="bbox 2184 2537 3830 2610">
     <span class='ocr_line' id='line_1_73' title="bbox 2184 2537 3830 2610; baseline 0.005 -18"><span class='ocrx_word' id='word_1_546' title='bbox 2184 2537 2454 2594; x_wconf 90' lang='lat' dir='ltr'>frivolum</span> <span class='ocrx_word' id='word_1_547' title='bbox 2488 2538 2631 2594; x_wconf 88' lang='lat' dir='ltr'>illud</span> <span class='ocrx_word' id='word_1_548' title='bbox 2655 2557 2782 2595; x_wconf 84' lang='lat' dir='ltr'>esse</span> <span class='ocrx_word' id='word_1_549' title='bbox 2804 2540 3028 2607; x_wconf 89' lang='lat' dir='ltr'>credas,</span> <span class='ocrx_word' id='word_1_550' title='bbox 3044 2545 3100 2596; x_wconf 90' lang='lat' dir='ltr'>et</span> <span class='ocrx_word' id='word_1_551' title='bbox 3117 2558 3187 2596; x_wconf 92' lang='lat' dir='ltr'>ne</span> <span class='ocrx_word' id='word_1_552' title='bbox 3205 2542 3276 2596; x_wconf 91' lang='lat' dir='ltr'>de</span> <span class='ocrx_word' id='word_1_553' title='bbox 3295 2559 3422 2597; x_wconf 90' lang='lat' dir='ltr'>mea</span> <span class='ocrx_word' id='word_1_554' title='bbox 3442 2543 3554 2598; x_wconf 85' lang='lat' dir='ltr'>ﬁde</span> <span class='ocrx_word' id='word_1_555' title='bbox 3575 2544 3830 2610; x_wconf 82' lang='lat' dir='ltr'>diffidas,</span> 
     </span>
    </p>
   </div>
   <div class='ocr_carea' id='block_1_74' title="bbox 2185 2625 3829 2706">
    <p class='ocr_par' dir='ltr' id='par_1_74' title="bbox 2185 2625 3829 2706">
     <span class='ocr_line' id='line_1_74' title="bbox 2185 2625 3829 2706; baseline 0.005 -26"><span class='ocrx_word' id='word_1_556' title='bbox 2185 2625 2353 2682; x_wconf 89' lang='lat' dir='ltr'>mitto</span> <span class='ocrx_word' id='word_1_557' title='bbox 2382 2627 2567 2682; x_wconf 83' lang='lat' dir='ltr'>filium</span> <span class='ocrx_word' id='word_1_558' title='bbox 2602 2645 2798 2684; x_wconf 91' lang='lat' dir='ltr'>meum</span> <span class='ocrx_word' id='word_1_559' title='bbox 2833 2629 3149 2701; x_wconf 90' lang='lat' dir='ltr'>tibi,quem</span> <span class='ocrx_word' id='word_1_560' title='bbox 3176 2631 3344 2686; x_wconf 90' lang='lat' dir='ltr'>unice</span> <span class='ocrx_word' id='word_1_561' title='bbox 3367 2631 3609 2686; x_wconf 90' lang='lat' dir='ltr'>unicum</span> <span class='ocrx_word' id='word_1_562' title='bbox 3631 2632 3829 2706; x_wconf 90' lang='lat' dir='ltr'>diligo,</span> 
     </span>
    </p>
   </div>
   <div class='ocr_carea' id='block_1_75' title="bbox 2185 2717 3830 2791">
    <p class='ocr_par' dir='ltr' id='par_1_75' title="bbox 2185 2717 3830 2791">
     <span class='ocr_line' id='line_1_75' title="bbox 2185 2717 3830 2791; baseline 0.005 -21"><span class='ocrx_word' id='word_1_563' title='bbox 2185 2731 2437 2788; x_wconf 89' lang='lat' dir='ltr'>eumque</span> <span class='ocrx_word' id='word_1_564' title='bbox 2469 2717 2622 2772; x_wconf 90' lang='lat' dir='ltr'>sicut</span> <span class='ocrx_word' id='word_1_565' title='bbox 2641 2721 2699 2773; x_wconf 92' lang='lat' dir='ltr'>et</span> <span class='ocrx_word' id='word_1_566' title='bbox 2730 2735 2821 2773; x_wconf 90' lang='lat' dir='ltr'>me</span> <span class='ocrx_word' id='word_1_567' title='bbox 2850 2719 3067 2791; x_wconf 90' lang='lat' dir='ltr'>ipsum,</span> <span class='ocrx_word' id='word_1_568' title='bbox 3095 2724 3207 2775; x_wconf 67' lang='lat' dir='ltr'>tuae</span> <span class='ocrx_word' id='word_1_569' title='bbox 3259 2720 3391 2776; x_wconf 85' lang='lat' dir='ltr'>fidei</span> <span class='ocrx_word' id='word_1_570' title='bbox 3439 2721 3771 2778; x_wconf 88' lang='lat' dir='ltr'>committo.</span> <span class='ocrx_word' id='word_1_571' title='bbox 3806 2745 3830 2771; x_wconf 90' lang='grc'><strong>››</strong></span> 
     </span>
    </p>
   </div>
   <div class='ocr_carea' id='block_1_76' title="bbox 2185 2805 3832 2882">
    <p class='ocr_par' dir='ltr' id='par_1_76' title="bbox 2185 2805 3832 2882">
     <span class='ocr_line' id='line_1_76' title="bbox 2185 2805 3832 2882; baseline 0.005 -23"><span class='ocrx_word' id='word_1_572' title='bbox 2185 2805 2408 2871; x_wconf 88' lang='lat' dir='ltr'>Quibus</span> <span class='ocrx_word' id='word_1_573' title='bbox 2437 2805 2578 2862; x_wconf 90' lang='lat' dir='ltr'>visis</span> <span class='ocrx_word' id='word_1_574' title='bbox 2609 2811 2667 2863; x_wconf 91' lang='lat' dir='ltr'>et</span> <span class='ocrx_word' id='word_1_575' title='bbox 2697 2807 3328 2875; x_wconf 88' lang='lat' dir='ltr'>auditis,Boamundus</span> <span class='ocrx_word' id='word_1_576' title='bbox 3359 2827 3572 2882; x_wconf 88' lang='lat' dir='ltr'>magno</span> <span class='ocrx_word' id='word_1_577' title='bbox 3596 2829 3832 2867; x_wconf 84' lang='lat' dir='ltr'>succen-</span> 
     </span>
    </p>
   </div>
   <div class='ocr_carea' id='block_1_77' title="bbox 2185 2897 3832 2971">
    <p class='ocr_par' dir='ltr' id='par_1_77' title="bbox 2185 2897 3832 2971">
     <span class='ocr_line' id='line_1_77' title="bbox 2185 2897 3832 2971; baseline 0.003 -22"><span class='ocrx_word' id='word_1_578' title='bbox 2185 2912 2290 2950; x_wconf 91' lang='lat' dir='ltr'>sus</span> <span class='ocrx_word' id='word_1_579' title='bbox 2321 2900 2408 2950; x_wconf 90' lang='lat' dir='ltr'>est</span> <span class='ocrx_word' id='word_1_580' title='bbox 2438 2897 2672 2968; x_wconf 87' lang='lat' dir='ltr'>gaudio,</span> <span class='ocrx_word' id='word_1_581' title='bbox 2691 2913 3019 2969; x_wconf 89' lang='lat' dir='ltr'>magnaque</span> <span class='ocrx_word' id='word_1_582' title='bbox 3039 2897 3098 2953; x_wconf 89' lang='lat' dir='ltr'>in</span> <span class='ocrx_word' id='word_1_583' title='bbox 3122 2914 3188 2953; x_wconf 90' lang='lat' dir='ltr'>eo</span> <span class='ocrx_word' id='word_1_584' title='bbox 3205 2899 3360 2971; x_wconf 90' lang='lat' dir='ltr'>apud</span> <span class='ocrx_word' id='word_1_585' title='bbox 3380 2898 3565 2954; x_wconf 87' lang='lat' dir='ltr'>Deum</span> <span class='ocrx_word' id='word_1_586' title='bbox 3585 2901 3832 2955; x_wconf 82' lang='lat' dir='ltr'>excrevit</span> 
     </span>
    </p>
   </div>
   <div class='ocr_carea' id='block_1_78' title="bbox 2185 2984 3831 3060">
    <p class='ocr_par' dir='ltr' id='par_1_78' title="bbox 2185 2984 3831 3060">
     <span class='ocr_line' id='line_1_78' title="bbox 2185 2984 3831 3060; baseline 0.004 -22"><span class='ocrx_word' id='word_1_587' title='bbox 2185 2984 2431 3052; x_wconf 90' lang='lat' dir='ltr'>devotio,</span> <span class='ocrx_word' id='word_1_588' title='bbox 2447 2985 2712 3058; x_wconf 65' lang='lat' dir='ltr'>lacrymaz</span> <span class='ocrx_word' id='word_1_589' title='bbox 2737 2986 2808 3042; x_wconf 89' lang='lat' dir='ltr'>ab</span> <span class='ocrx_word' id='word_1_590' title='bbox 2830 2986 3016 3042; x_wconf 89' lang='lat' dir='ltr'>oculis</span> <span class='ocrx_word' id='word_1_591' title='bbox 3049 2987 3256 3044; x_wconf 88' lang='lat' dir='ltr'>uberes</span> <span class='ocrx_word' id='word_1_592' title='bbox 3287 2993 3626 3060; x_wconf 86' lang='lat' dir='ltr'>erumpunt,</span> <span class='ocrx_word' id='word_1_593' title='bbox 3645 2995 3703 3045; x_wconf 91' lang='lat' dir='ltr'>et</span> <span class='ocrx_word' id='word_1_594' title='bbox 3720 2989 3831 3048; x_wconf 91' lang='lat' dir='ltr'>Deo</span> 
     </span>
    </p>
   </div>
   <div class='ocr_carea' id='block_1_79' title="bbox 2185 3074 3829 3147">
    <p class='ocr_par' dir='ltr' id='par_1_79' title="bbox 2185 3074 3829 3147">
     <span class='ocr_line' id='line_1_79' title="bbox 2185 3074 3829 3147; baseline 0.005 -20"><span class='ocrx_word' id='word_1_595' title='bbox 2185 3074 2404 3146; x_wconf 89' lang='lat' dir='ltr'>gratias</span> <span class='ocrx_word' id='word_1_596' title='bbox 2435 3091 2635 3147; x_wconf 88' lang='lat' dir='ltr'>agens,</span> <span class='ocrx_word' id='word_1_597' title='bbox 2653 3092 2865 3131; x_wconf 87' lang='lat' dir='ltr'>manus</span> <span class='ocrx_word' id='word_1_598' title='bbox 2901 3076 2959 3130; x_wconf 93' lang='lat' dir='ltr'>in</span> <span class='ocrx_word' id='word_1_599' title='bbox 2993 3075 3202 3131; x_wconf 71' lang='lat' dir='ltr'>cmlum</span> <span class='ocrx_word' id='word_1_600' title='bbox 3224 3078 3491 3132; x_wconf 88' lang='lat' dir='ltr'>tetendit.</span> <span class='ocrx_word' id='word_1_601' title='bbox 3510 3078 3624 3133; x_wconf 88' lang='lat' dir='ltr'>Nec</span> <span class='ocrx_word' id='word_1_602' title='bbox 3649 3097 3829 3146; x_wconf 87' lang='lat' dir='ltr'>mora,</span> 
     </span>
    </p>
   </div>
   <div class='ocr_carea' id='block_1_80' title="bbox 2188 3162 3829 3239">
    <p class='ocr_par' dir='ltr' id='par_1_80' title="bbox 2188 3162 3829 3239">
     <span class='ocr_line' id='line_1_80' title="bbox 2188 3162 3829 3239; baseline 0.003 -22"><span class='ocrx_word' id='word_1_603' title='bbox 2188 3162 2480 3235; x_wconf 87' lang='lat' dir='ltr'>principes</span> <span class='ocrx_word' id='word_1_604' title='bbox 2512 3164 2570 3218; x_wconf 92' lang='lat' dir='ltr'>in</span> <span class='ocrx_word' id='word_1_605' title='bbox 2604 3182 2787 3220; x_wconf 87' lang='lat' dir='ltr'>unum</span> <span class='ocrx_word' id='word_1_606' title='bbox 2820 3167 3174 3231; x_wconf 84' lang='lat' dir='ltr'>convocavit,</span> <span class='ocrx_word' id='word_1_607' title='bbox 3207 3166 3408 3239; x_wconf 89' lang='lat' dir='ltr'>eisque</span> <span class='ocrx_word' id='word_1_608' title='bbox 3439 3165 3580 3222; x_wconf 88' lang='lat' dir='ltr'>talia</span> <span class='ocrx_word' id='word_1_609' title='bbox 3609 3168 3829 3237; x_wconf 88' lang='lat' dir='ltr'>retulit,</span> 
     </span>
    </p>
   </div>
   <div class='ocr_carea' id='block_1_81' title="bbox 2185 3251 3832 3327">
    <p class='ocr_par' dir='ltr' id='par_1_81' title="bbox 2185 3251 3832 3327">
     <span class='ocr_line' id='line_1_81' title="bbox 2185 3251 3832 3327; baseline 0.004 -21"><span class='ocrx_word' id='word_1_610' title='bbox 2185 3251 2386 3307; x_wconf 90' lang='lat' dir='ltr'>dicens</span> <span class='ocrx_word' id='word_1_611' title='bbox 2420 3269 2432 3307; x_wconf 95' lang='lat'>:</span> <span class='ocrx_word' id='word_1_612' title='bbox 2472 3275 2499 3302; x_wconf 88' lang='grc'>‹‹</span> <span class='ocrx_word' id='word_1_613' title='bbox 2531 3254 2759 3326; x_wconf 88' lang='lat' dir='ltr'>Egregii</span> <span class='ocrx_word' id='word_1_614' title='bbox 2793 3254 3087 3327; x_wconf 87' lang='lat' dir='ltr'>principes</span> <span class='ocrx_word' id='word_1_615' title='bbox 3118 3259 3174 3310; x_wconf 90' lang='lat' dir='ltr'>et</span> <span class='ocrx_word' id='word_1_616' title='bbox 3193 3256 3300 3310; x_wconf 88' lang='lat' dir='ltr'>viri</span> <span class='ocrx_word' id='word_1_617' title='bbox 3333 3254 3832 3324; x_wconf 83' lang='lat' dir='ltr'>bellatores,com-</span> 
     </span>
    </p>
   </div>
   <div class='ocr_carea' id='block_1_82' title="bbox 2187 3343 3831 3417">
    <p class='ocr_par' dir='ltr' id='par_1_82' title="bbox 2187 3343 3831 3417">
     <span class='ocr_line' id='line_1_82' title="bbox 2187 3343 3831 3417; baseline 0.004 -22"><span class='ocrx_word' id='word_1_618' title='bbox 2187 3345 2416 3413; x_wconf 83' lang='lat' dir='ltr'>portum</span> <span class='ocrx_word' id='word_1_619' title='bbox 2450 3346 2538 3397; x_wconf 86' lang='lat' dir='ltr'>est</span> <span class='ocrx_word' id='word_1_620' title='bbox 2567 3343 2728 3397; x_wconf 90' lang='lat' dir='ltr'>vobis</span> <span class='ocrx_word' id='word_1_621' title='bbox 2752 3348 3038 3414; x_wconf 90' lang='lat' dir='ltr'>quantum</span> <span class='ocrx_word' id='word_1_622' title='bbox 3064 3344 3418 3415; x_wconf 89' lang='lat' dir='ltr'>injuriarum</span> <span class='ocrx_word' id='word_1_623' title='bbox 3437 3347 3598 3417; x_wconf 89' lang='lat' dir='ltr'>passi</span> <span class='ocrx_word' id='word_1_624' title='bbox 3623 3363 3831 3402; x_wconf 88' lang='lat' dir='ltr'>sumus</span> 
     </span>
    </p>
   </div>
   <div class='ocr_carea' id='block_1_83' title="bbox 2187 3430 3832 3507">
    <p class='ocr_par' dir='ltr' id='par_1_83' title="bbox 2187 3430 3832 3507">
     <span class='ocr_line' id='line_1_83' title="bbox 2187 3430 3832 3507; baseline 0.004 -23"><span class='ocrx_word' id='word_1_625' title='bbox 2187 3430 2245 3485; x_wconf 92' lang='lat' dir='ltr'>in</span> <span class='ocrx_word' id='word_1_626' title='bbox 2279 3430 2385 3485; x_wconf 89' lang='lat' dir='ltr'>hac</span> <span class='ocrx_word' id='word_1_627' title='bbox 2416 3431 2742 3497; x_wconf 88' lang='lat' dir='ltr'>obsidione,</span> <span class='ocrx_word' id='word_1_628' title='bbox 2777 3437 3114 3504; x_wconf 89' lang='lat' dir='ltr'>quantaque</span> <span class='ocrx_word' id='word_1_629' title='bbox 3147 3434 3426 3505; x_wconf 89' lang='lat' dir='ltr'>patimur,</span> <span class='ocrx_word' id='word_1_630' title='bbox 3442 3438 3498 3489; x_wconf 87' lang='lat' dir='ltr'>et</span> <span class='ocrx_word' id='word_1_631' title='bbox 3519 3452 3703 3507; x_wconf 89' lang='lat' dir='ltr'>quam</span> <span class='ocrx_word' id='word_1_632' title='bbox 3737 3437 3832 3491; x_wconf 90' lang='lat' dir='ltr'>diu</span> 
     </span>
    </p>
   </div>
   <div class='ocr_carea' id='block_1_84' title="bbox 2185 3519 3833 3592">
    <p class='ocr_par' dir='ltr' id='par_1_84' title="bbox 2185 3519 3833 3592">
     <span class='ocr_line' id='line_1_84' title="bbox 2185 3519 3833 3592; baseline 0.004 -18"><span class='ocrx_word' id='word_1_633' title='bbox 2185 3519 2436 3575; x_wconf 91' lang='lat' dir='ltr'>voluerit</span> <span class='ocrx_word' id='word_1_634' title='bbox 2468 3520 2622 3576; x_wconf 88' lang='lat' dir='ltr'>Deus</span> <span class='ocrx_word' id='word_1_635' title='bbox 2653 3521 2964 3592; x_wconf 88' lang='lat' dir='ltr'>patiemur.</span> <span class='ocrx_word' id='word_1_636' title='bbox 2981 3522 3041 3578; x_wconf 93' lang='lat' dir='ltr'>Si</span> <span class='ocrx_word' id='word_1_637' title='bbox 3071 3523 3226 3578; x_wconf 90' lang='lat' dir='ltr'>Deus</span> <span class='ocrx_word' id='word_1_638' title='bbox 3258 3521 3434 3578; x_wconf 88' lang='lat' dir='ltr'>alicui</span> <span class='ocrx_word' id='word_1_639' title='bbox 3465 3523 3616 3580; x_wconf 92' lang='lat' dir='ltr'>hanc</span> <span class='ocrx_word' id='word_1_640' title='bbox 3635 3526 3833 3581; x_wconf 88' lang='lat' dir='ltr'>civita-</span> 
     </span>
    </p>
   </div>
   <div class='ocr_carea' id='block_1_85' title="bbox 2187 3609 3835 3684">
    <p class='ocr_par' dir='ltr' id='par_1_85' title="bbox 2187 3609 3835 3684">
     <span class='ocr_line' id='line_1_85' title="bbox 2187 3609 3835 3684; baseline 0.004 -21"><span class='ocrx_word' id='word_1_641' title='bbox 2187 3613 2306 3664; x_wconf 88' lang='lat' dir='ltr'>tem</span> <span class='ocrx_word' id='word_1_642' title='bbox 2357 3627 2459 3682; x_wconf 87' lang='lat' dir='ltr'>per</span> <span class='ocrx_word' id='word_1_643' title='bbox 2512 3609 2748 3682; x_wconf 89' lang='lat' dir='ltr'>aliquod</span> <span class='ocrx_word' id='word_1_644' title='bbox 2795 3611 3098 3684; x_wconf 88' lang='lat' dir='ltr'>ingenium</span> <span class='ocrx_word' id='word_1_645' title='bbox 3147 3612 3284 3666; x_wconf 90' lang='lat' dir='ltr'>dare</span> <span class='ocrx_word' id='word_1_646' title='bbox 3317 3611 3507 3680; x_wconf 90' lang='lat' dir='ltr'>vellet,</span> <span class='ocrx_word' id='word_1_647' title='bbox 3533 3613 3736 3682; x_wconf 90' lang='lat' dir='ltr'>dicite,</span> <span class='ocrx_word' id='word_1_648' title='bbox 3769 3631 3835 3670; x_wconf 86' lang='lat' dir='ltr'>an</span> 
     </span>
    </p>
   </div>
   <div class='ocr_carea' id='block_1_86' title="bbox 2187 3700 3836 3760">
    <p class='ocr_par' dir='ltr' id='par_1_86' title="bbox 2187 3700 3836 3760">
     <span class='ocr_line' id='line_1_86' title="bbox 2187 3700 3836 3760; baseline 0.002 -7"><span class='ocrx_word' id='word_1_649' title='bbox 2187 3703 2380 3754; x_wconf 88' lang='lat' dir='ltr'>vestra</span> <span class='ocrx_word' id='word_1_650' title='bbox 2409 3700 2695 3754; x_wconf 88' lang='lat' dir='ltr'>autoritas</span> <span class='ocrx_word' id='word_1_651' title='bbox 2729 3700 2783 3754; x_wconf 89' lang='lat' dir='ltr'>ei</span> <span class='ocrx_word' id='word_1_652' title='bbox 2814 3717 2941 3755; x_wconf 89' lang='lat' dir='ltr'>eam</span> <span class='ocrx_word' id='word_1_653' title='bbox 2967 3701 3373 3756; x_wconf 84' lang='lat' dir='ltr'>concederet.»</span> <span class='ocrx_word' id='word_1_654' title='bbox 3404 3703 3488 3756; x_wconf 84' lang='lat' dir='ltr'>Ad</span> <span class='ocrx_word' id='word_1_655' title='bbox 3523 3701 3646 3758; x_wconf 68' lang='lat' dir='ltr'>haec</span> <span class='ocrx_word' id='word_1_656' title='bbox 3675 3702 3836 3760; x_wconf 88' lang='lat' dir='ltr'>multi</span> 
     </span>
    </p>
   </div>
   <div class='ocr_carea' id='block_1_87' title="bbox 2189 3788 3836 3858">
    <p class='ocr_par' dir='ltr' id='par_1_87' title="bbox 2189 3788 3836 3858">
     <span class='ocr_line' id='line_1_87' title="bbox 2189 3788 3836 3858; baseline 0.003 -15"><span class='ocrx_word' id='word_1_657' title='bbox 2189 3788 2587 3844; x_wconf 89' lang='lat' dir='ltr'>evclamerunt</span> <span class='ocrx_word' id='word_1_658' title='bbox 2619 3788 2679 3843; x_wconf 91' lang='lat' dir='ltr'>in</span> <span class='ocrx_word' id='word_1_659' title='bbox 2714 3807 2900 3858; x_wconf 91' lang='lat' dir='ltr'>unun,</span> <span class='ocrx_word' id='word_1_660' title='bbox 2934 3789 3196 3845; x_wconf 88' lang='lat' dir='ltr'>dicentes</span> <span class='ocrx_word' id='word_1_661' title='bbox 3229 3807 3242 3844; x_wconf 91' lang='lat'>:</span> <span class='ocrx_word' id='word_1_662' title='bbox 3277 3812 3305 3839; x_wconf 93' lang='grc'><strong>‹‹</strong></span> <span class='ocrx_word' id='word_1_663' title='bbox 3339 3791 3455 3846; x_wconf 92' lang='lat' dir='ltr'>Nos</span> <span class='ocrx_word' id='word_1_664' title='bbox 3495 3791 3680 3847; x_wconf 90' lang='lat' dir='ltr'>simul</span> <span class='ocrx_word' id='word_1_665' title='bbox 3717 3809 3836 3848; x_wconf 89' lang='lat' dir='ltr'>eam</span> 
     </span>
    </p>
   </div>
   <div class='ocr_carea' id='block_1_88' title="bbox 2188 3877 3838 3951">
    <p class='ocr_par' dir='ltr' id='par_1_88' title="bbox 2188 3877 3838 3951">
     <span class='ocr_line' id='line_1_88' title="bbox 2188 3877 3838 3951; baseline 0.004 -20"><span class='ocrx_word' id='word_1_666' title='bbox 2188 3877 2560 3946; x_wconf 84' lang='lat' dir='ltr'>habebimus,</span> <span class='ocrx_word' id='word_1_667' title='bbox 2578 3877 2860 3950; x_wconf 90' lang='lat' dir='ltr'>quoniam</span> <span class='ocrx_word' id='word_1_668' title='bbox 2896 3879 3076 3934; x_wconf 90' lang='lat' dir='ltr'>simul</span> <span class='ocrx_word' id='word_1_669' title='bbox 3097 3880 3403 3951; x_wconf 88' lang='lat' dir='ltr'>angustias</span> <span class='ocrx_word' id='word_1_670' title='bbox 3425 3881 3838 3937; x_wconf 85' lang='lat' dir='ltr'>necessitatum</span> 
     </span>
    </p>
   </div>
   <div class='ocr_carea' id='block_1_89' title="bbox 2187 3966 3842 4027">
    <p class='ocr_par' dir='ltr' id='par_1_89' title="bbox 2187 3966 3842 4027">
     <span class='ocr_line' id='line_1_89' title="bbox 2187 3966 3842 4027; baseline 0.003 -7"><span class='ocrx_word' id='word_1_671' title='bbox 2187 3966 2587 4022; x_wconf 86' lang='lat' dir='ltr'>toieravimus.</span> <span class='ocrx_word' id='word_1_672' title='bbox 2626 3990 2653 4016; x_wconf 87' lang='grc'>››</span> <span class='ocrx_word' id='word_1_673' title='bbox 2688 3969 2854 4023; x_wconf 90' lang='lat' dir='ltr'>Tunc</span> <span class='ocrx_word' id='word_1_674' title='bbox 2886 3969 3271 4024; x_wconf 88' lang='lat' dir='ltr'>Boamundus</span> <span class='ocrx_word' id='word_1_675' title='bbox 3302 3969 3602 4024; x_wconf 92' lang='lat' dir='ltr'>modicum</span> <span class='ocrx_word' id='word_1_676' title='bbox 3653 3971 3842 4027; x_wconf 89' lang='lat' dir='ltr'>subri-</span> 
     </span>
    </p>
   </div>
   <div class='ocr_carea' id='block_1_90' title="bbox 2189 4055 3843 4132">
    <p class='ocr_par' dir='ltr' id='par_1_90' title="bbox 2189 4055 3843 4132">
     <span class='ocr_line' id='line_1_90' title="bbox 2189 4055 3843 4132; baseline 0.004 -24"><span class='ocrx_word' id='word_1_677' title='bbox 2189 4055 2354 4122; x_wconf 90' lang='lat' dir='ltr'>dens,</span> <span class='ocrx_word' id='word_1_678' title='bbox 2389 4056 2471 4110; x_wconf 91' lang='lat' dir='ltr'>ait</span> <span class='ocrx_word' id='word_1_679' title='bbox 2503 4073 2516 4111; x_wconf 91' lang='lat'><strong>:</strong></span> <span class='ocrx_word' id='word_1_680' title='bbox 2551 4079 2579 4106; x_wconf 86' lang='grc'>‹‹</span> <span class='ocrx_word' id='word_1_681' title='bbox 2613 4056 2708 4111; x_wconf 71' lang='lat' dir='ltr'>Va:</span> <span class='ocrx_word' id='word_1_682' title='bbox 2742 4056 2961 4112; x_wconf 88' lang='lat' dir='ltr'>civitati</span> <span class='ocrx_word' id='word_1_683' title='bbox 2996 4074 3124 4129; x_wconf 72' lang='lat' dir='ltr'>qua:</span> <span class='ocrx_word' id='word_1_684' title='bbox 3155 4061 3242 4112; x_wconf 91' lang='lat' dir='ltr'>tot</span> <span class='ocrx_word' id='word_1_685' title='bbox 3273 4057 3532 4112; x_wconf 90' lang='lat' dir='ltr'>dominis</span> <span class='ocrx_word' id='word_1_686' title='bbox 3581 4061 3843 4132; x_wconf 87' lang='lat' dir='ltr'>subjecta</span> 
     </span>
    </p>
   </div>
   <div class='ocr_carea' id='block_1_91' title="bbox 2189 4143 3838 4222">
    <p class='ocr_par' dir='ltr' id='par_1_91' title="bbox 2189 4143 3838 4222">
     <span class='ocr_line' id='line_1_91' title="bbox 2189 4143 3838 4222; baseline 0.004 -24"><span class='ocrx_word' id='word_1_687' title='bbox 2189 4143 2328 4199; x_wconf 90' lang='lat' dir='ltr'>erit!</span> <span class='ocrx_word' id='word_1_688' title='bbox 2369 4144 2567 4212; x_wconf 87' lang='lat' dir='ltr'>nolite,</span> <span class='ocrx_word' id='word_1_689' title='bbox 2616 4146 2844 4211; x_wconf 81' lang='lat' dir='ltr'>fratres,</span> <span class='ocrx_word' id='word_1_690' title='bbox 2880 4162 2949 4201; x_wconf 89' lang='lat' dir='ltr'>ea</span> <span class='ocrx_word' id='word_1_691' title='bbox 2995 4147 3188 4201; x_wconf 87' lang='lat' dir='ltr'>dicere</span> <span class='ocrx_word' id='word_1_692' title='bbox 3223 4163 3235 4202; x_wconf 90' lang='lat'>:</span> <span class='ocrx_word' id='word_1_693' title='bbox 3272 4147 3374 4201; x_wconf 90' lang='lat' dir='ltr'>sed</span> <span class='ocrx_word' id='word_1_694' title='bbox 3419 4149 3548 4218; x_wconf 88' lang='lat' dir='ltr'>ejus</span> <span class='ocrx_word' id='word_1_695' title='bbox 3595 4147 3838 4222; x_wconf 89' lang='lat' dir='ltr'>imperio</span> 
     </span>
    </p>
   </div>
   <div class='ocr_carea' id='block_1_92' title="bbox 2189 4234 3836 4308">
    <p class='ocr_par' dir='ltr' id='par_1_92' title="bbox 2189 4234 3836 4308">
     <span class='ocr_line' id='line_1_92' title="bbox 2189 4234 3836 4308; baseline 0.002 -21"><span class='ocrx_word' id='word_1_696' title='bbox 2189 4234 2561 4304; x_wconf 89' lang='lat' dir='ltr'>subjiciatur,</span> <span class='ocrx_word' id='word_1_697' title='bbox 2597 4235 2696 4307; x_wconf 92' lang='lat' dir='ltr'>qui</span> <span class='ocrx_word' id='word_1_698' title='bbox 2729 4251 2856 4290; x_wconf 88' lang='lat' dir='ltr'>eam</span> <span class='ocrx_word' id='word_1_699' title='bbox 2881 4236 3095 4307; x_wconf 89' lang='lat' dir='ltr'>poterit</span> <span class='ocrx_word' id='word_1_700' title='bbox 3126 4235 3446 4308; x_wconf 88' lang='lat' dir='ltr'>acquirere.</span> <span class='ocrx_word' id='word_1_701' title='bbox 3467 4235 3576 4302; x_wconf 90' lang='lat' dir='ltr'>Qui</span> <span class='ocrx_word' id='word_1_702' title='bbox 3609 4242 3680 4293; x_wconf 90' lang='lat' dir='ltr'>ut</span> <span class='ocrx_word' id='word_1_703' title='bbox 3701 4238 3836 4292; x_wconf 89' lang='lat' dir='ltr'>vidit</span> 
     </span>
    </p>
   </div>
   <div class='ocr_carea' id='block_1_93' title="bbox 2189 4323 3835 4396">
    <p class='ocr_par' dir='ltr' id='par_1_93' title="bbox 2189 4323 3835 4396">
     <span class='ocr_line' id='line_1_93' title="bbox 2189 4323 3835 4396; baseline 0.001 -18"><span class='ocrx_word' id='word_1_704' title='bbox 2189 4324 2327 4396; x_wconf 88' lang='lat' dir='ltr'>quia</span> <span class='ocrx_word' id='word_1_705' title='bbox 2361 4323 2442 4378; x_wconf 93' lang='lat' dir='ltr'>nil</span> <span class='ocrx_word' id='word_1_706' title='bbox 2476 4323 2832 4396; x_wconf 87' lang='lat' dir='ltr'>proficiebat,</span> <span class='ocrx_word' id='word_1_707' title='bbox 2866 4325 2936 4378; x_wconf 90' lang='lat' dir='ltr'>ad</span> <span class='ocrx_word' id='word_1_708' title='bbox 2968 4329 3160 4380; x_wconf 89' lang='lat' dir='ltr'>castra</span> <span class='ocrx_word' id='word_1_709' title='bbox 3190 4342 3298 4380; x_wconf 91' lang='lat' dir='ltr'>sua</span> <span class='ocrx_word' id='word_1_710' title='bbox 3330 4325 3521 4392; x_wconf 87' lang='lat' dir='ltr'>rediit,</span> <span class='ocrx_word' id='word_1_711' title='bbox 3554 4329 3614 4381; x_wconf 90' lang='lat' dir='ltr'>et</span> <span class='ocrx_word' id='word_1_712' title='bbox 3641 4331 3835 4382; x_wconf 89' lang='lat' dir='ltr'>tamen</span> 
     </span>
    </p>
   </div>
   <div class='ocr_carea' id='block_1_94' title="bbox 2190 4411 3833 4486">
    <p class='ocr_par' dir='ltr' id='par_1_94' title="bbox 2190 4411 3833 4486">
     <span class='ocr_line' id='line_1_94' title="bbox 2190 4411 3833 4486; baseline 0.004 -20"><span class='ocrx_word' id='word_1_713' title='bbox 2190 4413 2430 4468; x_wconf 87' lang='lat' dir='ltr'>nuntios</span> <span class='ocrx_word' id='word_1_714' title='bbox 2479 4412 2702 4486; x_wconf 84' lang='lat' dir='ltr'>Pyrrhi,</span> <span class='ocrx_word' id='word_1_715' title='bbox 2748 4411 2848 4486; x_wconf 92' lang='lat' dir='ltr'>qui</span> <span class='ocrx_word' id='word_1_716' title='bbox 2899 4413 2970 4468; x_wconf 89' lang='lat' dir='ltr'>ad</span> <span class='ocrx_word' id='word_1_717' title='bbox 3024 4431 3086 4470; x_wconf 88' lang='lat' dir='ltr'>se</span> <span class='ocrx_word' id='word_1_718' title='bbox 3132 4418 3435 4482; x_wconf 85' lang='lat' dir='ltr'>venerant,</span> <span class='ocrx_word' id='word_1_719' title='bbox 3479 4414 3758 4472; x_wconf 89' lang='lat' dir='ltr'>detinuit.</span> <span class='ocrx_word' id='word_1_720' title='bbox 3809 4438 3833 4464; x_wconf 86' lang='lat'><strong><em>»</em></strong></span> 
     </span>
    </p>
   </div>
   <div class='ocr_carea' id='block_1_95' title="bbox 430 4498 3836 4584">
    <p class='ocr_par' dir='ltr' id='par_1_95' title="bbox 430 4498 3836 4584">
     <span class='ocr_line' id='line_1_95' title="bbox 430 4498 3836 4584; baseline -0.002 -20"><span class='ocrx_word' id='word_1_721' title='bbox 430 4506 643 4564; x_wconf 87' lang='lat' dir='ltr'>auxilio</span> <span class='ocrx_word' id='word_1_722' title='bbox 669 4505 911 4561; x_wconf 80' lang='lat' dir='ltr'>veniunt</span> <span class='ocrx_word' id='word_1_723' title='bbox 941 4502 1217 4558; x_wconf 90' lang='lat' dir='ltr'>indicent.</span> <span class='ocrx_word' id='word_1_724' title='bbox 1251 4502 1311 4556; x_wconf 92' lang='lat' dir='ltr'>Si</span> <span class='ocrx_word' id='word_1_725' title='bbox 1341 4501 1497 4556; x_wconf 91' lang='lat' dir='ltr'>enim</span> <span class='ocrx_word' id='word_1_726' title='bbox 1531 4504 1592 4557; x_wconf 90' lang='lat' dir='ltr'>ut</span> <span class='ocrx_word' id='word_1_727' title='bbox 1623 4500 1935 4573; x_wconf 90' lang='lat' dir='ltr'>peregrini,</span> <span class='ocrx_word' id='word_1_728' title='bbox 1989 4498 2075 4556; x_wconf 92' lang='lat' dir='ltr'>vel</span> <span class='ocrx_word' id='word_1_729' title='bbox 2190 4501 2863 4574; x_wconf 87' lang='lat' dir='ltr'>Principesvero,amoto</span> <span class='ocrx_word' id='word_1_730' title='bbox 2878 4502 3836 4570; x_wconf 86' lang='lat' dir='ltr'>Boamundo,consiliuminierunt</span> 
     </span>
    </p>
   </div>
   <div class='ocr_carea' id='block_1_96' title="bbox 433 4588 2074 4664">
    <p class='ocr_par' dir='ltr' id='par_1_96' title="bbox 433 4588 2074 4664">
     <span class='ocr_line' id='line_1_96' title="bbox 433 4588 2074 4664; baseline -0.004 -14"><span class='ocrx_word' id='word_1_731' title='bbox 433 4599 495 4650; x_wconf 91' lang='lat' dir='ltr'>ut</span> <span class='ocrx_word' id='word_1_732' title='bbox 526 4595 856 4651; x_wconf 88' lang='lat' dir='ltr'>sacerdotes</span> <span class='ocrx_word' id='word_1_733' title='bbox 871 4593 1037 4649; x_wconf 91' lang='lat' dir='ltr'>stolis</span> <span class='ocrx_word' id='word_1_734' title='bbox 1051 4591 1302 4648; x_wconf 88' lang='lat' dir='ltr'>dealbati</span> <span class='ocrx_word' id='word_1_735' title='bbox 1318 4594 1681 4664; x_wconf 88' lang='lat' dir='ltr'>apparerent,</span> <span class='ocrx_word' id='word_1_736' title='bbox 1699 4606 1812 4645; x_wconf 91' lang='lat' dir='ltr'>non</span> <span class='ocrx_word' id='word_1_737' title='bbox 1835 4588 2074 4657; x_wconf 91' lang='lat' dir='ltr'>bellum,</span> 
     </span>
    </p>
   </div>
   <div class='ocr_carea' id='block_1_97' title="bbox 431 4677 2084 4757">
    <p class='ocr_par' dir='ltr' id='par_1_97' title="bbox 431 4677 2084 4757">
     <span class='ocr_line' id='line_1_97' title="bbox 431 4677 2084 4757; baseline -0.005 -16"><span class='ocrx_word' id='word_1_738' title='bbox 431 4685 533 4742; x_wconf 91' lang='lat' dir='ltr'>sed</span> <span class='ocrx_word' id='word_1_739' title='bbox 560 4701 760 4757; x_wconf 88' lang='lat' dir='ltr'>pacem</span> <span class='ocrx_word' id='word_1_740' title='bbox 790 4681 1147 4738; x_wconf 86' lang='lat' dir='ltr'>nuntiarent.</span> <span class='ocrx_word' id='word_1_741' title='bbox 1164 4680 1400 4753; x_wconf 84' lang='lat' dir='ltr'>Expleto</span> <span class='ocrx_word' id='word_1_742' title='bbox 1419 4678 1712 4751; x_wconf 89' lang='lat' dir='ltr'>siquidem</span> <span class='ocrx_word' id='word_1_743' title='bbox 1728 4677 1957 4751; x_wconf 89' lang='lat' dir='ltr'>negotio</span> <span class='ocrx_word' id='word_1_744' title='bbox 1981 4694 2084 4749; x_wconf 90' lang='lat' dir='ltr'>pro</span> 
     </span>
    </p>
   </div>
   <div class='ocr_carea' id='block_1_98' title="bbox 432 4767 2085 4847">
    <p class='ocr_par' dir='ltr' id='par_1_98' title="bbox 432 4767 2085 4847">
     <span class='ocr_line' id='line_1_98' title="bbox 432 4767 2085 4847; baseline -0.005 -18"><span class='ocrx_word' id='word_1_745' title='bbox 432 4790 546 4847; x_wconf 93' lang='lat' dir='ltr'>quo</span> <span class='ocrx_word' id='word_1_746' title='bbox 578 4771 837 4840; x_wconf 89' lang='lat' dir='ltr'>veniunt,</span> <span class='ocrx_word' id='word_1_747' title='bbox 855 4772 925 4827; x_wconf 90' lang='lat' dir='ltr'>ad</span> <span class='ocrx_word' id='word_1_748' title='bbox 961 4769 1211 4826; x_wconf 85' lang='lat' dir='ltr'>coelestia</span> <span class='ocrx_word' id='word_1_749' title='bbox 1236 4773 1518 4836; x_wconf 83' lang='lat' dir='ltr'>remeant,</span> <span class='ocrx_word' id='word_1_750' title='bbox 1537 4767 1690 4823; x_wconf 91' lang='lat' dir='ltr'>unde</span> <span class='ocrx_word' id='word_1_751' title='bbox 1711 4770 2012 4834; x_wconf 90' lang='lat' dir='ltr'>venerunt,</span> <span class='ocrx_word' id='word_1_752' title='bbox 2030 4770 2085 4821; x_wconf 88' lang='lat' dir='ltr'>et</span> 
     </span>
    </p>
   </div>
   <div class='ocr_carea' id='block_1_99' title="bbox 433 4859 2080 4934">
    <p class='ocr_par' dir='ltr' id='par_1_99' title="bbox 433 4859 2080 4934">
     <span class='ocr_line' id='line_1_99' title="bbox 433 4859 2080 4934; baseline -0.005 -17"><span class='ocrx_word' id='word_1_753' title='bbox 433 4879 695 4934; x_wconf 87' lang='lat' dir='ltr'>corpora,</span> <span class='ocrx_word' id='word_1_754' title='bbox 724 4879 873 4933; x_wconf 73' lang='lat' dir='ltr'>quae,</span> <span class='ocrx_word' id='word_1_755' title='bbox 906 4865 970 4914; x_wconf 93' lang='lat' dir='ltr'>ut</span> <span class='ocrx_word' id='word_1_756' title='bbox 997 4859 1258 4914; x_wconf 85' lang='lat' dir='ltr'>visibiles</span> <span class='ocrx_word' id='word_1_757' title='bbox 1311 4861 1677 4930; x_wconf 87' lang='lat' dir='ltr'>apparerent,</span> <span class='ocrx_word' id='word_1_758' title='bbox 1713 4859 2080 4928; x_wconf 88' lang='lat' dir='ltr'>acceperunt,</span> 
     </span>
    </p>
   </div>
   <div class='ocr_carea' id='block_1_100' title="bbox 432 4949 2078 5021">
    <p class='ocr_par' dir='ltr' id='par_1_100' title="bbox 432 4949 2078 5021">
     <span class='ocr_line' id='line_1_100' title="bbox 432 4949 2078 5021; baseline -0.004 -15"><span class='ocrx_word' id='word_1_759' title='bbox 432 4950 491 5006; x_wconf 94' lang='lat' dir='ltr'>in</span> <span class='ocrx_word' id='word_1_760' title='bbox 524 4951 790 5006; x_wconf 89' lang='lat' dir='ltr'>eamdem</span> <span class='ocrx_word' id='word_1_761' title='bbox 815 4953 1101 5021; x_wconf 91' lang='lat' dir='ltr'>reponunt</span> <span class='ocrx_word' id='word_1_762' title='bbox 1132 4949 1436 5003; x_wconf 88' lang='lat' dir='ltr'>materiam</span> <span class='ocrx_word' id='word_1_763' title='bbox 1469 4964 1643 5018; x_wconf 91' lang='lat' dir='ltr'>quam</span> <span class='ocrx_word' id='word_1_764' title='bbox 1678 4949 2078 5017; x_wconf 90' lang='lat' dir='ltr'>sumpserunt.</span> 
     </span>
    </p>
   </div>
   <div class='ocr_carea' id='block_1_101' title="bbox 434 5035 2085 5109">
    <p class='ocr_par' dir='ltr' id='par_1_101' title="bbox 434 5035 2085 5109">
     <span class='ocr_line' id='line_1_101' title="bbox 434 5035 2085 5109; baseline -0.004 -14"><span class='ocrx_word' id='word_1_765' title='bbox 434 5039 515 5095; x_wconf 91' lang='lat' dir='ltr'>Ne</span> <span class='ocrx_word' id='word_1_766' title='bbox 549 5038 797 5106; x_wconf 88' lang='lat' dir='ltr'>mireris,</span> <span class='ocrx_word' id='word_1_767' title='bbox 814 5037 865 5092; x_wconf 90' lang='lat' dir='ltr'>si</span> <span class='ocrx_word' id='word_1_768' title='bbox 889 5039 1259 5109; x_wconf 88' lang='lat' dir='ltr'>omnipotens</span> <span class='ocrx_word' id='word_1_769' title='bbox 1285 5038 1487 5092; x_wconf 84' lang='lat' dir='ltr'>Faetor</span> <span class='ocrx_word' id='word_1_770' title='bbox 1507 5035 1772 5090; x_wconf 89' lang='lat' dir='ltr'>omnium</span> <span class='ocrx_word' id='word_1_771' title='bbox 1791 5039 2085 5090; x_wconf 86' lang='lat' dir='ltr'>transmu-</span> 
     </span>
    </p>
   </div>
   <div class='ocr_carea' id='block_1_102' title="bbox 435 5123 2078 5197">
    <p class='ocr_par' dir='ltr' id='par_1_102' title="bbox 435 5123 2078 5197">
     <span class='ocr_line' id='line_1_102' title="bbox 435 5123 2078 5197; baseline -0.004 -13"><span class='ocrx_word' id='word_1_772' title='bbox 435 5131 521 5184; x_wconf 89' lang='lat' dir='ltr'>tat</span> <span class='ocrx_word' id='word_1_773' title='bbox 569 5127 871 5182; x_wconf 89' lang='lat' dir='ltr'>materiam</span> <span class='ocrx_word' id='word_1_774' title='bbox 907 5144 940 5182; x_wconf 90' lang='lat' dir='ltr'>a</span> <span class='ocrx_word' id='word_1_775' title='bbox 971 5144 1030 5183; x_wconf 90' lang='lat' dir='ltr'>se</span> <span class='ocrx_word' id='word_1_776' title='bbox 1057 5127 1290 5195; x_wconf 89' lang='lat' dir='ltr'>factam,</span> <span class='ocrx_word' id='word_1_777' title='bbox 1323 5125 1381 5180; x_wconf 93' lang='lat' dir='ltr'>in</span> <span class='ocrx_word' id='word_1_778' title='bbox 1431 5123 1756 5197; x_wconf 89' lang='lat' dir='ltr'>quamlibet</span> <span class='ocrx_word' id='word_1_779' title='bbox 1803 5124 2078 5196; x_wconf 89' lang='lat' dir='ltr'>speciem,</span> 
     </span>
    </p>
   </div>
   <div class='ocr_carea' id='block_1_103' title="bbox 438 5213 2082 5291">
    <p class='ocr_par' dir='ltr' id='par_1_103' title="bbox 438 5213 2082 5291">
     <span class='ocr_line' id='line_1_103' title="bbox 438 5213 2082 5291; baseline -0.002 -19"><span class='ocrx_word' id='word_1_780' title='bbox 438 5217 536 5291; x_wconf 93' lang='lat' dir='ltr'>qui</span> <span class='ocrx_word' id='word_1_781' title='bbox 565 5216 834 5272; x_wconf 89' lang='lat' dir='ltr'>universa</span> <span class='ocrx_word' id='word_1_782' title='bbox 862 5216 933 5272; x_wconf 93' lang='lat' dir='ltr'>de</span> <span class='ocrx_word' id='word_1_783' title='bbox 961 5213 1143 5270; x_wconf 91' lang='lat' dir='ltr'>nihilo</span> <span class='ocrx_word' id='word_1_784' title='bbox 1176 5214 1418 5270; x_wconf 84' lang='lat' dir='ltr'>adduxit</span> <span class='ocrx_word' id='word_1_785' title='bbox 1464 5214 1524 5268; x_wconf 92' lang='lat' dir='ltr'>in</span> <span class='ocrx_word' id='word_1_786' title='bbox 1583 5213 1918 5270; x_wconf 89' lang='lat' dir='ltr'>essentiam.</span> <span class='ocrx_word' id='word_1_787' title='bbox 1952 5235 1979 5262; x_wconf 83' lang='lat'>»</span> <span class='ocrx_word' id='word_1_788' title='bbox 2012 5213 2082 5268; x_wconf 90' lang='lat' dir='ltr'>Et</span> 
     </span>
    </p>
   </div>
   <div class='ocr_carea' id='block_1_104' title="bbox 439 5301 2082 5380">
    <p class='ocr_par' dir='ltr' id='par_1_104' title="bbox 439 5301 2082 5380">
     <span class='ocr_line' id='line_1_104' title="bbox 439 5301 2082 5380; baseline -0.002 -18"><span class='ocrx_word' id='word_1_789' title='bbox 439 5305 695 5380; x_wconf 90' lang='lat' dir='ltr'>Pyrrhus</span> <span class='ocrx_word' id='word_1_790' title='bbox 743 5305 813 5360; x_wconf 89' lang='lat' dir='ltr'>ad</span> <span class='ocrx_word' id='word_1_791' title='bbox 867 5303 988 5360; x_wconf 70' lang='lat' dir='ltr'>haec</span> <span class='ocrx_word' id='word_1_792' title='bbox 1041 5304 1121 5359; x_wconf 91' lang='lat' dir='ltr'>ait</span> <span class='ocrx_word' id='word_1_793' title='bbox 1153 5321 1166 5360; x_wconf 88' lang='lat'>:</span> <span class='ocrx_word' id='word_1_794' title='bbox 1201 5327 1228 5354; x_wconf 67' lang='grc' dir='ltr'><strong><em>α</em></strong></span> <span class='ocrx_word' id='word_1_795' title='bbox 1262 5304 1368 5359; x_wconf 90' lang='lat' dir='ltr'>Per</span> <span class='ocrx_word' id='word_1_796' title='bbox 1396 5303 1591 5376; x_wconf 90' lang='lat' dir='ltr'>ipsum</span> <span class='ocrx_word' id='word_1_797' title='bbox 1645 5320 1818 5376; x_wconf 89' lang='lat' dir='ltr'>quem</span> <span class='ocrx_word' id='word_1_798' title='bbox 1867 5301 2082 5358; x_wconf 87' lang='lat' dir='ltr'>asseris</span> 
     </span>
    </p>
   </div>
   <div class='ocr_carea' id='block_1_105' title="bbox 438 5391 2084 5464">
    <p class='ocr_par' dir='ltr' id='par_1_105' title="bbox 438 5391 2084 5464">
     <span class='ocr_line' id='line_1_105' title="bbox 438 5391 2084 5464; baseline -0.002 -14"><span class='ocrx_word' id='word_1_799' title='bbox 438 5398 786 5461; x_wconf 87' lang='lat' dir='ltr'>Creatorem,</span> <span class='ocrx_word' id='word_1_800' title='bbox 812 5394 959 5450; x_wconf 90' lang='lat' dir='ltr'>mira</span> <span class='ocrx_word' id='word_1_801' title='bbox 991 5393 1156 5461; x_wconf 91' lang='lat' dir='ltr'>dicis,</span> <span class='ocrx_word' id='word_1_802' title='bbox 1181 5397 1237 5449; x_wconf 93' lang='lat' dir='ltr'>et</span> <span class='ocrx_word' id='word_1_803' title='bbox 1268 5391 1660 5460; x_wconf 89' lang='lat' dir='ltr'>rationabilia,</span> <span class='ocrx_word' id='word_1_804' title='bbox 1678 5391 1959 5464; x_wconf 91' lang='lat' dir='ltr'>nobisque</span> <span class='ocrx_word' id='word_1_805' title='bbox 1979 5391 2084 5447; x_wconf 89' lang='lat' dir='ltr'>ha-</span> 
     </span>
    </p>
   </div>
   <div class='ocr_carea' id='block_1_106' title="bbox 439 5481 2080 5552">
    <p class='ocr_par' dir='ltr' id='par_1_106' title="bbox 439 5481 2080 5552">
     <span class='ocr_line' id='line_1_106' title="bbox 439 5481 2080 5552; baseline -0.001 -12"><span class='ocrx_word' id='word_1_806' title='bbox 439 5489 645 5541; x_wconf 90' lang='lat' dir='ltr'>ctenus</span> <span class='ocrx_word' id='word_1_807' title='bbox 677 5482 958 5540; x_wconf 89' lang='lat' dir='ltr'>inaudita.</span> <span class='ocrx_word' id='word_1_808' title='bbox 991 5505 1020 5534; x_wconf 85' lang='lat'><strong>»</strong></span> <span class='ocrx_word' id='word_1_809' title='bbox 1056 5482 1157 5538; x_wconf 83' lang='lat' dir='ltr'>His</span> <span class='ocrx_word' id='word_1_810' title='bbox 1206 5481 1584 5537; x_wconf 85' lang='lat' dir='ltr'>Boamundus</span> <span class='ocrx_word' id='word_1_811' title='bbox 1631 5481 1842 5552; x_wconf 88' lang='lat' dir='ltr'>adjecit</span> <span class='ocrx_word' id='word_1_812' title='bbox 1870 5485 1927 5537; x_wconf 89' lang='lat' dir='ltr'>et</span> <span class='ocrx_word' id='word_1_813' title='bbox 1952 5481 2034 5538; x_wconf 91' lang='lat' dir='ltr'>ait</span> <span class='ocrx_word' id='word_1_814' title='bbox 2067 5499 2080 5538; x_wconf 89' lang='lat'>:</span> 
     </span>
    </p>
   </div>
   <div class='ocr_carea' id='block_1_107' title="bbox 442 5565 2086 5649">
    <p class='ocr_par' dir='ltr' id='par_1_107' title="bbox 442 5565 2086 5649">
     <span class='ocr_line' id='line_1_107' title="bbox 442 5565 2086 5649; baseline 0.001 -21"><span class='ocrx_word' id='word_1_815' title='bbox 442 5595 472 5628; x_wconf 83' lang='lat'>«</span> <span class='ocrx_word' id='word_1_816' title='bbox 498 5565 547 5632; x_wconf 82' lang='grc' dir='ltr'><strong>Ὀ</strong></span> <span class='ocrx_word' id='word_1_817' title='bbox 580 5567 812 5649; x_wconf 85' lang='lat' dir='ltr'>Pyrrhe,</span> <span class='ocrx_word' id='word_1_818' title='bbox 846 5589 1039 5634; x_wconf 89' lang='lat' dir='ltr'>nonne</span> <span class='ocrx_word' id='word_1_819' title='bbox 1063 5571 1171 5631; x_wconf 88' lang='lat' dir='ltr'>tibi</span> <span class='ocrx_word' id='word_1_820' title='bbox 1201 5569 1428 5629; x_wconf 90' lang='lat' dir='ltr'>videtur</span> <span class='ocrx_word' id='word_1_821' title='bbox 1446 5587 1722 5647; x_wconf 86' lang='lat' dir='ltr'>magnum</span> <span class='ocrx_word' id='word_1_822' title='bbox 1756 5586 1884 5631; x_wconf 86' lang='lat' dir='ltr'>esse</span> <span class='ocrx_word' id='word_1_823' title='bbox 1913 5571 2086 5630; x_wconf 87' lang='lat' dir='ltr'>mira-</span> 
     </span>
    </p>
   </div>
   <div class='ocr_carea' id='block_1_108' title="bbox 2189 4591 3831 4660">
    <p class='ocr_par' dir='ltr' id='par_1_108' title="bbox 2189 4591 3831 4660">
     <span class='ocr_line' id='line_1_108' title="bbox 2189 4591 3831 4660; baseline 0.002 -14"><span class='ocrx_word' id='word_1_824' title='bbox 2189 4591 2452 4646; x_wconf 85' lang='lat' dir='ltr'>dicentes</span> <span class='ocrx_word' id='word_1_825' title='bbox 2487 4607 2500 4646; x_wconf 92' lang='lat'>:</span> <span class='ocrx_word' id='word_1_826' title='bbox 2539 4613 2566 4641; x_wconf 91' lang='grc'>‹‹</span> <span class='ocrx_word' id='word_1_827' title='bbox 2599 4591 2714 4646; x_wconf 89' lang='lat' dir='ltr'>Nos</span> <span class='ocrx_word' id='word_1_828' title='bbox 2745 4591 2965 4646; x_wconf 90' lang='lat' dir='ltr'>bonum</span> <span class='ocrx_word' id='word_1_829' title='bbox 2998 4591 3312 4647; x_wconf 88' lang='lat' dir='ltr'>consilium</span> <span class='ocrx_word' id='word_1_830' title='bbox 3364 4609 3477 4648; x_wconf 90' lang='lat' dir='ltr'>non</span> <span class='ocrx_word' id='word_1_831' title='bbox 3526 4591 3831 4660; x_wconf 88' lang='lat' dir='ltr'>habemus,</span> 
     </span>
    </p>
   </div>
   <div class='ocr_carea' id='block_1_109' title="bbox 2195 4679 3830 4752">
    <p class='ocr_par' dir='ltr' id='par_1_109' title="bbox 2195 4679 3830 4752">
     <span class='ocr_line' id='line_1_109' title="bbox 2195 4679 3830 4752; baseline 0.001 -18"><span class='ocrx_word' id='word_1_832' title='bbox 2195 4679 2295 4752; x_wconf 90' lang='lat' dir='ltr'>qui</span> <span class='ocrx_word' id='word_1_833' title='bbox 2318 4679 2508 4734; x_wconf 90' lang='lat' dir='ltr'>verbis</span> <span class='ocrx_word' id='word_1_834' title='bbox 2531 4680 2857 4734; x_wconf 90' lang='lat' dir='ltr'>Boamundi</span> <span class='ocrx_word' id='word_1_835' title='bbox 2875 4681 2982 4734; x_wconf 92' lang='lat' dir='ltr'>viri</span> <span class='ocrx_word' id='word_1_836' title='bbox 3007 4679 3430 4752; x_wconf 89' lang='lat' dir='ltr'>sapientissimi</span> <span class='ocrx_word' id='word_1_837' title='bbox 3453 4682 3830 4738; x_wconf 89' lang='lat' dir='ltr'>contraimus.</span> 
     </span>
    </p>
   </div>
   <div class='ocr_carea' id='block_1_110' title="bbox 2196 4768 3833 4843">
    <p class='ocr_par' dir='ltr' id='par_1_110' title="bbox 2196 4768 3833 4843">
     <span class='ocr_line' id='line_1_110' title="bbox 2196 4768 3833 4843; baseline 0.001 -19"><span class='ocrx_word' id='word_1_838' title='bbox 2196 4769 2254 4825; x_wconf 93' lang='lat' dir='ltr'>Si</span> <span class='ocrx_word' id='word_1_839' title='bbox 2289 4787 2322 4823; x_wconf 89' lang='lat' dir='ltr'>a</span> <span class='ocrx_word' id='word_1_840' title='bbox 2355 4769 2541 4841; x_wconf 90' lang='lat' dir='ltr'>primo</span> <span class='ocrx_word' id='word_1_841' title='bbox 2572 4768 2664 4823; x_wconf 92' lang='lat' dir='ltr'>die</span> <span class='ocrx_word' id='word_1_842' title='bbox 2697 4785 2813 4840; x_wconf 93' lang='lat' dir='ltr'>quo</span> <span class='ocrx_word' id='word_1_843' title='bbox 2847 4769 2960 4824; x_wconf 91' lang='lat' dir='ltr'>huc</span> <span class='ocrx_word' id='word_1_844' title='bbox 2990 4769 3277 4838; x_wconf 89' lang='lat' dir='ltr'>venimus,</span> <span class='ocrx_word' id='word_1_845' title='bbox 3311 4769 3422 4826; x_wconf 94' lang='lat' dir='ltr'>hoc</span> <span class='ocrx_word' id='word_1_846' title='bbox 3453 4770 3576 4826; x_wconf 89' lang='lat' dir='ltr'>fieri</span> <span class='ocrx_word' id='word_1_847' title='bbox 3612 4771 3833 4843; x_wconf 90' lang='lat' dir='ltr'>potuis-</span> 
     </span>
    </p>
   </div>
   <div class='ocr_carea' id='block_1_111' title="bbox 2195 4858 3829 4932">
    <p class='ocr_par' dir='ltr' id='par_1_111' title="bbox 2195 4858 3829 4932">
     <span class='ocr_line' id='line_1_111' title="bbox 2195 4858 3829 4932; baseline 0.001 -20"><span class='ocrx_word' id='word_1_848' title='bbox 2195 4863 2304 4924; x_wconf 90' lang='lat' dir='ltr'>set,</span> <span class='ocrx_word' id='word_1_849' title='bbox 2339 4874 2621 4930; x_wconf 87' lang='lat' dir='ltr'>magnum</span> <span class='ocrx_word' id='word_1_850' title='bbox 2655 4858 2824 4914; x_wconf 90' lang='lat' dir='ltr'>nobis</span> <span class='ocrx_word' id='word_1_851' title='bbox 2857 4859 3232 4914; x_wconf 89' lang='lat' dir='ltr'>commodum</span> <span class='ocrx_word' id='word_1_852' title='bbox 3278 4858 3413 4915; x_wconf 92' lang='lat' dir='ltr'>inde</span> <span class='ocrx_word' id='word_1_853' title='bbox 3456 4862 3829 4932; x_wconf 88' lang='lat' dir='ltr'>pervenisset.</span> 
     </span>
    </p>
   </div>
   <div class='ocr_carea' id='block_1_112' title="bbox 2193 4947 3831 5020">
    <p class='ocr_par' dir='ltr' id='par_1_112' title="bbox 2193 4947 3831 5020">
     <span class='ocr_line' id='line_1_112' title="bbox 2193 4947 3831 5020; baseline 0.001 -17"><span class='ocrx_word' id='word_1_854' title='bbox 2193 4947 2402 5003; x_wconf 89' lang='lat' dir='ltr'>Nullus</span> <span class='ocrx_word' id='word_1_855' title='bbox 2452 4952 2789 5002; x_wconf 79' lang='lat' dir='ltr'>nostrorum</span> <span class='ocrx_word' id='word_1_856' title='bbox 2839 4952 3075 5020; x_wconf 87' lang='lat' dir='ltr'>propter</span> <span class='ocrx_word' id='word_1_857' title='bbox 3112 4947 3495 5004; x_wconf 89' lang='lat' dir='ltr'>ambitionem</span> <span class='ocrx_word' id='word_1_858' title='bbox 3529 4949 3696 5004; x_wconf 90' lang='lat' dir='ltr'>urbis</span> <span class='ocrx_word' id='word_1_859' title='bbox 3724 4951 3831 5005; x_wconf 87' lang='lat' dir='ltr'>An-</span> 
     </span>
    </p>
   </div>
   <div class='ocr_carea' id='block_1_113' title="bbox 2190 5036 3830 5104">
    <p class='ocr_par' dir='ltr' id='par_1_113' title="bbox 2190 5036 3830 5104">
     <span class='ocr_line' id='line_1_113' title="bbox 2190 5036 3830 5104; baseline 0 -12"><span class='ocrx_word' id='word_1_860' title='bbox 2190 5037 2420 5092; x_wconf 64' lang='lat' dir='ltr'>tiochiae</span> <span class='ocrx_word' id='word_1_861' title='bbox 2451 5036 2520 5090; x_wconf 89' lang='lat' dir='ltr'>de</span> <span class='ocrx_word' id='word_1_862' title='bbox 2553 5039 2706 5090; x_wconf 88' lang='lat' dir='ltr'>terra</span> <span class='ocrx_word' id='word_1_863' title='bbox 2735 5053 2844 5092; x_wconf 92' lang='lat' dir='ltr'>sua</span> <span class='ocrx_word' id='word_1_864' title='bbox 2872 5037 3084 5104; x_wconf 84' lang='lat' dir='ltr'>exivit;</span> <span class='ocrx_word' id='word_1_865' title='bbox 3117 5053 3246 5092; x_wconf 89' lang='lat' dir='ltr'>eam</span> <span class='ocrx_word' id='word_1_866' title='bbox 3279 5037 3491 5093; x_wconf 90' lang='lat' dir='ltr'>habeat</span> <span class='ocrx_word' id='word_1_867' title='bbox 3539 5039 3633 5094; x_wconf 92' lang='lat' dir='ltr'>cui</span> <span class='ocrx_word' id='word_1_868' title='bbox 3686 5039 3830 5094; x_wconf 88' lang='lat' dir='ltr'>Deus</span> 
     </span>
    </p>
   </div>
   <div class='ocr_carea' id='block_1_114' title="bbox 2192 5125 3829 5198">
    <p class='ocr_par' dir='ltr' id='par_1_114' title="bbox 2192 5125 3829 5198">
     <span class='ocr_line' id='line_1_114' title="bbox 2192 5125 3829 5198; baseline -0.001 -16"><span class='ocrx_word' id='word_1_869' title='bbox 2192 5127 2328 5182; x_wconf 90' lang='lat' dir='ltr'>dare</span> <span class='ocrx_word' id='word_1_870' title='bbox 2348 5125 2616 5194; x_wconf 89' lang='lat' dir='ltr'>voluerit,</span> <span class='ocrx_word' id='word_1_871' title='bbox 2634 5130 2833 5181; x_wconf 89' lang='lat' dir='ltr'>nostra</span> <span class='ocrx_word' id='word_1_872' title='bbox 2854 5126 3120 5181; x_wconf 89' lang='lat' dir='ltr'>omnium</span> <span class='ocrx_word' id='word_1_873' title='bbox 3141 5143 3257 5182; x_wconf 91' lang='lat' dir='ltr'>una</span> <span class='ocrx_word' id='word_1_874' title='bbox 3273 5126 3351 5182; x_wconf 91' lang='lat' dir='ltr'>sit</span> <span class='ocrx_word' id='word_1_875' title='bbox 3367 5127 3638 5198; x_wconf 87' lang='lat' dir='ltr'>intentio,</span> <span class='ocrx_word' id='word_1_876' title='bbox 3652 5127 3829 5183; x_wconf 88' lang='lat' dir='ltr'>sancti</span> 
     </span>
    </p>
   </div>
   <div class='ocr_carea' id='block_1_115' title="bbox 2193 5214 3833 5287">
    <p class='ocr_par' dir='ltr' id='par_1_115' title="bbox 2193 5214 3833 5287">
     <span class='ocr_line' id='line_1_115' title="bbox 2193 5214 3833 5287; baseline -0.001 -15"><span class='ocrx_word' id='word_1_877' title='bbox 2193 5215 2412 5272; x_wconf 90' lang='lat' dir='ltr'>scilicet</span> <span class='ocrx_word' id='word_1_878' title='bbox 2445 5214 2696 5287; x_wconf 90' lang='lat' dir='ltr'>sepulcri</span> <span class='ocrx_word' id='word_1_879' title='bbox 2729 5214 3334 5272; x_wconf 87' lang='lat' dir='ltr'>deliberatio.Placuit</span> <span class='ocrx_word' id='word_1_880' title='bbox 3364 5216 3679 5284; x_wconf 89' lang='lat' dir='ltr'>omnibus;</span> <span class='ocrx_word' id='word_1_881' title='bbox 3707 5221 3833 5271; x_wconf 89' lang='lat' dir='ltr'>Boa-</span> 
     </span>
    </p>
   </div>
   <div class='ocr_carea' id='block_1_116' title="bbox 2192 5304 3833 5378">
    <p class='ocr_par' dir='ltr' id='par_1_116' title="bbox 2192 5304 3833 5378">
     <span class='ocr_line' id='line_1_116' title="bbox 2192 5304 3833 5378; baseline -0.002 -17"><span class='ocrx_word' id='word_1_882' title='bbox 2192 5305 2453 5361; x_wconf 90' lang='lat' dir='ltr'>mundus</span> <span class='ocrx_word' id='word_1_883' title='bbox 2482 5307 2740 5372; x_wconf 89' lang='lat' dir='ltr'>vocatur,</span> <span class='ocrx_word' id='word_1_884' title='bbox 2759 5304 2929 5376; x_wconf 88' lang='lat' dir='ltr'>eique</span> <span class='ocrx_word' id='word_1_885' title='bbox 2962 5305 3291 5374; x_wconf 88' lang='lat' dir='ltr'>Antiochia,</span> <span class='ocrx_word' id='word_1_886' title='bbox 3318 5305 3369 5360; x_wconf 91' lang='lat' dir='ltr'>si</span> <span class='ocrx_word' id='word_1_887' title='bbox 3393 5321 3521 5361; x_wconf 90' lang='lat' dir='ltr'>eam</span> <span class='ocrx_word' id='word_1_888' title='bbox 3540 5306 3833 5378; x_wconf 87' lang='lat' dir='ltr'>acquirere</span> 
     </span>
    </p>
   </div>
   <div class='ocr_carea' id='block_1_117' title="bbox 2193 5391 3834 5468">
    <p class='ocr_par' dir='ltr' id='par_1_117' title="bbox 2193 5391 3834 5468">
     <span class='ocr_line' id='line_1_117' title="bbox 2193 5391 3834 5468; baseline -0.001 -19"><span class='ocrx_word' id='word_1_889' title='bbox 2193 5398 2401 5468; x_wconf 92' lang='lat' dir='ltr'>potest,</span> <span class='ocrx_word' id='word_1_890' title='bbox 2417 5391 2689 5450; x_wconf 88' lang='lat' dir='ltr'>benevole</span> <span class='ocrx_word' id='word_1_891' title='bbox 2706 5393 2778 5449; x_wconf 90' lang='lat' dir='ltr'>ab</span> <span class='ocrx_word' id='word_1_892' title='bbox 2796 5394 3072 5450; x_wconf 92' lang='lat' dir='ltr'>omnibus</span> <span class='ocrx_word' id='word_1_893' title='bbox 3088 5394 3444 5452; x_wconf 89' lang='lat' dir='ltr'>conceditur.</span> <span class='ocrx_word' id='word_1_894' title='bbox 3461 5394 3834 5451; x_wconf 71' lang='lat' dir='ltr'>Boamundo:</span> 
     </span>
    </p>
   </div>
   <div class='ocr_carea' id='block_1_118' title="bbox 2195 5482 3836 5556">
    <p class='ocr_par' dir='ltr' id='par_1_118' title="bbox 2195 5482 3836 5556">
     <span class='ocr_line' id='line_1_118' title="bbox 2195 5482 3836 5556; baseline 0 -18"><span class='ocrx_word' id='word_1_895' title='bbox 2195 5483 2392 5554; x_wconf 88' lang='lat' dir='ltr'>itaque</span> <span class='ocrx_word' id='word_1_896' title='bbox 2423 5482 2581 5538; x_wconf 90' lang='lat' dir='ltr'>haud</span> <span class='ocrx_word' id='word_1_897' title='bbox 2611 5483 2808 5556; x_wconf 87' lang='lat' dir='ltr'>segnis</span> <span class='ocrx_word' id='word_1_898' title='bbox 2837 5483 2994 5541; x_wconf 89' lang='lat' dir='ltr'>viros</span> <span class='ocrx_word' id='word_1_899' title='bbox 3025 5484 3140 5542; x_wconf 91' lang='lat' dir='ltr'>sibi</span> <span class='ocrx_word' id='word_1_900' title='bbox 3173 5483 3398 5554; x_wconf 82' lang='lat' dir='ltr'>ﬁdeles,</span> <span class='ocrx_word' id='word_1_901' title='bbox 3422 5483 3616 5542; x_wconf 89' lang='lat' dir='ltr'>noctis</span> <span class='ocrx_word' id='word_1_902' title='bbox 3645 5496 3836 5556; x_wconf 87' lang='lat' dir='ltr'>crepu-</span> 
     </span>
    </p>
   </div>
   <div class='ocr_carea' id='block_1_119' title="bbox 2195 5570 3831 5650">
    <p class='ocr_par' dir='ltr' id='par_1_119' title="bbox 2195 5570 3831 5650">
     <span class='ocr_line' id='line_1_119' title="bbox 2195 5570 3831 5650; baseline 0.001 -22"><span class='ocrx_word' id='word_1_903' title='bbox 2195 5570 2378 5643; x_wconf 85' lang='lat' dir='ltr'>sculo,</span> <span class='ocrx_word' id='word_1_904' title='bbox 2395 5571 2639 5632; x_wconf 87' lang='lat' dir='ltr'>remittit</span> <span class='ocrx_word' id='word_1_905' title='bbox 2669 5571 2740 5631; x_wconf 83' lang='lat' dir='ltr'>ad</span> <span class='ocrx_word' id='word_1_906' title='bbox 2761 5573 3039 5648; x_wconf 86' lang='lat' dir='ltr'>amicum,</span> <span class='ocrx_word' id='word_1_907' title='bbox 3056 5578 3124 5634; x_wconf 88' lang='lat' dir='ltr'>ut</span> <span class='ocrx_word' id='word_1_908' title='bbox 3139 5574 3193 5633; x_wconf 90' lang='lat' dir='ltr'>ei</span> <span class='ocrx_word' id='word_1_909' title='bbox 3212 5573 3509 5650; x_wconf 81' lang='lat' dir='ltr'>renuntiet</span> <span class='ocrx_word' id='word_1_910' title='bbox 3523 5578 3582 5634; x_wconf 89' lang='lat' dir='ltr'>et</span> <span class='ocrx_word' id='word_1_911' title='bbox 3601 5572 3831 5636; x_wconf 84' lang='lat' dir='ltr'>modum</span> 
     </span>
    </p>
   </div>
  </div>
