3994 6082
135 270 248 330 Ὴ3

893 269 1232 330 ROBERTI
1281 269 1629 331 MONACHI
1675 268 1879 330 IlIST.
1932 269 2341 331 HIEItOSOL.
2382 303 2456 313 -—
2488 271 2636 330 LIB.
2682 272 2783 331 VI.

3431 276 3552 335 7H

130 405 183 455 et
212 398 553 460 terminum.
608 400 864 473 Pyrrhus
908 401 1212 457 remandat
1245 404 1309 455 ut
1352 401 1409 455 in
1459 399 1778 457 crastinum
1812 403 1866 466 Α
1899 401 2141 456 minime
2172 401 2412 467 videret,
2466 402 2769 474 inquisivit
2812 402 2908 457 ubi
2943 408 3116 458 esset.
3153 403 3257 468 Qui
3293 405 3549 475 proxime

131 494 560 544 commoveatur
589 488 876 545 exercitus
924 490 1300 553 Francorum,
1336 491 1504 562 quasi
1539 490 1620 544 ire
1649 490 1786 545 velit

130 579 193 633 ad
227 578 606 650 praedandum
656 577 716 633 in
770 570 984 634 terram
1019 579 1494 634 Sarracenorum.
1554 580 1619 634 Et
1647 595 1781 634 cum

128 684 235 722 nox
284 666 595 722 obscurare
646 667 903 739 cmperit,
957 671 1323 722 revertantur
1355 668 1426 722 ad
1477 674 1667 723 castra
1716 686 1785 722 ex

127 761 284 828 parte
303 755 570 823 civitatis,
593 778 619 807 ‹‹
641 756 697 811 in
718 773 837 827 qua
857 756 871 810 i
880 773 981 829 pse
1000 755 1207 811 erectis
1231 756 1464 828 (inquit)
1484 757 1780 812 excubabo

125 844 362 900 auribus
393 845 453 900 in
486 844 749 900 turribus
781 846 949 900 meis.
983 846 1166 917 Prope
1197 862 1435 900 murum
1468 847 1654 917 parati
1684 863 1778 901 ve-

124 934 307 1001 niant,
332 938 385 988 et
417 932 563 987 nihil
596 950 836 1005 prorsus
865 920 1131 989 timeant.
1172 957 1197 983 n
1231 935 1481 988 Credidit
1514 934 1621 989 hoc
1648 952 1780 989 con-

123 1022 324 1078 silium
372 1023 752 1078 Boamundus
803 1024 1159 1095 quibusdam
1210 1022 1333 1078 suis
1388 1022 1777 1078 familiaribus

122 1112 349 1184 Hugoni
402 1112 635 1185 Magno,
698 1116 753 1165 et
792 1112 925 1167 duci
959 1112 1290 1177 Godefrido,
1344 1112 1611 1168 Podiensi
1654 1113 1774 1184 epi-

122 1218 321 1272 scopo,
383 1206 439 1255 et
494 1200 693 1256 comiti
751 1201 1099 1256 Raimundo.
1170 1199 1322 1255 Dixit
1400 1200 1591 1273 itaque
1647 1203 1770 1257 eis:

126 1309 155 1342 ι
183 1289 359 1346 Nocte
385 1293 642 1356 ventura,
677 1289 875 1344 divina
918 1289 1241 1361 opitulante
1271 1289 1478 1362 gratia,
1510 1292 1776 1346 tradetur

125 1379 289 1434 nobis
334 1378 656 1445 Antiochia,
694 1401 721 1428 ››
771 1380 1151 1451 exposuitque
1201 1379 1284 1433 eis
1334 1380 1628 1434 nuntium.
1663 1380 1770 1446 Qui

122 1467 337 1523 auditis
367 1466 659 1532 omnibus,
716 1466 990 1538 gratulati
1042 1472 1200 1533 sunt,
1250 1471 1305 1522 et
1351 1468 1772 1524 benedixerunt

123 1555 450 1612 Dominum.
484 1556 546 1610 In
580 1555 899 1611 crastinum
935 1562 1432 1628 congregaverunt
1455 1558 1633 1612 duces
1657 1558 1772 1612 bel-

125 1646 327 1712 lorum,
354 1645 619 1719 ingentes
643 1644 895 1700 militum
920 1662 1157 1709 cuneos,
1185 1645 1563 1718 peditumque
1591 1664 1767 1719 quam

1895 490 2101 544 adesse
2134 489 2366 557 dicitur,
2390 491 2488 545 sed
2516 491 2768 562 Pyrrhus
2791 492 2861 545 de
2893 491 3158 546 absentia
3181 493 3551 550 vehemeuter

1894 577 2272 633 contristatus
2297 584 2405 643 est,
2438 578 2677 634 dicens:

1963 668 2109 731 Quid
2131 666 2267 722 facit
2283 666 2379 721 ille
2398 667 2596 739 piger?
2617 668 2754 740 quid
2774 670 2987 735 tardat,
3009 669 3218 741 quidve
3242 676 3506 727 moratur
3521 672 3549 727 ?

2071 756 2281 811 Mittite
2312 758 2412 828 qui
2437 756 2609 823 dicat,
2645 758 2801 829 quod
2834 758 3008 813 citius
3040 758 3251 815 veniat.

1962 846 2173 900 Mittite
2204 844 2303 917 qui
2337 845 2511 911 dicat,
2548 846 2685 917 quia
2729 845 2827 901 lux
2856 846 3138 903 hodierna
3166 848 3539 921 propinquat,

1959 935 2023 988 Et
2054 935 2254 989 creber
2283 938 2490 988 cantus
2524 936 2837 1006 przesignat
2866 938 3071 991 adesse
3100 954 3394 994 serenum.

1958 1024 2211 1077 Nuntius
2241 1022 2477 1095 eligitur
2507 1025 2605 1094 qui
2639 1024 2867 1079 nuntiet
2899 1025 3019 1080 hanc
3050 1027 3406 1082 Boamundo.

1886 1112 2045 1175 Quod
2081 1116 2145 1167 ut
2174 1112 2412 1179 audivit,
2448 1113 2696 1167 festinus
2727 1114 3007 1181 accurrit;
3040 1115 3140 1169 sed
3164 1131 3297 1169 cum
3324 1117 3394 1171 ad
3420 1133 3541 1173 sca-

1884 1200 2000 1255 lam
2020 1201 2300 1272 pervenit,
2319 1203 2560 1255 tractam
2585 1202 2821 1257 invenit.
2848 1203 3072 1258 Interea
3086 1202 3423 1260 Fulcherius
3437 1205 3539 1277 qui

1883 1306 2016 1345 cum
2042 1290 2341 1361 sexaginta
2349 1291 2670 1360 juvenibus
2693 1292 2935 1347 armatis
2958 1293 3317 1361 ascenderat,
3341 1310 3539 1367 excep-

1882 1383 1958 1435 tis
1979 1379 2241 1434 turi-ibus
2265 1378 2487 1451 Pyrrhi,
2515 1384 2634 1434 tres
2657 1379 2801 1434 alias
2824 1380 3032 1435 bellica
3052 1380 3263 1436 virtute
3283 1398 3537 1454 occupa-

1879 1472 2057 1535 verat,
2111 1473 2167 1522 et
2198 1467 2257 1521 in
2306 1468 2391 1523 eis
2440 1468 2588 1523 duos
2636 1469 2844 1524 fratres
2890 1469 3089 1541 Pyrrhi
3139 1470 3534 1527 interemerat.

1880 1558 2040 1621 Quod
2066 1556 2198 1611 licet
2215 1557 2469 1628 Pyrrhus
2494 1575 2606 1611 non
2631 1557 2943 1628 ignoraret,
2970 1563 3165 1613 tamen
3189 1576 3222 1613 a
3243 1560 3534 1631 promisso

1880 1646 2009 1701 ﬁdei
2046 1651 2210 1717 pacto
2243 1664 2358 1701 non
2382 1646 2714 1711 retardavit,
2739 1647 2838 1701 sed
2866 1652 2932 1701 ut
2957 1647 3180 1703 audivit
3209 1647 3347 1719 quia
3377 1647 3536 1705 scala

125 1735 310 1807 plures
328 1739 574 1799 turmas,
591 1739 647 1789 et
663 1734 879 1806 egressi
900 1740 1179 1789 montana
1197 1735 1576 1803 transierunt,
1598 1737 1764 1807 quasi
1795 1770 1842 1835 B
1878 1735 2059 1791 fracta
2079 1738 2253 1799 esset,
2276 1734 2529 1789 venienti
2554 1735 2725 1789 Boam
2740 1736 2892 1790 unde
2916 1740 2973 1790 et
2995 1736 3152 1791 omni
3178 1737 3532 1793 Francorum

128 1823 443 1896 prendaturi,
494 1824 553 1878 in
600 1827 817 1878 terram
863 1824 1337 1878 Sarracenorum.
1384 1824 1558 1879 Nocte
1590 1825 1763 1879 adve-

125 1914 301 1969 niente
333 1930 469 1968 cum
504 1929 737 1967 summo
776 1910 1009 1966 silentio
1043 1911 1359 1977 redierunt,
1392 1929 1569 1985 seque
1602 1915 1764 1970 bona:

125 2004 226 2074 spei
263 2006 757 2075 praeparaverunt.
784 2001 1166 2056 Boamundus
1185 2019 1318 2056 vero
1342 2002 1412 2057 ad
1437 2002 1625 2058 locum
1653 2003 1764 2058 sibi

125 2093 183 2145 ab
210 2091 392 2147 amico
424 2090 784 2146 destinatum
817 2090 1220 2162 perrexitcum
1253 2091 1379 2145 suis
1401 2096 1626 2146 tantum
1661 2092 1766 2146 mi-

128 2179 322 2249 litibus,
355 2185 412 2235 et
443 2196 579 2234 cum
632 2178 835 2252 paucis
868 2178 1038 2251 longe
1068 2179 1353 2234 remansit
1385 2196 1418 2233 τι
1448 2181 1760 2250 moenibus,

128 2274 455 2341 ceterosque
487 2286 621 2324 cum
675 2286 788 2324 una
821 2267 979 2323 scala
1021 2268 1231 2323 direxit
1261 2269 1330 2322 ad
1366 2269 1493 2340 ipsa
1527 2272 1760 2337 mcenia,

130 2376 231 2430 quze
259 2365 449 2414 erecta
482 2358 811 2430 pertingere
844 2356 1031 2429 potuit
1053 2358 1122 2411 ad
1146 2358 1602 2429 propugnacula.
1628 2360 1760 2424 Quae

130 2464 238 2503 cum
267 2453 456 2504 erecta
489 2447 618 2515 fuit,
653 2463 719 2501 ex
749 2451 910 2501 tanta
964 2446 1344 2502 multitudine
1376 2447 1574 2501 nullus
1606 2450 1764 2519 prior

131 2538 405 2593 ascendere
454 2537 851 2609 praesumpsit.
886 2540 1147 2607 Cumque
1175 2553 1379 2589 omnes
1413 2536 1496 2590 sic
1530 2538 1759 2592 haesita-

132 2632 252 2692 rent,
282 2632 417 2681 tunc
449 2643 610 2682 unus
642 2624 830 2695 miles,
874 2625 1109 2679 nomine
1142 2624 1505 2696 Fulcherius,
1540 2626 1760 2681 Carno-

131 2716 284 2772 tensis
312 2716 573 2782 natione,
608 2714 884 2769 audacior
920 2713 1163 2783 caeteris,
1193 2713 1310 2768 ait:
1348 2737 1373 2761 ‹‹
1413 2715 1526 2786 Ego
1558 2716 1614 2770 in
1653 2733 1758 2771 no-

134 2803 259 2860 mine
285 2806 419 2861 Jesu
453 2803 673 2859 Christi
722 2803 950 2875 primus
991 2803 1304 2858 ascendam
1339 2803 1408 2857 ad
1456 2805 1758 2875 quodcun-

135 2910 222 2964 que
266 2911 353 2951 me
407 2894 569 2949 Deus
625 2891 911 2947 vocaverit
969 2890 1445 2963 suscipiendum;
1507 2892 1625 2949 sive
1684 2895 1756 2949 ad

137 2984 467 3053 martyrium,
499 2999 599 3037 seu
633 2982 702 3037 ad
730 2980 1112 3036 obtinendum
1135 2980 1704 3039 victorizebravium.
1728 3006 1755 3033 ››

136 3072 231 3135 Quo
258 3074 622 3138 ascendente,
657 3069 845 3126 caeleri
899 3070 1358 3141 subsequuntur,
1389 3075 1445 3125 et
1494 3071 1551 3125 in
1599 3072 1756 3127 brevi

1876 1823 2237 1879 multitudini
2273 1827 2468 1894 portas
2503 1824 2747 1893 aperuit.
2783 1824 2847 1877 Et
2877 1841 3009 1878 cum
3043 1841 3248 1896 graves
3277 1826 3532 1897 gemitus

1873 1914 1946 1967 ab
1978 1913 2094 1967 imo
2144 1916 2375 1983 pectore
2423 1912 2705 1979 traheret,
2744 1911 3033 1985 longaque
3063 1913 3338 1985 suspiria,
3372 1914 3533 1972 nulla

1873 2007 2066 2056 tamen
2102 2018 2236 2056 eum
2266 2020 2298 2054 a
2326 2001 2617 2071 promissa
2641 2001 2752 2055 fide
2784 2001 2948 2056 illata
2978 2002 3264 2057 revocavit
3291 2003 3526 2075 injuria.

1873 2092 2055 2156 Quem
2085 2089 2461 2145 Boamundus
2494 2089 2553 2142 in
2596 2088 2720 2160 ipso
2752 2094 2927 2161 portae
2960 2090 3203 2147 introitu
3233 2092 3529 2150 submisso

1872 2179 2059 2249 capite
2110 2178 2403 2242 salutavit,
2457 2177 2625 2248 eique
2658 2179 2727 2232 de
2758 2178 2967 2234 collato
3003 2179 3281 2236 beneﬁcio
3310 2182 3529 2253 gratias

1871 2268 2010 2339 egit.
2043 2268 2151 2322 Sed
2178 2283 2311 2321 cum
2337 2284 2573 2321 causam
2599 2266 3035 2323 lamentationis
3055 2270 3183 2339 ejus
3205 2268 3526 2336 didicisset,

1872 2357 2189 2412 admodum
2243 2354 2511 2423 indoluit,
2548 2360 2605 2411 et
2651 2356 2721 2411 de
2767 2356 3055 2412 militibus
3085 2358 3208 2413 suis
3238 2358 3340 2430 qui
3392 2375 3527 2414 eum

1871 2446 2252 2512 custodirent,
2306 2461 2516 2516 resque
2562 2446 2691 2515 ejus
2736 2450 3041 2501 tuerentur
3070 2445 3301 2502 ﬁdelem
3333 2452 3529 2503 custo-

1870 2536 2029 2589 diam
2060 2533 2388 2605 dereliquit.
2428 2534 2539 2588 Nec
2574 2534 2955 2601 reticendum,
2987 2534 3261 2606 quoniam
3287 2536 3397 2591 sub
3429 2535 3527 2591 illa

1869 2631 2055 2692 nocte,
2110 2628 2337 2678 cometa
2367 2640 2493 2694 quae
2528 2623 2687 2694 regni
2747 2624 3134 2679 mutationem
3186 2624 3523 2697 praisignat,

1866 2714 2017 2769 inter
2047 2713 2162 2768 alia
2191 2711 2316 2767 coeli
2352 2712 2542 2766 sidera
2576 2711 2872 2778 rutilabat,
2906 2716 2963 2767 et
3003 2729 3121 2767 suae
3153 2712 3301 2769 lucis
3332 2713 3526 2771 radios

1868 2801 2246 2875 producebat,
2301 2805 2357 2855 et
2406 2800 2557 2855 inter
2605 2800 3060 2872 septentrionem
3111 2806 3167 2857 et
3213 2802 3519 2874 orientem,

1865 2892 2093 2963 igneus,
2123 2890 2301 2945 rubor
2338 2889 2395 2943 in
2428 2888 2571 2944 coelo
2611 2890 2974 2945 coruscabat.
3026 2890 3126 2966 His
3157 2891 3524 2950 evidentibus

1865 2980 2051 3052 signis
2084 2980 2140 3032 in
2173 2976 2315 3033 coelo
2366 2978 2755 3044 radiantibus,
2790 2982 2847 3033 et
2889 2996 3101 3033 aurora
3131 2979 3300 3035 terris
3331 2979 3522 3036 lucem

1867 3071 2171 3137 referente,
2222 3066 2511 3122 exercitus
2554 3066 2652 3121 Dei
2690 3071 2885 3138 portas
2915 3066 3231 3123 Antiochia:
3263 3067 3519 3137 intravit,

134 3160 316 3232 adipsa
334 3177 637 3217 murorum
661 3159 890 3231 fastigia
912 3160 1260 3231 pervenitur.
1286 3159 1541 3231 Pyrrhus
1562 3166 1755 3216 autem
1788 3135 1830 3202 Ο
1869 3158 1926 3214 in
1958 3158 2170 3212 virtute
2202 3155 2363 3210 illius
2392 3155 2492 3227 qui
2524 3155 2733 3209 inferni
2760 3164 2945 3227 portas
2972 3172 3145 3213 aereas
3173 3159 3448 3223 contrivit,
3471 3165 3523 3214 et

136 3250 293 3303 stabat
319 3249 452 3317 illic,
514 3246 856 3321 prazstolans
907 3264 1103 3303 eorum
1151 3248 1487 3314 adventum,
1519 3253 1576 3303 et
1605 3266 1753 3319 aegre

1860 3251 2065 3320 ferreos
2097 3254 2266 3300 vectes
2295 3246 2561 3315 con/regit
2590 3245 2762 3314 (Paul.
2796 3262 2905 3314 CVI,
2940 3246 3048 3318 16),
3074 3246 3243 3316 cujus
3264 3250 3521 3318 potestas

137 3335 292 3394 terens
337 3339 586 3395 nimiam
630 3336 989 3392 tarditatem.
1040 3336 1147 3401 Qui
1178 3352 1313 3392 cum
1345 3337 1753 3393 Boamundum
1863 3340 2164 3410 permanet
2195 3334 2254 3389 in
2291 3333 2504 3389 saecula
2535 3332 2905 3389 saeculorum.
2937 3336 3142 3391 Amen.

1326 3487 1657 3544 EXPLICIT
1699 3488 1911 3545 LIBER
1950 3485 2287 3554 QUINTUS.

1128 3695 1269 3777 ΙΝ(
1300 3693 1551 3781 ῙΙΡΙΤ
1612 3695 1941 3781 LIBER
1999 3684 2483 3781 SEXTUS.

638 3868 867 3925 CAPUT
912 3868 1221 3925 PRIMUM.

202 3954 435 4015 Uuiversi
466 3957 670 4015 ﬁdeles
704 3958 883 4030 hujus
912 3957 1138 4031 Pyrrhi,
1172 3959 1345 4014 ﬁdem
1377 3958 1678 4025 attendite,
1706 3962 1763 4015 et

150 4047 488 4115 attendentes,
523 4049 576 4105 si
609 4048 749 4120 quid
784 4064 852 4103 ex
882 4048 995 4103 ﬁde
1036 4064 1139 4120 per
1169 4048 1343 4103 ﬁdem
1395 4047 1758 4120 promittitis,

151 4132 331 4206 absque
353 4137 466 4193 ulla
485 4135 950 4194 contradictione
976 4136 1253 4208 perﬁcite.
1281 4135 1455 4192 Nulla
1474 4136 1631 4191 hunc
1649 4153 1763 4193 me-

152 4222 301 4278 moria
319 4225 572 4282 fraternaz
598 4227 825 4293 mortis,
854 4224 1018 4280 nulla
1039 4225 1124 4280 vis
1146 4224 1382 4289 doloris,
1412 4225 1573 4281 nulla
1598 4225 1764 4281 insti-

153 4310 274 4376 gatio
301 4316 545 4372 mzeroris
578 4320 832 4372 avertere
865 4315 1055 4388 potuit
1084 4331 1115 4369 a
1147 4315 1447 4386 promissa
1476 4314 1610 4370 ﬁdei
1642 4319 1761 4370 sta-

1870 3868 2113 3937 solutos,
2145 3868 2387 3940 spiculis
2410 3867 2741 3941 gladiisque
2768 3868 3195 3937 confodiebant,
3214 3873 3272 3924 et
3286 3869 3357 3925 de
3373 3886 3533 3927 sum-

1870 3975 1967 4014 mo
2000 3957 2234 4013 illarum
2268 3956 2499 4030 fastigio
2532 3958 2601 4012 ad
2636 3963 2851 4013 terram
2898 3956 3298 4029 projiciebant.
3330 3958 3438 4023 Qui
3468 3960 3528 4017 in

1871 4047 2144 4103 domibus
2176 4046 2554 4118 sopiebantur
2575 4046 2768 4102 sonitu
2795 4046 3069 4102 clamoris
3092 4046 3346 4115 excitati,
3381 4046 3529 4103 scire

1869 4136 2186 4209 gestientes
2215 4135 2356 4207 quid
2407 4135 2516 4190 hoc
2545 4140 2718 4201 esset,
2772 4152 2907 4190 cum
2941 4136 3095 4191 foras
3138 4134 3381 4201 exirent,
3412 4152 3529 4193 non

1869 4224 2326 4291 revertebantur,
2353 4224 2632 4296 quoniam
2652 4223 2878 4294 gladios
2903 4223 3276 4280 inveniebant
3294 4228 3529 4297 paratos

1871 4313 2085 4386 quibus
2135 4313 2592 4385 excipiebantur.
2647 4312 2754 4379 Qui
2804 4312 3119 4369 Christiani
3168 4318 3336 4369 erant
3364 4315 3530 4386 Kyrie

155 4394 369 4471 bilitate;
420 4405 726 4479 magisque
756 4402 943 4459 valuit
968 4404 1121 4476 apud
1176 4403 1372 4475 ipsum
1402 4403 1537 4458 ﬁdei
1572 4404 1759 4476 pactio
1789 4407 1837 4472 D
1866 4405 2089 4467 cleison,
2124 4407 2182 4458 et
2215 4401 2359 4457 alias
2391 4401 2504 4458 Deo
2536 4400 2741 4457 laudes
2767 4402 3181 4473 personabant,
3207 4406 3272 4457 ut
3299 4418 3401 4473 per
3420 4402 3528 4457 hoc

157 4499 297 4553 quam
349 4492 591 4549 duorum
649 4509 1065 4564 germanorum
1125 4492 1234 4547 diri
1308 4492 1604 4548 cruciatus
1670 4493 1758 4547 in-

157 4575 433 4648 teremptio.
465 4582 529 4636 Et
560 4582 609 4637 si
632 4580 776 4636 illud
800 4580 1108 4653 antiquum
1130 4581 1432 4653 problema
1453 4582 1763 4637 Samsonis

158 4656 202 4712 in
220 4667 444 4723 medium
458 4670 730 4726 volumus
747 4671 1056 4733 adducere,
1077 4669 1211 4724 huic
1233 4669 1614 4742 aequipollens
1636 4687 1763 4742 pos-

162 4763 328 4809 sumus
356 4773 682 4830 proponere.
718 4759 966 4815 Samson
1006 4760 1123 4814 ait:
1156 4761 1231 4815 De
1260 4759 1563 4815 comedente
1591 4760 1765 4814 exivit

164 4837 300 4904 cibus,
315 4852 360 4899 et
377 4846 436 4902 de
445 4850 576 4919 [orti
588 4864 801 4920 egressa
816 4847 1129 4904 estdulcedo
1150 4848 1308 4917 (Jurl.
1331 4866 1445 4914 xxv,
1474 4847 1764 4918 1/1).Nunc

165 4938 268 5010 itero
287 4931 349 4986 de
369 4933 595 5005 inﬁdeli,
621 4937 904 5010 processit
922 4937 1085 5001 ﬁdes,
1112 4942 1167 4991 et
1187 4938 1257 4991 de
1278 4944 1568 5005 extraneo,
1594 4936 1763 4992 fami-

167 5007 297 5098 liaris
321 5025 371 5074 ct
388 5022 604 5098 integra
622 5007 873 5081 dilectio.
893 5027 964 5080 At
981 5042 1053 5080 ne
1078 5025 1440 5081 fastidiosam
1462 5026 1766 5080 videamur

168 5097 318 5159 facere
333 5109 755 5207 digressio'pem,
779 5114 852 5169 ad
872 5114 1161 5186 inceptam
1182 5115 1489 5169 redeamus
1510 5113 1762 5169 historiae

168 5195 832 5268 propositionem.‘0uarto
878 5204 1072 5260 Nonas
1102 5203 1286 5269 Junii,
1321 5203 1635 5258 Christiani
1667 5221 1764 5259 ur—

170 5271 273 5333 bem
298 5283 590 5345 Antiochia:
622 5290 986 5360 introierunt,
1021 5296 1077 5347 et
1108 5292 1165 5347 in
1200 5308 1297 5347 ore
1327 5291 1507 5364 gladii
1540 5290 1608 5347 de
1640 5291 1762 5348 suis

170 5376 272 5421 eam
298 5369 642 5435 invasoribus
686 5380 1144 5437 vindicaverunt.
1198 5379 1541 5436 Fulcberius
1570 5384 1627 5436 et
1671 5380 1763 5436 sui

171 5457 455 5532 complices,
499 5467 597 5539 qui
646 5485 779 5525 cum
809 5486 874 5526 eo
905 5487 1106 5525 muros
1136 5470 1539 5540 ascenderant,
1572 5473 1763 5527 turres

171 5542 389 5622 undique
425 5552 785 5629 invadebant,
820 5562 878 5617 et
909 5558 1173 5618 incautos
1202 5558 1408 5635 vigiles
1440 5575 1762 5639 somnoque

444 5679 692 5748 Parnm“
738 5683 911 5755 GLV.

1870 4491 2095 4550 scilicet
2126 4491 2343 4547 nostris
2387 4490 2838 4558 innotescerent,
2874 4491 3028 4562 quod
3062 4508 3174 4546 non
3203 4490 3392 4560 Turci,
3425 4491 3528 4547 sed

1874 4581 2189 4637 Christiani
2223 4584 2436 4637 essent.
2472 4580 2696 4635 Passim
2728 4582 3073 4635 sternuntur
3101 4577 3305 4651 plateae
3337 4578 3531 4635 civita-

1871 4670 1948 4726 tis
1978 4670 2319 4741 corporibus
2370 4668 2768 4735 morientium,
2825 4668 3105 4740 quoniam
3156 4673 3296 4724 tunc
3327 4666 3529 4723 nullus

1871 4775 2073 4815 eorum
2104 4758 2429 4825 resistebat,
2464 4758 2563 4812 sed
2597 4758 2933 4829 quaerebant
2964 4774 3168 4813 omnes
3198 4756 3446 4812 latibula
3474 4760 3532 4813 et

1871 4847 2021 4919 fugae
2044 4846 2403 4919 praesidium.
2428 4846 2584 4901 Nulli
2604 4847 2786 4900 honor
2809 4846 3188 4917 impenditur,
3208 4846 3371 4917 pueri
3394 4862 3530 4902 cum

1872 4936 2106 5008 puellis,
2131 4937 2378 5007 juvenes
2411 4952 2543 4990 cum
2588 4936 2849 5002 senibus,
2885 4938 3105 4989 matres
3134 4952 3364 5008 quoque
3394 4951 3530 4991 cum

1873 5025 2107 5081 ﬁliabus
2137 5024 2587 5080 interﬁciuntur.
2622 5023 2728 5087 Qui
2753 5024 2950 5096 fugere
2973 5029 3241 5095 poterant
3270 5041 3372 5097 per
3396 5040 3531 5097 por-

1872 5119 1960 5170 tas
1991 5114 2245 5182 exibant,
2281 5118 2527 5168 mortem
2559 5117 2753 5167 tamen
2779 5112 3019 5168 minime
3041 5113 3368 5183 evadentes,
3392 5112 3534 5185 quia

1872 5204 1932 5258 in
1962 5220 2169 5259 manus
2194 5203 2262 5257 de
2284 5202 2493 5257 castris
2515 5201 2873 5257 venientium
2898 5201 3252 5257 incidebant.
3279 5201 3533 5274 Contigit

1871 5296 2067 5348 autem
2100 5298 2157 5347 ut
2194 5291 2346 5346 inter
2377 5290 2669 5363 fugientes
2700 5290 3014 5346 Cassianus
3046 5307 3144 5345 rex
3173 5295 3230 5346 et
3249 5290 3527 5347 dominus

1871 5381 2140 5447 civitatis,
2171 5380 2389 5435 vilibus
2420 5379 2631 5451 pannis
2657 5380 2884 5436 obsitus
2916 5380 3202 5448 evaderet,
3238 5383 3295 5436 et
3323 5380 3383 5436 in
3414 5383 3533 5438 ter-

1873 5487 1999 5527 ram
2050 5469 2330 5526 Tancredi
2381 5467 2657 5542 fugiendo
2704 5470 3050 5542 perveniret.
3094 5469 3207 5526 Sed
3255 5469 3408 5527 malo
3440 5486 3535 5544 sui

1873 5558 2194 5620 infortunio
2242 5557 2507 5621 Armenii
2562 5575 2698 5618 eum
2757 5563 3173 5637 cognoverunt,
3206 5562 3265 5617 et
3300 5559 3353 5619 ei
3380 5558 3535 5620 illico

3137 5685 3218 5750 23
