3996 6096
460 302 581 364 7ίὸ

971 302 1076 363 AD
1121 297 1630 365 GODEFRIDUM
1674 298 2008 360 APPEND.
2053 294 2132 357 ll.
2166 330 2244 340 —
2277 292 2587 358 MONUM.
2633 295 2737 356 DE
2778 292 3030 356 BELLO
3075 292 3347 356 SACRO.

3751 288 3874 349 716

460 435 742 493 cervicem
772 436 1241 507 ammtaverunt,
1266 436 1324 490 et
1349 430 1701 505 caputillius
1726 430 1796 485 ad
1820 427 2113 502 principes
2139 428 2196 495 Α
2225 426 2397 483 fessis
2426 425 2755 482 dormiendi
2786 442 2902 482 non
2952 425 3159 481 tribuit
3186 422 3547 480 facultatem.
3580 421 3688 479 Ubi
3714 421 3878 478 enim

456 524 708 581 attuleru
718 528 779 578 nt
789 522 1134 592 etbalteum;
1148 521 1439 594 balteique
1453 521 1702 593 pretium
1716 519 2113 591 beysanceos

457 611 951 685 appretiaverunt.
985 611 1125 668 Pars
1154 627 1371 683 magna
1402 609 1552 683 fugit
1576 609 1633 663 in
1666 613 1926 664 castrum
1959 605 2113 678 quod

456 701 675 757 civitati
708 700 1017 768 imminet;
1053 700 1207 772 quod
1238 698 1321 754 ita
1347 697 1458 754 loci
1501 696 1788 770 positione
1818 700 1876 751 et
1906 700 2115 751 natura

454 785 751 846 munitum
779 794 869 845 est
897 793 963 844 ut
990 787 1212 844 nullius
1234 786 1518 842 machinae
1549 784 1865 842 artiﬁcium
1888 783 2112 839 timeat.

454 879 578 935 Illic
606 878 762 935 enim
789 882 879 933 est
907 894 1079 934 mons
1110 876 1241 933 urbi
1271 875 1606 948 contiguus,
1633 876 1804 946 cujus
1833 889 2112 929 cacumen

454 967 773 1042 porrigitur
801 967 873 1022 ad
904 966 1118 1033 sidera,
1151 982 1266 1038 quo
1296 965 1390 1019 vix
1430 963 1717 1036 attingere
1747 967 1996 1036 possunt
2024 960 2112 1016 in-

454 1056 746 1114 tuentium
777 1055 1024 1111 lumina.
1057 1056 1126 1110 Et
1147 1055 1218 1110 de
1237 1054 1364 1127 ipso
1391 1058 1581 1126 potest
1600 1050 1972 1124 circumspici
1996 1054 2116 1105 tota

455 1146 634 1219 regio.
668 1146 729 1201 In
762 1160 898 1201 eum
929 1143 1192 1216 confugit
1222 1159 1536 1199 numerosa
1558 1141 1875 1197 multitudo
1905 1141 2117 1195 Turco-

456 1252 610 1302 rum,
640 1234 1088 1306 habueruntque
1112 1231 1258 1287 illud
1288 1230 1479 1288 solum
1503 1228 1958 1303 receptaculum.
1983 1228 2117 1283 Erat

457 1326 654 1380 autem
686 1322 823 1379 huic
845 1326 1035 1379 castro
1058 1338 1179 1377 una
1206 1321 1388 1377 turris
1418 1319 1671 1376 nimium
1701 1319 1911 1385 vicina,
1936 1333 2111 1390 quam

456 1413 834 1470 Boamundus
881 1428 1015 1467 cum
1069 1410 1195 1467 suis
1244 1409 1597 1467 satellitibus
1635 1409 1761 1480 jam
1794 1407 2112 1474 obtinebat,

453 1501 717 1575 illudque
748 1505 1007 1557 castrum
1040 1515 1144 1579 per
1172 1515 1302 1555 eam
1332 1498 1679 1572 impugnare
1710 1496 1972 1570 parabat.
2001 1495 2114 1551 Sed

453 1591 541 1647 illi
592 1590 912 1663 resumptis
960 1589 1204 1657 viribus,
1252 1588 1420 1655 turri,
1482 1587 1626 1643 satis
1677 1585 2113 1651 eminentiores,

454 1680 701 1754 sagittas
714 1683 770 1736 et
794 1677 1037 1752 spicula,
1062 1677 1253 1733 instar
1271 1675 1596 1749 grandinis,
1622 1675 1873 1747 desuper
1901 1673 2119 1728 immit-

457 1774 612 1837 tunt,
643 1768 726 1825 ita
755 1772 819 1824 ut
850 1767 1066 1823 nostris
1110 1766 1352 1821 minime
1386 1764 1617 1821 licuerit
1646 1769 1850 1820 contra
1880 1780 1977 1819 eos
2007 1779 2114 1835 pu-

453 1874 653 1932 gnare,
684 1857 785 1913 sed
818 1874 879 1913 se
910 1856 1128 1929 clypeis
1159 1854 1476 1927 cooperire,
1509 1858 1565 1909 et
1595 1853 1778 1909 armis
1808 1852 2118 1908 defendere

451 1948 828 2021 cogebantur.
885 1946 1072 2001 Locus
1102 1943 1259 1999 enim
1310 1948 1472 2000 artus
1519 1943 1791 2015 angebat,
1825 1946 1882 1996 et
1931 1939 2120 1996 hostis

453 2039 705 2108 desuper
744 2033 1135 2107 opprimebat,
1185 2031 1322 2104 quia
1354 2049 1468 2086 non
1502 2035 1627 2086 erat
1656 2028 1771 2086 alia
1802 2029 1893 2085 via
1923 2029 2118 2084 decer-

455 2124 912 2195 tantium,quam
928 2119 1499 2195 praestabatlatitudo
1512 2136 1840 2175 murorum.
1858 2119 2121 2190 Propter.

455 2231 525 2269 ea
579 2211 828 2283 contigit
878 2211 1020 2283 quia
1065 2209 1241 2265 Turci
1294 2209 1581 2264 irruentes
1629 2211 1833 2264 contra
1878 2206 2117 2264 turrim.

456 2318 611 2359 unus
642 2299 979 2373 impellebat
1026 2297 1230 2363 alium,
1266 2314 1371 2353 nec
1422 2297 1660 2353 retroire
1693 2301 1817 2352 erat
1848 2295 2114 2365 facultas,

456 2408 562 2447 nec
590 2390 649 2445 in
681 2389 821 2444 laeva
854 2405 958 2443 nec
990 2387 1047 2442 in
1083 2387 1282 2443 dextra
1312 2386 1415 2441 ulli
1440 2392 1562 2441 erat
1581 2386 1914 2441 divortium.
1938 2386 2113 2449 Quot-

455 2485 598 2553 quot
624 2478 884 2550 impetus
904 2477 1252 2533 irruentium
1279 2493 1458 2548 super
1480 2480 1712 2531 nostros
1734 2474 2112 2547 impingebat,

454 2568 538 2624 illi
568 2568 629 2623 in
667 2566 907 2633 lanceis,
956 2566 1200 2640 spiculis
1231 2570 1289 2620 et
1317 2564 1697 2620 mucronibus
1726 2563 2110 2635 excipiebant,

453 2661 511 2714 et
536 2657 871 2714 vulneratos
920 2656 993 2711 ad
1020 2660 1235 2711 terram
1295 2653 1718 2726 projiciebant;
1750 2657 1806 2708 et
1843 2669 1976 2708 cum
2028 2653 2113 2708 eis

453 2746 588 2802 illos
636 2746 735 2819 qui
784 2743 994 2801 turrim
1048 2744 1335 2800 desubtus
1393 2741 1790 2798 moliebantur
1837 2741 2107 2810 effodere,

453 2834 921 2909 prosternebant,
952 2832 1155 2905 sicque
1200 2837 1470 2888 mortuus
1501 2830 1628 2886 vivo
1663 2847 1864 2886 necem
1895 2829 2112 2887 infere-

450 2926 569 2994 bat,
601 2927 658 2981 et
706 2923 799 2979 cui
846 2922 904 2977 in
936 2922 1133 2978 anima
1162 2921 1282 2976 vita
1322 2921 1540 2989 deerat,
1576 2920 1635 2975 in
1684 2912 1923 2992 corpore
1951 2936 2111 2975 mors

449 3012 786 3088 apparebat.
838 3012 902 3068 In
952 3027 1065 3083 quo
1114 3010 1388 3066 conflictu
1441 3009 1821 3065 Boamundus
1859 3008 2112 3080 graviter

451 3102 765 3177 sagittatus
790 3105 880 3157 est
926 3099 987 3155 in
1019 3100 1258 3168 femore,
1299 3114 1404 3154 nec
1428 3099 1555 3170 jam
1606 3097 1721 3153 nisi
1770 3097 2109 3155 claudicans

2221 515 2376 571 intra
2406 533 2605 571 muros
2636 514 2820 570 hostis
2852 515 3035 582 adest,
3061 513 3223 569 nulla
3252 511 3653 585 requiescendi
3682 511 3880 567 facul-

2221 608 2314 661 tas
2346 621 2474 661 csse
2502 608 2712 677 potest.
2747 603 2809 659 In
2844 603 3193 673 crastinum,
3224 602 3283 657 id
3312 606 3401 657 est
3422 600 3565 657 feria
3589 599 3883 667 sexta,alii

2223 692 2471 766 spoliata
2500 693 2781 749 cadavera
2802 696 3169 749 mortuorum
3190 695 3352 747 extra
3370 706 3571 745 muros
3594 691 3736 745 foris
3756 693 3887 746 tra-

2222 782 2459 849 hebant,
2494 782 2592 839 alii
2624 783 2694 838 de
2725 781 2987 838 turribus
3031 798 3164 837 eum
3196 779 3550 846 castellanis,
3576 779 3792 853 jaculis
3822 785 3886 836 et

2223 872 2455 945 sagittis
2483 871 2879 927 decertabant.
2928 918 2939 930 .

2877 959 3105 1017 CAPUT
3149 958 3217 1015 ΙΙ.

2295 1051 2556 1123 Cumque
2587 1050 2673 1105 sic
2704 1065 2796 1105 res
2825 1049 3036 1122 agitur,
3051 1065 3183 1104 ecce
3200 1046 3283 1103 illi
3302 1047 3400 1121 qui
3423 1047 3660 1103 stabant
3680 1047 3741 1104 in
3763 1051 3884 1104 tur-

2224 1139 2387 1195 ribus
2417 1144 2476 1195 et
2506 1138 2715 1205 muris,
2748 1138 2981 1194 eminus
3026 1135 3498 1209 contemplantur
3527 1137 3884 1193 immensam

2223 1228 2440 1283 nubem
2473 1227 2671 1301 agitati
2703 1226 2975 1300 pulveris.
3010 1226 3090 1282 De
3121 1243 3239 1298 qua
3269 1226 3497 1282 diversa
3537 1227 3881 1289 sentientes,

2224 1315 2323 1372 alii
2363 1316 2655 1383 dicebant,
2708 1314 3417 1388 Constantinopolitauum
3468 1314 3883 1387 imperatorem

2223 1422 2372 1471 esse,
2397 1405 2495 1477 qui
2521 1405 2634 1461 sibi
2658 1406 2716 1461 in
2731 1404 3015 1461 auxilium
3031 1404 3328 1471 veniebat;
3354 1403 3474 1472 alii,
3499 1403 3656 1475 quod
3679 1420 3883 1459 verum

2224 1498 2366 1562 erat,
2393 1494 2630 1567 agmina
2652 1494 2982 1550 Persarum.
3011 1494 3124 1550 Sed
3148 1491 3248 1565 qui
3278 1491 3451 1566 primi
3473 1492 3798 1561 veniebant,
3819 1496 3891 1548 ut

2224 1581 2496 1637 viderunt
2548 1583 2753 1637 urbem
2810 1582 3152 1648 Antiochiae,
3216 1581 3277 1637 in
3314 1598 3496 1637 unum
3555 1581 3893 1649 consedere,

2224 1671 2633 1743 praestolantes
2664 1676 2816 1726 retro
2847 1670 3083 1727 veniens
3112 1672 3300 1727 robur
3332 1688 3451 1726 suae
3484 1670 3726 1725 militiis.
3758 1671 3899 1727 Erat

2229 1764 2421 1815 autem
2455 1759 2760 1816 Corbanan
2794 1760 3067 1833 princeps
3099 1759 3336 1815 militias
3369 1758 3523 1833 regis
3562 1759 3897 1826 Persarum,

2230 1848 2330 1919 qui
2364 1865 2431 1903 ex
2456 1847 2628 1922 longo
2662 1853 2921 1921 tempore
2954 1847 3271 1921 collegerat
3329 1848 3443 1904 sibi
3491 1845 3636 1903 illud
3687 1864 3898 1920 agmen

2229 1937 2596 1994 diversarum
2620 1937 2910 2010 gentium.
2932 1938 3109 1993 Erant
3125 1936 3339 2010 quippe
3356 1936 3433 1992 ibi
3449 1937 3631 1993 Persa:
3645 1941 3700 1992 et
3717 1936 3893 2009 Medi,

2226 2027 2444 2083 Arabes
2475 2032 2539 2082 et
2578 2028 2754 2082 Turci
2814 2026 3095 2094 Azimilze,
3146 2034 3201 2083 et
3258 2025 3581 2093 Sarraceni,
3631 2026 3790 2082 Curti
3839 2032 3899 2083 et

2229 2114 2550 2184 Publiceni,
2582 2121 2639 2170 et
2670 2116 3041 2172 diversarum
3085 2116 3393 2172 nationum
3424 2115 3525 2171 alii
3575 2115 3767 2171 multi.
3813 2115 3897 2172 De
3964 2114 3965 2181 ξ

2226 2203 2505 2277 Agulanis
2537 2209 2706 2259 erant
2740 2204 2820 2259 ibi
2842 2204 2954 2260 tria
2986 2203 3191 2273 millia,
3218 2205 3315 2277 qui
3341 2203 3563 2260 nullam
3590 2221 3893 2260 armorum

2226 2294 2451 2366 copiam
2477 2293 2588 2349 nisi
2616 2293 2772 2350 solos
2793 2311 2962 2351 enses
2985 2295 3298 2367 gestabant
3324 2312 3338 2361 ;
3374 2293 3472 2367 qui
3496 2310 3701 2350 omnes
3722 2294 3892 2349 undi-

2225 2398 2339 2454 que
2374 2383 2522 2438 ferro
2549 2383 2824 2455 cooperti,
2858 2382 3022 2438 nulla
3069 2400 3234 2438 arma
3281 2383 3653 2439 adversantia
3696 2383 3875 2440 timc-

2225 2471 2384 2526 bant.
2418 2471 2564 2544 Equi
2593 2489 2795 2527 eorum
2826 2472 3034 2527 vexilla
3062 2477 3119 2528 et
3150 2471 3380 2528 lanceas
3420 2472 3565 2528 ferre
3594 2489 3877 2544 asperna-

2222 2560 2457 2628 bantur,
2491 2566 2547 2617 et
2577 2562 2635 2617 in
2667 2578 2765 2617 eos
2795 2562 2894 2634 qui
2931 2562 3209 2630 ferebant,
3232 2561 3415 2617 nimia
3444 2561 3532 2617 ira
3561 2562 3883 2618 succende-

2222 2648 2453 2705 bantur.
2487 2649 2750 2723 Cumque
2781 2650 2840 2706 hi
2873 2667 3080 2707 omnes
3111 2650 3170 2705 in
3207 2667 3393 2707 unum
3444 2649 3877 2719 convenissent,

2220 2755 2490 2796 cursores
2520 2757 2659 2796 suos
2687 2744 2821 2796 ante
2852 2740 3057 2796 urbem
3100 2738 3457 2807 direxerunt,
3491 2740 3590 2812 qui
3642 2745 3879 2797 nostros

2218 2829 2290 2883 ad
2322 2828 2539 2885 bellum
2573 2833 2971 2902 provocarent,
3005 2833 3063 2885 et
3096 2830 3167 2885 de
3198 2828 3427 2885 civitate
3472 2828 3627 2885 exire
3667 2828 3880 2886 suade-

2218 2922 2366 2974 rent.
2396 2919 2507 2974 Sed
2533 2918 2715 2974 nostri
2748 2918 2847 2991 qui
2881 2920 2951 2975 de
2990 2918 3263 2975 hesterno
3319 2917 3595 2997 conﬂictu
3651 2918 3880 2992 fatigati

2216 3011 2403 3075 erant,
2433 3007 2729 3064 salubrius
2759 3024 2886 3064 esse
2909 3007 3327 3079 judicaverunt
3354 3006 3509 3064 inter
3538 3007 3755 3063 mania
3794 3024 3882 3063 re-

2216 3111 2475 3165 manere,
2504 3111 2677 3167 quam
2702 3099 2866 3152 extra
2886 3094 3038 3152 bella
3059 3113 3309 3153 movere.
3337 3095 3425 3151 Illi
3446 3113 3580 3152 vero
3603 3113 3709 3171 per
3724 3113 3881 3153 cam-

448 3173 680 3249 valebat
706 3190 995 3247 incedere.
1034 3187 1288 3261 Sanguis
1310 3186 1563 3243 ubertim
1587 3188 1657 3243 de
1674 3185 1911 3244 vulnere
1941 3186 2113 3258 erepit
2142 3173 2185 3239 C
2224 3199 2329 3255 pos
2360 3187 2415 3240 et
2444 3183 2619 3255 plana
2647 3188 2966 3254 currentes,
3000 3189 3233 3240 nostros
3289 3185 3360 3240 ad
3421 3184 3575 3241 bella
3621 3185 3876 3252 ciebant,

452 3281 695 3347 stillare,
714 3284 772 3336 et
787 3296 887 3335 eor
916 3272 1265 3335 nobilissimi
1288 3275 1568 3349 principis
1586 3293 1619 3330 a
1634 3275 1846 3331 virtute
1863 3276 2110 3348 pristina

452 3370 627 3444 coepit
653 3370 917 3425 deﬁcere.
951 3367 1059 3432 Qui
1089 3365 1295 3422 nolens
1324 3370 1381 3420 et
1406 3365 1647 3425 invitus.
1681 3364 1741 3419 in
1771 3364 1949 3420 aliam
1978 3371 2108 3421 tur-

452 3460 564 3516 rim
596 3456 949 3523 retrocessit,
984 3454 1325 3526 bellumque
1356 3452 1686 3525 dereliquit.
1724 3453 1783 3508 In
1805 3454 1933 3525 ejus
1954 3454 2109 3509 inﬁr-

450 3548 653 3604 mitate
669 3545 918 3602 aliorum
934 3543 1122 3600 virtus
1138 3542 1377 3609 corruit,
1401 3542 1679 3614 quoniam
1700 3542 2108 3615 unusquisque

450 3633 843 3692 miserabilem
903 3649 1105 3688 casum
1159 3631 1251 3687 sui
1298 3630 1465 3685 ducis
1523 3631 1844 3687 admodum
1895 3631 2101 3689 doluit.

448 3722 711 3796 Pugnam
745 3721 1073 3785 dimittunt,
1100 3722 1322 3776 Turcos
1366 3719 1692 3791 turrimque
1743 3719 2101 3792 relinquunt.

446 3814 610 3870 Unus
640 3816 834 3868 tamen
866 3809 925 3865 in
968 3809 1255 3882 superiori
1287 3808 1468 3864 turris
1518 3808 1751 3880 fastigio
1800 3810 2102 3876 remansit,

443 3902 614 3974 cujus
643 3899 874 3973 egregia
896 3900 1103 3954 funera
1124 3898 1436 3953 universus
1458 3902 1795 3954 nostrorum
1814 3898 2104 3955 exercitus

442 3989 802 4048 unanimiter
832 3986 1074 4061 planxit.
1102 3986 1205 4043 Ille
1229 3987 1388 4042 enim
1412 3991 1478 4042 ut
1498 3985 1641 4041 vidit
1671 4003 1734 4042 se
1754 3985 1943 4042 solum
1975 4004 2103 4044 esse

442 4077 804 4148 derelictum.
845 4080 1041 4133 tamen
1073 4075 1131 4131 in
1164 4092 1227 4132 se
1258 4075 1525 4130 animum
1558 4091 1765 4147 gerens
1796 4075 2098 4144 invictum,

443 4173 511 4225 ut
525 4183 700 4224 ursus
717 4166 869 4222 inter
888 4164 1172 4222 molossos
1190 4164 1365 4236 erepit
1383 4181 1445 4221 se
1464 4168 1740 4236 utrmque
1761 4164 2097 4234 defendere;

444 4256 807 4331 lapidesque,
831 4259 888 4312 et
907 4257 1255 4311 caementum
1287 4253 1359 4308 de
1381 4251 1702 4325 parietibus
1722 4251 2026 4321 evellebat,
2046 4259 2103 4309 et

445 4363 623 4421 super
651 4344 812 4418 ipsos
831 4344 932 4416 qui
960 4359 1093 4400 eum
1116 4342 1544 4414 impugnabant
1566 4340 1924 4414 projiciebat.
1956 4342 2103 4398 Tan-

447 4438 582 4493 dem
613 4432 774 4490 mille
803 4431 1032 4506 sagittis
1081 4435 1353 4495 onustus,
1395 4434 1461 4486 ut
1489 4430 1633 4486 vidit
1663 4431 1817 4502 quod
1852 4435 2099 4488 mortem

2217 3273 2461 3345 diraque
2493 3273 2577 3329 eis
2592 3272 2853 3328 convicia
2873 3272 3367 3345 improperabant.
3394 3274 3653 3330 Lanceas
3675 3279 3734 3330 et
3755 3273 3878 3348 gla-

2218 3362 2345 3417 dios
2378 3361 2433 3417 in
2462 3361 2651 3418 altum
2682 3360 3015 3433 ejiciebant,
3046 3366 3103 3418 et
3124 3361 3183 3417 in
3210 3363 3486 3418 manibus
3510 3362 3877 3435 recipiebant

2216 3450 2486 3507 ludentes
2503 3455 2560 3506 et
2574 3450 2957 3506 luxuriantes.
2978 3451 3088 3507 Sed
3108 3468 3241 3507 cum
3257 3450 3551 3508 neminem
3568 3452 3639 3509 de
3656 3452 3879 3510 nostris

2215 3544 2530 3612 potuerunt
2544 3538 3286 3612 extrahere,disposuerunt
3298 3557 3554 3597 remeare
3570 3541 3643 3596 ad
3658 3546 3874 3598 castra.

2214 3631 2369 3695 Quos
2417 3645 2546 3684 eum
2600 3633 3044 3696 reverterentur,
3104 3630 3409 3687 insecutus
3453 3635 3543 3686 est
3589 3648 3747 3687 unus
3806 3649 3880 3688 ex
3964 3638 3965 3681 ἒ

2214 3717 2432 3772 nostris
2465 3717 2727 3789 Rogerus
2755 3717 2825 3772 de
2885 3716 3229 3785 Bardavilla,
3291 3733 3425 3772 cum
3485 3716 3618 3772 aliis
3676 3718 3878 3775 tribus

2212 3806 2477 3873 armatis,
2511 3810 2817 3877 sperantes
2849 3806 3001 3877 quod
3027 3804 3256 3877 aliquos
3289 3810 3529 3878 possent
3560 3805 3772 3863 elicere
3801 3807 3877 3862 ab

2210 3894 2329 3950 illis
2358 3911 2370 3949 :
2405 3895 2505 3949 sed
2535 3893 2645 3967 ipsi
2670 3893 2949 3950 nolebant
2970 3911 3102 3950 cum
3122 3895 3363 3967 paribus
3382 3894 3529 3950 inire
3547 3899 3874 3963 certamen,

2211 3983 2351 4056 quia
2383 3984 2511 4054 jam
2562 3984 2633 4038 de
2666 3981 2880 4055 praeliis
2930 3984 3288 4039 Francorum
3340 3982 3527 4038 multa
3562 3983 3879 4040 audierant

2210 4089 2500 4138 enarrare,
2552 4076 2990 4144 posueruntque
3032 4071 3281 4128 insidias
3313 4077 3442 4144 post
3471 4089 3534 4128 se
3563 4073 3674 4128 sub
3725 4090 3877 4147 rupe

2209 4166 2429 4230 cavata,
2481 4164 2538 4217 et
2584 4161 2873 4233 quosdam
2924 4177 2993 4216 ex
3043 4161 3168 4217 suis
3212 4161 3566 4217 dimiserunt
3612 4162 3715 4234 qui
3771 4179 3876 4219 eos

2209 4251 2379 4325 quasi
2446 4249 2803 4305 lacesserent
2872 4248 2932 4305 in
2999 4265 3282 4323 pugnam.
3351 4250 3614 4322 Cumque
3680 4251 3875 4308 nostri

2208 4339 2525 4396 transirent
2554 4337 2903 4394 insidiarum
2935 4338 3152 4403 locum,
3178 4339 3339 4395 fures
3364 4339 3435 4395 de
3455 4339 3721 4395 cavernis
3743 4340 3875 4396 suis

2208 4430 2493 4496 exierunt,
2553 4443 2771 4499 eosque
2819 4444 2854 4482 a
2906 4432 3069 4501 tergo
3127 4428 3486 4484 invaserunt.
3547 4429 3658 4493 Qui
3715 4446 3877 4502 pra:-

447 4543 564 4582 non
612 4523 898 4590 evaderet,
948 4525 1196 4578 mortem
1244 4520 1357 4576 sibi
1407 4517 1767 4585 acceleravit,
1818 4520 2096 4591 quoniam
2128 4540 2175 4605 D
2208 4519 2373 4575 ibant
2416 4521 2788 4573 revertuntur
2816 4517 2876 4572 in
2927 4533 3260 4584 occursum,
3311 4517 3678 4590 celeremque
3724 4535 3875 4575 con-

446 4631 581 4672 cum
630 4612 829 4685 clypeo
861 4616 917 4666 et
965 4609 1147 4666 armis
1184 4608 1286 4665 ubi
1330 4608 1564 4664 turbam
1612 4607 1939 4664 densiorem
1970 4625 2099 4665 esse

443 4702 766 4776 conspexit,
794 4700 853 4755 in
886 4699 1148 4756 medium
1177 4696 1469 4770 prosiluit,
1503 4695 1745 4768 suisque
1776 4696 2102 4754 interfecto-

441 4793 603 4850 ribus
634 4794 996 4848 tormentum
1028 4787 1158 4843 tuit.
1205 4787 1328 4842 Non
1362 4789 1451 4842 est
1487 4785 1689 4858 lingua
1731 4786 1925 4842 carnis
1971 4804 2098 4860 quae

440 4883 585 4938 satis
632 4879 823 4936 valeat
869 4893 1139 4934 enarrare
1189 4875 1329 4948 quid
1376 4875 1733 4931 Francorum
1771 4891 1985 4932 manus
2016 4877 2097 4932 ibi

435 4972 618 5026 valuit
650 4967 1029 5041 pessundare.
1062 4970 1120 5019 et
1152 4964 1263 5020 nisi
1295 4962 1517 5019 castelli
1557 4963 1949 5036 municipium
1974 4970 2095 5021 tam

433 5060 582 5116 forte
608 5057 831 5119 fuisset,
854 5056 982 5126 ipso
1002 5054 1092 5108 die
1111 5053 1370 5108 venturis
1392 5051 1830 5108 calamitatibus
1852 5069 2095 5110 suorum

433 5162 715 5221 magnum
748 5144 1010 5199 levamen
1046 5142 1330 5210 Dominus
1354 5140 1738 5213 praestitisset.
1773 5141 1885 5197 Sed
1912 5141 2098 5199 voluit

430 5238 585 5294 Deus
618 5238 684 5289 ut
713 5233 855 5287 urbs
900 5229 1262 5285 Antiochena
1303 5228 1621 5284 difficulter
1649 5229 2091 5301 adipisceretur,

430 5330 497 5383 ut
527 5324 758 5395 adepta,
791 5319 1027 5376 charior
1048 5318 1379 5374 haberetur.
1403 5318 1592 5373 Citius
1623 5318 1778 5373 enim
1805 5320 2094 5391 acquisita

425 5413 738 5479 vilescunt,
770 5408 868 5465 diu
903 5406 1233 5464 desiderata
1253 5406 1490 5463 charius
1513 5406 1945 5479 amplectimur.
1969 5410 2092 5466 Nox

424 5499 818 5560 interveniens
846 5496 1011 5555 litem
1032 5495 1287 5565 diremit,
1322 5500 1380 5553 et
1401 5496 1614 5551 diurno
1636 5494 1820 5553 labori
1845 5498 2091 5556 contulit

425 5589 834 5663 moderamen;
869 5585 1009 5663 quia
1036 5601 1249 5662 pugnas
1271 5585 1488 5644 ademit
1518 5585 1950 5660 necessitatem,
1987 5588 2084 5645 sed

2208 4613 2299 4663 tra
2328 4624 2426 4662 eos
2457 4604 2719 4678 dirigunt
2745 4621 3007 4660 cursum.
3047 4605 3155 4669 Qui
3188 4621 3323 4661 eum
3363 4622 3425 4662 se
3478 4606 3876 4679 comprehen-

2208 4713 2305 4753 sos
2334 4712 2462 4752 esse
2510 4698 2944 4767 cognoscerent,
2978 4694 3142 4750 ﬂexis
3173 4694 3371 4761 frenis,
3414 4696 3573 4776 fugae
3620 4695 3875 4753 tutelam

2207 4788 2585 4858 speraverunt
2616 4783 2915 4855 consequi,
2949 4783 3051 4840 sed
3099 4783 3438 4840 nullatenus
3487 4783 3681 4857 potuit
3710 4785 3877 4843 inve-

2206 4873 2340 4930 niri.
2375 4871 2657 4946 Rogerius
2689 4871 2878 4928 socios
2908 4871 3213 4944 praemittit
3241 4877 3374 4928 ante
3394 4890 3533 4929 suos
3561 4871 3792 4943 vultus,
3816 4879 3878 4930 et

2205 4963 2331 5035 ipse
2347 4977 2552 5035 parma
2568 4964 2699 5032 post
2718 4964 2947 5032 tergum
2971 4960 3204 5031 rejecta,
3224 4961 3610 5017 creberrimos
3628 4961 3873 5019 illorum

2205 5051 2457 5109 sustinet
2486 5050 2658 5105 ictus.
2679 5048 2930 5121 Jamque
2952 5065 3099 5121 pene
3124 5054 3406 5116 evaserat,
3421 5050 3671 5122 jamque
3691 5051 3877 5107 saluti

2204 5141 2472 5215 proxima
2491 5138 2619 5195 loca
2647 5138 2903 5205 tenebat,
2927 5155 3060 5194 cum
3077 5155 3266 5210 equus
3287 5138 3447 5195 illius
3470 5138 3594 5195 solo
3614 5140 3873 5213 proruit,

2203 5235 2260 5287 et
2288 5229 2517 5286 cadenti
2547 5226 2838 5283 inhaerens
2884 5226 3010 5300 ipse
3040 5227 3268 5295 cecidit,
3326 5227 3426 5301 qui
3478 5226 3642 5284 nullo
3692 5231 3875 5285 modo

2200 5318 2378 5376 levari
2420 5317 2631 5390 potuit,
2685 5316 2963 5388 quoniam
3008 5315 3145 5389 equi
3195 5316 3349 5373 mole
3378 5334 3701 5391 oppressus
3733 5319 3871 5374 fuit.

2200 5406 2361 5467 Heu!
2397 5412 2652 5480 quantus
2682 5405 2849 5462 dolor
2878 5406 3211 5479 stridorque
3244 5407 3507 5463 dentium
3538 5410 3688 5465 tunc
3716 5414 3871 5476 erat,

2198 5515 2376 5572 super
2403 5513 2606 5552 muros
2634 5494 2973 5562 Antiochia,
3008 5512 3142 5553 cum
3176 5511 3459 5571 generosa
3501 5496 3871 5557 Francorum

2197 5587 2381 5666 pubes
2410 5585 2627 5643 videret
2647 5583 2930 5660 inclytum
2954 5583 3199 5643 militem
3222 5602 3403 5645 suum
3427 5584 3668 5646 rabidos
3690 5604 3873 5647 canes
