  <div class='ocr_page' id='page_1' title='image "/cluster/home/n/w/nwhite01/storage/ocr_20150623/155/hvd.32044054760137/364.png"; bbox 0 0 3996 6096; ppageno 0'>
   <div class='ocr_carea' id='block_1_1' title="bbox 114 267 233 360">
    <p class='ocr_par' dir='ltr' id='par_1_1' title="bbox 114 267 233 360">
     <span class='ocr_line' id='line_1_1' title="bbox 114 267 233 360; baseline 0.017 -2"><span class='ocrx_word' id='word_1_1' title='bbox 114 267 196 360; x_wconf 77' lang='lat'>&quot;12</span> <span class='ocrx_word' id='word_1_2' title='bbox 208 280 233 360; x_wconf 81' lang='grc' dir='ltr'>ι’</span> 
     </span>
    </p>
   </div>
   <div class='ocr_carea' id='block_1_2' title="bbox 887 303 2777 374">
    <p class='ocr_par' dir='ltr' id='par_1_2' title="bbox 887 303 2777 374">
     <span class='ocr_line' id='line_1_2' title="bbox 887 303 2777 374; baseline 0.003 -7"><span class='ocrx_word' id='word_1_3' title='bbox 887 304 1223 369; x_wconf 81' lang='lat' dir='ltr'>ROBERTI</span> <span class='ocrx_word' id='word_1_4' title='bbox 1272 304 1628 369; x_wconf 77' lang='lat' dir='ltr'>MONACHI</span> <span class='ocrx_word' id='word_1_5' title='bbox 1676 303 1883 370; x_wconf 85' lang='lat' dir='ltr'>HIST.</span> <span class='ocrx_word' id='word_1_6' title='bbox 1928 305 2342 372; x_wconf 79' lang='lat' dir='ltr'>HIEROSOL.</span> <span class='ocrx_word' id='word_1_7' title='bbox 2375 310 2628 374; x_wconf 87' lang='lat' dir='ltr'>-—LIB.</span> <span class='ocrx_word' id='word_1_8' title='bbox 2673 310 2777 373; x_wconf 81' lang='lat' dir='ltr'>VI.</span> 
     </span>
    </p>
   </div>
   <div class='ocr_carea' id='block_1_3' title="bbox 3420 314 3540 379">
    <p class='ocr_par' dir='ltr' id='par_1_3' title="bbox 3420 314 3540 379">
     <span class='ocr_line' id='line_1_3' title="bbox 3420 314 3540 379; baseline 0.033 -4"><span class='ocrx_word' id='word_1_9' title='bbox 3420 314 3540 379; x_wconf 77' lang='grc'>’722</span> 
     </span>
    </p>
   </div>
   <div class='ocr_carea' id='block_1_4' title="bbox 113 436 3537 518">
    <p class='ocr_par' dir='ltr' id='par_1_4' title="bbox 113 436 3537 518">
     <span class='ocr_line' id='line_1_4' title="bbox 113 436 3537 518; baseline 0.005 -24"><span class='ocrx_word' id='word_1_10' title='bbox 113 436 490 509; x_wconf 87' lang='lat' dir='ltr'>deponebant</span> <span class='ocrx_word' id='word_1_11' title='bbox 517 456 529 507; x_wconf 91' lang='lat'>;</span> <span class='ocrx_word' id='word_1_12' title='bbox 566 438 665 496; x_wconf 91' lang='lat' dir='ltr'>sed</span> <span class='ocrx_word' id='word_1_13' title='bbox 700 439 758 494; x_wconf 94' lang='lat' dir='ltr'>in</span> <span class='ocrx_word' id='word_1_14' title='bbox 782 441 1050 514; x_wconf 91' lang='lat' dir='ltr'>procintu</span> <span class='ocrx_word' id='word_1_15' title='bbox 1083 441 1309 498; x_wconf 77' lang='lat' dir='ltr'>militiae</span> <span class='ocrx_word' id='word_1_16' title='bbox 1340 459 1571 517; x_wconf 84' lang='lat' dir='ltr'>semper</span> <span class='ocrx_word' id='word_1_17' title='bbox 1586 448 1769 502; x_wconf 89' lang='lat' dir='ltr'>erant.</span> <span class='ocrx_word' id='word_1_18' title='bbox 1801 439 1861 509; x_wconf 79' lang='grc' dir='ltr'><strong>Α</strong></span> <span class='ocrx_word' id='word_1_19' title='bbox 1889 441 2128 510; x_wconf 76' lang='lat' dir='ltr'>invenit,</span> <span class='ocrx_word' id='word_1_20' title='bbox 2163 443 2333 518; x_wconf 91' lang='lat' dir='ltr'>eique</span> <span class='ocrx_word' id='word_1_21' title='bbox 2365 448 2586 502; x_wconf 90' lang='lat' dir='ltr'>secreta</span> <span class='ocrx_word' id='word_1_22' title='bbox 2618 444 2970 505; x_wconf 79' lang='lat' dir='ltr'>allocutione</span> <span class='ocrx_word' id='word_1_23' title='bbox 3009 444 3157 504; x_wconf 80' lang='lat' dir='ltr'>dixit</span> <span class='ocrx_word' id='word_1_24' title='bbox 3186 463 3201 504; x_wconf 73' lang='grc' dir='ltr'><em>τ</em></span> <span class='ocrx_word' id='word_1_25' title='bbox 3238 468 3266 498; x_wconf 90' lang='grc'>‹‹</span> <span class='ocrx_word' id='word_1_26' title='bbox 3294 445 3537 510; x_wconf 82' lang='lat' dir='ltr'>Domine</span> 
     </span>
    </p>
   </div>
   <div class='ocr_carea' id='block_1_5' title="bbox 115 529 1778 607">
    <p class='ocr_par' dir='ltr' id='par_1_5' title="bbox 115 529 1778 607">
     <span class='ocr_line' id='line_1_5' title="bbox 115 529 1778 607; baseline 0.002 -20"><span class='ocrx_word' id='word_1_27' title='bbox 115 529 277 587; x_wconf 82' lang='lat' dir='ltr'>Talis</span> <span class='ocrx_word' id='word_1_28' title='bbox 309 534 365 585; x_wconf 81' lang='lat' dir='ltr'>et</span> <span class='ocrx_word' id='word_1_29' title='bbox 396 529 629 603; x_wconf 76' lang='lat' dir='ltr'>sagittis</span> <span class='ocrx_word' id='word_1_30' title='bbox 653 530 854 604; x_wconf 62' lang='lat' dir='ltr'>platea</span> <span class='ocrx_word' id='word_1_31' title='bbox 887 532 1140 590; x_wconf 80' lang='lat' dir='ltr'>civitatis</span> <span class='ocrx_word' id='word_1_32' title='bbox 1192 532 1687 607; x_wconf 88' lang='lat' dir='ltr'>impediebantur,</span> <span class='ocrx_word' id='word_1_33' title='bbox 1721 539 1778 592; x_wconf 91' lang='lat' dir='ltr'>et</span> 
     </span>
    </p>
   </div>
   <div class='ocr_carea' id='block_1_6' title="bbox 110 621 1777 681">
    <p class='ocr_par' dir='ltr' id='par_1_6' title="bbox 110 621 1777 681">
     <span class='ocr_line' id='line_1_6' title="bbox 110 621 1777 681; baseline 0.002 -6"><span class='ocrx_word' id='word_1_34' title='bbox 110 624 271 677; x_wconf 88' lang='lat' dir='ltr'>tecta</span> <span class='ocrx_word' id='word_1_35' title='bbox 296 621 609 676; x_wconf 89' lang='lat' dir='ltr'>domorum</span> <span class='ocrx_word' id='word_1_36' title='bbox 640 621 1052 678; x_wconf 85' lang='lat' dir='ltr'>onerabantur.</span> <span class='ocrx_word' id='word_1_37' title='bbox 1088 622 1260 679; x_wconf 87' lang='lat' dir='ltr'>Omni</span> <span class='ocrx_word' id='word_1_38' title='bbox 1291 624 1385 678; x_wconf 91' lang='lat' dir='ltr'>die</span> <span class='ocrx_word' id='word_1_39' title='bbox 1410 628 1544 680; x_wconf 83' lang='lat' dir='ltr'>ante</span> <span class='ocrx_word' id='word_1_40' title='bbox 1571 623 1777 681; x_wconf 84' lang='lat' dir='ltr'>castel-</span> 
     </span>
    </p>
   </div>
   <div class='ocr_carea' id='block_1_7' title="bbox 112 708 1777 785">
    <p class='ocr_par' dir='ltr' id='par_1_7' title="bbox 112 708 1777 785">
     <span class='ocr_line' id='line_1_7' title="bbox 112 708 1777 785; baseline 0.002 -19"><span class='ocrx_word' id='word_1_41' title='bbox 112 708 241 766; x_wconf 87' lang='lat' dir='ltr'>lum</span> <span class='ocrx_word' id='word_1_42' title='bbox 274 709 341 766; x_wconf 84' lang='lat' dir='ltr'>fit</span> <span class='ocrx_word' id='word_1_43' title='bbox 362 727 509 765; x_wconf 91' lang='lat' dir='ltr'>nova</span> <span class='ocrx_word' id='word_1_44' title='bbox 530 710 887 783; x_wconf 78' lang='lat' dir='ltr'>congressio,</span> <span class='ocrx_word' id='word_1_45' title='bbox 909 710 1329 785; x_wconf 87' lang='lat' dir='ltr'>multotiesque</span> <span class='ocrx_word' id='word_1_46' title='bbox 1357 711 1533 768; x_wconf 80' lang='lat' dir='ltr'>fiebat</span> <span class='ocrx_word' id='word_1_47' title='bbox 1552 718 1777 771; x_wconf 89' lang='lat' dir='ltr'>nostro-</span> 
     </span>
    </p>
   </div>
   <div class='ocr_carea' id='block_1_8' title="bbox 114 800 1770 873">
    <p class='ocr_par' dir='ltr' id='par_1_8' title="bbox 114 800 1770 873">
     <span class='ocr_line' id='line_1_8' title="bbox 114 800 1770 873; baseline 0.001 -16"><span class='ocrx_word' id='word_1_48' title='bbox 114 817 250 857; x_wconf 90' lang='lat' dir='ltr'>rum</span> <span class='ocrx_word' id='word_1_49' title='bbox 283 804 341 856; x_wconf 93' lang='lat' dir='ltr'>et</span> <span class='ocrx_word' id='word_1_50' title='bbox 372 800 635 873; x_wconf 89' lang='lat' dir='ltr'>ipsorum</span> <span class='ocrx_word' id='word_1_51' title='bbox 667 818 786 856; x_wconf 90' lang='lat' dir='ltr'>una</span> <span class='ocrx_word' id='word_1_52' title='bbox 823 800 1156 858; x_wconf 88' lang='lat' dir='ltr'>commistio</span> <span class='ocrx_word' id='word_1_53' title='bbox 1182 821 1195 870; x_wconf 92' lang='lat'><strong>;</strong></span> <span class='ocrx_word' id='word_1_54' title='bbox 1228 802 1298 858; x_wconf 92' lang='lat' dir='ltr'>de</span> <span class='ocrx_word' id='word_1_55' title='bbox 1330 803 1547 859; x_wconf 80' lang='lat' dir='ltr'>nostris</span> <span class='ocrx_word' id='word_1_56' title='bbox 1572 807 1770 859; x_wconf 89' lang='lat' dir='ltr'>tamen</span> 
     </span>
    </p>
   </div>
   <div class='ocr_carea' id='block_1_9' title="bbox 111 890 1774 963">
    <p class='ocr_par' dir='ltr' id='par_1_9' title="bbox 111 890 1774 963">
     <span class='ocr_line' id='line_1_9' title="bbox 111 890 1774 963; baseline 0.001 -17"><span class='ocrx_word' id='word_1_57' title='bbox 111 890 235 946; x_wconf 91' lang='lat' dir='ltr'>Deo</span> <span class='ocrx_word' id='word_1_58' title='bbox 266 893 603 963; x_wconf 82' lang='lat' dir='ltr'>protegente</span> <span class='ocrx_word' id='word_1_59' title='bbox 632 890 803 963; x_wconf 86' lang='lat' dir='ltr'>pauci</span> <span class='ocrx_word' id='word_1_60' title='bbox 829 890 1269 959; x_wconf 80' lang='lat' dir='ltr'>moriebantur;</span> <span class='ocrx_word' id='word_1_61' title='bbox 1305 893 1373 947; x_wconf 92' lang='lat' dir='ltr'>de</span> <span class='ocrx_word' id='word_1_62' title='bbox 1396 891 1512 948; x_wconf 89' lang='lat' dir='ltr'>illis</span> <span class='ocrx_word' id='word_1_63' title='bbox 1528 908 1660 948; x_wconf 92' lang='lat' dir='ltr'>vero</span> <span class='ocrx_word' id='word_1_64' title='bbox 1684 910 1774 948; x_wconf 86' lang='lat' dir='ltr'>ca-</span> 
     </span>
    </p>
   </div>
   <div class='ocr_carea' id='block_1_10' title="bbox 110 980 1771 1055">
    <p class='ocr_par' dir='ltr' id='par_1_10' title="bbox 110 980 1771 1055">
     <span class='ocr_line' id='line_1_10' title="bbox 110 980 1771 1055; baseline -0.001 -18"><span class='ocrx_word' id='word_1_65' title='bbox 110 980 387 1037; x_wconf 86' lang='lat' dir='ltr'>tervatim</span> <span class='ocrx_word' id='word_1_66' title='bbox 418 980 874 1052; x_wconf 89' lang='lat' dir='ltr'>perimebantur.</span> <span class='ocrx_word' id='word_1_67' title='bbox 900 980 968 1036; x_wconf 91' lang='lat' dir='ltr'>Et</span> <span class='ocrx_word' id='word_1_68' title='bbox 995 981 1137 1036; x_wconf 91' lang='lat' dir='ltr'>dum</span> <span class='ocrx_word' id='word_1_69' title='bbox 1159 981 1243 1038; x_wconf 89' lang='lat' dir='ltr'>sic</span> <span class='ocrx_word' id='word_1_70' title='bbox 1268 985 1500 1054; x_wconf 86' lang='lat' dir='ltr'>tempus</span> <span class='ocrx_word' id='word_1_71' title='bbox 1523 981 1771 1055; x_wconf 83' lang='lat' dir='ltr'>prolabi-</span> 
     </span>
    </p>
   </div>
   <div class='ocr_carea' id='block_1_11' title="bbox 50 1068 1770 1137">
    <p class='ocr_par' dir='ltr' id='par_1_11' title="bbox 50 1068 1770 1137">
     <span class='ocr_line' id='line_1_11' title="bbox 50 1068 1770 1137; baseline -0.001 -10"><span class='ocrx_word' id='word_1_72' title='bbox 50 1068 67 1083; x_wconf 73' lang='lat'><strong><em>&#39;</em></strong></span> <span class='ocrx_word' id='word_1_73' title='bbox 110 1075 233 1135; x_wconf 88' lang='lat' dir='ltr'>tur,</span> <span class='ocrx_word' id='word_1_74' title='bbox 260 1070 447 1125; x_wconf 87' lang='lat' dir='ltr'>fames</span> <span class='ocrx_word' id='word_1_75' title='bbox 472 1069 631 1125; x_wconf 91' lang='lat' dir='ltr'>omni</span> <span class='ocrx_word' id='word_1_76' title='bbox 664 1069 831 1126; x_wconf 90' lang='lat' dir='ltr'>hoste</span> <span class='ocrx_word' id='word_1_77' title='bbox 861 1069 1150 1125; x_wconf 88' lang='lat' dir='ltr'>crudelior</span> <span class='ocrx_word' id='word_1_78' title='bbox 1174 1075 1406 1126; x_wconf 89' lang='lat' dir='ltr'>nostros</span> <span class='ocrx_word' id='word_1_79' title='bbox 1435 1070 1678 1137; x_wconf 88' lang='lat' dir='ltr'>invadit,</span> <span class='ocrx_word' id='word_1_80' title='bbox 1694 1071 1770 1126; x_wconf 85' lang='lat' dir='ltr'>vi-</span> 
     </span>
    </p>
   </div>
   <div class='ocr_carea' id='block_1_12' title="bbox 111 1158 1770 1233">
    <p class='ocr_par' dir='ltr' id='par_1_12' title="bbox 111 1158 1770 1233">
     <span class='ocr_line' id='line_1_12' title="bbox 111 1158 1770 1233; baseline 0.001 -18"><span class='ocrx_word' id='word_1_81' title='bbox 111 1176 330 1233; x_wconf 87' lang='lat' dir='ltr'>resque</span> <span class='ocrx_word' id='word_1_82' title='bbox 360 1175 565 1215; x_wconf 89' lang='lat' dir='ltr'>eorum</span> <span class='ocrx_word' id='word_1_83' title='bbox 611 1160 685 1215; x_wconf 91' lang='lat' dir='ltr'>de</span> <span class='ocrx_word' id='word_1_84' title='bbox 734 1158 826 1216; x_wconf 91' lang='lat' dir='ltr'>die</span> <span class='ocrx_word' id='word_1_85' title='bbox 876 1159 935 1215; x_wconf 91' lang='lat' dir='ltr'>in</span> <span class='ocrx_word' id='word_1_86' title='bbox 986 1160 1141 1216; x_wconf 90' lang='lat' dir='ltr'>diem</span> <span class='ocrx_word' id='word_1_87' title='bbox 1187 1160 1527 1217; x_wconf 88' lang='lat' dir='ltr'>attenuavit.</span> <span class='ocrx_word' id='word_1_88' title='bbox 1558 1160 1770 1217; x_wconf 85' lang='lat' dir='ltr'>Vultus</span> 
     </span>
    </p>
   </div>
   <div class='ocr_carea' id='block_1_13' title="bbox 111 1249 1769 1316">
    <p class='ocr_par' dir='ltr' id='par_1_13' title="bbox 111 1249 1769 1316">
     <span class='ocr_line' id='line_1_13' title="bbox 111 1249 1769 1316; baseline 0.001 -12"><span class='ocrx_word' id='word_1_89' title='bbox 111 1252 474 1316; x_wconf 88' lang='lat' dir='ltr'>marescunt,</span> <span class='ocrx_word' id='word_1_90' title='bbox 508 1249 748 1305; x_wconf 87' lang='lat' dir='ltr'>brachia</span> <span class='ocrx_word' id='word_1_91' title='bbox 795 1249 1095 1314; x_wconf 82' lang='lat' dir='ltr'>deficiunt,</span> <span class='ocrx_word' id='word_1_92' title='bbox 1145 1253 1201 1306; x_wconf 91' lang='lat' dir='ltr'>et</span> <span class='ocrx_word' id='word_1_93' title='bbox 1256 1250 1509 1306; x_wconf 90' lang='lat' dir='ltr'>tremula</span> <span class='ocrx_word' id='word_1_94' title='bbox 1556 1267 1769 1306; x_wconf 86' lang='lat' dir='ltr'>manus</span> 
     </span>
    </p>
   </div>
   <div class='ocr_carea' id='block_1_14' title="bbox 110 1337 1769 1407">
    <p class='ocr_par' dir='ltr' id='par_1_14' title="bbox 110 1337 1769 1407">
     <span class='ocr_line' id='line_1_14' title="bbox 110 1337 1769 1407; baseline 0.001 -14"><span class='ocrx_word' id='word_1_95' title='bbox 110 1337 207 1394; x_wconf 74' lang='lat' dir='ltr'>vix</span> <span class='ocrx_word' id='word_1_96' title='bbox 238 1343 405 1394; x_wconf 75' lang='lat' dir='ltr'>terra:</span> <span class='ocrx_word' id='word_1_97' title='bbox 447 1337 677 1394; x_wconf 85' lang='lat' dir='ltr'>vellicat</span> <span class='ocrx_word' id='word_1_98' title='bbox 714 1338 946 1407; x_wconf 86' lang='lat' dir='ltr'>herbas,</span> <span class='ocrx_word' id='word_1_99' title='bbox 993 1343 1049 1394; x_wconf 90' lang='lat' dir='ltr'>et</span> <span class='ocrx_word' id='word_1_100' title='bbox 1096 1338 1331 1395; x_wconf 88' lang='lat' dir='ltr'>frondes</span> <span class='ocrx_word' id='word_1_101' title='bbox 1381 1340 1679 1407; x_wconf 89' lang='lat' dir='ltr'>arborum,</span> <span class='ocrx_word' id='word_1_102' title='bbox 1711 1344 1769 1396; x_wconf 89' lang='lat' dir='ltr'>et</span> 
     </span>
    </p>
   </div>
   <div class='ocr_carea' id='block_1_15' title="bbox 112 1426 1769 1502">
    <p class='ocr_par' dir='ltr' id='par_1_15' title="bbox 112 1426 1769 1502">
     <span class='ocr_line' id='line_1_15' title="bbox 112 1426 1769 1502; baseline 0.001 -19"><span class='ocrx_word' id='word_1_103' title='bbox 112 1426 343 1483; x_wconf 84' lang='lat' dir='ltr'>radices</span> <span class='ocrx_word' id='word_1_104' title='bbox 372 1444 653 1500; x_wconf 90' lang='lat' dir='ltr'>vaporum</span> <span class='ocrx_word' id='word_1_105' title='bbox 680 1426 1055 1483; x_wconf 82' lang='lat' dir='ltr'>silvestrium.</span> <span class='ocrx_word' id='word_1_106' title='bbox 1086 1429 1210 1483; x_wconf 68' lang='lat' dir='ltr'>time</span> <span class='ocrx_word' id='word_1_107' title='bbox 1232 1428 1429 1484; x_wconf 91' lang='lat' dir='ltr'>omnia</span> <span class='ocrx_word' id='word_1_108' title='bbox 1445 1429 1769 1502; x_wconf 87' lang='lat' dir='ltr'>coqueban-</span> 
     </span>
    </p>
   </div>
   <div class='ocr_carea' id='block_1_16' title="bbox 111 1516 1765 1590">
    <p class='ocr_par' dir='ltr' id='par_1_16' title="bbox 111 1516 1765 1590">
     <span class='ocr_line' id='line_1_16' title="bbox 111 1516 1765 1590; baseline 0.001 -19"><span class='ocrx_word' id='word_1_109' title='bbox 111 1521 228 1582; x_wconf 90' lang='lat' dir='ltr'>tur,</span> <span class='ocrx_word' id='word_1_110' title='bbox 259 1521 319 1572; x_wconf 91' lang='lat' dir='ltr'>et</span> <span class='ocrx_word' id='word_1_111' title='bbox 365 1517 838 1572; x_wconf 87' lang='lat' dir='ltr'>eomedebantur.</span> <span class='ocrx_word' id='word_1_112' title='bbox 872 1517 1018 1573; x_wconf 89' lang='lat' dir='ltr'>Crus</span> <span class='ocrx_word' id='word_1_113' title='bbox 1049 1517 1197 1572; x_wconf 89' lang='lat' dir='ltr'>asini</span> <span class='ocrx_word' id='word_1_114' title='bbox 1233 1517 1531 1590; x_wconf 78' lang='lat' dir='ltr'>sexaginta</span> <span class='ocrx_word' id='word_1_115' title='bbox 1560 1516 1765 1573; x_wconf 88' lang='lat' dir='ltr'>solidis</span> 
     </span>
    </p>
   </div>
   <div class='ocr_carea' id='block_1_17' title="bbox 111 1606 1764 1679">
    <p class='ocr_par' dir='ltr' id='par_1_17' title="bbox 111 1606 1764 1679">
     <span class='ocr_line' id='line_1_17' title="bbox 111 1606 1764 1679; baseline 0 -17"><span class='ocrx_word' id='word_1_116' title='bbox 111 1606 588 1679; x_wconf 84' lang='lat' dir='ltr'>comparabatur,</span> <span class='ocrx_word' id='word_1_117' title='bbox 606 1609 664 1661; x_wconf 90' lang='lat' dir='ltr'>et</span> <span class='ocrx_word' id='word_1_118' title='bbox 690 1607 791 1679; x_wconf 87' lang='lat' dir='ltr'>qui</span> <span class='ocrx_word' id='word_1_119' title='bbox 824 1606 1054 1662; x_wconf 84' lang='lat' dir='ltr'>emebat</span> <span class='ocrx_word' id='word_1_120' title='bbox 1079 1606 1395 1678; x_wconf 84' lang='lat' dir='ltr'>dissipator</span> <span class='ocrx_word' id='word_1_121' title='bbox 1423 1608 1764 1663; x_wconf 70' lang='lat' dir='ltr'>substantiae</span> 
     </span>
    </p>
   </div>
   <div class='ocr_carea' id='block_1_18' title="bbox 111 1695 1763 1769">
    <p class='ocr_par' dir='ltr' id='par_1_18' title="bbox 111 1695 1763 1769">
     <span class='ocr_line' id='line_1_18' title="bbox 111 1695 1763 1769; baseline 0 -18"><span class='ocrx_word' id='word_1_122' title='bbox 111 1713 229 1751; x_wconf 87' lang='lat' dir='ltr'>non</span> <span class='ocrx_word' id='word_1_123' title='bbox 260 1695 665 1751; x_wconf 69' lang='lat' dir='ltr'>aestimabatur</span> <span class='ocrx_word' id='word_1_124' title='bbox 697 1712 710 1750; x_wconf 91' lang='lat'>:</span> <span class='ocrx_word' id='word_1_125' title='bbox 746 1695 918 1751; x_wconf 89' lang='lat' dir='ltr'>Panis</span> <span class='ocrx_word' id='word_1_126' title='bbox 947 1712 1159 1768; x_wconf 85' lang='lat' dir='ltr'>parvus</span> <span class='ocrx_word' id='word_1_127' title='bbox 1190 1696 1627 1769; x_wconf 88' lang='lat' dir='ltr'>appretiabatur</span> <span class='ocrx_word' id='word_1_128' title='bbox 1648 1714 1763 1751; x_wconf 92' lang='lat' dir='ltr'>uno</span> 
     </span>
    </p>
   </div>
   <div class='ocr_carea' id='block_1_19' title="bbox 1881 531 3537 607">
    <p class='ocr_par' dir='ltr' id='par_1_19' title="bbox 1881 531 3537 607">
     <span class='ocr_line' id='line_1_19' title="bbox 1881 531 3537 607; baseline 0.005 -20"><span class='ocrx_word' id='word_1_129' title='bbox 1881 531 2218 605; x_wconf 87' lang='lat' dir='ltr'>imperator,</span> <span class='ocrx_word' id='word_1_130' title='bbox 2254 535 2439 591; x_wconf 88' lang='lat' dir='ltr'>nostri</span> <span class='ocrx_word' id='word_1_131' title='bbox 2472 552 2669 591; x_wconf 83' lang='lat' dir='ltr'>revera</span> <span class='ocrx_word' id='word_1_132' title='bbox 2706 535 3073 593; x_wconf 85' lang='lat' dir='ltr'>Antiochiam</span> <span class='ocrx_word' id='word_1_133' title='bbox 3107 535 3408 607; x_wconf 90' lang='lat' dir='ltr'>obtinent;</span> <span class='ocrx_word' id='word_1_134' title='bbox 3435 539 3537 596; x_wconf 90' lang='lat' dir='ltr'>sed</span> 
     </span>
    </p>
   </div>
   <div class='ocr_carea' id='block_1_20' title="bbox 1884 622 3533 698">
    <p class='ocr_par' dir='ltr' id='par_1_20' title="bbox 1884 622 3533 698">
     <span class='ocr_line' id='line_1_20' title="bbox 1884 622 3533 698; baseline 0.004 -21"><span class='ocrx_word' id='word_1_135' title='bbox 1884 622 2189 679; x_wconf 86' lang='lat' dir='ltr'>castellum</span> <span class='ocrx_word' id='word_1_136' title='bbox 2219 625 2372 696; x_wconf 89' lang='lat' dir='ltr'>quod</span> <span class='ocrx_word' id='word_1_137' title='bbox 2395 623 2445 681; x_wconf 91' lang='lat' dir='ltr'>ei</span> <span class='ocrx_word' id='word_1_138' title='bbox 2479 627 2747 698; x_wconf 86' lang='lat' dir='ltr'>superest</span> <span class='ocrx_word' id='word_1_139' title='bbox 2772 625 2962 681; x_wconf 88' lang='lat' dir='ltr'>adhuc</span> <span class='ocrx_word' id='word_1_140' title='bbox 3009 625 3179 681; x_wconf 90' lang='lat' dir='ltr'>Turci</span> <span class='ocrx_word' id='word_1_141' title='bbox 3210 627 3533 698; x_wconf 89' lang='lat' dir='ltr'>possident,</span> 
     </span>
    </p>
   </div>
   <div class='ocr_carea' id='block_1_21' title="bbox 1881 712 3531 787">
    <p class='ocr_par' dir='ltr' id='par_1_21' title="bbox 1881 712 3531 787">
     <span class='ocr_line' id='line_1_21' title="bbox 1881 712 3531 787; baseline 0.003 -19"><span class='ocrx_word' id='word_1_142' title='bbox 1881 712 2193 769; x_wconf 90' lang='lat' dir='ltr'>innumera</span> <span class='ocrx_word' id='word_1_143' title='bbox 2216 713 2537 769; x_wconf 91' lang='lat' dir='ltr'>Turcorum</span> <span class='ocrx_word' id='word_1_144' title='bbox 2569 713 2808 787; x_wconf 84' lang='lat' dir='ltr'>agmina</span> <span class='ocrx_word' id='word_1_145' title='bbox 2837 731 2935 770; x_wconf 90' lang='lat' dir='ltr'>eos</span> <span class='ocrx_word' id='word_1_146' title='bbox 2969 715 3041 770; x_wconf 91' lang='lat' dir='ltr'>de</span> <span class='ocrx_word' id='word_1_147' title='bbox 3069 714 3210 771; x_wconf 89' lang='lat' dir='ltr'>foris</span> <span class='ocrx_word' id='word_1_148' title='bbox 3240 716 3531 786; x_wconf 89' lang='lat' dir='ltr'>obsident,</span> 
     </span>
    </p>
   </div>
   <div class='ocr_carea' id='block_1_22' title="bbox 1882 802 3531 879">
    <p class='ocr_par' dir='ltr' id='par_1_22' title="bbox 1882 802 3531 879">
     <span class='ocr_line' id='line_1_22' title="bbox 1882 802 3531 879; baseline 0.003 -21"><span class='ocrx_word' id='word_1_149' title='bbox 1882 806 1937 858; x_wconf 90' lang='lat' dir='ltr'>et</span> <span class='ocrx_word' id='word_1_150' title='bbox 1967 802 2066 874; x_wconf 90' lang='lat' dir='ltr'>qui</span> <span class='ocrx_word' id='word_1_151' title='bbox 2100 802 2157 857; x_wconf 92' lang='lat' dir='ltr'>in</span> <span class='ocrx_word' id='word_1_152' title='bbox 2209 802 2446 858; x_wconf 86' lang='lat' dir='ltr'>castello</span> <span class='ocrx_word' id='word_1_153' title='bbox 2489 807 2631 857; x_wconf 91' lang='lat' dir='ltr'>sunt</span> <span class='ocrx_word' id='word_1_154' title='bbox 2659 803 2820 859; x_wconf 91' lang='lat' dir='ltr'>intus</span> <span class='ocrx_word' id='word_1_155' title='bbox 2852 808 3212 876; x_wconf 83' lang='lat' dir='ltr'>oppugnant.</span> <span class='ocrx_word' id='word_1_156' title='bbox 3246 804 3357 861; x_wconf 88' lang='lat' dir='ltr'>Sed</span> <span class='ocrx_word' id='word_1_157' title='bbox 3390 806 3531 879; x_wconf 91' lang='lat' dir='ltr'>quid</span> 
     </span>
    </p>
   </div>
   <div class='ocr_carea' id='block_1_23' title="bbox 1881 891 3531 964">
    <p class='ocr_par' dir='ltr' id='par_1_23' title="bbox 1881 891 3531 964">
     <span class='ocr_line' id='line_1_23' title="bbox 1881 891 3531 964; baseline 0.003 -17"><span class='ocrx_word' id='word_1_158' title='bbox 1881 907 2059 964; x_wconf 88' lang='lat' dir='ltr'>super</span> <span class='ocrx_word' id='word_1_159' title='bbox 2081 891 2175 947; x_wconf 87' lang='lat' dir='ltr'>his</span> <span class='ocrx_word' id='word_1_160' title='bbox 2207 895 2411 958; x_wconf 84' lang='lat' dir='ltr'>restat,</span> <span class='ocrx_word' id='word_1_161' title='bbox 2442 892 2558 948; x_wconf 88' lang='lat' dir='ltr'>nisi</span> <span class='ocrx_word' id='word_1_162' title='bbox 2592 892 2732 963; x_wconf 88' lang='lat' dir='ltr'>quia</span> <span class='ocrx_word' id='word_1_163' title='bbox 2752 895 2851 947; x_wconf 89' lang='lat' dir='ltr'>aut</span> <span class='ocrx_word' id='word_1_164' title='bbox 2882 892 3095 948; x_wconf 88' lang='lat' dir='ltr'>mortui</span> <span class='ocrx_word' id='word_1_165' title='bbox 3115 893 3239 964; x_wconf 86' lang='lat' dir='ltr'>jam</span> <span class='ocrx_word' id='word_1_166' title='bbox 3263 898 3531 962; x_wconf 88' lang='lat' dir='ltr'>sunt,aut</span> 
     </span>
    </p>
   </div>
   <div class='ocr_carea' id='block_1_24' title="bbox 1878 979 3527 1053">
    <p class='ocr_par' dir='ltr' id='par_1_24' title="bbox 1878 979 3527 1053">
     <span class='ocr_line' id='line_1_24' title="bbox 1878 979 3527 1053; baseline 0.004 -18"><span class='ocrx_word' id='word_1_167' title='bbox 1878 979 1939 1035; x_wconf 92' lang='lat' dir='ltr'>in</span> <span class='ocrx_word' id='word_1_168' title='bbox 1970 980 2236 1053; x_wconf 85' lang='lat' dir='ltr'>proximo</span> <span class='ocrx_word' id='word_1_169' title='bbox 2266 997 2469 1037; x_wconf 90' lang='lat' dir='ltr'>amnes</span> <span class='ocrx_word' id='word_1_170' title='bbox 2490 980 2855 1037; x_wconf 81' lang='lat' dir='ltr'>morientur?</span> <span class='ocrx_word' id='word_1_171' title='bbox 2875 981 2962 1035; x_wconf 91' lang='lat' dir='ltr'>Tu</span> <span class='ocrx_word' id='word_1_172' title='bbox 2993 984 3527 1048; x_wconf 85' lang='lat' dir='ltr'>autem,reverende</span> 
     </span>
    </p>
   </div>
   <div class='ocr_carea' id='block_1_25' title="bbox 1876 1067 3523 1143">
    <p class='ocr_par' dir='ltr' id='par_1_25' title="bbox 1876 1067 3523 1143">
     <span class='ocr_line' id='line_1_25' title="bbox 1876 1067 3523 1143; baseline 0.003 -19"><span class='ocrx_word' id='word_1_173' title='bbox 1876 1067 2213 1143; x_wconf 86' lang='lat' dir='ltr'>imperator,</span> <span class='ocrx_word' id='word_1_174' title='bbox 2248 1070 2299 1126; x_wconf 88' lang='lat' dir='ltr'>si</span> <span class='ocrx_word' id='word_1_175' title='bbox 2347 1074 2545 1125; x_wconf 89' lang='lat' dir='ltr'>nostro</span> <span class='ocrx_word' id='word_1_176' title='bbox 2593 1070 2784 1126; x_wconf 88' lang='lat' dir='ltr'>credis</span> <span class='ocrx_word' id='word_1_177' title='bbox 2831 1069 3096 1138; x_wconf 89' lang='lat' dir='ltr'>consilio,</span> <span class='ocrx_word' id='word_1_178' title='bbox 3132 1070 3376 1128; x_wconf 89' lang='lat' dir='ltr'>ulterius</span> <span class='ocrx_word' id='word_1_179' title='bbox 3409 1089 3523 1129; x_wconf 92' lang='lat' dir='ltr'>non</span> 
     </span>
    </p>
   </div>
   <div class='ocr_carea' id='block_1_26' title="bbox 1876 1158 3524 1233">
    <p class='ocr_par' dir='ltr' id='par_1_26' title="bbox 1876 1158 3524 1233">
     <span class='ocr_line' id='line_1_26' title="bbox 1876 1158 3524 1233; baseline 0.002 -19"><span class='ocrx_word' id='word_1_180' title='bbox 1876 1158 2290 1233; x_wconf 89' lang='lat' dir='ltr'>progredieris,</span> <span class='ocrx_word' id='word_1_181' title='bbox 2322 1159 2424 1215; x_wconf 89' lang='lat' dir='ltr'>sed</span> <span class='ocrx_word' id='word_1_182' title='bbox 2470 1159 2543 1214; x_wconf 90' lang='lat' dir='ltr'>ad</span> <span class='ocrx_word' id='word_1_183' title='bbox 2593 1159 2798 1214; x_wconf 89' lang='lat' dir='ltr'>urbem</span> <span class='ocrx_word' id='word_1_184' title='bbox 2829 1162 2992 1215; x_wconf 86' lang='lat' dir='ltr'>tuam</span> <span class='ocrx_word' id='word_1_185' title='bbox 3023 1158 3346 1216; x_wconf 88' lang='lat' dir='ltr'>reverteris.</span> <span class='ocrx_word' id='word_1_186' title='bbox 3377 1160 3524 1217; x_wconf 90' lang='lat' dir='ltr'>Nam</span> 
     </span>
    </p>
   </div>
   <div class='ocr_carea' id='block_1_27' title="bbox 1876 1247 3522 1321">
    <p class='ocr_par' dir='ltr' id='par_1_27' title="bbox 1876 1247 3522 1321">
     <span class='ocr_line' id='line_1_27' title="bbox 1876 1247 3522 1321; baseline 0.001 -16"><span class='ocrx_word' id='word_1_187' title='bbox 1876 1266 1991 1305; x_wconf 90' lang='lat' dir='ltr'>non</span> <span class='ocrx_word' id='word_1_188' title='bbox 2025 1252 2214 1321; x_wconf 89' lang='lat' dir='ltr'>potest</span> <span class='ocrx_word' id='word_1_189' title='bbox 2244 1249 2503 1304; x_wconf 91' lang='lat' dir='ltr'>humana</span> <span class='ocrx_word' id='word_1_190' title='bbox 2523 1248 2609 1304; x_wconf 91' lang='lat' dir='ltr'>eis</span> <span class='ocrx_word' id='word_1_191' title='bbox 2631 1252 2886 1320; x_wconf 86' lang='lat' dir='ltr'>potestas</span> <span class='ocrx_word' id='word_1_192' title='bbox 2907 1247 3029 1303; x_wconf 89' lang='lat' dir='ltr'>ulla</span> <span class='ocrx_word' id='word_1_193' title='bbox 3048 1248 3357 1306; x_wconf 89' lang='lat' dir='ltr'>subvenire</span> <span class='ocrx_word' id='word_1_194' title='bbox 3381 1267 3394 1318; x_wconf 91' lang='lat'><strong>;</strong></span> <span class='ocrx_word' id='word_1_195' title='bbox 3419 1250 3522 1306; x_wconf 90' lang='lat' dir='ltr'>sed</span> 
     </span>
    </p>
   </div>
   <div class='ocr_carea' id='block_1_28' title="bbox 1875 1336 3522 1409">
    <p class='ocr_par' dir='ltr' id='par_1_28' title="bbox 1875 1336 3522 1409">
     <span class='ocr_line' id='line_1_28' title="bbox 1875 1336 3522 1409; baseline 0.001 -15"><span class='ocrx_word' id='word_1_196' title='bbox 1875 1338 1923 1394; x_wconf 89' lang='lat' dir='ltr'>si</span> <span class='ocrx_word' id='word_1_197' title='bbox 1957 1337 2096 1393; x_wconf 90' lang='lat' dir='ltr'>illuc</span> <span class='ocrx_word' id='word_1_198' title='bbox 2128 1337 2267 1393; x_wconf 90' lang='lat' dir='ltr'>ieris</span> <span class='ocrx_word' id='word_1_199' title='bbox 2296 1354 2431 1393; x_wconf 91' lang='lat' dir='ltr'>cum</span> <span class='ocrx_word' id='word_1_200' title='bbox 2450 1340 2549 1393; x_wconf 92' lang='lat' dir='ltr'>tuo</span> <span class='ocrx_word' id='word_1_201' title='bbox 2567 1337 2821 1393; x_wconf 85' lang='lat' dir='ltr'>exercitu</span> <span class='ocrx_word' id='word_1_202' title='bbox 2846 1336 3063 1409; x_wconf 89' lang='lat' dir='ltr'>poteris</span> <span class='ocrx_word' id='word_1_203' title='bbox 3084 1336 3341 1393; x_wconf 90' lang='lat' dir='ltr'>interire.</span> <span class='ocrx_word' id='word_1_204' title='bbox 3370 1360 3398 1388; x_wconf 83' lang='lat'>»</span> <span class='ocrx_word' id='word_1_205' title='bbox 3421 1338 3522 1396; x_wconf 90' lang='lat' dir='ltr'>His</span> 
     </span>
    </p>
   </div>
   <div class='ocr_carea' id='block_1_29' title="bbox 1875 1425 3520 1498">
    <p class='ocr_par' dir='ltr' id='par_1_29' title="bbox 1875 1425 3520 1498">
     <span class='ocr_line' id='line_1_29' title="bbox 1875 1425 3520 1498; baseline 0 -15"><span class='ocrx_word' id='word_1_206' title='bbox 1875 1425 2093 1483; x_wconf 89' lang='lat' dir='ltr'>auditis</span> <span class='ocrx_word' id='word_1_207' title='bbox 2115 1425 2486 1483; x_wconf 89' lang='lat' dir='ltr'>sermonibus</span> <span class='ocrx_word' id='word_1_208' title='bbox 2509 1425 2829 1498; x_wconf 85' lang='lat' dir='ltr'>imperator</span> <span class='ocrx_word' id='word_1_209' title='bbox 2848 1425 3014 1481; x_wconf 85' lang='lat' dir='ltr'>valde</span> <span class='ocrx_word' id='word_1_210' title='bbox 3042 1425 3229 1482; x_wconf 86' lang='lat' dir='ltr'>tristis</span> <span class='ocrx_word' id='word_1_211' title='bbox 3249 1426 3520 1496; x_wconf 85' lang='lat' dir='ltr'>efﬁcitur,</span> 
     </span>
    </p>
   </div>
   <div class='ocr_carea' id='block_1_30' title="bbox 1873 1514 3522 1588">
    <p class='ocr_par' dir='ltr' id='par_1_30' title="bbox 1873 1514 3522 1588">
     <span class='ocr_line' id='line_1_30' title="bbox 1873 1514 3522 1588; baseline 0.001 -16"><span class='ocrx_word' id='word_1_212' title='bbox 1873 1520 1931 1572; x_wconf 89' lang='lat' dir='ltr'>et</span> <span class='ocrx_word' id='word_1_213' title='bbox 1960 1517 2115 1588; x_wconf 91' lang='lat' dir='ltr'>quod</span> <span class='ocrx_word' id='word_1_214' title='bbox 2145 1516 2195 1572; x_wconf 92' lang='lat' dir='ltr'>ei</span> <span class='ocrx_word' id='word_1_215' title='bbox 2245 1516 2471 1572; x_wconf 84' lang='lat' dir='ltr'>dixerat</span> <span class='ocrx_word' id='word_1_216' title='bbox 2502 1515 2559 1571; x_wconf 91' lang='lat' dir='ltr'>in</span> <span class='ocrx_word' id='word_1_217' title='bbox 2593 1517 2835 1581; x_wconf 88' lang='lat' dir='ltr'>secreto,</span> <span class='ocrx_word' id='word_1_218' title='bbox 2882 1514 3253 1587; x_wconf 88' lang='lat' dir='ltr'>principibus</span> <span class='ocrx_word' id='word_1_219' title='bbox 3302 1515 3426 1572; x_wconf 87' lang='lat' dir='ltr'>suis</span> <span class='ocrx_word' id='word_1_220' title='bbox 3455 1533 3522 1573; x_wconf 90' lang='lat' dir='ltr'>ac</span> 
     </span>
    </p>
   </div>
   <div class='ocr_carea' id='block_1_31' title="bbox 1875 1603 3521 1677">
    <p class='ocr_par' dir='ltr' id='par_1_31' title="bbox 1875 1603 3521 1677">
     <span class='ocr_line' id='line_1_31' title="bbox 1875 1603 3521 1677; baseline 0 -17"><span class='ocrx_word' id='word_1_221' title='bbox 1875 1605 2322 1677; x_wconf 77' lang='lat' dir='ltr'>magistratibus</span> <span class='ocrx_word' id='word_1_222' title='bbox 2353 1603 2675 1677; x_wconf 84' lang='lat' dir='ltr'>propalavit</span> <span class='ocrx_word' id='word_1_223' title='bbox 2707 1604 2763 1659; x_wconf 92' lang='lat' dir='ltr'>in</span> <span class='ocrx_word' id='word_1_224' title='bbox 2798 1607 3017 1677; x_wconf 89' lang='lat' dir='ltr'>aperto.</span> <span class='ocrx_word' id='word_1_225' title='bbox 3052 1603 3269 1660; x_wconf 90' lang='lat' dir='ltr'>Omnes</span> <span class='ocrx_word' id='word_1_226' title='bbox 3307 1605 3521 1661; x_wconf 86' lang='lat' dir='ltr'>contri-</span> 
     </span>
    </p>
   </div>
   <div class='ocr_carea' id='block_1_32' title="bbox 1873 1692 3521 1765">
    <p class='ocr_par' dir='ltr' id='par_1_32' title="bbox 1873 1692 3521 1765">
     <span class='ocr_line' id='line_1_32' title="bbox 1873 1692 3521 1765; baseline 0 -15"><span class='ocrx_word' id='word_1_227' title='bbox 1873 1699 2123 1762; x_wconf 88' lang='lat' dir='ltr'>stantur,</span> <span class='ocrx_word' id='word_1_228' title='bbox 2150 1693 2817 1765; x_wconf 74' lang='lat' dir='ltr'>nostrorumquefunera</span> <span class='ocrx_word' id='word_1_229' title='bbox 2838 1692 3255 1764; x_wconf 77' lang='lat' dir='ltr'>lacrymantur.</span> <span class='ocrx_word' id='word_1_230' title='bbox 3286 1694 3417 1749; x_wconf 83' lang='lat' dir='ltr'>Erat</span> <span class='ocrx_word' id='word_1_231' title='bbox 3440 1694 3521 1750; x_wconf 86' lang='lat' dir='ltr'>ibi</span> 
     </span>
    </p>
   </div>
   <div class='ocr_carea' id='block_1_33' title="bbox 110 1781 3522 1880">
    <p class='ocr_par' dir='ltr' id='par_1_33' title="bbox 110 1781 3522 1880">
     <span class='ocr_line' id='line_1_33' title="bbox 110 1781 3522 1880; baseline -0.001 -39"><span class='ocrx_word' id='word_1_232' title='bbox 110 1784 406 1856; x_wconf 80' lang='lat' dir='ltr'>bysantio.</span> <span class='ocrx_word' id='word_1_233' title='bbox 439 1784 656 1840; x_wconf 87' lang='lat' dir='ltr'>Carnes</span> <span class='ocrx_word' id='word_1_234' title='bbox 690 1784 1012 1851; x_wconf 88' lang='lat' dir='ltr'>asinorum,</span> <span class='ocrx_word' id='word_1_235' title='bbox 1045 1788 1348 1857; x_wconf 75' lang='lat' dir='ltr'>equorum,</span> <span class='ocrx_word' id='word_1_236' title='bbox 1382 1785 1760 1850; x_wconf 86' lang='lat' dir='ltr'>camelorum,</span> <span class='ocrx_word' id='word_1_237' title='bbox 1793 1814 1841 1880; x_wconf 83' lang='lat' dir='ltr'><strong>B</strong></span> <span class='ocrx_word' id='word_1_238' title='bbox 1873 1784 2114 1856; x_wconf 89' lang='lat' dir='ltr'>quidam</span> <span class='ocrx_word' id='word_1_239' title='bbox 2147 1782 2336 1852; x_wconf 88' lang='lat' dir='ltr'>miles,</span> <span class='ocrx_word' id='word_1_240' title='bbox 2366 1782 2601 1838; x_wconf 88' lang='lat' dir='ltr'>nomine</span> <span class='ocrx_word' id='word_1_241' title='bbox 2620 1782 2815 1849; x_wconf 87' lang='lat' dir='ltr'>Wido,</span> <span class='ocrx_word' id='word_1_242' title='bbox 2840 1782 2941 1854; x_wconf 88' lang='lat' dir='ltr'>qui</span> <span class='ocrx_word' id='word_1_243' title='bbox 2961 1799 3063 1854; x_wconf 91' lang='lat' dir='ltr'>per</span> <span class='ocrx_word' id='word_1_244' title='bbox 3082 1781 3354 1837; x_wconf 88' lang='lat' dir='ltr'>militiam</span> <span class='ocrx_word' id='word_1_245' title='bbox 3378 1782 3522 1839; x_wconf 88' lang='lat' dir='ltr'>cele-</span> 
     </span>
    </p>
   </div>
   <div class='ocr_carea' id='block_1_34' title="bbox 109 1869 3518 1948">
    <p class='ocr_par' dir='ltr' id='par_1_34' title="bbox 109 1869 3518 1948">
     <span class='ocr_line' id='line_1_34' title="bbox 109 1869 3518 1948; baseline 0 -19"><span class='ocrx_word' id='word_1_246' title='bbox 109 1874 316 1941; x_wconf 89' lang='lat' dir='ltr'>houm,</span> <span class='ocrx_word' id='word_1_247' title='bbox 352 1872 687 1930; x_wconf 89' lang='lat' dir='ltr'>bulalorum</span> <span class='ocrx_word' id='word_1_248' title='bbox 739 1875 1258 1939; x_wconf 82' lang='lat' dir='ltr'>consumebantur,</span> <span class='ocrx_word' id='word_1_249' title='bbox 1287 1873 1530 1948; x_wconf 90' lang='lat' dir='ltr'>insuper</span> <span class='ocrx_word' id='word_1_250' title='bbox 1557 1891 1761 1930; x_wconf 89' lang='lat' dir='ltr'>eorum</span> <span class='ocrx_word' id='word_1_251' title='bbox 1793 1869 1839 1880; x_wconf 78' lang='grc'>”</span> <span class='ocrx_word' id='word_1_252' title='bbox 1871 1873 1972 1929; x_wconf 91' lang='lat' dir='ltr'>bre</span> <span class='ocrx_word' id='word_1_253' title='bbox 2003 1872 2112 1930; x_wconf 91' lang='lat' dir='ltr'>sibi</span> <span class='ocrx_word' id='word_1_254' title='bbox 2144 1889 2354 1928; x_wconf 90' lang='lat' dir='ltr'>nomen</span> <span class='ocrx_word' id='word_1_255' title='bbox 2380 1871 2749 1944; x_wconf 89' lang='lat' dir='ltr'>acquisierat,</span> <span class='ocrx_word' id='word_1_256' title='bbox 2779 1869 3152 1943; x_wconf 90' lang='lat' dir='ltr'>multumque</span> <span class='ocrx_word' id='word_1_257' title='bbox 3184 1871 3518 1930; x_wconf 88' lang='lat' dir='ltr'>Boamundo</span> 
     </span>
    </p>
   </div>
   <div class='ocr_carea' id='block_1_35' title="bbox 110 1962 1762 2036">
    <p class='ocr_par' dir='ltr' id='par_1_35' title="bbox 110 1962 1762 2036">
     <span class='ocr_line' id='line_1_35' title="bbox 110 1962 1762 2036; baseline 0 -17"><span class='ocrx_word' id='word_1_258' title='bbox 110 1962 273 2019; x_wconf 89' lang='lat' dir='ltr'>coria</span> <span class='ocrx_word' id='word_1_259' title='bbox 299 1963 831 2035; x_wconf 89' lang='lat' dir='ltr'>concoquebantur.</span> <span class='ocrx_word' id='word_1_260' title='bbox 866 1963 1083 2019; x_wconf 88' lang='lat' dir='ltr'>Matres</span> <span class='ocrx_word' id='word_1_261' title='bbox 1108 1962 1261 2020; x_wconf 81' lang='lat' dir='ltr'>filios</span> <span class='ocrx_word' id='word_1_262' title='bbox 1280 1980 1420 2020; x_wconf 90' lang='lat' dir='ltr'>suos</span> <span class='ocrx_word' id='word_1_263' title='bbox 1450 1964 1605 2020; x_wconf 84' lang='lat' dir='ltr'>fame</span> <span class='ocrx_word' id='word_1_264' title='bbox 1632 1980 1762 2036; x_wconf 90' lang='lat' dir='ltr'>per-</span> 
     </span>
    </p>
   </div>
   <div class='ocr_carea' id='block_1_36' title="bbox 111 2052 1761 2125">
    <p class='ocr_par' dir='ltr' id='par_1_36' title="bbox 111 2052 1761 2125">
     <span class='ocr_line' id='line_1_36' title="bbox 111 2052 1761 2125; baseline 0 -16"><span class='ocrx_word' id='word_1_265' title='bbox 111 2057 344 2122; x_wconf 88' lang='lat' dir='ltr'>euntes,</span> <span class='ocrx_word' id='word_1_266' title='bbox 376 2053 450 2108; x_wconf 90' lang='lat' dir='ltr'>ad</span> <span class='ocrx_word' id='word_1_267' title='bbox 483 2052 664 2108; x_wconf 89' lang='lat' dir='ltr'>ubera</span> <span class='ocrx_word' id='word_1_268' title='bbox 710 2052 1167 2124; x_wconf 86' lang='lat' dir='ltr'>suspendebant,</span> <span class='ocrx_word' id='word_1_269' title='bbox 1203 2052 1303 2109; x_wconf 91' lang='lat' dir='ltr'>sed</span> <span class='ocrx_word' id='word_1_270' title='bbox 1343 2052 1507 2125; x_wconf 88' lang='lat' dir='ltr'>pueri</span> <span class='ocrx_word' id='word_1_271' title='bbox 1539 2053 1599 2107; x_wconf 93' lang='lat' dir='ltr'>in</span> <span class='ocrx_word' id='word_1_272' title='bbox 1630 2069 1761 2109; x_wconf 82' lang='lat' dir='ltr'>ma-</span> 
     </span>
    </p>
   </div>
   <div class='ocr_carea' id='block_1_37' title="bbox 110 2140 1761 2214">
    <p class='ocr_par' dir='ltr' id='par_1_37' title="bbox 110 2140 1761 2214">
     <span class='ocr_line' id='line_1_37' title="bbox 110 2140 1761 2214; baseline -0.001 -15"><span class='ocrx_word' id='word_1_273' title='bbox 110 2141 295 2199; x_wconf 86' lang='lat' dir='ltr'>ternis</span> <span class='ocrx_word' id='word_1_274' title='bbox 326 2140 609 2198; x_wconf 88' lang='lat' dir='ltr'>uberibus</span> <span class='ocrx_word' id='word_1_275' title='bbox 640 2140 787 2197; x_wconf 91' lang='lat' dir='ltr'>nihil</span> <span class='ocrx_word' id='word_1_276' title='bbox 818 2140 1211 2212; x_wconf 87' lang='lat' dir='ltr'>inveniebant,</span> <span class='ocrx_word' id='word_1_277' title='bbox 1244 2144 1301 2198; x_wconf 90' lang='lat' dir='ltr'>et</span> <span class='ocrx_word' id='word_1_278' title='bbox 1329 2158 1444 2214; x_wconf 68' lang='lat' dir='ltr'>prae</span> <span class='ocrx_word' id='word_1_279' title='bbox 1468 2140 1761 2214; x_wconf 85' lang='lat' dir='ltr'>inopiala—</span> 
     </span>
    </p>
   </div>
   <div class='ocr_carea' id='block_1_38' title="bbox 110 2229 1760 2304">
    <p class='ocr_par' dir='ltr' id='par_1_38' title="bbox 110 2229 1760 2304">
     <span class='ocr_line' id='line_1_38' title="bbox 110 2229 1760 2304; baseline 0 -17"><span class='ocrx_word' id='word_1_280' title='bbox 110 2232 223 2288; x_wconf 89' lang='lat' dir='ltr'>etis</span> <span class='ocrx_word' id='word_1_281' title='bbox 253 2229 474 2288; x_wconf 87' lang='lat' dir='ltr'>clausis</span> <span class='ocrx_word' id='word_1_282' title='bbox 503 2229 689 2288; x_wconf 89' lang='lat' dir='ltr'>oculis</span> <span class='ocrx_word' id='word_1_283' title='bbox 719 2229 1102 2304; x_wconf 78' lang='lat' dir='ltr'>palpitabunt.</span> <span class='ocrx_word' id='word_1_284' title='bbox 1134 2231 1395 2296; x_wconf 89' lang='lat' dir='ltr'>Quadam</span> <span class='ocrx_word' id='word_1_285' title='bbox 1426 2230 1521 2287; x_wconf 91' lang='lat' dir='ltr'>die</span> <span class='ocrx_word' id='word_1_286' title='bbox 1545 2230 1760 2287; x_wconf 80' lang='lat' dir='ltr'>Corbu-</span> 
     </span>
    </p>
   </div>
   <div class='ocr_carea' id='block_1_39' title="bbox 111 2318 1761 2393">
    <p class='ocr_par' dir='ltr' id='par_1_39' title="bbox 111 2318 1761 2393">
     <span class='ocr_line' id='line_1_39' title="bbox 111 2318 1761 2393; baseline -0.001 -16"><span class='ocrx_word' id='word_1_287' title='bbox 111 2337 229 2377; x_wconf 87' lang='lat' dir='ltr'>nan</span> <span class='ocrx_word' id='word_1_288' title='bbox 258 2320 527 2376; x_wconf 87' lang='lat' dir='ltr'>incitavit</span> <span class='ocrx_word' id='word_1_289' title='bbox 555 2324 790 2376; x_wconf 90' lang='lat' dir='ltr'>nostros</span> <span class='ocrx_word' id='word_1_290' title='bbox 820 2320 893 2376; x_wconf 91' lang='lat' dir='ltr'>ad</span> <span class='ocrx_word' id='word_1_291' title='bbox 925 2318 1213 2393; x_wconf 62' lang='lat' dir='ltr'>praelium,</span> <span class='ocrx_word' id='word_1_292' title='bbox 1236 2318 1458 2377; x_wconf 90' lang='lat' dir='ltr'>scilicet</span> <span class='ocrx_word' id='word_1_293' title='bbox 1476 2323 1638 2376; x_wconf 82' lang='lat' dir='ltr'>extra</span> <span class='ocrx_word' id='word_1_294' title='bbox 1667 2337 1761 2375; x_wconf 89' lang='lat' dir='ltr'>ur-</span> 
     </span>
    </p>
   </div>
   <div class='ocr_carea' id='block_1_40' title="bbox 108 2407 1759 2482">
    <p class='ocr_par' dir='ltr' id='par_1_40' title="bbox 108 2407 1759 2482">
     <span class='ocr_line' id='line_1_40' title="bbox 108 2407 1759 2482; baseline -0.001 -17"><span class='ocrx_word' id='word_1_295' title='bbox 108 2409 267 2478; x_wconf 86' lang='lat' dir='ltr'>bem,</span> <span class='ocrx_word' id='word_1_296' title='bbox 292 2409 368 2465; x_wconf 91' lang='lat' dir='ltr'>ab</span> <span class='ocrx_word' id='word_1_297' title='bbox 382 2407 485 2465; x_wconf 89' lang='lat' dir='ltr'>illa</span> <span class='ocrx_word' id='word_1_298' title='bbox 502 2412 665 2482; x_wconf 89' lang='lat' dir='ltr'>parte</span> <span class='ocrx_word' id='word_1_299' title='bbox 684 2408 743 2464; x_wconf 93' lang='lat' dir='ltr'>in</span> <span class='ocrx_word' id='word_1_300' title='bbox 762 2425 880 2482; x_wconf 88' lang='lat' dir='ltr'>qua</span> <span class='ocrx_word' id='word_1_301' title='bbox 901 2412 1025 2465; x_wconf 90' lang='lat' dir='ltr'>erat</span> <span class='ocrx_word' id='word_1_302' title='bbox 1048 2407 1353 2465; x_wconf 90' lang='lat' dir='ltr'>castellum</span> <span class='ocrx_word' id='word_1_303' title='bbox 1379 2427 1392 2479; x_wconf 92' lang='lat'><strong>;</strong></span> <span class='ocrx_word' id='word_1_304' title='bbox 1417 2408 1520 2464; x_wconf 90' lang='lat' dir='ltr'>sed</span> <span class='ocrx_word' id='word_1_305' title='bbox 1540 2408 1759 2464; x_wconf 90' lang='lat' dir='ltr'>milites</span> 
     </span>
    </p>
   </div>
   <div class='ocr_carea' id='block_1_41' title="bbox 111 2496 1760 2571">
    <p class='ocr_par' dir='ltr' id='par_1_41' title="bbox 111 2496 1760 2571">
     <span class='ocr_line' id='line_1_41' title="bbox 111 2496 1760 2571; baseline -0.001 -16"><span class='ocrx_word' id='word_1_306' title='bbox 111 2502 169 2555; x_wconf 89' lang='lat' dir='ltr'>et</span> <span class='ocrx_word' id='word_1_307' title='bbox 192 2498 331 2571; x_wconf 88' lang='lat' dir='ltr'>equi</span> <span class='ocrx_word' id='word_1_308' title='bbox 363 2499 517 2555; x_wconf 87' lang='lat' dir='ltr'>fame</span> <span class='ocrx_word' id='word_1_309' title='bbox 564 2496 826 2565; x_wconf 87' lang='lat' dir='ltr'>cruciati,</span> <span class='ocrx_word' id='word_1_310' title='bbox 859 2497 960 2554; x_wconf 92' lang='lat' dir='ltr'>diu</span> <span class='ocrx_word' id='word_1_311' title='bbox 1010 2515 1124 2554; x_wconf 89' lang='lat' dir='ltr'>non</span> <span class='ocrx_word' id='word_1_312' title='bbox 1171 2501 1488 2571; x_wconf 89' lang='lat' dir='ltr'>potuerunt</span> <span class='ocrx_word' id='word_1_313' title='bbox 1516 2498 1760 2554; x_wconf 86' lang='lat' dir='ltr'>suil&#39;erre</span> 
     </span>
    </p>
   </div>
   <div class='ocr_carea' id='block_1_42' title="bbox 107 2586 1755 2661">
    <p class='ocr_par' dir='ltr' id='par_1_42' title="bbox 107 2586 1755 2661">
     <span class='ocr_line' id='line_1_42' title="bbox 107 2586 1755 2661; baseline 0 -19"><span class='ocrx_word' id='word_1_314' title='bbox 107 2587 338 2644; x_wconf 87' lang='lat' dir='ltr'>veloces</span> <span class='ocrx_word' id='word_1_315' title='bbox 367 2587 624 2660; x_wconf 83' lang='lat' dir='ltr'>impetus</span> <span class='ocrx_word' id='word_1_316' title='bbox 654 2604 877 2644; x_wconf 89' lang='lat' dir='ltr'>eorum.</span> <span class='ocrx_word' id='word_1_317' title='bbox 903 2586 1246 2660; x_wconf 85' lang='lat' dir='ltr'>Conglobati</span> <span class='ocrx_word' id='word_1_318' title='bbox 1270 2586 1527 2661; x_wconf 90' lang='lat' dir='ltr'>igiturin</span> <span class='ocrx_word' id='word_1_319' title='bbox 1547 2603 1755 2656; x_wconf 89' lang='lat' dir='ltr'>unum,</span> 
     </span>
    </p>
   </div>
   <div class='ocr_carea' id='block_1_43' title="bbox 109 2675 1758 2749">
    <p class='ocr_par' dir='ltr' id='par_1_43' title="bbox 109 2675 1758 2749">
     <span class='ocr_line' id='line_1_43' title="bbox 109 2675 1758 2749; baseline 0 -17"><span class='ocrx_word' id='word_1_320' title='bbox 109 2677 292 2734; x_wconf 86' lang='lat' dir='ltr'>nostri</span> <span class='ocrx_word' id='word_1_321' title='bbox 329 2677 399 2732; x_wconf 91' lang='lat' dir='ltr'>ad</span> <span class='ocrx_word' id='word_1_322' title='bbox 433 2676 719 2732; x_wconf 85' lang='lat' dir='ltr'>civitatem</span> <span class='ocrx_word' id='word_1_323' title='bbox 744 2677 969 2749; x_wconf 82' lang='lat' dir='ltr'>regredi</span> <span class='ocrx_word' id='word_1_324' title='bbox 994 2675 1291 2732; x_wconf 87' lang='lat' dir='ltr'>salubrius</span> <span class='ocrx_word' id='word_1_325' title='bbox 1312 2692 1441 2732; x_wconf 91' lang='lat' dir='ltr'>esse</span> <span class='ocrx_word' id='word_1_326' title='bbox 1463 2675 1758 2732; x_wconf 82' lang='lat' dir='ltr'>intellexe-</span> 
     </span>
    </p>
   </div>
   <div class='ocr_carea' id='block_1_44' title="bbox 106 2765 1757 2839">
    <p class='ocr_par' dir='ltr' id='par_1_44' title="bbox 106 2765 1757 2839">
     <span class='ocr_line' id='line_1_44' title="bbox 106 2765 1757 2839; baseline -0.001 -17"><span class='ocrx_word' id='word_1_327' title='bbox 106 2770 270 2831; x_wconf 87' lang='lat' dir='ltr'>runt,</span> <span class='ocrx_word' id='word_1_328' title='bbox 294 2766 398 2823; x_wconf 89' lang='lat' dir='ltr'>sed</span> <span class='ocrx_word' id='word_1_329' title='bbox 416 2766 682 2839; x_wconf 86' lang='lat' dir='ltr'>oppressi</span> <span class='ocrx_word' id='word_1_330' title='bbox 702 2765 1217 2837; x_wconf 87' lang='lat' dir='ltr'>aTureis,portam</span> <span class='ocrx_word' id='word_1_331' title='bbox 1242 2765 1420 2820; x_wconf 91' lang='lat' dir='ltr'>nimis</span> <span class='ocrx_word' id='word_1_332' title='bbox 1446 2768 1757 2838; x_wconf 88' lang='lat' dir='ltr'>angustam</span> 
     </span>
    </p>
   </div>
   <div class='ocr_carea' id='block_1_45' title="bbox 104 2854 1755 2929">
    <p class='ocr_par' dir='ltr' id='par_1_45' title="bbox 104 2854 1755 2929">
     <span class='ocr_line' id='line_1_45' title="bbox 104 2854 1755 2929; baseline -0.002 -17"><span class='ocrx_word' id='word_1_333' title='bbox 104 2859 473 2929; x_wconf 84' lang='lat' dir='ltr'>repererunt,</span> <span class='ocrx_word' id='word_1_334' title='bbox 506 2854 565 2910; x_wconf 91' lang='lat' dir='ltr'>in</span> <span class='ocrx_word' id='word_1_335' title='bbox 616 2857 847 2910; x_wconf 90' lang='lat' dir='ltr'>tantum</span> <span class='ocrx_word' id='word_1_336' title='bbox 892 2854 1048 2926; x_wconf 87' lang='lat' dir='ltr'>quod</span> <span class='ocrx_word' id='word_1_337' title='bbox 1079 2854 1320 2925; x_wconf 89' lang='lat' dir='ltr'>quidam</span> <span class='ocrx_word' id='word_1_338' title='bbox 1352 2854 1435 2909; x_wconf 91' lang='lat' dir='ltr'>ibi</span> <span class='ocrx_word' id='word_1_339' title='bbox 1466 2871 1653 2927; x_wconf 89' lang='lat' dir='ltr'>usque</span> <span class='ocrx_word' id='word_1_340' title='bbox 1683 2854 1755 2909; x_wconf 92' lang='lat' dir='ltr'>ad</span> 
     </span>
    </p>
   </div>
   <div class='ocr_carea' id='block_1_46' title="bbox 102 2943 1760 3015">
    <p class='ocr_par' dir='ltr' id='par_1_46' title="bbox 102 2943 1760 3015">
     <span class='ocr_line' id='line_1_46' title="bbox 102 2943 1760 3015; baseline -0.001 -16"><span class='ocrx_word' id='word_1_341' title='bbox 102 2948 359 3000; x_wconf 87' lang='lat' dir='ltr'>mortem</span> <span class='ocrx_word' id='word_1_342' title='bbox 390 2943 575 3000; x_wconf 87' lang='lat' dir='ltr'>attriti</span> <span class='ocrx_word' id='word_1_343' title='bbox 624 2948 784 2999; x_wconf 89' lang='lat' dir='ltr'>sunt.</span> <span class='ocrx_word' id='word_1_344' title='bbox 819 2943 1031 3015; x_wconf 87' lang='lat' dir='ltr'>Sicque</span> <span class='ocrx_word' id='word_1_345' title='bbox 1062 2943 1236 2999; x_wconf 81' lang='lat' dir='ltr'>{iebat</span> <span class='ocrx_word' id='word_1_346' title='bbox 1284 2959 1479 3015; x_wconf 90' lang='lat' dir='ltr'>pugna</span> <span class='ocrx_word' id='word_1_347' title='bbox 1512 2943 1672 2998; x_wconf 90' lang='lat' dir='ltr'>intus</span> <span class='ocrx_word' id='word_1_348' title='bbox 1701 2946 1760 2998; x_wconf 91' lang='lat' dir='ltr'>et</span> 
     </span>
    </p>
   </div>
   <div class='ocr_carea' id='block_1_47' title="bbox 103 3031 1756 3104">
    <p class='ocr_par' dir='ltr' id='par_1_47' title="bbox 103 3031 1756 3104">
     <span class='ocr_line' id='line_1_47' title="bbox 103 3031 1756 3104; baseline -0.001 -17"><span class='ocrx_word' id='word_1_349' title='bbox 103 3033 385 3099; x_wconf 78' lang='lat' dir='ltr'>exterius,</span> <span class='ocrx_word' id='word_1_350' title='bbox 419 3049 524 3088; x_wconf 86' lang='lat' dir='ltr'>nec</span> <span class='ocrx_word' id='word_1_351' title='bbox 555 3033 807 3089; x_wconf 87' lang='lat' dir='ltr'>dabatur</span> <span class='ocrx_word' id='word_1_352' title='bbox 834 3031 955 3088; x_wconf 91' lang='lat' dir='ltr'>ulla</span> <span class='ocrx_word' id='word_1_353' title='bbox 1001 3032 1166 3104; x_wconf 89' lang='lat' dir='ltr'>quies</span> <span class='ocrx_word' id='word_1_354' title='bbox 1196 3032 1413 3088; x_wconf 88' lang='lat' dir='ltr'>nostris</span> <span class='ocrx_word' id='word_1_355' title='bbox 1445 3031 1756 3104; x_wconf 55' lang='lat' dir='ltr'>fameg‘per-</span> 
     </span>
    </p>
   </div>
   <div class='ocr_carea' id='block_1_48' title="bbox 100 3119 1756 3194">
    <p class='ocr_par' dir='ltr' id='par_1_48' title="bbox 100 3119 1756 3194">
     <span class='ocr_line' id='line_1_48' title="bbox 100 3119 1756 3194; baseline -0.002 -17"><span class='ocrx_word' id='word_1_356' title='bbox 100 3122 412 3177; x_wconf 88' lang='lat' dir='ltr'>euntibus.</span> <span class='ocrx_word' id='word_1_357' title='bbox 445 3123 683 3194; x_wconf 87' lang='lat' dir='ltr'>Propter</span> <span class='ocrx_word' id='word_1_358' title='bbox 712 3121 834 3177; x_wconf 85' lang='lat' dir='ltr'>haec</span> <span class='ocrx_word' id='word_1_359' title='bbox 863 3126 922 3176; x_wconf 88' lang='lat' dir='ltr'>et</span> <span class='ocrx_word' id='word_1_360' title='bbox 952 3120 1045 3176; x_wconf 89' lang='lat' dir='ltr'>his</span> <span class='ocrx_word' id='word_1_361' title='bbox 1073 3119 1294 3177; x_wconf 89' lang='lat' dir='ltr'>similia</span> <span class='ocrx_word' id='word_1_362' title='bbox 1325 3119 1507 3192; x_wconf 90' lang='lat' dir='ltr'>aliqui</span> <span class='ocrx_word' id='word_1_363' title='bbox 1551 3121 1622 3175; x_wconf 93' lang='lat' dir='ltr'>de</span> <span class='ocrx_word' id='word_1_364' title='bbox 1652 3136 1756 3175; x_wconf 88' lang='lat' dir='ltr'>no-</span> 
     </span>
    </p>
   </div>
   <div class='ocr_carea' id='block_1_49' title="bbox 1870 1958 3517 2027">
    <p class='ocr_par' dir='ltr' id='par_1_49' title="bbox 1870 1958 3517 2027">
     <span class='ocr_line' id='line_1_49' title="bbox 1870 1958 3517 2027; baseline -0.001 -10"><span class='ocrx_word' id='word_1_365' title='bbox 1870 1961 2177 2019; x_wconf 90' lang='lat' dir='ltr'>familiaris</span> <span class='ocrx_word' id='word_1_366' title='bbox 2206 1960 2524 2018; x_wconf 80' lang='lat' dir='ltr'>exstiterat.</span> <span class='ocrx_word' id='word_1_367' title='bbox 2558 1960 2665 2026; x_wconf 87' lang='lat' dir='ltr'>Qui</span> <span class='ocrx_word' id='word_1_368' title='bbox 2696 1976 2831 2016; x_wconf 90' lang='lat' dir='ltr'>eum</span> <span class='ocrx_word' id='word_1_369' title='bbox 2862 1960 2972 2016; x_wconf 90' lang='lat' dir='ltr'>hoc</span> <span class='ocrx_word' id='word_1_370' title='bbox 3002 1958 3284 2027; x_wconf 89' lang='lat' dir='ltr'>audisset,</span> <span class='ocrx_word' id='word_1_371' title='bbox 3318 1960 3400 2015; x_wconf 92' lang='lat' dir='ltr'>ita</span> <span class='ocrx_word' id='word_1_372' title='bbox 3426 1959 3517 2016; x_wconf 91' lang='lat' dir='ltr'>in-</span> 
     </span>
    </p>
   </div>
   <div class='ocr_carea' id='block_1_50' title="bbox 1869 2048 3513 2124">
    <p class='ocr_par' dir='ltr' id='par_1_50' title="bbox 1869 2048 3513 2124">
     <span class='ocr_line' id='line_1_50' title="bbox 1869 2048 3513 2124; baseline -0.001 -17"><span class='ocrx_word' id='word_1_373' title='bbox 1869 2050 2076 2121; x_wconf 90' lang='lat' dir='ltr'>doluit,</span> <span class='ocrx_word' id='word_1_374' title='bbox 2111 2052 2267 2124; x_wconf 89' lang='lat' dir='ltr'>quod</span> <span class='ocrx_word' id='word_1_375' title='bbox 2312 2067 2378 2106; x_wconf 90' lang='lat' dir='ltr'>ac</span> <span class='ocrx_word' id='word_1_376' title='bbox 2408 2050 2459 2106; x_wconf 90' lang='lat' dir='ltr'>si</span> <span class='ocrx_word' id='word_1_377' title='bbox 2490 2053 2759 2106; x_wconf 83' lang='lat' dir='ltr'>mortUus</span> <span class='ocrx_word' id='word_1_378' title='bbox 2790 2051 2964 2116; x_wconf 89' lang='lat' dir='ltr'>esset,</span> <span class='ocrx_word' id='word_1_379' title='bbox 2996 2048 3055 2103; x_wconf 91' lang='lat' dir='ltr'>in</span> <span class='ocrx_word' id='word_1_380' title='bbox 3098 2053 3255 2104; x_wconf 90' lang='lat' dir='ltr'>terra</span> <span class='ocrx_word' id='word_1_381' title='bbox 3279 2048 3513 2105; x_wconf 90' lang='lat' dir='ltr'>corruit.</span> 
     </span>
    </p>
   </div>
   <div class='ocr_carea' id='block_1_51' title="bbox 1868 2136 3517 2212">
    <p class='ocr_par' dir='ltr' id='par_1_51' title="bbox 1868 2136 3517 2212">
     <span class='ocr_line' id='line_1_51' title="bbox 1868 2136 3517 2212; baseline -0.001 -16"><span class='ocrx_word' id='word_1_382' title='bbox 1868 2140 1938 2196; x_wconf 89' lang='lat' dir='ltr'>Et</span> <span class='ocrx_word' id='word_1_383' title='bbox 1965 2157 2099 2196; x_wconf 91' lang='lat' dir='ltr'>eum</span> <span class='ocrx_word' id='word_1_384' title='bbox 2128 2144 2428 2212; x_wconf 90' lang='lat' dir='ltr'>resumpto</span> <span class='ocrx_word' id='word_1_385' title='bbox 2458 2137 2669 2212; x_wconf 89' lang='lat' dir='ltr'>spiritu</span> <span class='ocrx_word' id='word_1_386' title='bbox 2690 2138 2762 2194; x_wconf 90' lang='lat' dir='ltr'>ab</span> <span class='ocrx_word' id='word_1_387' title='bbox 2794 2136 2893 2194; x_wconf 89' lang='lat' dir='ltr'>illa</span> <span class='ocrx_word' id='word_1_388' title='bbox 2921 2137 3139 2194; x_wconf 88' lang='lat' dir='ltr'>mentis</span> <span class='ocrx_word' id='word_1_389' title='bbox 3168 2136 3517 2195; x_wconf 85' lang='lat' dir='ltr'>alienatione</span> 
     </span>
    </p>
   </div>
   <div class='ocr_carea' id='block_1_52' title="bbox 1868 2227 3516 2300">
    <p class='ocr_par' dir='ltr' id='par_1_52' title="bbox 1868 2227 3516 2300">
     <span class='ocr_line' id='line_1_52' title="bbox 1868 2227 3516 2300; baseline -0.002 -14"><span class='ocrx_word' id='word_1_390' title='bbox 1868 2233 2270 2299; x_wconf 88' lang='lat' dir='ltr'>reverteretur,</span> <span class='ocrx_word' id='word_1_391' title='bbox 2306 2229 2442 2285; x_wconf 86' lang='lat' dir='ltr'>ﬂere</span> <span class='ocrx_word' id='word_1_392' title='bbox 2471 2227 2853 2283; x_wconf 87' lang='lat' dir='ltr'>immoderate</span> <span class='ocrx_word' id='word_1_393' title='bbox 2881 2227 3377 2300; x_wconf 86' lang='lat' dir='ltr'>coepit,genasque</span> <span class='ocrx_word' id='word_1_394' title='bbox 3408 2244 3516 2283; x_wconf 87' lang='lat' dir='ltr'>un-</span> 
     </span>
    </p>
   </div>
   <div class='ocr_carea' id='block_1_53' title="bbox 1868 2315 3517 2393">
    <p class='ocr_par' dir='ltr' id='par_1_53' title="bbox 1868 2315 3517 2393">
     <span class='ocr_line' id='line_1_53' title="bbox 1868 2315 3517 2393; baseline 0 -19"><span class='ocrx_word' id='word_1_395' title='bbox 1868 2319 2084 2393; x_wconf 90' lang='lat' dir='ltr'>guibus</span> <span class='ocrx_word' id='word_1_396' title='bbox 2107 2316 2608 2389; x_wconf 88' lang='lat' dir='ltr'>sulcando,crines</span> <span class='ocrx_word' id='word_1_397' title='bbox 2629 2315 2904 2372; x_wconf 90' lang='lat' dir='ltr'>manibus</span> <span class='ocrx_word' id='word_1_398' title='bbox 2925 2315 3517 2389; x_wconf 90' lang='lat' dir='ltr'>decerpendo,omnes</span> 
     </span>
    </p>
   </div>
   <div class='ocr_carea' id='block_1_54' title="bbox 1869 2403 3516 2482">
    <p class='ocr_par' dir='ltr' id='par_1_54' title="bbox 1869 2403 3516 2482">
     <span class='ocr_line' id='line_1_54' title="bbox 1869 2403 3516 2482; baseline -0.001 -18"><span class='ocrx_word' id='word_1_399' title='bbox 1869 2412 2113 2482; x_wconf 88' lang='lat' dir='ltr'>cogebat</span> <span class='ocrx_word' id='word_1_400' title='bbox 2141 2408 2213 2464; x_wconf 89' lang='lat' dir='ltr'>ad</span> <span class='ocrx_word' id='word_1_401' title='bbox 2244 2405 2493 2474; x_wconf 89' lang='lat' dir='ltr'>luctum,</span> <span class='ocrx_word' id='word_1_402' title='bbox 2526 2405 2874 2477; x_wconf 88' lang='lat' dir='ltr'>dicebatque</span> <span class='ocrx_word' id='word_1_403' title='bbox 2906 2404 3011 2477; x_wconf 84' lang='lat'>(50)</span> <span class='ocrx_word' id='word_1_404' title='bbox 3039 2421 3052 2460; x_wconf 89' lang='lat'><strong>:</strong></span> <span class='ocrx_word' id='word_1_405' title='bbox 3077 2426 3105 2456; x_wconf 85' lang='lat'>«</span> <span class='ocrx_word' id='word_1_406' title='bbox 3137 2403 3181 2460; x_wconf 90' lang='grc' dir='ltr'><strong>Ο</strong></span> <span class='ocrx_word' id='word_1_407' title='bbox 3210 2404 3362 2461; x_wconf 90' lang='lat' dir='ltr'>Deus</span> <span class='ocrx_word' id='word_1_408' title='bbox 3391 2421 3516 2462; x_wconf 91' lang='lat' dir='ltr'>om-</span> 
     </span>
    </p>
   </div>
   <div class='ocr_carea' id='block_1_55' title="bbox 1868 2491 3520 2570">
    <p class='ocr_par' dir='ltr' id='par_1_55' title="bbox 1868 2491 3520 2570">
     <span class='ocr_line' id='line_1_55' title="bbox 1868 2491 3520 2570; baseline -0.001 -17"><span class='ocrx_word' id='word_1_409' title='bbox 1868 2496 2160 2570; x_wconf 86' lang='lat' dir='ltr'>nipotens,</span> <span class='ocrx_word' id='word_1_410' title='bbox 2194 2495 2295 2552; x_wconf 91' lang='lat' dir='ltr'>ubi</span> <span class='ocrx_word' id='word_1_411' title='bbox 2326 2499 2415 2552; x_wconf 83' lang='lat' dir='ltr'>est</span> <span class='ocrx_word' id='word_1_412' title='bbox 2441 2495 2630 2551; x_wconf 89' lang='lat' dir='ltr'>virtus</span> <span class='ocrx_word' id='word_1_413' title='bbox 2650 2492 2793 2550; x_wconf 85' lang='lat' dir='ltr'>tua?</span> <span class='ocrx_word' id='word_1_414' title='bbox 2823 2492 2881 2550; x_wconf 89' lang='lat' dir='ltr'>Si</span> <span class='ocrx_word' id='word_1_415' title='bbox 2915 2491 3282 2565; x_wconf 90' lang='lat' dir='ltr'>omnipotens</span> <span class='ocrx_word' id='word_1_416' title='bbox 3311 2509 3394 2562; x_wconf 89' lang='lat' dir='ltr'>es,</span> <span class='ocrx_word' id='word_1_417' title='bbox 3414 2510 3520 2551; x_wconf 86' lang='lat' dir='ltr'>cur</span> 
     </span>
    </p>
   </div>
   <div class='ocr_carea' id='block_1_56' title="bbox 1867 2580 3517 2656">
    <p class='ocr_par' dir='ltr' id='par_1_56' title="bbox 1867 2580 3517 2656">
     <span class='ocr_line' id='line_1_56' title="bbox 1867 2580 3517 2656; baseline -0.002 -13"><span class='ocrx_word' id='word_1_418' title='bbox 1867 2586 1987 2643; x_wconf 72' lang='lat' dir='ltr'>haec</span> <span class='ocrx_word' id='word_1_419' title='bbox 2004 2585 2125 2642; x_wconf 87' lang='lat' dir='ltr'>ﬁeri</span> <span class='ocrx_word' id='word_1_420' title='bbox 2147 2583 2497 2642; x_wconf 87' lang='lat' dir='ltr'>consensisti</span> <span class='ocrx_word' id='word_1_421' title='bbox 2514 2586 2542 2640; x_wconf 82' lang='lat'><strong>?</strong></span> <span class='ocrx_word' id='word_1_422' title='bbox 2557 2600 2751 2639; x_wconf 88' lang='lat' dir='ltr'>nonne</span> <span class='ocrx_word' id='word_1_423' title='bbox 2768 2586 3000 2638; x_wconf 87' lang='lat' dir='ltr'>erantet</span> <span class='ocrx_word' id='word_1_424' title='bbox 3018 2580 3235 2639; x_wconf 88' lang='lat' dir='ltr'>milites</span> <span class='ocrx_word' id='word_1_425' title='bbox 3250 2581 3335 2637; x_wconf 91' lang='lat' dir='ltr'>tui</span> <span class='ocrx_word' id='word_1_426' title='bbox 3354 2585 3411 2639; x_wconf 89' lang='lat' dir='ltr'>et</span> <span class='ocrx_word' id='word_1_427' title='bbox 3420 2598 3517 2656; x_wconf 90' lang='lat' dir='ltr'>pe-</span> 
     </span>
    </p>
   </div>
   <div class='ocr_carea' id='block_1_57' title="bbox 1867 2671 3517 2749">
    <p class='ocr_par' dir='ltr' id='par_1_57' title="bbox 1867 2671 3517 2749">
     <span class='ocr_line' id='line_1_57' title="bbox 1867 2671 3517 2749; baseline -0.001 -18"><span class='ocrx_word' id='word_1_428' title='bbox 1867 2674 2125 2749; x_wconf 79' lang='lat' dir='ltr'>regrini?</span> <span class='ocrx_word' id='word_1_429' title='bbox 2145 2673 2285 2741; x_wconf 85' lang='lat' dir='ltr'>Quis</span> <span class='ocrx_word' id='word_1_430' title='bbox 2308 2689 2569 2746; x_wconf 87' lang='lat' dir='ltr'>unquam</span> <span class='ocrx_word' id='word_1_431' title='bbox 2596 2690 2712 2740; x_wconf 69' lang='lat' dir='ltr'>rex,</span> <span class='ocrx_word' id='word_1_432' title='bbox 2738 2676 2839 2728; x_wconf 90' lang='lat' dir='ltr'>aut</span> <span class='ocrx_word' id='word_1_433' title='bbox 2854 2671 3296 2744; x_wconf 90' lang='lat' dir='ltr'>imperator,aut</span> <span class='ocrx_word' id='word_1_434' title='bbox 3308 2674 3517 2746; x_wconf 91' lang='lat' dir='ltr'>potens</span> 
     </span>
    </p>
   </div>
   <div class='ocr_carea' id='block_1_58' title="bbox 1867 2759 3515 2832">
    <p class='ocr_par' dir='ltr' id='par_1_58' title="bbox 1867 2759 3515 2832">
     <span class='ocr_line' id='line_1_58' title="bbox 1867 2759 3515 2832; baseline -0.002 -12"><span class='ocrx_word' id='word_1_435' title='bbox 1867 2764 2151 2821; x_wconf 87' lang='lat' dir='ltr'>Dominus</span> <span class='ocrx_word' id='word_1_436' title='bbox 2185 2762 2466 2818; x_wconf 84' lang='lat' dir='ltr'>familiam</span> <span class='ocrx_word' id='word_1_437' title='bbox 2500 2778 2671 2816; x_wconf 90' lang='lat' dir='ltr'>suam</span> <span class='ocrx_word' id='word_1_438' title='bbox 2704 2759 2784 2815; x_wconf 80' lang='lat' dir='ltr'>ita</span> <span class='ocrx_word' id='word_1_439' title='bbox 2812 2759 3082 2832; x_wconf 89' lang='lat' dir='ltr'>permisit</span> <span class='ocrx_word' id='word_1_440' title='bbox 3111 2759 3373 2827; x_wconf 89' lang='lat' dir='ltr'>occidi,si</span> <span class='ocrx_word' id='word_1_441' title='bbox 3397 2759 3515 2818; x_wconf 88' lang='lat' dir='ltr'>ullo</span> 
     </span>
    </p>
   </div>
   <div class='ocr_carea' id='block_1_59' title="bbox 1866 2848 3515 2925">
    <p class='ocr_par' dir='ltr' id='par_1_59' title="bbox 1866 2848 3515 2925">
     <span class='ocr_line' id='line_1_59' title="bbox 1866 2848 3515 2925; baseline -0.002 -16"><span class='ocrx_word' id='word_1_442' title='bbox 1866 2854 2041 2910; x_wconf 90' lang='lat' dir='ltr'>modo</span> <span class='ocrx_word' id='word_1_443' title='bbox 2073 2851 2261 2925; x_wconf 90' lang='lat' dir='ltr'>potuit</span> <span class='ocrx_word' id='word_1_444' title='bbox 2281 2850 2596 2923; x_wconf 84' lang='lat' dir='ltr'>adjuvare?</span> <span class='ocrx_word' id='word_1_445' title='bbox 2618 2849 2758 2916; x_wconf 82' lang='lat' dir='ltr'>Quis</span> <span class='ocrx_word' id='word_1_446' title='bbox 2781 2848 2890 2905; x_wconf 89' lang='lat' dir='ltr'>erit</span> <span class='ocrx_word' id='word_1_447' title='bbox 2907 2864 3166 2921; x_wconf 88' lang='lat' dir='ltr'>unquam</span> <span class='ocrx_word' id='word_1_448' title='bbox 3190 2848 3360 2905; x_wconf 87' lang='lat' dir='ltr'>miles</span> <span class='ocrx_word' id='word_1_449' title='bbox 3374 2852 3515 2906; x_wconf 91' lang='lat' dir='ltr'>tuus</span> 
     </span>
    </p>
   </div>
   <div class='ocr_carea' id='block_1_60' title="bbox 1867 2935 3513 3015">
    <p class='ocr_par' dir='ltr' id='par_1_60' title="bbox 1867 2935 3513 3015">
     <span class='ocr_line' id='line_1_60' title="bbox 1867 2935 3513 3015; baseline -0.003 -17"><span class='ocrx_word' id='word_1_450' title='bbox 1867 2946 1968 2998; x_wconf 90' lang='lat' dir='ltr'>aut</span> <span class='ocrx_word' id='word_1_451' title='bbox 1998 2940 2379 3015; x_wconf 84' lang='lat' dir='ltr'>peregrinus?</span> <span class='ocrx_word' id='word_1_452' title='bbox 2410 2938 2454 2995; x_wconf 92' lang='grc' dir='ltr'>Ο</span> <span class='ocrx_word' id='word_1_453' title='bbox 2486 2939 2842 3004; x_wconf 86' lang='lat' dir='ltr'>Boamundo,</span> <span class='ocrx_word' id='word_1_454' title='bbox 2892 2938 3078 2992; x_wconf 90' lang='lat' dir='ltr'>bonor</span> <span class='ocrx_word' id='word_1_455' title='bbox 3122 2935 3371 2993; x_wconf 91' lang='lat' dir='ltr'>aliorum</span> <span class='ocrx_word' id='word_1_456' title='bbox 3405 2937 3513 2993; x_wconf 90' lang='lat' dir='ltr'>du-</span> 
     </span>
    </p>
   </div>
   <div class='ocr_carea' id='block_1_61' title="bbox 1867 3023 3510 3100">
    <p class='ocr_par' dir='ltr' id='par_1_61' title="bbox 1867 3023 3510 3100">
     <span class='ocr_line' id='line_1_61' title="bbox 1867 3023 3510 3100; baseline -0.004 -13"><span class='ocrx_word' id='word_1_457' title='bbox 1867 3048 2023 3097; x_wconf 89' lang='lat' dir='ltr'>eum,</span> <span class='ocrx_word' id='word_1_458' title='bbox 2057 3047 2269 3086; x_wconf 88' lang='lat' dir='ltr'>corona</span> <span class='ocrx_word' id='word_1_459' title='bbox 2317 3027 2668 3100; x_wconf 89' lang='lat' dir='ltr'>sapientum,</span> <span class='ocrx_word' id='word_1_460' title='bbox 2701 3026 2887 3100; x_wconf 82' lang='lat' dir='ltr'>gloria</span> <span class='ocrx_word' id='word_1_461' title='bbox 2928 3025 3205 3094; x_wconf 89' lang='lat' dir='ltr'>militum,</span> <span class='ocrx_word' id='word_1_462' title='bbox 3249 3023 3510 3082; x_wconf 88' lang='lat' dir='ltr'>solamen</span> 
     </span>
    </p>
   </div>
   <div class='ocr_carea' id='block_1_62' title="bbox 1868 3113 3511 3185">
    <p class='ocr_par' dir='ltr' id='par_1_62' title="bbox 1868 3113 3511 3185">
     <span class='ocr_line' id='line_1_62' title="bbox 1868 3113 3511 3185; baseline -0.004 -8"><span class='ocrx_word' id='word_1_463' title='bbox 1868 3119 2283 3185; x_wconf 88' lang='lat' dir='ltr'>desolatorum,</span> <span class='ocrx_word' id='word_1_464' title='bbox 2316 3118 2497 3174; x_wconf 89' lang='lat' dir='ltr'>robur</span> <span class='ocrx_word' id='word_1_465' title='bbox 2525 3114 2768 3181; x_wconf 62' lang='lat' dir='ltr'>militiae,</span> <span class='ocrx_word' id='word_1_466' title='bbox 2800 3119 2855 3171; x_wconf 91' lang='lat' dir='ltr'>et</span> <span class='ocrx_word' id='word_1_467' title='bbox 2884 3115 3064 3171; x_wconf 90' lang='lat' dir='ltr'>totius</span> <span class='ocrx_word' id='word_1_468' title='bbox 3094 3113 3301 3170; x_wconf 92' lang='lat' dir='ltr'>mundi</span> <span class='ocrx_word' id='word_1_469' title='bbox 3330 3114 3511 3171; x_wconf 91' lang='lat' dir='ltr'>decus</span> 
     </span>
    </p>
   </div>
   <div class='ocr_carea' id='block_1_63' title="bbox 99 3183 3512 3283">
    <p class='ocr_par' dir='ltr' id='par_1_63' title="bbox 99 3183 3512 3283">
     <span class='ocr_line' id='line_1_63' title="bbox 99 3183 3512 3283; baseline -0.002 -17"><span class='ocrx_word' id='word_1_470' title='bbox 99 3211 245 3267; x_wconf 78' lang='lat' dir='ltr'>stris</span> <span class='ocrx_word' id='word_1_471' title='bbox 276 3183 573 3266; x_wconf 70' lang='lat' dir='ltr'>militibus</span> <span class='ocrx_word' id='word_1_472' title='bbox 598 3210 979 3266; x_wconf 88' lang='lat' dir='ltr'>immoderate</span> <span class='ocrx_word' id='word_1_473' title='bbox 1011 3208 1319 3282; x_wconf 87' lang='lat' dir='ltr'>perterriti,</span> <span class='ocrx_word' id='word_1_474' title='bbox 1354 3183 1490 3282; x_wconf 81' lang='lat' dir='ltr'>fuga</span> <span class='ocrx_word' id='word_1_475' title='bbox 1538 3209 1597 3263; x_wconf 92' lang='lat' dir='ltr'>in</span> <span class='ocrx_word' id='word_1_476' title='bbox 1629 3208 1759 3280; x_wconf 84' lang='lat' dir='ltr'>ipsa</span> <span class='ocrx_word' id='word_1_477' title='bbox 1786 3183 1830 3251; x_wconf 65' lang='grc' dir='ltr'>α</span> <span class='ocrx_word' id='word_1_478' title='bbox 1870 3210 2120 3283; x_wconf 85' lang='lat' dir='ltr'>insigne,</span> <span class='ocrx_word' id='word_1_479' title='bbox 2155 3183 2399 3262; x_wconf 26' lang='lat' dir='ltr'>cur-tibi</span> <span class='ocrx_word' id='word_1_480' title='bbox 2432 3205 2547 3261; x_wconf 88' lang='lat' dir='ltr'>tale</span> <span class='ocrx_word' id='word_1_481' title='bbox 2576 3203 2963 3260; x_wconf 89' lang='lat' dir='ltr'>infortunium</span> <span class='ocrx_word' id='word_1_482' title='bbox 2993 3202 3339 3276; x_wconf 88' lang='lat' dir='ltr'>contigit,ut</span> <span class='ocrx_word' id='word_1_483' title='bbox 3365 3203 3512 3259; x_wconf 87' lang='lat' dir='ltr'>Tur-</span> 
     </span>
    </p>
   </div>
   <div class='ocr_carea' id='block_1_64' title="bbox 100 3296 1750 3371">
    <p class='ocr_par' dir='ltr' id='par_1_64' title="bbox 100 3296 1750 3371">
     <span class='ocr_line' id='line_1_64' title="bbox 100 3296 1750 3371; baseline -0.002 -15"><span class='ocrx_word' id='word_1_484' title='bbox 100 3305 275 3357; x_wconf 89' lang='lat' dir='ltr'>nocte</span> <span class='ocrx_word' id='word_1_485' title='bbox 306 3299 493 3371; x_wconf 89' lang='lat' dir='ltr'>elapsi</span> <span class='ocrx_word' id='word_1_486' title='bbox 524 3302 682 3365; x_wconf 89' lang='lat' dir='ltr'>sunt,</span> <span class='ocrx_word' id='word_1_487' title='bbox 718 3299 959 3355; x_wconf 87' lang='lat' dir='ltr'>funibus</span> <span class='ocrx_word' id='word_1_488' title='bbox 978 3299 1050 3354; x_wconf 90' lang='lat' dir='ltr'>ad</span> <span class='ocrx_word' id='word_1_489' title='bbox 1074 3296 1514 3371; x_wconf 86' lang='lat' dir='ltr'>propugnacula</span> <span class='ocrx_word' id='word_1_490' title='bbox 1532 3296 1750 3371; x_wconf 85' lang='lat' dir='ltr'>ligatis,</span> 
     </span>
    </p>
   </div>
   <div class='ocr_carea' id='block_1_65' title="bbox 98 3385 1754 3461">
    <p class='ocr_par' dir='ltr' id='par_1_65' title="bbox 98 3385 1754 3461">
     <span class='ocr_line' id='line_1_65' title="bbox 98 3385 1754 3461; baseline -0.002 -16"><span class='ocrx_word' id='word_1_491' title='bbox 98 3390 327 3461; x_wconf 88' lang='lat' dir='ltr'>quibus</span> <span class='ocrx_word' id='word_1_492' title='bbox 352 3404 564 3444; x_wconf 88' lang='lat' dir='ltr'>manus</span> <span class='ocrx_word' id='word_1_493' title='bbox 583 3405 725 3445; x_wconf 89' lang='lat' dir='ltr'>suas</span> <span class='ocrx_word' id='word_1_494' title='bbox 750 3388 990 3443; x_wconf 90' lang='lat' dir='ltr'>omnino</span> <span class='ocrx_word' id='word_1_495' title='bbox 1009 3386 1472 3457; x_wconf 88' lang='lat' dir='ltr'>deeoriaverunt,</span> <span class='ocrx_word' id='word_1_496' title='bbox 1501 3390 1558 3442; x_wconf 92' lang='lat' dir='ltr'>et</span> <span class='ocrx_word' id='word_1_497' title='bbox 1578 3385 1661 3443; x_wconf 90' lang='lat' dir='ltr'>sic</span> <span class='ocrx_word' id='word_1_498' title='bbox 1681 3387 1754 3441; x_wconf 91' lang='lat' dir='ltr'>ad</span> 
     </span>
    </p>
   </div>
   <div class='ocr_carea' id='block_1_66' title="bbox 100 3475 1755 3550">
    <p class='ocr_par' dir='ltr' id='par_1_66' title="bbox 100 3475 1755 3550">
     <span class='ocr_line' id='line_1_66' title="bbox 100 3475 1755 3550; baseline -0.002 -16"><span class='ocrx_word' id='word_1_499' title='bbox 100 3494 267 3535; x_wconf 83' lang='lat' dir='ltr'>mare</span> <span class='ocrx_word' id='word_1_500' title='bbox 297 3477 551 3550; x_wconf 88' lang='lat' dir='ltr'>pedibus</span> <span class='ocrx_word' id='word_1_501' title='bbox 581 3478 973 3533; x_wconf 89' lang='lat' dir='ltr'>tetenderunt.</span> <span class='ocrx_word' id='word_1_502' title='bbox 1008 3478 1132 3543; x_wconf 88' lang='lat' dir='ltr'>Quo</span> <span class='ocrx_word' id='word_1_503' title='bbox 1166 3475 1563 3548; x_wconf 89' lang='lat' dir='ltr'>pervenientes</span> <span class='ocrx_word' id='word_1_504' title='bbox 1596 3475 1755 3530; x_wconf 80' lang='lat' dir='ltr'>dixe-</span> 
     </span>
    </p>
   </div>
   <div class='ocr_carea' id='block_1_67' title="bbox 99 3563 1753 3637">
    <p class='ocr_par' dir='ltr' id='par_1_67' title="bbox 99 3563 1753 3637">
     <span class='ocr_line' id='line_1_67' title="bbox 99 3563 1753 3637; baseline -0.004 -14"><span class='ocrx_word' id='word_1_505' title='bbox 99 3572 242 3623; x_wconf 88' lang='lat' dir='ltr'>runt</span> <span class='ocrx_word' id='word_1_506' title='bbox 273 3564 499 3630; x_wconf 90' lang='lat' dir='ltr'>nautis,</span> <span class='ocrx_word' id='word_1_507' title='bbox 526 3571 591 3621; x_wconf 92' lang='lat' dir='ltr'>ut</span> <span class='ocrx_word' id='word_1_508' title='bbox 610 3566 897 3637; x_wconf 78' lang='lat' dir='ltr'>fugerent,</span> <span class='ocrx_word' id='word_1_509' title='bbox 921 3565 1199 3637; x_wconf 90' lang='lat' dir='ltr'>quoniam</span> <span class='ocrx_word' id='word_1_510' title='bbox 1212 3581 1417 3621; x_wconf 91' lang='lat' dir='ltr'>omnes</span> <span class='ocrx_word' id='word_1_511' title='bbox 1440 3563 1753 3620; x_wconf 82' lang='lat' dir='ltr'>Christiani</span> 
     </span>
    </p>
   </div>
   <div class='ocr_carea' id='block_1_68' title="bbox 98 3651 1753 3712">
    <p class='ocr_par' dir='ltr' id='par_1_68' title="bbox 98 3651 1753 3712">
     <span class='ocr_line' id='line_1_68' title="bbox 98 3651 1753 3712; baseline -0.003 0"><span class='ocrx_word' id='word_1_512' title='bbox 98 3661 203 3712; x_wconf 88' lang='lat' dir='ltr'>aut</span> <span class='ocrx_word' id='word_1_513' title='bbox 236 3655 459 3711; x_wconf 88' lang='lat' dir='ltr'>mortui</span> <span class='ocrx_word' id='word_1_514' title='bbox 493 3659 593 3710; x_wconf 90' lang='lat' dir='ltr'>aut</span> <span class='ocrx_word' id='word_1_515' title='bbox 620 3654 796 3710; x_wconf 90' lang='lat' dir='ltr'>vincti</span> <span class='ocrx_word' id='word_1_516' title='bbox 823 3660 1039 3711; x_wconf 89' lang='lat' dir='ltr'>essent.</span> <span class='ocrx_word' id='word_1_517' title='bbox 1072 3653 1158 3710; x_wconf 92' lang='lat' dir='ltr'>Illi</span> <span class='ocrx_word' id='word_1_518' title='bbox 1190 3657 1385 3710; x_wconf 90' lang='lat' dir='ltr'>autem</span> <span class='ocrx_word' id='word_1_519' title='bbox 1410 3653 1673 3709; x_wconf 90' lang='lat' dir='ltr'>dolentes</span> <span class='ocrx_word' id='word_1_520' title='bbox 1693 3651 1753 3707; x_wconf 91' lang='lat' dir='ltr'>in</span> 
     </span>
    </p>
   </div>
   <div class='ocr_carea' id='block_1_69' title="bbox 100 3742 1754 3814">
    <p class='ocr_par' dir='ltr' id='par_1_69' title="bbox 100 3742 1754 3814">
     <span class='ocr_line' id='line_1_69' title="bbox 100 3742 1754 3814; baseline -0.003 -13"><span class='ocrx_word' id='word_1_521' title='bbox 100 3762 267 3801; x_wconf 87' lang='lat' dir='ltr'>mare</span> <span class='ocrx_word' id='word_1_522' title='bbox 289 3761 358 3801; x_wconf 91' lang='lat' dir='ltr'>se</span> <span class='ocrx_word' id='word_1_523' title='bbox 386 3744 697 3809; x_wconf 89' lang='lat' dir='ltr'>miserunt,</span> <span class='ocrx_word' id='word_1_524' title='bbox 729 3748 785 3799; x_wconf 92' lang='lat' dir='ltr'>et</span> <span class='ocrx_word' id='word_1_525' title='bbox 812 3743 1136 3799; x_wconf 88' lang='lat' dir='ltr'>Turearum</span> <span class='ocrx_word' id='word_1_526' title='bbox 1164 3759 1226 3799; x_wconf 91' lang='lat' dir='ltr'>se</span> <span class='ocrx_word' id='word_1_527' title='bbox 1257 3742 1579 3814; x_wconf 90' lang='lat' dir='ltr'>potentatui</span> <span class='ocrx_word' id='word_1_528' title='bbox 1614 3742 1754 3798; x_wconf 90' lang='lat' dir='ltr'>sub-</span> 
     </span>
    </p>
   </div>
   <div class='ocr_carea' id='block_1_70' title="bbox 95 3830 1757 3906">
    <p class='ocr_par' dir='ltr' id='par_1_70' title="bbox 95 3830 1757 3906">
     <span class='ocr_line' id='line_1_70' title="bbox 95 3830 1757 3906; baseline -0.003 -16"><span class='ocrx_word' id='word_1_529' title='bbox 95 3838 430 3890; x_wconf 73' lang='lat' dir='ltr'>traxerunt.</span> <span class='ocrx_word' id='word_1_530' title='bbox 465 3833 795 3906; x_wconf 83' lang='lat' dir='ltr'>Stephanus</span> <span class='ocrx_word' id='word_1_531' title='bbox 824 3832 1200 3888; x_wconf 82' lang='lat' dir='ltr'>Carnotensis</span> <span class='ocrx_word' id='word_1_532' title='bbox 1233 3847 1450 3901; x_wconf 89' lang='lat' dir='ltr'>comes,</span> <span class='ocrx_word' id='word_1_533' title='bbox 1473 3830 1572 3903; x_wconf 90' lang='lat' dir='ltr'>qui</span> <span class='ocrx_word' id='word_1_534' title='bbox 1605 3830 1757 3886; x_wconf 89' lang='lat' dir='ltr'>inter</span> 
     </span>
    </p>
   </div>
   <div class='ocr_carea' id='block_1_71' title="bbox 96 3919 1755 3996">
    <p class='ocr_par' dir='ltr' id='par_1_71' title="bbox 96 3919 1755 3996">
     <span class='ocr_line' id='line_1_71' title="bbox 96 3919 1755 3996; baseline -0.004 -16"><span class='ocrx_word' id='word_1_535' title='bbox 96 3924 247 3980; x_wconf 82' lang='lat' dir='ltr'>alios</span> <span class='ocrx_word' id='word_1_536' title='bbox 265 3921 563 3996; x_wconf 85' lang='lat' dir='ltr'>principes</span> <span class='ocrx_word' id='word_1_537' title='bbox 582 3921 887 3978; x_wconf 78' lang='lat' dir='ltr'>videbatur</span> <span class='ocrx_word' id='word_1_538' title='bbox 906 3938 1176 3994; x_wconf 90' lang='lat' dir='ltr'>magnus,</span> <span class='ocrx_word' id='word_1_539' title='bbox 1196 3920 1440 3976; x_wconf 90' lang='lat' dir='ltr'>consilio</span> <span class='ocrx_word' id='word_1_540' title='bbox 1457 3919 1755 3992; x_wconf 84' lang='lat' dir='ltr'>providus,</span> 
     </span>
    </p>
   </div>
   <div class='ocr_carea' id='block_1_72' title="bbox 98 4009 1758 4083">
    <p class='ocr_par' dir='ltr' id='par_1_72' title="bbox 98 4009 1758 4083">
     <span class='ocr_line' id='line_1_72' title="bbox 98 4009 1758 4083; baseline -0.004 -14"><span class='ocrx_word' id='word_1_541' title='bbox 98 4029 341 4069; x_wconf 88' lang='lat' dir='ltr'>morum</span> <span class='ocrx_word' id='word_1_542' title='bbox 390 4011 694 4067; x_wconf 88' lang='lat' dir='ltr'>honestate</span> <span class='ocrx_word' id='word_1_543' title='bbox 737 4009 1070 4083; x_wconf 69' lang='lat' dir='ltr'>praeclarus,</span> <span class='ocrx_word' id='word_1_544' title='bbox 1104 4013 1417 4082; x_wconf 76' lang='lat' dir='ltr'>antequam</span> <span class='ocrx_word' id='word_1_545' title='bbox 1448 4012 1758 4083; x_wconf 87' lang='lat' dir='ltr'>caperetur</span> 
     </span>
    </p>
   </div>
   <div class='ocr_carea' id='block_1_73' title="bbox 95 4098 1752 4174">
    <p class='ocr_par' dir='ltr' id='par_1_73' title="bbox 95 4098 1752 4174">
     <span class='ocr_line' id='line_1_73' title="bbox 95 4098 1752 4174; baseline -0.002 -16"><span class='ocrx_word' id='word_1_546' title='bbox 95 4100 438 4169; x_wconf 80' lang='lat' dir='ltr'>Antiochia,</span> <span class='ocrx_word' id='word_1_547' title='bbox 486 4100 645 4174; x_wconf 83' lang='lat' dir='ltr'>gravi</span> <span class='ocrx_word' id='word_1_548' title='bbox 693 4099 1037 4155; x_wconf 79' lang='lat' dir='ltr'>infirmitate</span> <span class='ocrx_word' id='word_1_549' title='bbox 1083 4098 1353 4154; x_wconf 89' lang='lat' dir='ltr'>detentus</span> <span class='ocrx_word' id='word_1_550' title='bbox 1401 4104 1527 4165; x_wconf 86' lang='lat' dir='ltr'>est;</span> <span class='ocrx_word' id='word_1_551' title='bbox 1577 4102 1634 4154; x_wconf 92' lang='lat' dir='ltr'>et</span> <span class='ocrx_word' id='word_1_552' title='bbox 1680 4099 1752 4154; x_wconf 91' lang='lat' dir='ltr'>ad</span> 
     </span>
    </p>
   </div>
   <div class='ocr_carea' id='block_1_74' title="bbox 97 4186 1755 4264">
    <p class='ocr_par' dir='ltr' id='par_1_74' title="bbox 97 4186 1755 4264">
     <span class='ocr_line' id='line_1_74' title="bbox 97 4186 1755 4264; baseline -0.003 -17"><span class='ocrx_word' id='word_1_553' title='bbox 97 4191 405 4264; x_wconf 86' lang='lat' dir='ltr'>quoddam</span> <span class='ocrx_word' id='word_1_554' title='bbox 454 4196 734 4255; x_wconf 88' lang='lat' dir='ltr'>castrum,</span> <span class='ocrx_word' id='word_1_555' title='bbox 767 4188 922 4260; x_wconf 91' lang='lat' dir='ltr'>quod</span> <span class='ocrx_word' id='word_1_556' title='bbox 971 4203 1147 4243; x_wconf 91' lang='lat' dir='ltr'>suum</span> <span class='ocrx_word' id='word_1_557' title='bbox 1193 4191 1334 4255; x_wconf 89' lang='lat' dir='ltr'>erat,</span> <span class='ocrx_word' id='word_1_558' title='bbox 1368 4186 1629 4253; x_wconf 86' lang='lat' dir='ltr'>secessit,</span> <span class='ocrx_word' id='word_1_559' title='bbox 1661 4186 1755 4242; x_wconf 92' lang='lat' dir='ltr'>cui</span> 
     </span>
    </p>
   </div>
   <div class='ocr_carea' id='block_1_75' title="bbox 98 4275 1757 4348">
    <p class='ocr_par' dir='ltr' id='par_1_75' title="bbox 98 4275 1757 4348">
     <span class='ocr_line' id='line_1_75' title="bbox 98 4275 1757 4348; baseline -0.003 -13"><span class='ocrx_word' id='word_1_560' title='bbox 98 4296 322 4336; x_wconf 88' lang='lat' dir='ltr'>nomen</span> <span class='ocrx_word' id='word_1_561' title='bbox 354 4276 740 4334; x_wconf 82' lang='lat' dir='ltr'>Alexandreta</span> <span class='ocrx_word' id='word_1_562' title='bbox 787 4276 915 4333; x_wconf 90' lang='lat' dir='ltr'>fuit.</span> <span class='ocrx_word' id='word_1_563' title='bbox 946 4276 1049 4331; x_wconf 89' lang='lat' dir='ltr'>Hic</span> <span class='ocrx_word' id='word_1_564' title='bbox 1080 4292 1114 4332; x_wconf 89' lang='lat' dir='ltr'>a</span> <span class='ocrx_word' id='word_1_565' title='bbox 1143 4276 1506 4348; x_wconf 84' lang='lat' dir='ltr'>fugientibus</span> <span class='ocrx_word' id='word_1_566' title='bbox 1535 4275 1757 4331; x_wconf 90' lang='lat' dir='ltr'>audivit</span> 
     </span>
    </p>
   </div>
   <div class='ocr_carea' id='block_1_76' title="bbox 98 4363 1758 4436">
    <p class='ocr_par' dir='ltr' id='par_1_76' title="bbox 98 4363 1758 4436">
     <span class='ocr_line' id='line_1_76' title="bbox 98 4363 1758 4436; baseline -0.002 -12"><span class='ocrx_word' id='word_1_567' title='bbox 98 4368 255 4425; x_wconf 82' lang='lat' dir='ltr'>hanc</span> <span class='ocrx_word' id='word_1_568' title='bbox 288 4368 365 4423; x_wconf 90' lang='lat' dir='ltr'>de</span> <span class='ocrx_word' id='word_1_569' title='bbox 396 4366 613 4423; x_wconf 89' lang='lat' dir='ltr'>nostris</span> <span class='ocrx_word' id='word_1_570' title='bbox 634 4365 997 4432; x_wconf 89' lang='lat' dir='ltr'>relationem,</span> <span class='ocrx_word' id='word_1_571' title='bbox 1032 4369 1312 4420; x_wconf 91' lang='lat' dir='ltr'>montana</span> <span class='ocrx_word' id='word_1_572' title='bbox 1342 4363 1468 4419; x_wconf 90' lang='lat' dir='ltr'>urbi</span> <span class='ocrx_word' id='word_1_573' title='bbox 1498 4363 1758 4436; x_wconf 70' lang='lat' dir='ltr'>praeemi-</span> 
     </span>
    </p>
   </div>
   <div class='ocr_carea' id='block_1_77' title="bbox 101 4453 1755 4526">
    <p class='ocr_par' dir='ltr' id='par_1_77' title="bbox 101 4453 1755 4526">
     <span class='ocr_line' id='line_1_77' title="bbox 101 4453 1755 4526; baseline -0.003 -11"><span class='ocrx_word' id='word_1_574' title='bbox 101 4458 309 4515; x_wconf 88' lang='lat' dir='ltr'>nentia</span> <span class='ocrx_word' id='word_1_575' title='bbox 350 4455 708 4520; x_wconf 86' lang='lat' dir='ltr'>aseendit,ut</span> <span class='ocrx_word' id='word_1_576' title='bbox 739 4455 956 4510; x_wconf 87' lang='lat' dir='ltr'>videret</span> <span class='ocrx_word' id='word_1_577' title='bbox 984 4453 1267 4526; x_wconf 85' lang='lat' dir='ltr'>quidnam</span> <span class='ocrx_word' id='word_1_578' title='bbox 1298 4458 1755 4521; x_wconf 88' lang='lat' dir='ltr'>esset,utrumne</span> 
     </span>
    </p>
   </div>
   <div class='ocr_carea' id='block_1_78' title="bbox 1865 3291 3513 3365">
    <p class='ocr_par' dir='ltr' id='par_1_78' title="bbox 1865 3291 3513 3365">
     <span class='ocr_line' id='line_1_78' title="bbox 1865 3291 3513 3365; baseline -0.005 -10"><span class='ocrx_word' id='word_1_579' title='bbox 1865 3315 2066 3355; x_wconf 89' lang='lat' dir='ltr'>eorum</span> <span class='ocrx_word' id='word_1_580' title='bbox 2087 3296 2343 3352; x_wconf 90' lang='lat' dir='ltr'>ludibrio</span> <span class='ocrx_word' id='word_1_581' title='bbox 2361 3295 2694 3365; x_wconf 87' lang='lat' dir='ltr'>subjaeeres</span> <span class='ocrx_word' id='word_1_582' title='bbox 2710 3293 2737 3348; x_wconf 73' lang='lat' dir='ltr'>‘P</span> <span class='ocrx_word' id='word_1_583' title='bbox 2759 3292 2902 3360; x_wconf 86' lang='lat' dir='ltr'>Heu,</span> <span class='ocrx_word' id='word_1_584' title='bbox 2918 3292 3031 3348; x_wconf 93' lang='lat' dir='ltr'>heu</span> <span class='ocrx_word' id='word_1_585' title='bbox 3050 3291 3061 3346; x_wconf 86' lang='lat' dir='ltr'>l</span> <span class='ocrx_word' id='word_1_586' title='bbox 3084 3308 3190 3348; x_wconf 88' lang='lat' dir='ltr'>cur</span> <span class='ocrx_word' id='word_1_587' title='bbox 3210 3291 3358 3348; x_wconf 91' lang='lat' dir='ltr'>mihi</span> <span class='ocrx_word' id='word_1_588' title='bbox 3380 3308 3513 3347; x_wconf 89' lang='lat' dir='ltr'>con-</span> 
     </span>
    </p>
   </div>
   <div class='ocr_carea' id='block_1_79' title="bbox 1863 3379 3515 3455">
    <p class='ocr_par' dir='ltr' id='par_1_79' title="bbox 1863 3379 3515 3455">
     <span class='ocr_line' id='line_1_79' title="bbox 1863 3379 3515 3455; baseline -0.004 -11"><span class='ocrx_word' id='word_1_589' title='bbox 1863 3403 2096 3444; x_wconf 90' lang='lat' dir='ltr'>cessum</span> <span class='ocrx_word' id='word_1_590' title='bbox 2134 3388 2223 3442; x_wconf 92' lang='lat' dir='ltr'>est</span> <span class='ocrx_word' id='word_1_591' title='bbox 2263 3384 2453 3440; x_wconf 89' lang='lat' dir='ltr'>vivere</span> <span class='ocrx_word' id='word_1_592' title='bbox 2500 3387 2632 3455; x_wconf 91' lang='lat' dir='ltr'>post</span> <span class='ocrx_word' id='word_1_593' title='bbox 2661 3383 2759 3438; x_wconf 87' lang='lat' dir='ltr'>te?</span> <span class='ocrx_word' id='word_1_594' title='bbox 2788 3398 2914 3454; x_wconf 64' lang='lat' dir='ltr'>quae</span> <span class='ocrx_word' id='word_1_595' title='bbox 2968 3379 3111 3437; x_wconf 91' lang='lat' dir='ltr'>mihi</span> <span class='ocrx_word' id='word_1_596' title='bbox 3141 3380 3385 3453; x_wconf 90' lang='lat' dir='ltr'>posthac</span> <span class='ocrx_word' id='word_1_597' title='bbox 3413 3379 3515 3437; x_wconf 84' lang='lat' dir='ltr'>lux</span> 
     </span>
    </p>
   </div>
   <div class='ocr_carea' id='block_1_80' title="bbox 1863 3468 3510 3551">
    <p class='ocr_par' dir='ltr' id='par_1_80' title="bbox 1863 3468 3510 3551">
     <span class='ocr_line' id='line_1_80' title="bbox 1863 3468 3510 3551; baseline -0.003 -20"><span class='ocrx_word' id='word_1_598' title='bbox 1863 3480 2049 3550; x_wconf 88' lang='lat' dir='ltr'>grata,</span> <span class='ocrx_word' id='word_1_599' title='bbox 2083 3491 2210 3547; x_wconf 66' lang='lat' dir='ltr'>qua:</span> <span class='ocrx_word' id='word_1_600' title='bbox 2242 3471 2465 3545; x_wconf 90' lang='lat' dir='ltr'>species</span> <span class='ocrx_word' id='word_1_601' title='bbox 2492 3487 2875 3543; x_wconf 74' lang='lat' dir='ltr'>amcana,quae</span> <span class='ocrx_word' id='word_1_602' title='bbox 2904 3469 3091 3543; x_wconf 85' lang='lat' dir='ltr'>gloria</span> <span class='ocrx_word' id='word_1_603' title='bbox 3128 3468 3510 3551; x_wconf 85' lang='lat' dir='ltr'>delectabilis,</span> 
     </span>
    </p>
   </div>
   <div class='ocr_carea' id='block_1_81' title="bbox 1865 3557 3514 3638">
    <p class='ocr_par' dir='ltr' id='par_1_81' title="bbox 1865 3557 3514 3638">
     <span class='ocr_line' id='line_1_81' title="bbox 1865 3557 3514 3638; baseline -0.004 -18"><span class='ocrx_word' id='word_1_604' title='bbox 1865 3583 1992 3638; x_wconf 76' lang='lat' dir='ltr'>quae</span> <span class='ocrx_word' id='word_1_605' title='bbox 2017 3564 2135 3619; x_wconf 88' lang='lat' dir='ltr'>vita</span> <span class='ocrx_word' id='word_1_606' title='bbox 2154 3561 2441 3633; x_wconf 88' lang='lat' dir='ltr'>jucunda,</span> <span class='ocrx_word' id='word_1_607' title='bbox 2474 3564 2530 3616; x_wconf 90' lang='lat' dir='ltr'>te</span> <span class='ocrx_word' id='word_1_608' title='bbox 2562 3559 2807 3615; x_wconf 89' lang='lat' dir='ltr'>minime</span> <span class='ocrx_word' id='word_1_609' title='bbox 2829 3558 3187 3631; x_wconf 84' lang='lat' dir='ltr'>superstite?</span> <span class='ocrx_word' id='word_1_610' title='bbox 3215 3557 3259 3614; x_wconf 93' lang='grc' dir='ltr'><strong>Ο</strong></span> <span class='ocrx_word' id='word_1_611' title='bbox 3280 3557 3514 3625; x_wconf 91' lang='lat' dir='ltr'>Deus,si</span> 
     </span>
    </p>
   </div>
   <div class='ocr_carea' id='block_1_82' title="bbox 1862 3646 3515 3724">
    <p class='ocr_par' dir='ltr' id='par_1_82' title="bbox 1862 3646 3515 3724">
     <span class='ocr_line' id='line_1_82' title="bbox 1862 3646 3515 3724; baseline -0.004 -15"><span class='ocrx_word' id='word_1_612' title='bbox 1862 3670 2065 3710; x_wconf 84' lang='lat' dir='ltr'>verum</span> <span class='ocrx_word' id='word_1_613' title='bbox 2083 3656 2170 3708; x_wconf 83' lang='lat' dir='ltr'>est</span> <span class='ocrx_word' id='word_1_614' title='bbox 2186 3650 2340 3724; x_wconf 88' lang='lat' dir='ltr'>quod</span> <span class='ocrx_word' id='word_1_615' title='bbox 2360 3649 2467 3705; x_wconf 86' lang='lat' dir='ltr'>iste</span> <span class='ocrx_word' id='word_1_616' title='bbox 2491 3647 2928 3721; x_wconf 89' lang='lat' dir='ltr'>nugaeissimus</span> <span class='ocrx_word' id='word_1_617' title='bbox 2943 3651 3000 3704; x_wconf 90' lang='lat' dir='ltr'>et</span> <span class='ocrx_word' id='word_1_618' title='bbox 3016 3646 3297 3720; x_wconf 85' lang='lat' dir='ltr'>fugitivus</span> <span class='ocrx_word' id='word_1_619' title='bbox 3319 3664 3515 3704; x_wconf 89' lang='lat' dir='ltr'>comes</span> 
     </span>
    </p>
   </div>
   <div class='ocr_carea' id='block_1_83' title="bbox 1864 3735 3514 3813">
    <p class='ocr_par' dir='ltr' id='par_1_83' title="bbox 1864 3735 3514 3813">
     <span class='ocr_line' id='line_1_83' title="bbox 1864 3735 3514 3813; baseline -0.004 -15"><span class='ocrx_word' id='word_1_620' title='bbox 1864 3741 2079 3806; x_wconf 89' lang='lat' dir='ltr'>attulit,</span> <span class='ocrx_word' id='word_1_621' title='bbox 2114 3740 2253 3813; x_wconf 89' lang='lat' dir='ltr'>quid</span> <span class='ocrx_word' id='word_1_622' title='bbox 2305 3737 2562 3810; x_wconf 87' lang='lat' dir='ltr'>amplius</span> <span class='ocrx_word' id='word_1_623' title='bbox 2601 3736 2709 3792; x_wconf 89' lang='lat' dir='ltr'>erit</span> <span class='ocrx_word' id='word_1_624' title='bbox 2742 3736 2811 3791; x_wconf 90' lang='lat' dir='ltr'>de</span> <span class='ocrx_word' id='word_1_625' title='bbox 2840 3735 2932 3792; x_wconf 89' lang='lat' dir='ltr'>via</span> <span class='ocrx_word' id='word_1_626' title='bbox 2964 3735 3217 3809; x_wconf 90' lang='lat' dir='ltr'>sepulcri</span> <span class='ocrx_word' id='word_1_627' title='bbox 3245 3735 3354 3801; x_wconf 88' lang='lat' dir='ltr'>tui,</span> <span class='ocrx_word' id='word_1_628' title='bbox 3384 3752 3514 3808; x_wconf 75' lang='lat' dir='ltr'>quas</span> 
     </span>
    </p>
   </div>
   <div class='ocr_carea' id='block_1_84' title="bbox 1864 3824 3518 3897">
    <p class='ocr_par' dir='ltr' id='par_1_84' title="bbox 1864 3824 3518 3897">
     <span class='ocr_line' id='line_1_84' title="bbox 1864 3824 3518 3897; baseline -0.004 -10"><span class='ocrx_word' id='word_1_629' title='bbox 1864 3848 2044 3887; x_wconf 88' lang='lat' dir='ltr'>causa</span> <span class='ocrx_word' id='word_1_630' title='bbox 2074 3829 2156 3884; x_wconf 90' lang='lat' dir='ltr'>lta</span> <span class='ocrx_word' id='word_1_631' title='bbox 2185 3826 2361 3884; x_wconf 82' lang='lat' dir='ltr'>occisi</span> <span class='ocrx_word' id='word_1_632' title='bbox 2392 3830 2533 3882; x_wconf 88' lang='lat' dir='ltr'>sunt</span> <span class='ocrx_word' id='word_1_633' title='bbox 2559 3825 2729 3897; x_wconf 90' lang='lat' dir='ltr'>quasi</span> <span class='ocrx_word' id='word_1_634' title='bbox 2760 3825 3065 3880; x_wconf 90' lang='lat' dir='ltr'>dominum</span> <span class='ocrx_word' id='word_1_635' title='bbox 3097 3842 3209 3881; x_wconf 90' lang='lat' dir='ltr'>non</span> <span class='ocrx_word' id='word_1_636' title='bbox 3232 3824 3518 3880; x_wconf 89' lang='lat' dir='ltr'>haberent</span> 
     </span>
    </p>
   </div>
   <div class='ocr_carea' id='block_1_85' title="bbox 1863 3912 3513 3985">
    <p class='ocr_par' dir='ltr' id='par_1_85' title="bbox 1863 3912 3513 3985">
     <span class='ocr_line' id='line_1_85' title="bbox 1863 3912 3513 3985; baseline -0.004 -9"><span class='ocrx_word' id='word_1_637' title='bbox 1863 3920 2011 3977; x_wconf 87' lang='lat' dir='ltr'>servi</span> <span class='ocrx_word' id='word_1_638' title='bbox 2044 3918 2168 3974; x_wconf 82' lang='lat' dir='ltr'>tui?</span> <span class='ocrx_word' id='word_1_639' title='bbox 2197 3917 2241 3973; x_wconf 90' lang='grc' dir='ltr'><strong>Ο</strong></span> <span class='ocrx_word' id='word_1_640' title='bbox 2273 3916 2627 3982; x_wconf 88' lang='lat' dir='ltr'>Boamunde,</span> <span class='ocrx_word' id='word_1_641' title='bbox 2661 3914 2759 3970; x_wconf 89' lang='lat' dir='ltr'>ubi</span> <span class='ocrx_word' id='word_1_642' title='bbox 2792 3918 2882 3970; x_wconf 90' lang='lat' dir='ltr'>est</span> <span class='ocrx_word' id='word_1_643' title='bbox 2910 3912 3009 3969; x_wconf 92' lang='lat' dir='ltr'>illa</span> <span class='ocrx_word' id='word_1_644' title='bbox 3030 3914 3175 3969; x_wconf 87' lang='lat' dir='ltr'>fides</span> <span class='ocrx_word' id='word_1_645' title='bbox 3204 3918 3513 3985; x_wconf 87' lang='lat' dir='ltr'>tua,quam</span> 
     </span>
    </p>
   </div>
   <div class='ocr_carea' id='block_1_86' title="bbox 1864 4000 3514 4081">
    <p class='ocr_par' dir='ltr' id='par_1_86' title="bbox 1864 4000 3514 4081">
     <span class='ocr_line' id='line_1_86' title="bbox 1864 4000 3514 4081; baseline -0.005 -16"><span class='ocrx_word' id='word_1_646' title='bbox 1864 4025 2097 4081; x_wconf 89' lang='lat' dir='ltr'>semper</span> <span class='ocrx_word' id='word_1_647' title='bbox 2124 4005 2383 4062; x_wconf 82' lang='lat' dir='ltr'>habuisti</span> <span class='ocrx_word' id='word_1_648' title='bbox 2416 4005 2475 4059; x_wconf 91' lang='lat' dir='ltr'>in</span> <span class='ocrx_word' id='word_1_649' title='bbox 2525 4002 2821 4060; x_wconf 89' lang='lat' dir='ltr'>Salvatore</span> <span class='ocrx_word' id='word_1_650' title='bbox 2868 4007 2971 4058; x_wconf 88' lang='lat' dir='ltr'>tuo</span> <span class='ocrx_word' id='word_1_651' title='bbox 3019 4000 3267 4058; x_wconf 90' lang='lat' dir='ltr'>Domino</span> <span class='ocrx_word' id='word_1_652' title='bbox 3310 4006 3514 4058; x_wconf 90' lang='lat' dir='ltr'>nostro</span> 
     </span>
    </p>
   </div>
   <div class='ocr_carea' id='block_1_87' title="bbox 1862 4089 3515 4172">
    <p class='ocr_par' dir='ltr' id='par_1_87' title="bbox 1862 4089 3515 4172">
     <span class='ocr_line' id='line_1_87' title="bbox 1862 4089 3515 4172; baseline -0.006 -17"><span class='ocrx_word' id='word_1_653' title='bbox 1862 4100 2003 4155; x_wconf 88' lang='lat' dir='ltr'>Jesu</span> <span class='ocrx_word' id='word_1_654' title='bbox 2026 4095 2272 4153; x_wconf 90' lang='lat' dir='ltr'>Christo.</span> <span class='ocrx_word' id='word_1_655' title='bbox 2304 4094 2347 4150; x_wconf 93' lang='grc' dir='ltr'>Ο</span> <span class='ocrx_word' id='word_1_656' title='bbox 2370 4095 2685 4166; x_wconf 91' lang='lat' dir='ltr'>imperator</span> <span class='ocrx_word' id='word_1_657' title='bbox 2707 4095 2765 4148; x_wconf 90' lang='lat' dir='ltr'>et</span> <span class='ocrx_word' id='word_1_658' title='bbox 2786 4090 2999 4172; x_wconf 74' lang='lat' dir='ltr'>egregii</span> <span class='ocrx_word' id='word_1_659' title='bbox 3029 4089 3373 4163; x_wconf 88' lang='lat' dir='ltr'>milites.qui</span> <span class='ocrx_word' id='word_1_660' title='bbox 3395 4106 3515 4146; x_wconf 85' lang='lat' dir='ltr'>me-</span> 
     </span>
    </p>
   </div>
   <div class='ocr_carea' id='block_1_88' title="bbox 1865 4179 3515 4254">
    <p class='ocr_par' dir='ltr' id='par_1_88' title="bbox 1865 4179 3515 4254">
     <span class='ocr_line' id='line_1_88' title="bbox 1865 4179 3515 4254; baseline -0.006 -10"><span class='ocrx_word' id='word_1_661' title='bbox 1865 4204 2001 4244; x_wconf 90' lang='lat' dir='ltr'>eum</span> <span class='ocrx_word' id='word_1_662' title='bbox 2026 4188 2194 4240; x_wconf 88' lang='lat' dir='ltr'>tanta</span> <span class='ocrx_word' id='word_1_663' title='bbox 2214 4186 2626 4254; x_wconf 89' lang='lat' dir='ltr'>tantorumpue</span> <span class='ocrx_word' id='word_1_664' title='bbox 2645 4180 2850 4236; x_wconf 88' lang='lat' dir='ltr'>funera</span> <span class='ocrx_word' id='word_1_665' title='bbox 2868 4179 3245 4253; x_wconf 87' lang='lat' dir='ltr'>lugetis,quis</span> <span class='ocrx_word' id='word_1_666' title='bbox 3259 4179 3515 4253; x_wconf 90' lang='lat' dir='ltr'>perfecte</span> 
     </span>
    </p>
   </div>
   <div class='ocr_carea' id='block_1_89' title="bbox 1865 4267 3512 4345">
    <p class='ocr_par' dir='ltr' id='par_1_89' title="bbox 1865 4267 3512 4345">
     <span class='ocr_line' id='line_1_89' title="bbox 1865 4267 3512 4345; baseline -0.005 -13"><span class='ocrx_word' id='word_1_667' title='bbox 1865 4276 2097 4332; x_wconf 90' lang='lat' dir='ltr'>credere</span> <span class='ocrx_word' id='word_1_668' title='bbox 2128 4276 2339 4345; x_wconf 88' lang='lat' dir='ltr'>potest,</span> <span class='ocrx_word' id='word_1_669' title='bbox 2360 4270 2517 4343; x_wconf 90' lang='lat' dir='ltr'>quod</span> <span class='ocrx_word' id='word_1_670' title='bbox 2550 4274 2715 4325; x_wconf 88' lang='lat' dir='ltr'>tanta</span> <span class='ocrx_word' id='word_1_671' title='bbox 2745 4267 2958 4324; x_wconf 89' lang='lat' dir='ltr'>militia</span> <span class='ocrx_word' id='word_1_672' title='bbox 2987 4268 3072 4325; x_wconf 90' lang='lat' dir='ltr'>sic</span> <span class='ocrx_word' id='word_1_673' title='bbox 3104 4268 3380 4341; x_wconf 79' lang='lat' dir='ltr'>perierit?</span> <span class='ocrx_word' id='word_1_674' title='bbox 3405 4267 3512 4324; x_wconf 92' lang='lat' dir='ltr'>Pro</span> 
     </span>
    </p>
   </div>
   <div class='ocr_carea' id='block_1_90' title="bbox 1865 4354 3512 4431">
    <p class='ocr_par' dir='ltr' id='par_1_90' title="bbox 1865 4354 3512 4431">
     <span class='ocr_line' id='line_1_90' title="bbox 1865 4354 3512 4431; baseline -0.005 -10"><span class='ocrx_word' id='word_1_675' title='bbox 1865 4368 2020 4422; x_wconf 86' lang='lat' dir='ltr'>certo</span> <span class='ocrx_word' id='word_1_676' title='bbox 2053 4362 2102 4419; x_wconf 90' lang='lat' dir='ltr'>si</span> <span class='ocrx_word' id='word_1_677' title='bbox 2134 4362 2191 4417; x_wconf 91' lang='lat' dir='ltr'>in</span> <span class='ocrx_word' id='word_1_678' title='bbox 2244 4360 2437 4416; x_wconf 89' lang='lat' dir='ltr'>medio</span> <span class='ocrx_word' id='word_1_679' title='bbox 2468 4375 2675 4431; x_wconf 90' lang='lat' dir='ltr'>campo</span> <span class='ocrx_word' id='word_1_680' title='bbox 2706 4358 2779 4413; x_wconf 86' lang='lat' dir='ltr'>ab</span> <span class='ocrx_word' id='word_1_681' title='bbox 2810 4355 2970 4412; x_wconf 90' lang='lat' dir='ltr'>omni</span> <span class='ocrx_word' id='word_1_682' title='bbox 3000 4355 3266 4413; x_wconf 89' lang='lat' dir='ltr'>orientali</span> <span class='ocrx_word' id='word_1_683' title='bbox 3299 4354 3512 4429; x_wconf 92' lang='lat' dir='ltr'>populo</span> 
     </span>
    </p>
   </div>
   <div class='ocr_carea' id='block_1_91' title="bbox 1866 4444 3514 4523">
    <p class='ocr_par' dir='ltr' id='par_1_91' title="bbox 1866 4444 3514 4523">
     <span class='ocr_line' id='line_1_91' title="bbox 1866 4444 3514 4523; baseline -0.007 -12"><span class='ocrx_word' id='word_1_684' title='bbox 1866 4451 2243 4523; x_wconf 88' lang='lat' dir='ltr'>eireumsepti</span> <span class='ocrx_word' id='word_1_685' title='bbox 2275 4448 2544 4513; x_wconf 78' lang='lat' dir='ltr'>fuissent,</span> <span class='ocrx_word' id='word_1_686' title='bbox 2570 4464 2682 4502; x_wconf 91' lang='lat' dir='ltr'>non</span> <span class='ocrx_word' id='word_1_687' title='bbox 2716 4450 2850 4501; x_wconf 88' lang='lat' dir='ltr'>ante</span> <span class='ocrx_word' id='word_1_688' title='bbox 2880 4462 3084 4523; x_wconf 74' lang='lat' dir='ltr'>omnes</span> <span class='ocrx_word' id='word_1_689' title='bbox 3114 4444 3514 4501; x_wconf 90' lang='lat' dir='ltr'>occiderentur</span> 
     </span>
    </p>
   </div>
   <div class='ocr_carea' id='block_1_92' title="bbox 98 4532 3517 4618">
    <p class='ocr_par' dir='ltr' id='par_1_92' title="bbox 98 4532 3517 4618">
     <span class='ocr_line' id='line_1_92' title="bbox 98 4532 3517 4618; baseline -0.004 -13"><span class='ocrx_word' id='word_1_690' title='bbox 98 4547 315 4605; x_wconf 87' lang='lat' dir='ltr'>relatio</span> <span class='ocrx_word' id='word_1_691' title='bbox 360 4562 495 4600; x_wconf 88' lang='lat' dir='ltr'>vera</span> <span class='ocrx_word' id='word_1_692' title='bbox 538 4546 721 4601; x_wconf 83' lang='lat' dir='ltr'>ﬁeret.</span> <span class='ocrx_word' id='word_1_693' title='bbox 772 4544 885 4600; x_wconf 86' lang='lat' dir='ltr'>Sed</span> <span class='ocrx_word' id='word_1_694' title='bbox 936 4541 1388 4598; x_wconf 89' lang='lat' dir='ltr'>innumerabilia</span> <span class='ocrx_word' id='word_1_695' title='bbox 1431 4542 1751 4598; x_wconf 88' lang='lat' dir='ltr'>Turcorum</span> <span class='ocrx_word' id='word_1_696' title='bbox 1780 4551 1830 4618; x_wconf 84' lang='lat' dir='ltr'><strong>D</strong></span> <span class='ocrx_word' id='word_1_697' title='bbox 1859 4559 2041 4616; x_wconf 91' lang='lat' dir='ltr'>quam</span> <span class='ocrx_word' id='word_1_698' title='bbox 2071 4538 2510 4596; x_wconf 88' lang='lat' dir='ltr'>ulciscerentur.</span> <span class='ocrx_word' id='word_1_699' title='bbox 2542 4534 2707 4591; x_wconf 83' lang='lat' dir='ltr'>Nunc</span> <span class='ocrx_word' id='word_1_700' title='bbox 2728 4538 2925 4591; x_wconf 88' lang='lat' dir='ltr'>autem</span> <span class='ocrx_word' id='word_1_701' title='bbox 2949 4538 3008 4590; x_wconf 92' lang='lat' dir='ltr'>et</span> <span class='ocrx_word' id='word_1_702' title='bbox 3028 4533 3320 4590; x_wconf 89' lang='lat' dir='ltr'>civitatem</span> <span class='ocrx_word' id='word_1_703' title='bbox 3343 4532 3517 4590; x_wconf 89' lang='lat' dir='ltr'>habe-</span> 
     </span>
    </p>
   </div>
   <div class='ocr_carea' id='block_1_93' title="bbox 95 4630 1756 4711">
    <p class='ocr_par' dir='ltr' id='par_1_93' title="bbox 95 4630 1756 4711">
     <span class='ocr_line' id='line_1_93' title="bbox 95 4630 1756 4711; baseline -0.004 -18"><span class='ocrx_word' id='word_1_704' title='bbox 95 4635 347 4711; x_wconf 80' lang='lat' dir='ltr'>agmina</span> <span class='ocrx_word' id='word_1_705' title='bbox 375 4652 409 4690; x_wconf 90' lang='lat' dir='ltr'>a</span> <span class='ocrx_word' id='word_1_706' title='bbox 440 4633 610 4707; x_wconf 86' lang='lat' dir='ltr'>longe</span> <span class='ocrx_word' id='word_1_707' title='bbox 648 4632 969 4705; x_wconf 79' lang='lat' dir='ltr'>conspexit,</span> <span class='ocrx_word' id='word_1_708' title='bbox 1001 4635 1348 4703; x_wconf 90' lang='lat' dir='ltr'>nostrosque</span> <span class='ocrx_word' id='word_1_709' title='bbox 1367 4630 1521 4687; x_wconf 89' lang='lat' dir='ltr'>intra</span> <span class='ocrx_word' id='word_1_710' title='bbox 1552 4631 1756 4687; x_wconf 91' lang='lat' dir='ltr'>urbem</span> 
     </span>
    </p>
   </div>
   <div class='ocr_carea' id='block_1_94' title="bbox 95 4719 1756 4795">
    <p class='ocr_par' dir='ltr' id='par_1_94' title="bbox 95 4719 1756 4795">
     <span class='ocr_line' id='line_1_94' title="bbox 95 4719 1756 4795; baseline -0.004 -14"><span class='ocrx_word' id='word_1_711' title='bbox 95 4725 370 4781; x_wconf 88' lang='lat' dir='ltr'>inclusos</span> <span class='ocrx_word' id='word_1_712' title='bbox 416 4739 545 4779; x_wconf 89' lang='lat' dir='ltr'>esse</span> <span class='ocrx_word' id='word_1_713' title='bbox 595 4720 1016 4795; x_wconf 88' lang='lat' dir='ltr'>deprehendit;</span> <span class='ocrx_word' id='word_1_714' title='bbox 1049 4724 1108 4776; x_wconf 92' lang='lat' dir='ltr'>et</span> <span class='ocrx_word' id='word_1_715' title='bbox 1150 4719 1496 4792; x_wconf 88' lang='lat' dir='ltr'>perterritus</span> <span class='ocrx_word' id='word_1_716' title='bbox 1525 4720 1756 4788; x_wconf 91' lang='lat' dir='ltr'>timore,</span> 
     </span>
    </p>
   </div>
   <div class='ocr_carea' id='block_1_95' title="bbox 97 4808 1759 4888">
    <p class='ocr_par' dir='ltr' id='par_1_95' title="bbox 97 4808 1759 4888">
     <span class='ocr_line' id='line_1_95' title="bbox 97 4808 1759 4888; baseline -0.004 -17"><span class='ocrx_word' id='word_1_717' title='bbox 97 4813 337 4888; x_wconf 79' lang='lat' dir='ltr'>aufugit</span> <span class='ocrx_word' id='word_1_718' title='bbox 370 4811 505 4884; x_wconf 80' lang='grc'>(49),</span> <span class='ocrx_word' id='word_1_719' title='bbox 534 4815 592 4867; x_wconf 92' lang='lat' dir='ltr'>et</span> <span class='ocrx_word' id='word_1_720' title='bbox 621 4812 694 4867; x_wconf 89' lang='lat' dir='ltr'>ad</span> <span class='ocrx_word' id='word_1_721' title='bbox 719 4814 978 4866; x_wconf 89' lang='lat' dir='ltr'>castrum</span> <span class='ocrx_word' id='word_1_722' title='bbox 1001 4825 1176 4865; x_wconf 88' lang='lat' dir='ltr'>suum</span> <span class='ocrx_word' id='word_1_723' title='bbox 1203 4825 1471 4865; x_wconf 89' lang='lat' dir='ltr'>remeans</span> <span class='ocrx_word' id='word_1_724' title='bbox 1493 4808 1759 4865; x_wconf 86' lang='lat' dir='ltr'>funditus</span> 
     </span>
    </p>
   </div>
   <div class='ocr_carea' id='block_1_96' title="bbox 100 4897 1761 4976">
    <p class='ocr_par' dir='ltr' id='par_1_96' title="bbox 100 4897 1761 4976">
     <span class='ocr_line' id='line_1_96' title="bbox 100 4897 1761 4976; baseline -0.002 -17"><span class='ocrx_word' id='word_1_725' title='bbox 100 4901 478 4976; x_wconf 71' lang='lat' dir='ltr'>exspoliavit,</span> <span class='ocrx_word' id='word_1_726' title='bbox 501 4904 559 4956; x_wconf 92' lang='lat' dir='ltr'>et</span> <span class='ocrx_word' id='word_1_727' title='bbox 579 4900 663 4956; x_wconf 90' lang='lat' dir='ltr'>sie</span> <span class='ocrx_word' id='word_1_728' title='bbox 683 4916 885 4955; x_wconf 89' lang='lat' dir='ltr'>versus</span> <span class='ocrx_word' id='word_1_729' title='bbox 906 4897 1472 4971; x_wconf 89' lang='lat' dir='ltr'>Constantinopolim</span> <span class='ocrx_word' id='word_1_730' title='bbox 1498 4897 1761 4969; x_wconf 87' lang='lat' dir='ltr'>equitare</span> 
     </span>
    </p>
   </div>
   <div class='ocr_carea' id='block_1_97' title="bbox 100 4987 1760 5067">
    <p class='ocr_par' dir='ltr' id='par_1_97' title="bbox 100 4987 1760 5067">
     <span class='ocr_line' id='line_1_97' title="bbox 100 4987 1760 5067; baseline -0.004 -18"><span class='ocrx_word' id='word_1_731' title='bbox 100 4992 301 5067; x_wconf 68' lang='lat' dir='ltr'>erepit.</span> <span class='ocrx_word' id='word_1_732' title='bbox 338 4989 429 5047; x_wconf 89' lang='lat' dir='ltr'>llli</span> <span class='ocrx_word' id='word_1_733' title='bbox 465 5006 597 5047; x_wconf 88' lang='lat' dir='ltr'>vero</span> <span class='ocrx_word' id='word_1_734' title='bbox 627 4989 729 5061; x_wconf 90' lang='lat' dir='ltr'>qui</span> <span class='ocrx_word' id='word_1_735' title='bbox 776 4988 837 5043; x_wconf 93' lang='lat' dir='ltr'>in</span> <span class='ocrx_word' id='word_1_736' title='bbox 868 4988 1012 5044; x_wconf 90' lang='lat' dir='ltr'>urbe</span> <span class='ocrx_word' id='word_1_737' title='bbox 1056 4987 1494 5054; x_wconf 86' lang='lat' dir='ltr'>obsidebantur,</span> <span class='ocrx_word' id='word_1_738' title='bbox 1526 5004 1760 5044; x_wconf 88' lang='lat' dir='ltr'>summo</span> 
     </span>
    </p>
   </div>
   <div class='ocr_carea' id='block_1_98' title="bbox 100 5076 1762 5150">
    <p class='ocr_par' dir='ltr' id='par_1_98' title="bbox 100 5076 1762 5150">
     <span class='ocr_line' id='line_1_98' title="bbox 100 5076 1762 5150; baseline -0.005 -10"><span class='ocrx_word' id='word_1_739' title='bbox 100 5080 399 5140; x_wconf 84' lang='lat' dir='ltr'>desiderio</span> <span class='ocrx_word' id='word_1_740' title='bbox 429 5080 745 5136; x_wconf 89' lang='lat' dir='ltr'>adventum</span> <span class='ocrx_word' id='word_1_741' title='bbox 774 5077 903 5150; x_wconf 86' lang='lat' dir='ltr'>ejus</span> <span class='ocrx_word' id='word_1_742' title='bbox 946 5076 1446 5149; x_wconf 65' lang='lat' dir='ltr'>praestolabantur,</span> <span class='ocrx_word' id='word_1_743' title='bbox 1488 5080 1762 5148; x_wconf 89' lang='lat' dir='ltr'>putantes</span> 
     </span>
    </p>
   </div>
   <div class='ocr_carea' id='block_1_99' title="bbox 102 5165 1760 5244">
    <p class='ocr_par' dir='ltr' id='par_1_99' title="bbox 102 5165 1760 5244">
     <span class='ocr_line' id='line_1_99' title="bbox 102 5165 1760 5244; baseline -0.006 -16"><span class='ocrx_word' id='word_1_744' title='bbox 102 5172 262 5244; x_wconf 88' lang='lat' dir='ltr'>quod</span> <span class='ocrx_word' id='word_1_745' title='bbox 294 5171 713 5243; x_wconf 87' lang='lat' dir='ltr'>imperatorem</span> <span class='ocrx_word' id='word_1_746' title='bbox 743 5183 943 5224; x_wconf 90' lang='lat' dir='ltr'>secum</span> <span class='ocrx_word' id='word_1_747' title='bbox 974 5165 1310 5231; x_wconf 89' lang='lat' dir='ltr'>adduceret,</span> <span class='ocrx_word' id='word_1_748' title='bbox 1339 5169 1549 5221; x_wconf 89' lang='lat' dir='ltr'>etcum</span> <span class='ocrx_word' id='word_1_749' title='bbox 1582 5181 1648 5220; x_wconf 87' lang='lat' dir='ltr'>eo</span> <span class='ocrx_word' id='word_1_750' title='bbox 1670 5181 1760 5219; x_wconf 80' lang='lat' dir='ltr'>re-</span> 
     </span>
    </p>
   </div>
   <div class='ocr_carea' id='block_1_100' title="bbox 104 5252 1762 5327">
    <p class='ocr_par' dir='ltr' id='par_1_100' title="bbox 104 5252 1762 5327">
     <span class='ocr_line' id='line_1_100' title="bbox 104 5252 1762 5327; baseline -0.007 -7"><span class='ocrx_word' id='word_1_751' title='bbox 104 5263 217 5320; x_wconf 85' lang='lat' dir='ltr'>bus</span> <span class='ocrx_word' id='word_1_752' title='bbox 247 5257 608 5317; x_wconf 85' lang='lat' dir='ltr'>necessariis</span> <span class='ocrx_word' id='word_1_753' title='bbox 652 5258 1040 5313; x_wconf 90' lang='lat' dir='ltr'>succurreret.</span> <span class='ocrx_word' id='word_1_754' title='bbox 1072 5257 1146 5310; x_wconf 90' lang='lat' dir='ltr'>At</span> <span class='ocrx_word' id='word_1_755' title='bbox 1194 5254 1319 5327; x_wconf 91' lang='lat' dir='ltr'>ipse</span> <span class='ocrx_word' id='word_1_756' title='bbox 1359 5253 1417 5308; x_wconf 91' lang='lat' dir='ltr'>in</span> <span class='ocrx_word' id='word_1_757' title='bbox 1465 5252 1762 5309; x_wconf 90' lang='lat' dir='ltr'>diversum</span> 
     </span>
    </p>
   </div>
   <div class='ocr_carea' id='block_1_101' title="bbox 104 5341 1763 5420">
    <p class='ocr_par' dir='ltr' id='par_1_101' title="bbox 104 5341 1763 5420">
     <span class='ocr_line' id='line_1_101' title="bbox 104 5341 1763 5420; baseline -0.009 -10"><span class='ocrx_word' id='word_1_758' title='bbox 104 5352 379 5420; x_wconf 86' lang='lat' dir='ltr'>tendens,</span> <span class='ocrx_word' id='word_1_759' title='bbox 416 5351 484 5404; x_wconf 92' lang='lat' dir='ltr'>ut</span> <span class='ocrx_word' id='word_1_760' title='bbox 511 5346 586 5403; x_wconf 91' lang='lat' dir='ltr'>ad</span> <span class='ocrx_word' id='word_1_761' title='bbox 616 5345 1017 5403; x_wconf 88' lang='lat' dir='ltr'>Philomenam</span> <span class='ocrx_word' id='word_1_762' title='bbox 1046 5342 1651 5415; x_wconf 89' lang='lat' dir='ltr'>venit,imperatorem</span> <span class='ocrx_word' id='word_1_763' title='bbox 1682 5341 1763 5396; x_wconf 91' lang='lat' dir='ltr'>ibi</span> 
     </span>
    </p>
   </div>
   <div class='ocr_carea' id='block_1_102' title="bbox 1867 4622 3515 4700">
    <p class='ocr_par' dir='ltr' id='par_1_102' title="bbox 1867 4622 3515 4700">
     <span class='ocr_line' id='line_1_102' title="bbox 1867 4622 3515 4700; baseline -0.006 -13"><span class='ocrx_word' id='word_1_764' title='bbox 1867 4633 2028 4699; x_wconf 89' lang='lat' dir='ltr'>bant,</span> <span class='ocrx_word' id='word_1_765' title='bbox 2063 4631 2123 4685; x_wconf 92' lang='lat' dir='ltr'>in</span> <span class='ocrx_word' id='word_1_766' title='bbox 2149 4646 2267 4700; x_wconf 90' lang='lat' dir='ltr'>qua</span> <span class='ocrx_word' id='word_1_767' title='bbox 2295 4644 2357 4683; x_wconf 90' lang='lat' dir='ltr'>se</span> <span class='ocrx_word' id='word_1_768' title='bbox 2387 4626 2696 4683; x_wconf 83' lang='lat' dir='ltr'>defendere</span> <span class='ocrx_word' id='word_1_769' title='bbox 2725 4626 3014 4697; x_wconf 89' lang='lat' dir='ltr'>poterant,</span> <span class='ocrx_word' id='word_1_770' title='bbox 3044 4627 3102 4679; x_wconf 89' lang='lat' dir='ltr'>et</span> <span class='ocrx_word' id='word_1_771' title='bbox 3130 4623 3211 4678; x_wconf 90' lang='lat' dir='ltr'>ita</span> <span class='ocrx_word' id='word_1_772' title='bbox 3240 4622 3515 4678; x_wconf 88' lang='lat' dir='ltr'>interem-</span> 
     </span>
    </p>
   </div>
   <div class='ocr_carea' id='block_1_103' title="bbox 1869 4708 3516 4794">
    <p class='ocr_par' dir='ltr' id='par_1_103' title="bbox 1869 4708 3516 4794">
     <span class='ocr_line' id='line_1_103' title="bbox 1869 4708 3516 4794; baseline -0.006 -19"><span class='ocrx_word' id='word_1_773' title='bbox 1869 4721 1952 4794; x_wconf 90' lang='lat' dir='ltr'>pti</span> <span class='ocrx_word' id='word_1_774' title='bbox 1993 4720 2170 4775; x_wconf 81' lang='lat' dir='ltr'>sunt?</span> <span class='ocrx_word' id='word_1_775' title='bbox 2198 4717 2242 4774; x_wconf 88' lang='grc' dir='ltr'><strong>Ο</strong></span> <span class='ocrx_word' id='word_1_776' title='bbox 2294 4717 2629 4789; x_wconf 87' lang='lat' dir='ltr'>imperator,</span> <span class='ocrx_word' id='word_1_777' title='bbox 2678 4711 3003 4769; x_wconf 86' lang='lat' dir='ltr'>certissime</span> <span class='ocrx_word' id='word_1_778' title='bbox 3051 4711 3225 4779; x_wconf 89' lang='lat' dir='ltr'>scias,</span> <span class='ocrx_word' id='word_1_779' title='bbox 3278 4709 3418 4783; x_wconf 87' lang='lat' dir='ltr'>quia</span> <span class='ocrx_word' id='word_1_780' title='bbox 3465 4708 3516 4766; x_wconf 89' lang='lat' dir='ltr'>si</span> 
     </span>
    </p>
   </div>
   <div class='ocr_carea' id='block_1_104' title="bbox 1867 4799 3517 4876">
    <p class='ocr_par' dir='ltr' id='par_1_104' title="bbox 1867 4799 3517 4876">
     <span class='ocr_line' id='line_1_104' title="bbox 1867 4799 3517 4876; baseline -0.007 -12"><span class='ocrx_word' id='word_1_781' title='bbox 1867 4808 2041 4864; x_wconf 88' lang='lat' dir='ltr'>Turci</span> <span class='ocrx_word' id='word_1_782' title='bbox 2074 4810 2305 4862; x_wconf 91' lang='lat' dir='ltr'>nostros</span> <span class='ocrx_word' id='word_1_783' title='bbox 2331 4804 2688 4871; x_wconf 91' lang='lat' dir='ltr'>occiderunt,</span> <span class='ocrx_word' id='word_1_784' title='bbox 2722 4802 2892 4876; x_wconf 92' lang='lat' dir='ltr'>pauci</span> <span class='ocrx_word' id='word_1_785' title='bbox 2938 4801 3009 4857; x_wconf 88' lang='lat' dir='ltr'>de</span> <span class='ocrx_word' id='word_1_786' title='bbox 3043 4799 3187 4874; x_wconf 90' lang='lat' dir='ltr'>ipsis</span> <span class='ocrx_word' id='word_1_787' title='bbox 3216 4815 3517 4856; x_wconf 89' lang='lat' dir='ltr'>remanse-</span> 
     </span>
    </p>
   </div>
   <div class='ocr_carea' id='block_1_105' title="bbox 1870 4887 3517 4967">
    <p class='ocr_par' dir='ltr' id='par_1_105' title="bbox 1870 4887 3517 4967">
     <span class='ocr_line' id='line_1_105' title="bbox 1870 4887 3517 4967; baseline -0.005 -15"><span class='ocrx_word' id='word_1_788' title='bbox 1870 4897 2344 4967; x_wconf 89' lang='lat' dir='ltr'>runt.Propterea</span> <span class='ocrx_word' id='word_1_789' title='bbox 2374 4910 2444 4948; x_wconf 89' lang='lat' dir='ltr'>ne</span> <span class='ocrx_word' id='word_1_790' title='bbox 2466 4909 2676 4964; x_wconf 84' lang='lat' dir='ltr'>paveas</span> <span class='ocrx_word' id='word_1_791' title='bbox 2697 4890 2837 4947; x_wconf 91' lang='lat' dir='ltr'>illuc</span> <span class='ocrx_word' id='word_1_792' title='bbox 2858 4889 2960 4959; x_wconf 91' lang='lat' dir='ltr'>ire,</span> <span class='ocrx_word' id='word_1_793' title='bbox 2990 4890 3131 4962; x_wconf 92' lang='lat' dir='ltr'>quia</span> <span class='ocrx_word' id='word_1_794' title='bbox 3150 4887 3517 4944; x_wconf 88' lang='lat' dir='ltr'>Antiochiam</span> 
     </span>
    </p>
   </div>
   <div class='ocr_carea' id='block_1_106' title="bbox 1870 4974 3520 5057">
    <p class='ocr_par' dir='ltr' id='par_1_106' title="bbox 1870 4974 3520 5057">
     <span class='ocr_line' id='line_1_106' title="bbox 1870 4974 3520 5057; baseline -0.005 -15"><span class='ocrx_word' id='word_1_795' title='bbox 1870 4986 2126 5057; x_wconf 90' lang='lat' dir='ltr'>recipere</span> <span class='ocrx_word' id='word_1_796' title='bbox 2156 4983 2395 5056; x_wconf 89' lang='lat' dir='ltr'>poteris.</span> <span class='ocrx_word' id='word_1_797' title='bbox 2430 5003 2459 5030; x_wconf 87' lang='lat'>»</span> <span class='ocrx_word' id='word_1_798' title='bbox 2491 4980 2813 5053; x_wconf 89' lang='lat' dir='ltr'>Imperator</span> <span class='ocrx_word' id='word_1_799' title='bbox 2841 4978 3085 5036; x_wconf 89' lang='lat' dir='ltr'>consilio</span> <span class='ocrx_word' id='word_1_800' title='bbox 3116 4977 3277 5033; x_wconf 90' lang='lat' dir='ltr'>illius</span> <span class='ocrx_word' id='word_1_801' title='bbox 3328 4974 3520 5033; x_wconf 88' lang='lat' dir='ltr'>noluit</span> 
     </span>
    </p>
   </div>
   <div class='ocr_carea' id='block_1_107' title="bbox 1869 5065 3520 5145">
    <p class='ocr_par' dir='ltr' id='par_1_107' title="bbox 1869 5065 3520 5145">
     <span class='ocr_line' id='line_1_107' title="bbox 1869 5065 3520 5145; baseline -0.006 -15"><span class='ocrx_word' id='word_1_802' title='bbox 1869 5089 2178 5130; x_wconf 87' lang='lat' dir='ltr'>assensum</span> <span class='ocrx_word' id='word_1_803' title='bbox 2211 5071 2486 5145; x_wconf 70' lang='lat' dir='ltr'>praebere,</span> <span class='ocrx_word' id='word_1_804' title='bbox 2518 5069 2713 5125; x_wconf 86' lang='lat' dir='ltr'>verbis</span> <span class='ocrx_word' id='word_1_805' title='bbox 2743 5067 3009 5142; x_wconf 90' lang='lat' dir='ltr'>nugacis,</span> <span class='ocrx_word' id='word_1_806' title='bbox 3046 5065 3393 5140; x_wconf 85' lang='lat' dir='ltr'>fugitivique</span> <span class='ocrx_word' id='word_1_807' title='bbox 3425 5082 3520 5121; x_wconf 89' lang='lat' dir='ltr'>co-</span> 
     </span>
    </p>
   </div>
   <div class='ocr_carea' id='block_1_108' title="bbox 1870 5154 3519 5226">
    <p class='ocr_par' dir='ltr' id='par_1_108' title="bbox 1870 5154 3519 5226">
     <span class='ocr_line' id='line_1_108' title="bbox 1870 5154 3519 5226; baseline -0.007 -7"><span class='ocrx_word' id='word_1_808' title='bbox 1870 5162 2032 5219; x_wconf 87' lang='lat' dir='ltr'>mitis</span> <span class='ocrx_word' id='word_1_809' title='bbox 2082 5161 2332 5217; x_wconf 88' lang='lat' dir='ltr'>nimium</span> <span class='ocrx_word' id='word_1_810' title='bbox 2364 5157 2659 5226; x_wconf 85' lang='lat' dir='ltr'>credulus,</span> <span class='ocrx_word' id='word_1_811' title='bbox 2681 5155 2781 5213; x_wconf 89' lang='lat' dir='ltr'>sed</span> <span class='ocrx_word' id='word_1_812' title='bbox 2811 5161 2962 5213; x_wconf 92' lang='lat' dir='ltr'>retro</span> <span class='ocrx_word' id='word_1_813' title='bbox 2993 5155 3309 5212; x_wconf 88' lang='lat' dir='ltr'>destinavit</span> <span class='ocrx_word' id='word_1_814' title='bbox 3336 5154 3519 5222; x_wconf 89' lang='lat' dir='ltr'>abire,</span> 
     </span>
    </p>
   </div>
   <div class='ocr_carea' id='block_1_109' title="bbox 1870 5240 3523 5325">
    <p class='ocr_par' dir='ltr' id='par_1_109' title="bbox 1870 5240 3523 5325">
     <span class='ocr_line' id='line_1_109' title="bbox 1870 5240 3523 5325; baseline -0.007 -17"><span class='ocrx_word' id='word_1_815' title='bbox 1870 5250 2273 5325; x_wconf 75' lang='lat' dir='ltr'>Bulgarimque</span> <span class='ocrx_word' id='word_1_816' title='bbox 2302 5249 2431 5305; x_wconf 88' lang='lat' dir='ltr'>loca</span> <span class='ocrx_word' id='word_1_817' title='bbox 2453 5246 2725 5322; x_wconf 70' lang='lat' dir='ltr'>prmcepit</span> <span class='ocrx_word' id='word_1_818' title='bbox 2752 5244 3077 5311; x_wconf 85' lang='lat' dir='ltr'>devastare,</span> <span class='ocrx_word' id='word_1_819' title='bbox 3101 5247 3169 5299; x_wconf 88' lang='lat' dir='ltr'>ut</span> <span class='ocrx_word' id='word_1_820' title='bbox 3188 5243 3237 5299; x_wconf 87' lang='lat' dir='ltr'>si</span> <span class='ocrx_word' id='word_1_821' title='bbox 3262 5242 3435 5299; x_wconf 89' lang='lat' dir='ltr'>Turci</span> <span class='ocrx_word' id='word_1_822' title='bbox 3462 5240 3523 5296; x_wconf 88' lang='lat' dir='ltr'>in</span> 
     </span>
    </p>
   </div>
   <div class='ocr_carea' id='block_1_110' title="bbox 1871 5330 3524 5413">
    <p class='ocr_par' dir='ltr' id='par_1_110' title="bbox 1871 5330 3524 5413">
     <span class='ocr_line' id='line_1_110' title="bbox 1871 5330 3524 5413; baseline -0.009 -16"><span class='ocrx_word' id='word_1_823' title='bbox 1871 5346 2066 5413; x_wconf 89' lang='lat' dir='ltr'>partes</span> <span class='ocrx_word' id='word_1_824' title='bbox 2100 5338 2232 5395; x_wconf 91' lang='lat' dir='ltr'>illas</span> <span class='ocrx_word' id='word_1_825' title='bbox 2270 5337 2657 5411; x_wconf 88' lang='lat' dir='ltr'>pervenirent,</span> <span class='ocrx_word' id='word_1_826' title='bbox 2692 5333 2845 5393; x_wconf 83' lang='lat' dir='ltr'>nihil</span> <span class='ocrx_word' id='word_1_827' title='bbox 2895 5332 3130 5409; x_wconf 89' lang='lat' dir='ltr'>penitus</span> <span class='ocrx_word' id='word_1_828' title='bbox 3176 5330 3524 5389; x_wconf 89' lang='lat' dir='ltr'>invenirent.</span> 
     </span>
    </p>
   </div>
   <div class='ocr_carea' id='block_1_111' title="bbox 1228 5443 2407 5505">
    <p class='ocr_par' dir='ltr' id='par_1_111' title="bbox 1228 5443 2407 5505">
     <span class='ocr_line' id='line_1_111' title="bbox 1228 5443 2407 5505; baseline -0.005 -1"><span class='ocrx_word' id='word_1_829' title='bbox 1228 5448 1538 5505; x_wconf 60' lang='lat' dir='ltr'>NOTULZE</span> <span class='ocrx_word' id='word_1_830' title='bbox 1576 5446 2042 5505; x_wconf 82' lang='lat' dir='ltr'>MARGINALES</span> <span class='ocrx_word' id='word_1_831' title='bbox 2084 5445 2205 5502; x_wconf 90' lang='lat' dir='ltr'>MS.</span> <span class='ocrx_word' id='word_1_832' title='bbox 2247 5443 2407 5501; x_wconf 86' lang='lat' dir='ltr'>COD.</span> 
     </span>
    </p>
   </div>
   <div class='ocr_carea' id='block_1_112' title="bbox 108 5533 1726 5620">
    <p class='ocr_par' dir='ltr' id='par_1_112' title="bbox 108 5533 1726 5620">
     <span class='ocr_line' id='line_1_112' title="bbox 108 5533 1726 5620; baseline -0.009 -14"><span class='ocrx_word' id='word_1_833' title='bbox 108 5549 215 5620; x_wconf 74' lang='grc'>(49)</span> <span class='ocrx_word' id='word_1_834' title='bbox 244 5543 471 5620; x_wconf 82' lang='lat' dir='ltr'>Consul</span> <span class='ocrx_word' id='word_1_835' title='bbox 501 5541 789 5620; x_wconf 75' lang='lat' dir='ltr'>Cernetis,</span> <span class='ocrx_word' id='word_1_836' title='bbox 824 5541 965 5620; x_wconf 74' lang='lat' dir='ltr'>urbs</span> <span class='ocrx_word' id='word_1_837' title='bbox 996 5537 1214 5617; x_wconf 80' lang='lat' dir='ltr'>inclyta</span> <span class='ocrx_word' id='word_1_838' title='bbox 1238 5536 1527 5620; x_wconf 72' lang='lat' dir='ltr'>charaque</span> <span class='ocrx_word' id='word_1_839' title='bbox 1571 5533 1726 5620; x_wconf 71' lang='lat' dir='ltr'>notis</span> 
     </span>
    </p>
   </div>
   <div class='ocr_carea' id='block_1_113' title="bbox 246 5606 1674 5688">
    <p class='ocr_par' dir='ltr' id='par_1_113' title="bbox 246 5606 1674 5688">
     <span class='ocr_line' id='line_1_113' title="bbox 246 5606 1674 5688; baseline -0.011 -11"><span class='ocrx_word' id='word_1_840' title='bbox 246 5618 519 5677; x_wconf 86' lang='lat' dir='ltr'>Territus</span> <span class='ocrx_word' id='word_1_841' title='bbox 550 5606 803 5688; x_wconf 78' lang='lat' dir='ltr'>aufugit,</span> <span class='ocrx_word' id='word_1_842' title='bbox 832 5610 1050 5669; x_wconf 90' lang='lat' dir='ltr'>bellum</span> <span class='ocrx_word' id='word_1_843' title='bbox 1080 5606 1385 5677; x_wconf 83' lang='lat' dir='ltr'>sociosque</span> <span class='ocrx_word' id='word_1_844' title='bbox 1418 5606 1674 5679; x_wconf 76' lang='lat' dir='ltr'>reliquit.</span> 
     </span>
    </p>
   </div>
   <div class='ocr_carea' id='block_1_114' title="bbox 1873 5524 3546 5666">
    <p class='ocr_par' dir='ltr' id='par_1_114' title="bbox 1873 5524 3546 5666">
     <span class='ocr_line' id='line_1_114' title="bbox 1873 5524 3546 5666; baseline -0.014 -70"><span class='ocrx_word' id='word_1_845' title='bbox 1873 5540 1984 5615; x_wconf 84' lang='grc'>(50)</span> <span class='ocrx_word' id='word_1_846' title='bbox 2034 5533 2222 5591; x_wconf 87' lang='lat' dir='ltr'>Guido</span> <span class='ocrx_word' id='word_1_847' title='bbox 2272 5534 2453 5594; x_wconf 82' lang='lat' dir='ltr'>nimis</span> <span class='ocrx_word' id='word_1_848' title='bbox 2502 5533 2712 5607; x_wconf 86' lang='lat' dir='ltr'>plorat,</span> <span class='ocrx_word' id='word_1_849' title='bbox 2743 5527 3072 5591; x_wconf 87' lang='lat' dir='ltr'>Dominum</span> <span class='ocrx_word' id='word_1_850' title='bbox 3119 5539 3257 5580; x_wconf 88' lang='lat' dir='ltr'>eum</span> <span class='ocrx_word' id='word_1_851' title='bbox 3309 5524 3546 5666; x_wconf 46' lang='lat'>£136,322:</span> 
     </span>
    </p>
   </div>
  </div>
