3996 6096
482 338 608 399 723

999 334 1103 397 AD
1150 331 1665 398 GODEFRIDUM
1712 330 2046 394 APPEND.
2090 330 2169 393 Il.
2200 364 2279 377 -—-
2307 329 2618 395 MONUM.
2662 329 2766 392 DE
2806 327 3059 392 BELLO
3102 326 3382 391 SACRO.

3773 323 3895 387 724

486 474 629 527 Cum
659 468 786 543 ipso
817 468 1037 543 pariter
1065 472 1122 524 et
1150 468 1277 541 ipse
1314 467 1561 535 Wido,et
1590 465 1673 522 illi
1707 464 1807 538 qui
1840 482 1974 520 cum
2006 464 2133 538 ipso
2164 466 2218 534 Α
2245 463 2384 520 latio
2415 464 2679 520 destituti
2717 468 2896 531 sunt;
2929 466 2986 519 et
3031 478 3135 535 per
3180 459 3385 534 viginti
3428 458 3546 516 fere
3575 456 3722 526 dies,
3755 473 3895 513 cum

484 560 834 632 imperatore
864 557 1071 625 ierant,
1092 557 1303 613 reversi
1338 560 1515 625 sunt;
1551 556 1690 627 quia
1720 555 1877 610 ultra
1903 553 1987 609 ire
2018 571 2133 609 non

483 647 1102 723 praesumpseruntSic
1136 645 1314 721 igitur
1343 644 1523 701 nostri
1557 643 1717 701 omni
1744 643 2003 699 humano
2038 659 2137 699 so-

2243 554 2514 611 hostibus
2544 559 2602 609 et
2636 554 2947 622 fame,cum
2977 550 3170 627 gladio
3200 554 3257 607 et
3286 548 3533 624 penuria
3562 546 3896 604 indesinen-

2244 647 2331 698 ter
2361 643 2825 698 deeertaverunt.

1736 767 2066 824 EXPLICIT
2104 767 2315 824 LIBER
2353 767 2649 824 SEXTUS.

1455 923 1863 1010 INCIPIT
1924 922 2253 1008 LIBER
2324 919 2918 1008 SEPTIMUS.

1025 1071 1259 1129 CAPUT
1300 1071 1612 1128 PRIMUM.

563 1166 829 1239 Superna
870 1163 1057 1237 pietas
1108 1161 1367 1217 humano
1418 1160 1714 1216 destitutis
1766 1159 1978 1215 auxilio
2024 1158 2139 1214 nisi

491 1255 870 1329 praevidisset,
901 1269 968 1308 ex
998 1251 1390 1324 Francigenis,
1417 1251 1543 1321 jam
1575 1249 1798 1305 civibus
1837 1248 2137 1304 Antioche-

491 1342 812 1412 nis,nullus
843 1340 1311 1414 superesset.Scd
1339 1357 1471 1394 cum
1497 1339 1621 1410 jam
1659 1338 1780 1393 vita
1810 1338 2140 1393 diffiderent

491 1434 805 1505 omniaque
834 1435 1081 1485 mortem
1116 1429 1490 1496 intentarent,
1526 1427 1747 1500 placuit
1792 1427 1905 1482 Deo
1939 1425 2137 1483 Salva-

487 1523 599 1580 tori
633 1520 774 1594 Regi
806 1536 1009 1592 regum
1038 1520 1177 1575 Jesu
1210 1517 1459 1584 Christo,
1494 1522 1558 1571 ut
1587 1516 1820 1572 cuidam
1853 1513 2139 1571 sacerdoti

492 1629 597 1669 suo
644 1614 947 1684 appareret
977 1608 1109 1679 (5|),
1140 1607 1281 1662 dum
1314 1606 1566 1678 quadam
1610 1610 1776 1661 nocte
1808 1604 1864 1659 in
1897 1603 2141 1661 ecclesia

2247 1073 2381 1125 ante
2414 1068 2720 1125 castellum
2770 1067 3101 1142 praeliantes
3131 1069 3332 1123 contra
3360 1065 3650 1133 inimicos,
3683 1068 3740 1122 et
3771 1082 3901 1122 mo-

2245 1164 2444 1216 ventes
2474 1159 2722 1214 invicem
2752 1156 2994 1213 bellum.
3029 1156 3252 1223 Quibus
3300 1156 3649 1223 convocatis,
3682 1155 3813 1211 laeto
3842 1161 3903 1211 et

2247 1247 2417 1303 hilari
2450 1248 2611 1303 vultu
2644 1247 2789 1302 dixit
2820 1264 2833 1302 :
2869 1270 2897 1297 ‹‹
2930 1246 2974 1302 Ο
3005 1244 3440 1319 belligeratores
3471 1244 3642 1318 Regis
3673 1244 3900 1313 (sterni,

2247 1338 2533 1393 annuntio
2558 1337 2720 1393 vobis
2749 1353 2818 1392 ex
2850 1340 3009 1409 parte
3032 1334 3351 1391 Salvatoris
3395 1333 3577 1390 nostri
3612 1333 3901 1407 gaudium

2246 1430 2302 1481 et
2332 1425 2773 1482 exsultationem
2802 1442 2815 1493 ;
2847 1441 3133 1497 suamque
3157 1440 3334 1497 quam
3359 1422 3704 1479 transmittit
3727 1422 3900 1478 vobis

2247 1516 2735 1583 benedictionem,
2768 1518 2823 1570 et
2855 1514 2903 1569 si
2935 1514 2984 1569 ei
3018 1511 3821 1585 obedieritis,consequimini
3843 1516 3905 1567 et

2248 1605 2516 1677 gratiam.
2554 1626 2581 1653 ››
2613 1605 2777 1659 Tune
2795 1603 3068 1658 omnibus
3086 1604 3305 1658 attente
3325 1600 3697 1658 audientibus
3719 1606 3775 1657 et
3797 1618 3909 1656 un-

493 1719 612 1759 suee
651 1704 862 1756 sancta:
893 1702 1066 1753 casta:
1098 1695 1408 1752 Genitricis
1441 1693 1922 1750 dormiret.Erant
1943 1697 2138 1749 autem
2170 1716 2217 1780 Β
2250 1694 2424 1766 dique
2447 1693 3138 1760 confluentibus,omnem
3159 1690 3418 1747 seriatim
3441 1690 3705 1764 exposuit
3722 1690 3907 1747 visio-

494 1807 629 1845 eum
650 1805 736 1856 eo,
772 1787 899 1859 ipsa
930 1786 1114 1840 Mater
1151 1789 1207 1839 et
1234 1783 1409 1857 Virgo
1443 1783 1641 1850 Maria,
1676 1787 1732 1838 ct
1780 1784 1986 1838 beatus
2034 1787 2141 1837 Pe-

495 1884 623 1934 trus
653 1874 974 1949 apostolus,
1009 1873 1103 1929 cui
1153 1878 1455 1946 pastorum
1487 1871 1679 1927 ovium
1712 1889 1953 1929 suarum
1987 1872 2146 1926 dedit

499 1969 623 2041 ipse
655 1965 959 2021 Dominus.
995 1963 1097 2018 Cui
1149 1967 1207 2017 et
1257 1963 1337 2017 ait
1370 1979 1382 2016 :
1418 1985 1445 2011 «
1478 1962 1761 2033 Agnoscis
1814 1979 1903 2017 me
1924 1963 1951 2016 ’ἲ
1981 1984 2009 2011 ››
2040 1959 2143 2016 Cui

498 2056 769 2115 sacerdos
801 2070 815 2108 :
853 2053 1049 2108 «Non.
1075 2053 1163 2108 Tu
1186 2051 1283 2123 qui
1312 2068 1395 2119 es,
1416 2049 1697 2106 Domine?
1729 2074 1755 2099 ››
1788 2052 1949 2106 Tunc
1974 2049 2031 2104 in
2055 2066 2123 2105 ea

499 2141 972 2219 piteISalvatoris
1020 2158 1162 2197 crux
1208 2140 1379 2211 cmpit
1426 2155 1724 2211 apparere.
1776 2139 1881 2195 Cui
1932 2140 2143 2194 iterum

498 2233 786 2290 Dominus
817 2249 830 2287 :
866 2253 893 2280 ‹‹
921 2230 1051 2285 Jam
1084 2246 1155 2284 ne
1182 2229 1453 2301 agnoscis
1487 2230 1617 2283 me?
1652 2251 1679 2277 ››
1713 2229 1927 2284 Iterum
1956 2245 2145 2283 sacer-

499 2324 605 2379 dos
654 2319 955 2394 respondit
987 2335 1000 2374 :
1036 2342 1061 2367 ‹‹
1094 2318 1218 2373 Non
1251 2316 1419 2373 aliter
1456 2333 1706 2389 agnosco
1754 2322 1829 2384 te,
1863 2317 1977 2373 nisi
2009 2317 2149 2390 quia

498 2426 731 2468 erucem
780 2409 839 2464 in
889 2407 1077 2480 capite
1122 2411 1222 2462 tuo
1264 2405 1451 2472 video,
1486 2407 1638 2462 sicut
1670 2406 1727 2460 in
1762 2406 2146 2479 imaginibus,

498 2518 626 2574 qua:
656 2502 796 2556 sunt
827 2498 883 2552 in
917 2496 1136 2551 honore
1168 2494 1397 2551 Domini
1430 2495 1610 2550 nostri
1643 2496 1783 2550 Jesu
1813 2495 2046 2562 Christi,
2070 2494 2149 2550 vi-

499 2591 635 2646 dere
667 2587 843 2644 soleo.
880 2608 907 2636 »
942 2586 1006 2640 Et
1041 2584 1321 2641 Dominus
1351 2585 1421 2640 ad
1457 2601 1589 2639 eum
1617 2602 1630 2639 :
1657 2608 1682 2633 ‹‹
1709 2585 1871 2652 Ecce,
1897 2602 2000 2657 ego
2023 2585 2148 2658 ipse

503 2695 658 2736 sum.
695 2700 721 2727 »
745 2676 1026 2733 Sacerdos
1056 2691 1188 2729 vero
1221 2678 1285 2729 ut
1305 2673 1525 2729 audivit
1546 2675 1697 2745 quod
1728 2674 2013 2729 Dominus
2036 2678 2147 2740 est,

503 2766 703 2826 statim
726 2763 1131 2838 prosternabat
1149 2780 1209 2818 se
1228 2762 1299 2817 ad
1326 2764 1503 2834 pedes
1518 2763 1666 2834 ejus,
1691 2762 2037 2834 suppliciter
2052 2764 2150 2818 ob-

504 2872 740 2913 secrans
772 2858 838 2909 ut
866 2852 991 2908 suis
1022 2850 1371 2908 Christianis
1402 2851 1923 2919 subveniret,fame
1954 2856 2009 2907 et
2039 2851 2149 2907 ho-

508 2945 690 3002 stium
713 2942 1090 3016 oppressione
1115 2939 1536 2995 laborantibus.
1561 2939 1663 2995 Cui
1684 2940 1765 2995 ait
1799 2957 1811 2996 :
1846 2966 1871 2989 ‹‹
1898 2941 2023 2996 Non
2043 2940 2150 2996 tibi

504 3034 738 3091 videtur
766 3031 920 3105 quod
952 3031 1097 3086 bene
1146 3047 1245 3085 eos
1274 3029 1597 3100 adjuverim
1628 3028 1741 3085 huc
1770 3047 1978 3102 usque,
2011 3031 2153 3104 quia

2252 1800 2408 1838 nem.
2443 1783 2565 1847 Qua
2595 1780 2875 1854 exposita,
2909 1779 3156 1852 subjecit
3177 1784 3233 1836 et
3254 1780 3337 1835 ait
3369 1776 3515 1836 :«Si
3544 1780 3679 1835 huic
3702 1781 3908 1836 decre-

2252 1871 2389 1927 ditis
2420 1872 2653 1939 visioni,
2688 1870 3014 1942 falsamque
3036 1887 3165 1925 eam
3197 1869 3748 1942 suspieamini,quia
3768 1887 3912 1927 vera

2254 1966 2340 2017 est
2372 1961 2581 2016 faciam
2630 1959 2793 2015 vobis
2848 1959 3003 2032 quod
3052 1958 3291 2014 libuerit
3334 1959 3819 2031 experimentum,
3849 1964 3913 2015 et

2254 2051 2302 2105 si
2335 2051 2584 2106 mendax
2632 2049 2912 2120 inveniar,
2960 2048 3119 2104 omni
3168 2047 3387 2119 injuria
3432 2047 3644 2104 efficite
3688 2065 3912 2121 corpus

2255 2157 2472 2196 meum.
2510 2164 2537 2189 ››
2575 2141 2729 2195 Tene
2772 2137 3073 2193 Podiensis
3131 2135 3439 2210 episcopus
3478 2136 3661 2209 jussit
3709 2137 3912 2193 aiferri

2255 2247 2506 2295 crucem,
2541 2234 2597 2284 et
2626 2231 2895 2283 sanctum
2922 2225 3320 2300 Evangelium,
3354 2230 3418 2281 ut
3447 2243 3641 2282 coram
3674 2228 3913 2283 cunctis

2246 2319 2475 2391 jurarct
2504 2317 2611 2372 hoc
2639 2333 2841 2372 verum
2873 2332 3001 2371 esse
3035 2332 3048 2370 :
3084 2315 3238 2388 quod
3280 2315 3361 2371 ita
3388 2315 3608 2372 factum
3638 2316 3823 2371 est.Et
3844 2321 3915 2371 ut

2255 2409 2453 2463 divina
2499 2406 2729 2463 bonitas
2764 2407 2919 2461 bona
2967 2404 3137 2461 bonis
3183 2403 3597 2474 accumularet,
3648 2422 3915 2478 suosque

2252 2496 2534 2571 lugubres
2567 2513 2763 2552 servos
2796 2495 2982 2567 magis
3014 2493 3318 2567 magisque
3349 2491 3704 2563 lzetificaret;
3736 2495 3919 2550 aﬂ'uit

2258 2586 2337 2642 ibi
2379 2586 2619 2659 quidam
2663 2584 3028 2657 peregrinus,
3064 2582 3299 2639 nomine
3350 2583 3575 2649 Petrus,
3603 2584 3701 2656 qui
3754 2583 3919 2641 hanc

2257 2676 2540 2731 visionem
2573 2673 2771 2729 retulit
2803 2690 2998 2728 coram
3021 2671 3295 2729 omnibus
3327 2689 3340 2727 :
3366 2695 3394 2721 ‹‹
3417 2672 3920 2746 Audite,populus

2257 2764 2490 2821 Domini
2522 2768 2579 2819 et
2610 2763 2759 2817 servi
2790 2763 2891 2817 Dei
2923 2761 3360 2830 excelsi,vocem
3383 2768 3655 2829 meam,et
3686 2779 3921 2819 sermo-

2258 2854 2435 2909 nibus
2463 2854 2609 2909 meis
2641 2850 2918 2907 inclinate
2948 2868 3146 2907 aurem
3180 2855 3452 2906 vestram.
3485 2850 3633 2906 Dum
3658 2851 3714 2906 in
3749 2852 3922 2907 obsi-

2260 2942 2431 2999 dione
2464 2943 2642 3014 hujus
2672 2940 2923 2996 civitatis
2961 2957 3214 3008 eramus,
3240 2940 3492 3013 quadam
3526 2943 3692 2996 nocte
3721 2941 3923 2997 astitit

2264 3031 2403 3087 mihi
2439 3031 2495 3086 in
2530 3030 2748 3087 visione
2773 3034 3011 3085 sanctus
3041 3029 3300 3085 Andreas
3330 3029 3861 3101 apostolus,dicens
3898 3045 3916 3085 :

506 3123 623 3180 illis
653 3127 709 3177 et
736 3121 985 3176 Nicaeam
1017 3118 1229 3174 tradidi
1262 3117 1570 3185 civitatem,
1595 3123 1651 3174 et
1681 3120 1879 3174 omnia
1909 3136 2034 3191 quae
2067 3119 2150 3175 eis
2181 3083 2224 3150 Ο
2264 3122 2417 3177 Bone
2448 3121 2552 3185 vir,
2576 3120 2711 3175 audi
2759 3123 2815 3174 et
2846 3118 3103 3191 intelligo
3139 3135 3250 3174 me.
3286 3141 3312 3169 ››
3347 3118 3413 3172 Et
3440 3118 3531 3174 aio
3562 3118 3632 3173 ad
3665 3134 3842 3174 eum:
3884 3142 3918 3169 υ

504 3226 890 3285 supervenere
920 3208 1091 3275 bella,
1123 3207 1351 3263 vincere
1382 3207 1533 3263 feci?
1557 3212 1614 3261 ln
1640 3207 1941 3263 obsidione
1962 3208 2154 3264 Antio-

506 3301 649 3359 chia:
680 3316 881 3355 eorum
916 3297 1160 3352 miseria:
1192 3295 1463 3352 condolui
1489 3315 1501 3364 ;
1528 3314 1681 3351 nunc
1708 3314 1840 3352 vero
1872 3297 1943 3352 ad
1974 3301 2154 3353 extre-

505 3406 692 3455 mum,
726 3386 979 3444 civitatis
1012 3386 1339 3458 ingressum
1364 3384 1541 3439 tribui
1570 3402 1804 3452 ;omnes
1830 3385 2154 3442 tribulatio-

506 3495 611 3535 nes
643 3480 699 3534 et
750 3475 1188 3548 impedimenta,
1222 3490 1348 3546 qua:
1380 3474 1537 3545 passi
1572 3478 1729 3541 sunt,
1766 3475 1892 3530 ideo
1923 3476 2151 3531 evenire

504 3565 767 3641 permisi,
802 3562 1078 3637 quoniam
1107 3562 1293 3617 multa
1323 3562 1571 3617 nefanda
1601 3567 1738 3617 sunt
1768 3564 2151 3635 operati,cum

504 3652 851 3711 Christianis
883 3651 1227 3707 mulieribus
1259 3650 1595 3724 et‘paganis,
1620 3669 1744 3723 quae
1766 3651 1929 3707 valde
1953 3653 2153 3725 displi-

505 3747 640 3801 cent
669 3742 727 3797 in
774 3740 960 3798 oculis
1006 3740 1172 3795 meis.
1211 3762 1238 3788 ››
1267 3739 1351 3794 Ad
1376 3739 1494 3794 haec
1528 3746 1712 3795 mater
1741 3740 2150 3798 misericordiae

506 3831 776 3906 piissima
802 3830 976 3903 Virgo
1007 3835 1061 3885 et
1092 3829 1298 3885 beatus
1332 3828 1534 3884 Petrus
1579 3829 1913 3885 ceciderunt
1943 3831 2014 3886 ad
2050 3849 2152 3903 pe-

507 3922 609 3978 des
655 3921 784 3992 ejus
832 3923 1105 3991 rogantes
1154 3922 1219 3973 ut
1265 3916 1463 3990 populi
1516 3917 1605 3973 sui
1657 3918 1985 3975 miseretur.
2036 3920 2151 3975 Ad-

505 4010 643 4084 iecit
671 4012 865 4064 autem
902 4008 1107 4063 beatus
1138 4005 1438 4079 apostolus
1464 4007 1781 4078 precationi
1809 4014 2007 4075 δυσ),οῑ
2031 4010 2109 4064 ait
2134 4027 2148 4065 :

507 4097 1035 4170 «Domine,gralias
1056 4096 1157 4151 tibi
1181 4096 1591 4168 ago,quoniam
1616 4096 1931 4152 Ecclesiam
1958 4115 2147 4153 meam

503 4188 565 4243 in
596 4191 881 4261 potestate
914 4202 1213 4240 servorum
1262 4189 1496 4239 tuorum
1539 4185 1769 4253 dedisli,
1804 4202 1981 4257 quam
2016 4204 2152 4259 pro-

503 4282 633 4351 pter
660 4274 940 4330 malitiam
991 4273 1446 4329 inhabitantium
1499 4273 1557 4327 in
1617 4290 1684 4328 ea
1734 4279 1817 4328 tot
1862 4292 2150 4331 annorum

503 4363 812 4419 curriculis
844 4379 1206 4436 paganorum
1240 4361 1599 4417 fecdilatibus
1632 4362 1918 4417 sordidari
1944 4365 2153 4435 permi-

2262 3212 2348 3266 Tu
2381 3210 2515 3282 quis
2544 3226 2627 3277 es,
2663 3208 2938 3264 domine?
2968 3232 2994 3258 ››
3028 3208 3096 3263 Et
3128 3206 3224 3263 ille
3257 3223 3270 3263 ε
3297 3230 3323 3257 ‹‹
3351 3207 3467 3281 Ego
3484 3225 3617 3263 sum
3642 3208 3919 3265 Andreas

2261 3298 2583 3372 apostolus.
2623 3321 2649 3347 κ
2680 3297 3051 3369 Adjecitque:
3080 3320 3107 3345 u
3133 3296 3400 3363 Fili,cum
3424 3296 3625 3352 urbem
3649 3296 3800 3352 hanc
3822 3295 3919 3352 in-

2258 3387 2569 3455 traveritis,
2603 3391 2657 3442 et
2688 3403 2817 3441 eam
2848 3385 2905 3440 in
2935 3388 3214 3458 potestate
3244 3383 3587 3453 habueritis,
3618 3385 3690 3440 ad
3721 3383 3918 3441 eccle-

2262 3477 2409 3531 siam
2440 3476 2600 3531 Deati
2628 3475 2778 3530 Petri
2830 3473 3094 3530 celeriter
3143 3474 3306 3541 vade,
3357 3479 3415 3529 et
3442 3474 3523 3528 “in
3577 3473 3702 3529 loco
3728 3490 3919 3547 quem

2261 3570 2659 3622 monstravere
2690 3563 3082 3629 tibi,invenies
3106 3562 3389 3632 lanceam,
3406 3579 3522 3635 qua
3550 3562 3923 3635 perforatum

2262 3660 2349 3711 est
2380 3654 2532 3710 'atus
2580 3653 2894 3709 Salvatoris
2925 3652 3129 3707 nostri.
3159 3674 3187 3703 ‹‹
3222 3651 3339 3707 Hoc
3369 3656 3509 3707 tunc
3538 3651 3925 3709 solummodo

2257 3742 2571 3817 Apostolus
2600 3741 2745 3797 dixit
2776 3742 2938 3797 mihi.
2970 3742 3089 3814 Ego
3116 3757 3250 3796 vero
3286 3744 3428 3796 tunc
3466 3757 3647 3797 ausus
3678 3757 3798 3796 non
3830 3741 3927 3797 fui

2260 3833 2367 3888 hoc
2399 3832 2572 3887 alicui
2598 3830 2873 3897 indicare,
2897 3830 3240 3886 existimans
3262 3846 3354 3885 me
3384 3846 3592 3885 vanam
3623 3829 3922 3887 visionem
3980 3844 3981 3859 ‘

2260 3922 2495 3977 vidisse.
2528 3920 2691 3975 Nunc
2723 3937 2856 3975 vero
2890 3920 3003 3976 ista
3033 3924 3198 3975 nocte
3220 3918 3435 3975 iterum
3467 3919 3741 3992 apparuit
3768 3920 3923 3976 mibi

2260 4011 2459 4067 dicens
2494 4027 2507 4065 :
2545 4032 2571 4060 η
2596 4008 2740 4065 Veni
2793 4013 2849 4064 et
2879 4009 3185 4065 ostendam
3216 4009 3319 4063 tibi
3354 4007 3544 4063 locum
3577 4007 3677 4063 ubi
3707 4006 3927 4065 lancea
3976 4068 3977 4087 η

2261 4099 2601 4154 abscondita
2632 4102 2739 4166 est,
2774 4097 2926 4153 sicut
2955 4098 3195 4171 promisi
3228 4097 3356 4153 tibi.
3383 4096 3615 4153 Festina
3650 4095 3834 4170 igitur
3856 4106 3929 4154 ut

2262 4187 2530 4244 extrahas
2566 4204 2715 4254 eam,
2751 4187 3024 4258 quoniam
3060 4186 3433 4259 portantibus
3476 4202 3601 4241 eam
3635 4192 3926 4259 sequetur

2260 4276 2515 4332 victoria.
2538 4301 2565 4325 ‹‹
2586 4277 2653 4331 Et
2671 4275 2925 4331 ostendit
2948 4276 3087 4330 mihi
3114 4280 3352 4331 sanctus
3374 4274 3671 4348 apostolus
3692 4275 3920 4347 locum,

2262 4383 2435 4438 quem
2448 4365 2638 4420 venite
2656 4370 2711 4419 et
2727 4365 2934 4435 videte,
2951 4369 3005 4419 et
3026 4365 3158 4420 inde
3171 4381 3299 4420 eam
3316 4364 3870 4421 mecumextrahite.
3890 4389 3918 4413 υ
3970 4424 3971 4431 η

503 4453 649 4509 seris
684 4469 695 4509 :
731 4453 893 4508 Unde
926 4453 982 4506 in
1015 4451 1173 4507 caelis
1204 4450 1474 4505 lartantur
1503 4451 1685 4505 sancti
1720 4452 1906 4524 angeli
1956 4452 2062 4519 tui,
2094 4458 2150 4508 et
2183 4453 2226 4518 D
2258 4456 2519 4526 Cumque
2552 4470 2756 4509 omnes
2786 4454 2857 4507 ad
2907 4452 3211 4510 ecclesiam
3264 4453 3422 4509 Beati
3473 4452 3628 4509 Petei
3674 4469 3915 4511 currere

503 4547 802 4598 consortes
860 4540 971 4597 mei
1032 4539 1298 4613 apostoli.
1336 4562 1363 4587 ››
1393 4539 1555 4594 Tunc
1610 4539 1895 4598 Dominus
1941 4541 2019 4597 ait
2051 4559 2148 4597 $1-

501 4630 717 4687 eerdoti
742 4647 848 4686 suo
873 4647 885 4686 :
912 4654 937 4679 ‹‹
964 4629 1140 4696 Vade,
1159 4628 1249 4683 dic
1273 4627 1487 4700 populo
1501 4646 1629 4683 meo
1653 4632 1715 4683 ut
1737 4634 2056 4686 revertatur
2076 4632 2149 4687 ad

501 4736 616 4787 me,
672 4724 729 4775 ct
776 4736 881 4792 ego
932 4722 1187 4774 revertar
1237 4718 1307 4773 ad
1370 4733 1525 4783 eum,
1577 4719 1626 4773 ei
1680 4718 1831 4774 infra
1890 4720 2149 4792 quinque

500 4808 623 4864 dies
656 4808 886 4863 mittam
918 4807 1001 4863 eis
1051 4807 1349 4863 sufficiens
1399 4805 1705 4874 auxilium,
1738 4805 1970 4862 interim
2003 4825 2148 4881 quo-

499 4897 642 4953 tidie
692 4900 885 4952 cantet
930 4896 1040 4951 hoc
1087 4895 1524 4968 responsorium
1568 4911 1580 4949 :
1616 4896 1957 4968 Congregati
2012 4902 2152 4954 sunt

502 4986 724 5041 inimici
778 4985 957 5041 nostri
1002 4988 1057 5040 et
1086 4984 1414 5055 gioriantur
1442 4984 1499 5038 in
1530 4982 1741 5040 virtute
1773 5003 1880 5040 sua
1911 5002 1923 5041 :
1958 4990 2146 5042 totum

2257 4541 2487 4609 vellent,
2523 4542 2735 4612 adjecit
2754 4541 3026 4607 adhuc,et
3056 4542 3139 4598 ait
3168 4559 3181 4596 :
3217 4542 3454 4598 Mandat
3473 4540 3640 4597 vobis
3668 4549 3916 4599 sanctus

2260 4631 2513 4688 Andreus
2546 4631 2844 4703 apostolus
2879 4647 2891 4685 :
2927 4630 3009 4686 Ne
3041 4630 3299 4687 timeatis
3330 4631 3429 4687 sed
3461 4631 3824 4687 confitemini
3858 4637 3917 4687 et

2258 4720 2655 4794 pmnitcntiam
2678 4724 2831 4793 agito
2852 4738 2886 4775 a
2908 4719 3081 4776 malis
3101 4719 3375 4792 operibus
3396 4718 3913 4792 vestris,quoniam

2259 4810 2411 4864 infra
2440 4809 2700 4882 quinque
2748 4807 2873 4865 dies
2925 4827 3106 4882 super
3137 4807 3406 4865 inimicos
3443 4813 3668 4864 vestros
3696 4808 3913 4865 iterum

2256 4896 2722 4970 triumphabitis.
2740 4920 2767 4947 ››
2786 4898 2945 4953 Tunc
2960 4915 3164 4954 omnes
3181 4896 3537 4953 unanimiter
3551 4896 3916 4970 glorificave-

2258 4991 2395 5042 runt
2420 4987 2627 5055 Deum,
2662 4986 2764 5058 qui
2796 4986 3148 5059 dignabatur
3176 4985 3463 5043 tonsolari
3497 4984 3725 5042 dolores
3760 4987 3917 5060 ipso-
3960 4990 3961 5003 ³

2258 5093 2411 5131 rum.
2444 5075 2649 5131 Statim
2683 5092 2815 5131 vero
2869 5080 3253 5132 cucurrerunt
3304 5076 3375 5131 ad
3409 5073 3718 5132 ecclesiam
3758 5077 3915 5133 Beati
3958 5084 3959 5119 ι

2257 5163 2409 5220 Petri
2441 5163 2740 5235 cupientes
2778 5163 2970 5219 locum
3012 5164 3228 5232 videre,
3262 5164 3360 5220 ubi
3406 5164 3655 5219 debebat
3711 5164 3917 5222 lancea
3956 5162 3957 5233 l

502 5091 637 5130 cum
669 5091 860 5129 versu.
898 5098 924 5122 »
954 5073 1069 5128 Hac
1097 5073 1174 5127 ita
1205 5072 1427 5128 visione
1459 5073 1766 5144 completa,
1802 5074 2149 5131 venerabilis

497 5164 802 5237 presbyter
849 5178 1054 5217 somno
1105 5161 1387 5218 excitatus
1437 5162 1707 5228 surrexit,
1758 5165 2149 5235 expansisquc

497 5251 776 5308 manibus
828 5250 1030 5317 oravit,
1058 5255 1230 5321 prout
1261 5250 1515 5322 Spiritus
1553 5255 1793 5306 sanctus
1822 5251 1996 5307 dabat
2028 5253 2148 5308 elo-

497 5340 595 5412 qui
631 5338 735 5394 illi.
772 5339 909 5394 Inde
940 5339 1143 5394 eadem
1192 5338 1282 5394 dic
1314 5338 1456 5393 liora
1504 5340 1676 5394 tertia
1708 5340 2043 5397 immediate
2074 5342 2147 5397 ad

496 5427 791 5499 principes
825 5427 1114 5483 exercitus
1136 5426 1748 5500 perrexit,invenitque
1780 5446 1877 5482 cos
1910 5448 2147 5485 sursum

2260 5253 2525 5321 inveniri,
2560 5253 2833 5308 foderunt
2882 5257 3078 5309 autem
3120 5253 3199 5309 ibi
3250 5254 3526 5309 tredecim
3559 5252 3853 5321 homines,
3883 5274 3917 5310 a
3954 5300 3955 5347 ‘

2258 5358 2427 5397 mane
2452 5359 2638 5413 usque
2669 5341 2738 5397 ad
2772 5341 3304 5415 vesperam,sicque
3336 5359 3488 5408 eam,
3518 5341 3771 5400 Domino
3803 5345 3913 5399 dis-
3952 5382 3953 5415 ξ

2257 5435 2508 5503 ponente
2539 5436 2876 5503 repererunt
2902 5450 2914 5499 ;
2950 5430 3176 5505 fuitque
3208 5449 3423 5505 magna
3446 5430 3647 5487 laetitia
3667 5431 3729 5488 in
3752 5431 3906 5489 omni

1614 5526 1924 5582 NOTULIE
1961 5528 2425 5584 MARGINALES
2466 5529 2585 5583 MS.
2630 5529 2786 5593 COD.

488 5612 599 5681 (51)
634 5612 734 5670 Cui
768 5615 923 5671 Deus
953 5618 1219 5691 apparet,
1253 5612 1393 5687 quia
1423 5612 1505 5669 sic
1539 5614 1663 5670 sine
1695 5614 1937 5671 crimine
1960 5622 2142 5687 paret.
