3996 6096
128 324 254 391 725

885 325 1230 390 ROBERTI
1273 324 1627 390 ΜΟΝΑοΗί
1671 323 1873 387 HlS'l‘.
1917 324 2334 388 HIEROSOL.
2367 323 2622 386 -—LIB.
2667 323 2799 386 VII.

3420 320 3538 386 726
3592 392 3603 401 _

126 458 368 536 populo,
401 456 748 533 magnisque
776 458 1018 516 vocibus
1048 456 1466 531 personabant:
1507 457 1571 514 Te
1603 461 1782 514 Deum
1811 458 1866 525 Α
1895 460 2126 512 nerunt.
2176 454 2581 512 Convenerunt
2627 454 2890 529 undique
2936 453 3131 525 Turei,
3181 454 3384 514 audire
3414 472 3540 532 ges-

127 549 444 607 taudamus.
496 547 677 605 Gloria
723 549 785 605 in
829 549 1055 605 excelsis
1095 547 1232 604 Deo.
1267 549 1431 603 Tunc
1478 563 1682 603 omnes
1720 544 1781 600 in

125 638 309 696 simul
332 638 700 709 juraverunt,
748 642 813 693 ut
841 636 1040 693 nullus
1082 654 1283 693 eorum
1331 642 1569 709 propter
1598 634 1781 692 ullam

126 726 573 784 tribulationem
604 742 707 781 seu
738 730 987 782 mortem
1026 726 1269 797 fugeret,
1316 742 1421 781 nec
1452 726 1524 780 ah
1552 724 1782 796 incepto

122 815 336 872 itinere
365 814 554 871 sancti
585 813 834 888 sepulcri
847 812 1189 870 discederet.
1215 813 1419 869 Omnis
1441 813 1636 885 itaque
1666 812 1783 885 ple-

126 903 262 961 beia
292 903 608 959 multitudo
655 902 856 977 gavisa
883 908 992 973 est,
1024 920 1159 959 cum
1207 907 1642 959 sacramentum
1673 900 1783 958 hoc

117 994 396 1065 jumrent
425 993 712 1062 majores;
745 996 804 1048 et
833 991 980 1048 alter
1008 991 1257 1048 alterum
1289 992 1363 1047 ad
1394 990 1557 1048 virile
1607 992 1783 1046 robur

124 1080 494 1148 hortabatur,
529 1084 587 1136 et
616 1081 684 1137 de
704 1081 900 1137 divino
923 1080 1233 1154 adjutorio,
1257 1081 1411 1153 quod
1436 1079 1785 1136 ﬁducialiter

125 1170 544 1243 unusquisque
562 1169 1023 1242 praestolabatur,
1044 1169 1455 1247 applaudebat.
1479 1170 1658 1225 Nocte
1680 1167 1785 1242 igi-

124 1264 228 1317 tur
258 1260 523 1316 insecuta
553 1259 705 1333 ignis
734 1260 805 1317 de
834 1259 978 1316 coelo
1008 1259 1247 1316 veniens
1268 1260 1340 1315 ab
1367 1259 1661 1315 occidente
1685 1276 1783 1331 ap-

124 1348 348 1423 paruit,
380 1354 438 1404 et
467 1348 617 1404 inter
642 1349 965 1404 Tuscorum
991 1348 1308 1405 exercitum
1353 1348 1591 1417 corruit,
1625 1349 1780 1421 quod

126 1438 372 1511 signum
404 1437 579 1493 corda
608 1437 874 1493 omnium
906 1437 1278 1494 vehementer
1298 1437 1702 1509 obstupefecit,
1727 1440 1784 1493 et

126 1526 387 1584 maxime
403 1527 724 1583 Turcorum
742 1526 801 1582 in
829 1543 1081 1599 quorum
1101 1527 1351 1583 tentoria
1370 1527 1602 1582 cecidit.
1628 1528 1785 1582 Inter

124 1632 190 1675 se
222 1616 384 1673 enim
416 1614 714 1672 vaticinari
745 1621 1064 1688 cmperunt,
1099 1617 1254 1688 quod
1286 1621 1486 1687 postea
1515 1616 1781 1689 contigit,

126 1704 272 1779 quia
302 1704 456 1779 ignis
503 1705 575 1761 de
623 1705 764 1761 ccelo
782 1705 1161 1773 descendens,
1195 1705 1282 1761 ira
1301 1705 1400 1762 Dei
1424 1710 1567 1773 erat,
1595 1727 1623 1755 »
1646 1706 1785 1778 quia

125 1811 264 1851 vero
293 1794 369 1850 ab
399 1793 697 1850 occidente
721 1798 977 1863 venerat,
1019 1794 1375 1849 Francorum
1424 1793 1662 1867 agmina
1689 1795 1783 1849 de-
1816 1830 1863 1895 Β

127 1883 425 1957 signabat,
460 1899 562 1956 per
591 1899 737 1957 quos
768 1882 866 1938 ires
898 1899 1016 1938 sua:
1034 1882 1600 1939 animadversionem
1623 1898 1786 1938 exer-

115 1973 309 2029 cebat.
341 1971 475 2028 Jam
508 1988 639 2028 vero
672 1969 773 2045 qui
803 1970 1065 2027 seniores
1094 1975 1280 2040 erant,
1315 1975 1618 2043 cmperunt
1648 1988 1681 2026 a
1702 1971 1783 2026 fe-

114 2061 365 2118 rocitate
397 2077 507 2117 sua
535 2058 1126 2133 quantulumcunque
1158 2077 1586 2128 mansuescere,
1619 2064 1675 2116 et
1709 2059 1781 2115 ab

116 2167 186 2207 ea
216 2166 397 2222 quam
432 2150 599 2223 prius
644 2148 973 2206 habuerant
1017 2148 1387 2206 animositate
1429 2154 1778 2222 torpescere.

118 2238 230 2296 Sed
255 2239 400 2312 quia
426 2237 741 2295 stultorum
763 2236 1033 2294 inﬁnitus
1058 2241 1183 2293 erat
1205 2253 1508 2305 numerus,
1530 2242 1785 2293 nostros-

116 2345 229 2402 que
274 2327 349 2384 ad
400 2325 665 2400 praelium
716 2326 1109 2395 concitabant,
1162 2342 1266 2382 nec
1311 2325 1407 2382 die
1460 2342 1564 2381 nec
1613 2331 1779 2382 nocte

114 2416 583 2490 requieseebant,
610 2415 1180 2489 placuitsenioribus
1204 2431 1437 2471 murum
1466 2408 1618 2470 inter
1646 2432 1707 2471 se
1724 2418 1781 2471 et

115 2505 250 2563 illos
279 2508 641 2562 construere.
677 2508 743 2561 ut
770 2504 858 2560 vel
887 2505 973 2560 sic
1021 2504 1222 2561 liceret
1254 2503 1325 2559 ad
1361 2503 1654 2559 modicum
1688 2522 1776 2559 re-

114 2594 370 2669 spirare.
403 2593 529 2650 Una
560 2592 652 2650 die
683 2592 840 2650 enim
872 2598 993 2649 tam
1017 2593 1229 2649 acriter
1260 2593 1317 2648 in
1342 2597 1573 2648 nostros
1594 2592 1776 2648 irrue-

116 2689 258 2740 runt
288 2687 355 2739 ut
386 2687 506 2739 tres
538 2682 593 2738 in
627 2699 743 2738 una
777 2688 935 2738 turre
963 2699 1092 2755 quae
1139 2686 1264 2738 erat
1292 2686 1427 2737 ante
1469 2680 1776 2737 castellum

115 2771 502 2840 incluserint;
537 2788 604 2826 ex
634 2771 850 2844 quibus
880 2772 996 2827 duo
1028 2770 1311 2827 vulnerati
1339 2772 1410 2826 de
1436 2775 1594 2826 turre
1624 2771 1778 2827 exire

118 2859 439 2934 compulsi,
471 2865 527 2916 et
556 2859 742 2934 capite
771 2858 922 2933 plexi
954 2864 1127 2929 sunt;
1158 2877 1313 2915 unus
1329 2877 1481 2928 vero,
1502 2877 1688 2932 usque
1704 2861 1777 2916 ad

116 2967 427 3024 vesperam
462 2948 682 3005 fortiter
711 2948 989 3005 resistens
1020 2948 1361 3022 permansit,
1418 2949 1682 3022 duosque
1712 2966 1781 3004 ex

122 3039 241 3096 illis
272 3038 512 3108 occidit,
549 3043 604 3095 et
625 3038 710 3095 sic
728 3037 1000 3111 deinceps
1017 3037 1211 3112 gladio
1227 3038 1405 3094 vitam
1424 3037 1629 3093 ﬁnivit.
1650 3037 1782 3104 Qui-

118 3129 255 3196 bus,
291 3129 437 3184 dum
468 3127 742 3194 viverent,
776 3143 911 3182 cum
944 3127 1323 3183 Boamundus
1344 3114 1521 3184 vellet
1550 3144 1782 3183 succur-

1890 545 2102 601 tientes
2132 545 2273 617 quid
2318 544 2576 601 dicerent
2625 545 3090 602 Christianorum
3141 545 3353 601 nuntii.
3404 547 3541 602 Erat

1891 638 2087 690 autem
2118 634 2421 690 Corbanan
2454 634 2716 690 residens
2736 634 2794 690 in
2817 634 2983 701 solio,
3004 633 3248 690 indutus
3277 634 3434 691 cultu
3456 652 3538 692 re.

1890 723 2005 797 gio,
2021 723 2341 795 habituque
2360 740 2661 796 pomposo,
2682 729 2814 779 ante
2832 725 3002 795 cuius
3019 724 3223 780 faciem
3240 725 3538 781 venientes

1891 812 2135 869 minime
2166 830 2226 868 se
2258 812 2707 879 inclinaverunt,
2744 813 2843 869 sed
2876 818 3066 869 erecta
3095 813 3313 869 cervice
3342 814 3537 871 astite-

1888 906 2047 957 runt.
2080 901 2243 969 Quod
2266 918 2399 957 cum
2430 902 2600 957 Turci
2644 902 2928 971 viderent,
2959 920 3109 976 aegre
3156 901 3448 972 tulerunt;
3481 905 3541 962 et

1892 989 2004 1045 nisi
2035 989 2225 1045 nuntii
2245 994 2459 1059 essent,
2479 990 2741 1062 superbae
2760 990 3129 1046 continentiae
3150 990 3533 1064 ignominiam

1889 1078 2306 1135 vindicassent.
2323 1080 2486 1135 Tunc
2499 1078 2688 1135 nuntii
2704 1078 2784 1134 nil
2803 1083 3166 1149 cunctantes,
3188 1079 3536 1138 licctomnes

1892 1166 1978 1223 ira
2026 1166 2324 1235 commoti,
2380 1168 2937 1236 circumfremerent,
2988 1169 3238 1241 superbo
3289 1169 3535 1243 principi

1891 1256 2163 1313 dixerunt
2191 1256 2334 1329 (52):
2367 1280 2395 1304 ‹‹
2430 1257 2753 1323 Corbanan,
2775 1258 3127 1313 Francorum
3147 1275 3413 1331 proceres
3432 1259 3537 1316 tibi

1891 1346 2203 1401 mandant:
2238 1345 2401 1402 Unde
2433 1346 2538 1401 tibi
2571 1346 2816 1419 contigit
2843 1351 2963 1402 tam
2990 1347 3311 1404 temulenta
3357 1349 3539 1405 auda-

1890 1434 2000 1501 cia,
2035 1436 2188 1507 quod
2219 1438 2445 1490 armata
2476 1451 2656 1491 manu
2685 1439 2889 1491 contra
2919 1453 3017 1492 eos
3047 1436 3277 1506 venisti,
3305 1455 3441 1494 cum
3474 1443 3537 1494 tu

1890 1527 1948 1579 et
1976 1541 2076 1579 rex
2104 1528 2241 1579 tuus
2270 1540 2532 1597 gensque
2562 1530 2662 1580 tua
2690 1525 2751 1580 in
2778 1542 2978 1581 eorum
3005 1531 3316 1600 conspectu
3348 1527 3543 1601 culpa-

1891 1611 2038 1668 biles
2072 1612 2222 1681 sitis,
2277 1614 2377 1686 qui
2410 1617 2594 1669 terras
2643 1613 3106 1670 Christianorum
3154 1615 3543 1674 immoderata

1891 1701 2211 1773 cupiditate
2242 1701 2560 1770 invasistis,
2592 1719 2807 1775 eosque
2836 1720 3040 1761 omnes
3060 1704 3277 1778 injuria
3305 1707 3541 1764 affectos

1892 1789 2210 1847 occidistis.
2244 1790 2559 1848 Infernales
2589 1791 2668 1848 dii
2698 1792 2784 1849 tui
2813 1798 2869 1850 te
2899 1794 3130 1867 turpius
3173 1813 3289 1852 non
3332 1800 3541 1870 potue-

1895 1882 2034 1934 runt
2062 1878 2466 1948 dehonestare,
2514 1897 2692 1953 quam
2737 1883 2892 1955 quod
2923 1886 2978 1939 te
3011 1883 3298 1941 miserunt
3339 1889 3543 1942 contra

1893 1984 1992 2025 eos
2019 1985 2301 2041 pugnare.
2335 1969 2393 2027 Si
2427 1969 2572 2026 ratio
2594 1970 2750 2042 juris
2780 1976 2973 2027 tecum
3004 1977 3179 2042 esset,
3213 1976 3270 2030 et
3293 1990 3543 2031 censura

1892 2056 2184 2129 aequitatis
2214 2058 2519 2115 nobiscum
2567 2075 2736 2132 agere
2780 2059 2976 2130 velles,
3011 2078 3118 2118 nos
3149 2066 3341 2119 tecum
3386 2064 3544 2137 juris

1890 2145 2110 2203 honore
2142 2150 2369 2203 servato
2401 2147 2901 2217 ratiocinaremur,
2929 2153 2987 2206 et
3014 2152 3168 2224 quod
3205 2152 3544 2209 Cbristano-

1890 2252 2021 2291 rum
2051 2252 2181 2292 esse
2212 2236 2401 2302 debet,
2421 2236 2909 2294 incontradicibili
2932 2256 3200 2297 sermone
3221 2242 3548 2299 ostendere-

1889 2340 2045 2380 mus.
2081 2325 2244 2391 Quod
2272 2325 2320 2381 si
2352 2325 2505 2398 apud
2540 2330 2595 2381 te
2618 2327 2765 2398 aequi
2791 2328 3064 2400 ponderis
3088 2333 3229 2386 sunt
3248 2331 3350 2403 jus
3382 2335 3439 2387 et
3460 2348 3551 2387 ra.

1887 2413 1989 2483 tio,
2032 2418 2097 2469 ut
2123 2413 2431 2486 voluptosa
2475 2414 2767 2482 voluntas,
2816 2416 2917 2472 fiat
2953 2416 3106 2473 inter
3151 2423 3284 2476 tuos
3316 2423 3545 2476 nostros

1888 2503 2276 2561 determinata
2322 2520 2538 2577 pugna.
2571 2508 2628 2560 et
2676 2504 2994 2562 victoribus
3023 2507 3245 2581 absque
3293 2507 3544 2565 aliorum

1887 2591 2193 2665 sanguinis
2242 2592 2549 2665 dispendio
2582 2596 2705 2650 tota
2753 2594 2875 2650 haec
2921 2597 3275 2652 concedatur
3323 2597 3529 2670 patria.

1886 2681 2049 2749 Quod
2081 2680 2129 2736 si
2164 2697 2267 2735 nec
2300 2680 2399 2749 ita,
2434 2698 2539 2737 nec
2561 2681 2664 2750 sic,
2685 2683 3024 2755 complacet,
3054 2689 3157 2742 aut
3181 2686 3379 2760 fugam
3416 2703 3547 2761 pro-

1885 2771 2047 2826 tinus
2076 2768 2237 2835 inite,
2271 2774 2373 2825 aut
2403 2769 2551 2826 colla
2578 2771 2764 2827 vestia
2786 2776 3118 2830 nostrorum
3140 2775 3381 2833 ensibus
3401 2794 3544 2850 pra-

1886 2864 2071 2932 parat.
2107 2879 2136 2908 ››
2167 2858 2269 2914 His
2300 2858 2473 2915 dictis
2490 2860 2779 2915 sermonis
2796 2861 3081 2918 mediator
3097 2864 3394 2921 conticuit.
3414 2871 3544 2923 Cor-

1885 2949 2079 3004 banan
2108 2964 2244 3004 vero
2271 2946 2359 3003 ira
2376 2965 2590 3021 magna
2603 2949 3027 3022 inﬂammatus,
3044 2951 3138 3007 vix
3156 2952 3312 3026 loqui
3330 2956 3538 3027 potuit:

1887 3041 1944 3092 et
1970 3036 2211 3092 tandem
2243 3036 2300 3090 in
2326 3035 2447 3092 haec
2464 3037 2639 3093 verba
2656 3039 2940 3112 prorupit,
2960 3039 3161 3097 dicens
3183 3043 3323 3111 (53):
3352 3042 3544 3101 «Vere

1889 3141 2032 3197 gens
2066 3125 2444 3205 Francorum,
2472 3142 2617 3198 gens
2643 3127 2922 3199 superba;
2959 3129 3059 3185 sed
3110 3135 3310 3187 nostro
3347 3130 3543 3204 gladio

118 3234 268 3283 rere,
302 3218 402 3272 vix
430 3216 685 3290 aliquem
721 3215 905 3289 potuit
935 3216 1257 3287 extrahere,
1313 3216 1453 3289 quia
1502 3215 1631 3271 illos
1665 3234 1779 3272 non
1811 3199 1853 3266 C
1890 3211 2280 3270 refrenabitur
2306 3199 2507 3270 eorum
2539 3215 2834 3288 superbia.
2859 3216 2988 3273 ideo
3010 3221 3203 3274 autem
3237 3199 3545 3292 requirunt

120 3312 219 3365 tan
230 3312 361 3362 tum
379 3305 567 3362 hostis
595 3305 858 3379 urgebat,
878 3308 1166 3377 quantum
1182 3304 1375 3361 valida
1392 3305 1576 3361 fames
1594 3304 1788 3377 oppri-

118 3396 358 3453 mcbat:
391 3393 554 3450 Unde
570 3394 757 3450 iratus
773 3394 968 3467 ignem
987 3395 1124 3466 poni
1143 3394 1414 3467 praecepit
1432 3393 1490 3449 in
1513 3392 1786 3449 domibus

117 3503 251 3558 quae
292 3487 464 3541 erant
500 3484 572 3540 ab
605 3483 706 3540 illa
744 3487 927 3556 parte,
962 3482 1060 3538 ubi
1092 3489 1148 3539 et
1191 3482 1476 3556 palatium
1521 3482 1786 3538 Cassiani

118 3579 251 3632 erat
280 3577 353 3629 ut
382 3573 479 3644 qui
515 3572 669 3629 exire
694 3576 899 3645 sponte
921 3570 1214 3641 nolebant,
1237 3571 1445 3628 saltem
1465 3570 1616 3627 exire
1634 3588 1788 3626 com-

120 3662 490 3737 pellerentur
520 3660 706 3716 inviti.
740 3661 904 3716 Tunc
932 3677 1067 3715 cum
1097 3660 1232 3733 igne
1263 3664 1426 3716 tanta
1453 3658 1609 3715 venti
1639 3663 1786 3716 tem-

124 3756 329 3827 pestas
363 3754 564 3805 exorta
611 3754 719 3816 est,
748 3750 904 3822 quod
951 3753 1181 3805 tantum
1230 3748 1471 3804 ﬂamma
1516 3747 1788 3804 invaluit-

126 3841 289 3915 quod
324 3854 516 3911 usque
545 3838 618 3894 ad
649 3838 764 3894 duo
798 3837 983 3894 millia
1004 3838 1311 3894 domorum
1342 3836 1791 3894 etecclesiarum

130 3926 552 3988 combusserit.
581 3927 958 3983 Boamundus
976 3932 1040 3983 ut
1059 3926 1203 3983 vidit
1220 3927 1519 3983 flammam
1543 3926 1695 4000 ignis
1714 3926 1795 3982 ita

130 4019 465 4091 insurgere,
512 4015 858 4089 paenitentia
906 4016 1118 4072 ductus
1165 4015 1539 4072 vehementer
1585 4014 1790 4084 doluit,

134 4107 421 4181 quoniam
452 4104 524 4161 de
552 4102 799 4161 ecclesia
825 4103 1014 4160 Beatri
1044 4104 1194 4160 Petri
1219 4108 1548 4177 sanctasque
1580 4103 1679 4160 Dei
1697 4120 1795 4178 ge-

134 4194 372 4253 nitricis
402 4193 618 4261 Marias,
653 4190 973 4265 multisque
1003 4192 1138 4249 aliis
1164 4191 1487 4265 pertimuit.
1530 4192 1796 4248 Duravit-

136 4302 251 4359 que
280 4281 623 4339 incendium
655 4282 729 4337 ab
758 4281 902 4338 hora
931 4282 1045 4337 diei
1069 4281 1243 4338 tertia
1272 4298 1381 4354 usq
1430 4298 1460 4337 e
1480 4280 1540 4336 in
1569 4284 1798 4337 noctem

131 4372 420 4438 mediam,
451 4374 509 4427 et
539 4371 623 4427 sic
652 4370 823 4427 flante
853 4376 1024 4427 vento
1054 4387 1089 4427 a
1117 4374 1281 4444 parte
1323 4370 1579 4442 dextera,
1613 4369 1672 4426 in
1705 4387 1798 4426 se-

134 4462 332 4537 ipsam
368 4476 599 4516 reversa
627 4463 719 4516 est
748 4460 1006 4516 ﬂamma.

814 4548 1049 4605 CAPUT
1091 4547 1140 4604 ΙΙ

210 4640 470 4708 Lancea,
503 4642 567 4693 ut
599 4653 779 4710 supra
801 4637 1075 4706 diximus,
1109 4640 1256 4693 nutu
1289 4636 1390 4693 Dei
1423 4635 1678 4705 inventa,
1710 4652 1805 4693 se-

139 4730 344 4788 niores
376 4730 435 4783 et
465 4725 846 4799 magistratus
863 4725 1086 4782 militia:
1105 4726 1417 4782 consilium
1436 4729 1803 4798 acceperunt,

136 4826 207 4877 ut
239 4818 315 4873 ad
350 4815 655 4872 Corbanan
689 4814 1035 4888 legationem
1069 4832 1239 4871 suam
1272 4814 1591 4881 mitterent,
1637 4815 1807 4886 eique

138 4906 436 4966 mandata
475 4919 768 4976 suumque
813 4902 1125 4960 consilium
1158 4920 1261 4976 per
1307 4904 1683 4976 interpretem
1716 4901 1809 4959 sui

140 4994 446 5055 sermonis
477 4993 786 5049 deferrent.
818 4992 1085 5065 Cumque
1115 4993 1185 5049 de
1208 4991 1412 5048 multis
1430 4990 1808 5065 ﬁeretinqui-

139 5085 306 5151 sitio,
340 5098 448 5138 nec
480 5081 697 5154 aliquis
744 5084 1122 5154 praesumeret
1164 5081 1285 5137 haec
1318 5081 1466 5137 ferre
1510 5081 1809 5147 mandata,

138 5173 391 5231 tandem
425 5171 542 5227 duo
576 5170 789 5226 inventi
814 5174 972 5239 sunt,
1007 5170 1313 5235 Heluinus,
1348 5174 1407 5226 et
1447 5170 1654 5226 Petrus
1682 5186 1811 5226 ere-

1891 3302 2335 3359 denominatum
2385 3302 2671 3375 praelium,
2706 3308 2771 3359 ut
2809 3304 3024 3378 quibus
3073 3308 3239 3363 cedet
3279 3307 3542 3382 victoria,

1893 3392 2061 3448 cedat
2086 3396 2143 3446 et
2164 3391 2498 3463 imperium,
2524 3393 2802 3464 quoniam
2822 3393 2947 3450 sine
2972 3394 3218 3451 aliorum
3237 3397 3545 3471 sanguinis

1895 3480 2223 3553 dispendio,
2256 3483 2358 3535 aut
2385 3481 2585 3552 patria:
2615 3482 2817 3537 volunt
2843 3483 3038 3553 ditari,
3076 3488 3177 3541 aut
3206 3502 3240 3541 a
3271 3486 3545 3542 manibus

1897 3568 2114 3625 nostris
2159 3568 2416 3624 liberari.
2468 3570 2578 3625 Sed
2609 3574 2749 3625 tunc
2801 3571 3035 3628 salubre
3084 3573 3396 3630 consilium
3428 3592 3543 3632 non

1895 3657 2260 3714 invenerunt.
2285 3674 2416 3713 cum
2451 3675 2551 3730 pro
2572 3659 2900 3716 elfeminaia
2917 3665 3087 3733 gente
3103 3679 3266 3719 arma
3283 3679 3548 3737 sumpse-

1899 3751 2057 3803 runt.
2090 3747 2310 3802 Tamen
2330 3746 2520 3802 adhuc
2537 3748 2636 3814 ite,
2653 3747 2885 3821 illisque
2902 3751 3232 3808 renuntiate
3247 3752 3549 3825 quoniam,

1900 3836 1951 3892 si
1979 3834 2181 3891 volunt
2194 3836 2363 3891 Deum
2380 3853 2553 3892 suum
2572 3838 2861 3910 abnegare
2878 3856 3112 3912 suaeque
3129 3840 3553 3899 Christianitati

1901 3924 2257 3993 renuntiare,
2311 3923 2369 3979 in
2401 3925 2648 3997 gratiam
2681 3943 2884 3983 omnes
2929 3929 3300 4002 recipiemus,
3343 3935 3401 3987 et
3430 3935 3552 3987 ter-

1900 4031 2029 4070 ram
2060 4012 2210 4068 hanc
2238 4013 2324 4069 eis
2352 4013 2724 4081 donabimus,
2757 4019 2813 4072 et
2835 4016 3019 4073 multo
3045 4017 3372 4074 meliorem:
3405 4023 3463 4076 et
3484 4019 3557 4077 de

1904 4102 2178 4159 omnibus
2206 4101 2432 4174 equites
2464 4103 2765 4160 faciemus.
2800 4105 2960 4172 Quod
2994 4106 3043 4162 si
3076 4108 3261 4164 facere
3290 4107 3557 4182 neglexe-

1905 4190 2045 4259 rint,
2080 4206 2284 4247 omnes
2316 4191 2373 4245 in
2404 4191 2669 4264 proximo
2703 4193 3028 4250 morientur
3056 4200 3160 4251 aut
3188 4196 3464 4253 vinculati
3498 4196 3557 4253 in

1906 4284 2122 4337 terram
2136 4284 2397 4336 nostram
2423 4280 2842 4353 captivabuntu
2852 4300 2896 4339 r.
2914 4305 2942 4333 »
2958 4284 3095 4340 Post
3112 4283 3233 4341 haec
3252 4285 3557 4355 Heluinus,

1909 4369 2011 4442 qui
2032 4368 2268 4425 illorum
2297 4374 2531 4425 neverat
2559 4369 2843 4443 linguam.
2866 4372 3116 4445 subjecit
3132 4378 3189 4429 et
3203 4373 3314 4430 ait:
3335 4376 3451 4444 (54)
3468 4398 3495 4425 ‹‹
3515 4374 3561 4431 Ο

1911 4458 2182 4532 princeps
2202 4457 2422 4515 nullius
2440 4457 2680 4528 militiae,
2701 4460 2801 4515 sed
2825 4460 3005 4517 totius
3026 4461 3282 4531 malitias,
3307 4463 3355 4519 si
3381 4463 3562 4521 scires

1835 4569 1880 4633 Ι)
1912 4564 2089 4620 quam
2120 4545 2631 4604 dementissimum
2661 4552 2751 4604 est
2779 4549 2934 4622 apud
2965 4549 3328 4608 Christianos
3348 4551 3559 4608 dicere:

1913 4636 2072 4709 Nega
2103 4635 2438 4692 Dominum.
2475 4653 2779 4709 nunquam
2802 4638 2872 4693 de
2900 4641 3002 4693 tuo
3033 4655 3129 4695 ore
3151 4638 3376 4713 polluto
3406 4656 3566 4713 egre-

1915 4725 2151 4781 deretur
2190 4725 2304 4781 tale
2346 4725 2611 4782 verbum.
2664 4726 2898 4783 Scimus
2928 4744 3032 4801 pro
3071 4732 3227 4785 certo
3274 4728 3401 4803 ipso
3449 4728 3567 4784 Deo

1916 4829 2091 4886 quem
2123 4830 2335 4888 negare
2367 4813 2579 4871 suades
2605 4814 2917 4885 revelante,
2950 4816 3089 4888 quia
3113 4816 3171 4872 in
3195 4817 3458 4891 proximo
3480 4820 3571 4873 est

1917 4905 2118 4959 nostra
2148 4901 2329 4970 salus,
2364 4905 2422 4958 et
2449 4907 2638 4959 vester
2666 4904 2969 4982 interitus;
2997 4910 3263 4962 nostrum
3284 4905 3569 4980 gaudium

1918 4994 1976 5047 et
2003 4998 2258 5047 vestrum
2292 4991 2731 5048 detrimentum.
2757 4993 2898 5059 Quis
2913 5011 3046 5051 vero
3064 5011 3193 5052 sero
3209 4996 3373 5053 vobis
3389 4999 3576 5051 trans-

1921 5079 2085 5135 misit
2129 5079 2347 5153 ignem,
2400 5079 2502 5152 qui
2541 5098 2641 5137 vos
2672 5080 2752 5136 ita
2799 5084 3132 5155 perterruit,
3166 5089 3223 5141 et
3252 5086 3323 5141 de
3360 5084 3486 5141 loco
3513 5083 3576 5140 in

1921 5185 2036 5241 quo
2064 5168 2314 5225 tentoria
2346 5167 2603 5226 fixeratis
2636 5170 2718 5225 ita
2748 5172 3151 5242 perturbavit?
3172 5173 3421 5248 Signum
3442 5172 3574 5241 hoc,

142 5262 320 5320 mita.
356 5260 425 5317 Hi
473 5276 609 5315 cum
659 5259 973 5333 interprete
1016 5257 1126 5314 iter
1174 5275 1347 5314 suum
1380 5259 1451 5314 ad
1486 5259 1813 5314 Turcorum
1923 5258 1982 5313 in
2034 5262 2369 5330 portentum
2395 5257 2588 5315 veniet
2617 5258 2813 5327 vobis;
2850 5261 3039 5328 nobis,
3074 5261 3131 5316 in
3151 5262 3428 5319 salutem:
3463 5276 3580 5332 quo

144 5356 349 5410 castra
381 5348 738 5414 direxerunt,
766 5347 899 5404 dein
922 5347 994 5404 ad
1027 5346 1331 5404 Corbanan
1353 5347 1605 5403 tentoria
1625 5362 1818 5419 perve—

1925 5346 2083 5403 niam
2116 5346 2304 5418 ipsius
2334 5345 2436 5402 Dei
2470 5347 2652 5407 nostri
2685 5351 2912 5406 certam
2941 5349 3078 5406 inde
3106 5350 3395 5408 habemus
3424 5347 3583 5421 lega-

1286 5455 1593 5513 NOTUL/E
1632 5455 2099 5513 MARGINALES
2139 5455 2261 5515 MS.
2303 5454 2465 5515 COD.

145 5550 262 5623 (52)
299 5547 678 5623 Francigenae
706 5550 927 5623 gentes
941 5549 1155 5623 natura
1181 5544 1376 5623 .Marte.
1401 5544 1678 5623 furentes,

292 5624 421 5678 Hoc
454 5614 745 5678 mandant
775 5616 1006 5675 Parthis
1050 5621 1117 5675 ut
1146 5614 1269 5673 sint
1308 5615 1380 5672 ad
1410 5615 1564 5673 bella
1605 5615 1821 5688 parati:

1935 5546 2048 5618 (53)
2075 5547 2381 5618 Corbanan
2418 5549 2590 5617 fatur,
2624 5550 2683 5603 et
2713 5550 2942 5607 nostris
2971 5544 3344 5618 conviciatur.

1940 5615 2056 5691 (54)
2085 5616 2303 5678 Servus
2333 5619 2391 5674 et
2422 5618 2535 5683 iste
2565 5615 2665 5678 Dei
2698 5615 3168 5690 conviciatur_ci.
