3994 6082
387 339 502 397 727

901 334 1004 395 AD
1052 330 1564 396 GODEFRIDUM
1609 330 1943 393 APPEND.
1991 327 2069 390 Il.
2104 362 2181 374 —
2210 329 2524 398 MONUM.
2573 335 2674 398 DE
2715 333 2964 401 BELLO
3011 336 3286 401 SACRO.

3676 336 3800 400 728

383 473 624 527 tionem.
658 491 686 520 ››
721 469 1024 525 Corbanan
1055 467 1154 521 diu
1189 466 1338 521 ferre
1377 482 1491 521 non
1543 464 1730 536 potuit
1777 461 2026 519 convitia
2054 463 2109 530 Α
2140 466 2459 523 monticulo
2488 471 2669 537 stans,
2689 474 2963 527 exeuntes
2980 470 3318 542 aspiciebat,
3340 473 3398 526 et
3413 470 3552 526 dum
3574 470 3803 527 exirent

383 560 630 627 Helvini,
661 564 717 615 et
746 557 1016 630 praecepit
1046 573 1077 609 a
1110 561 1422 626 conspectu
1444 554 1730 609 suoillum
1761 553 2033 608 amoveri.

384 652 778 720 Dixeruntque
810 647 861 702 ei
895 645 996 717 qui
1026 644 1144 699 illic
1178 645 1467 705 astabant,
1489 647 1553 697 ut
1583 642 1696 697 cito
1719 643 2033 708 recederet,

385 742 532 797 alias
562 754 867 809 nunquam
900 738 950 791 ei
986 734 1192 801 legatio
1224 737 1527 804 proliceret
1557 731 1697 802 quin
1731 732 1929 785 statim
1954 732 2036 785 in-

384 832 604 887 teriret.
642 828 739 882 Ille
771 842 904 881 cum
937 825 1113 879 sociis
1142 822 1224 877 ita
1255 821 1543 886 discessit,
1564 826 1615 873 et
1638 821 1705 874 ad
1729 820 1932 875 urbem
1953 837 2013 875 re

384 920 614 976 meavit.
648 918 761 971 Nec
793 912 1259 987 praetereundum
1285 909 1424 981 quid
1457 909 1584 963 istis
1608 908 2031 976 recedentibus,

384 1011 684 1066 Corbanan
719 1005 844 1059 suis
885 1002 1119 1057 dixerit:
1159 1022 1187 1049 «
1219 999 1479 1053 Audistis
1512 1014 1667 1052 nunc
1713 998 1850 1068 quid
1888 1015 2034 1069 pan~

385 1098 513 1154 nosi
544 1096 650 1162 illi,
680 1094 963 1164 vultuque
995 1088 1401 1162 despicabiles,
1434 1093 1489 1142 et
1523 1086 1743 1141 nullius
1776 1104 2034 1158 personae

385 1184 749 1252 homunculi,
765 1187 821 1237 et
839 1197 1014 1253 quam
1035 1183 1368 1235 constanter
1385 1176 1560 1231 locuti
1586 1176 1734 1241 sint;
1761 1193 1864 1229 nec
1887 1176 2031 1230 iram

385 1281 646 1332 nostram
678 1278 734 1328 et
764 1271 880 1328 tela
909 1268 1187 1324 micantia
1207 1270 1580 1338 expaverunt.
1606 1265 1799 1319 Unum
1826 1265 1896 1319 de
1919 1264 2034 1319 illis

383 1370 490 1431 est,
526 1363 663 1437 quia
694 1359 984 1432 desperati
1018 1362 1177 1424 sunt,
1210 1361 1265 1411 et
1295 1355 1496 1409 volunt
1528 1354 1698 1418 mori,
1726 1359 1782 1406 et
1808 1353 2036 1408 malunt

383 1456 529 1511 mori
565 1469 742 1526 quam
775 1447 1074 1522 captivari.
1102 1447 1454 1517 Proptereao
1475 1443 1775 1498 fortissimi
1797 1442 2031 1510 milites,

383 1564 514 1601 cum
549 1544 618 1598 ad
656 1540 918 1615 praelium
950 1537 1233 1599 venerint,
1269 1534 1529 1604 undique
1562 1549 1659 1586 eos
1688 1532 2034 1587 circumval-

380 1637 516 1701 late,
551 1651 622 1689 ne
648 1629 818 1687 alicui
853 1627 927 1683 sit
958 1626 1120 1681 locus
1152 1622 1494 1686 divertendi,
1531 1638 1633 1675 nec
1662 1619 1914 1691 spatium
1936 1619 2032 1675 diu

379 1724 607 1782 vivendi
630 1740 641 1776 :
664 1718 943 1792 quoniam
963 1715 1113 1771 sicis
1131 1711 1474 1784 aliquandiu
1495 1710 1629 1764 licet
1648 1709 1855 1778 vivere,
1880 1714 2036 1764 antc-

2145 555 2403 611 dicebat:
2440 580 2467 607 «
2503 559 2663 614 State
2695 559 2899 629 quieti,
2933 559 3151 616 milites
3180 560 3314 628 mei,
3344 578 3399 626 ei
3420 561 3694 616 omnibus
3711 579 3805 618 ex-

2145 646 2228 699 ire
2261 647 2601 717 permittite,
2634 653 2699 702 ut
2728 664 2827 702 eos
2855 649 3066 703 melius
3095 650 3397 706 valeamus
3426 650 3806 722 comprehen-

2146 735 2301 789 dere.
2340 757 2366 782 ››
2386 736 2649 791 Habebat
2680 741 2879 792 autem
2904 739 3075 808 juxta
3105 755 3165 792 se
3192 738 3448 810 positum
3489 740 3808 808 Aquitani-
3884 750 3895 758 '

2144 839 2279 877 cum
2316 825 2655 894 quemdam,
2707 841 2886 896 quem
2917 843 3024 882 nos
3070 826 3479 898 provincialem
3526 827 3807 907 dicimus,

2145 911 2245 983 qui
2280 912 2410 965 fidei
2450 917 2661 967 nostrae
2693 915 3223 982 abrenuntiaverat,
3257 921 3315 971 et
3341 917 3645 973 edacitatis
3665 918 3811 990 gula

2145 1005 2381 1055 coactus
2417 1001 2488 1055 de
2517 1000 2753 1057 civitate
2782 1003 3016 1070 exierat,
3051 1008 3109 1058 et
3140 1004 3199 1059 in
3246 1005 3710 1061 adversariorum
3740 1024 3806 1064 se

2145 1094 2337 1145 castra
2368 1091 2714 1147 contulerat.
2749 1092 2932 1147 Hicde
2951 1094 3168 1150 nostris
3187 1094 3370 1150 multa
3385 1095 3804 1151 nefandadixe-

2144 1183 2254 1242 rat,
2289 1180 2443 1249 quod
2475 1181 2626 1234 fame
2647 1180 3049 1236 moriebantur
3064 1186 3119 1237 et
3135 1199 3342 1239 omnes
3358 1184 3503 1257 fugae
3524 1187 3797 1257 praesidia

2144 1266 2556 1334 moliebantur,
2590 1270 2744 1339 quod
2762 1287 2944 1342 equos
2961 1288 3099 1326 suos
3117 1274 3506 1340 eomederant,
3530 1280 3588 1330 et
3602 1275 3794 1330 vietus

2144 1356 2342 1426 inopia
2374 1357 2768 1424 tabcscebant,
2801 1358 3065 1431 nihilque
3095 1365 3333 1425 restare,
3359 1361 3467 1416 nisi
3503 1364 3657 1435 quod
3689 1370 3796 1420 aut

2147 1445 2432 1516 fugerent,
2466 1450 2566 1499 aut
2596 1446 2801 1501 ditioni
2838 1447 3141 1503 Corbanan
3170 1466 3231 1504 se
3262 1450 3594 1506 subderent.
3619 1452 3798 1508 Dum-

2145 1549 2256 1604 que
2288 1533 2481 1588 divisae
2516 1533 2668 1591 acies
2699 1536 2823 1591 suis
2852 1536 3159 1592 ordinibus
3189 1539 3261 1593 de
3283 1538 3515 1595 civitate
3551 1540 3796 1605 exirent,

2145 1621 2449 1675 Corbanan
2478 1622 2648 1692 cujus
2675 1627 2829 1678 esset
2862 1641 3226 1695 unaquazque
3276 1626 3625 1696 requirebat,
3669 1644 3798 1699 quae

2142 1711 2529 1781 Aquitanicus
2560 1711 2608 1765 ei
2645 1711 2847 1767 ordine
2880 1714 3183 1768 referebat.
3209 1712 3305 1769 Sol
3336 1730 3467 1769 vero
3490 1731 3665 1787 super
3693 1732 3799 1771 au-

381 1832 556 1890 quam
591 1826 797 1868 omnes
826 1804 1271 1870 interficiantur,
1306 1816 1549 1871 magnas
1582 1804 1807 1870 strages
1839 1800 1908 1853 de
1929 1816 2032 1853 no-
2064 1835 2112 1900 Β
2148 1804 2303 1853 ratas
2331 1798 2543 1854 loricas
2575 1805 2632 1853 et
2665 1800 2898 1856 lanceas
2929 1800 3126 1855 radios
3158 1801 3433 1869 inferens,
3475 1803 3674 1860 oculos
3703 1805 3801 1859 in-

381 1886 520 1965 stris
550 1902 783 1959 facient.
818 1920 845 1949 »
882 1898 944 1951 In
977 1894 1086 1949 hoc
1118 1896 1361 1963 apparet
1389 1890 1542 1960 quod
1564 1888 1868 1943 Corbanan
1893 1886 2033 1943 stul-

379 2002 479 2053 tus
509 1997 652 2060 erat,
688 1989 828 2062 quia
843 1987 926 2042 sic
946 1982 1237 2055 loquendo
1261 1995 1502 2034 suorum
1531 1977 1828 2032 mentibus
1848 1981 2034 2031 terro-

377 2104 501 2144 rem
532 2080 874 2139 incutiebat.
907 2076 1021 2130 Nee
1044 2070 1375 2127 mirandum
1401 2067 1449 2122 si
1474 2066 1756 2137 insipiens
1775 2064 2035 2136 loquitur

382 2172 722 2239 amentiam,
756 2166 898 2238 quia
925 2164 1151 2234 spiritus
1179 2158 1466 2230 sapientia:
1497 2172 1601 2210 non
1636 2157 1803 2209 intrat
1825 2171 1885 2209 m
1912 2171 2030 2208 ma-

381 2264 610 2322 levolam
631 2260 877 2315 animam
907 2253 1052 2323 (Sep.
1078 2267 1118 2315 1,
1153 2249 1227 2315 4).

1016 2337 1247 2393 CAPUT
1288 2335 1384 2390 ΙΙΙ.

432 2413 655 2498 γΡΘῒῐἮΒ
683 2432 940 2492 Eremita
967 2435 1024 2485 et
1040 2426 1316 2484 Helvinus
1334 2423 1405 2478 ad
1430 2421 1720 2495 principes
1743 2421 2028 2478 exercitus

376 2529 589 2589 reversi
622 2530 780 2591 sunt,
814 2527 869 2578 et
900 2537 1027 2592 qua:
1051 2517 1351 2571 Corbanan
1369 2511 2027 2584 responderatnarrave-

376 2625 534 2678 runt.
588 2618 753 2672 Tunc
805 2607 1103 2668 Podiensis
1153 2604 1463 2676 cpiscopus
1512 2604 1659 2654 nutu
1693 2604 1748 2654 et
1779 2616 2024 2655 assensu

376 2709 663 2772 omnium,
718 2702 1059 2757 triduanum
1120 2693 1394 2749 omnibus
1453 2689 1664 2744 indixit
1701 2688 2019 2759 jejunium.

375 2794 789 2869 Unusquisque
822 2804 966 2861 puro
998 2784 1168 2839 corde
1200 2778 1662 2869 confessusfuit,
1695 2783 1751 2869 et
1781 2777 1882 2869 qui
1917 2777 2021 2869 uti-

375 2880 517 2961 quid
544 2866 614 2941 ad
664 2879 953 2937 edendum
1004 2871 1228 2937 habuit,
1264 2887 1377 2924 non
1432 2866 1668 2961 habenti
1699 2867 2018 2961 distribuit.

376 2955 512 3034 Illos
542 2979 659 3029 tres
690 2971 815 3026 dies
848 2965 1211 3022 deduxerunt
1241 2976 1375 3014 cum
1407 2956 1564 3012 omni
1606 2955 1932 3010 humilitate
1965 2959 2023 3010 et

376 3066 627 3141 puritate
641 3044 2018 3124 eordis,ecclesiasprocessuonandoeircuientes,

376 3133 433 3212 et
462 3150 693 3210 Domini
734 3142 1197 3203 misericordiam
1244 3136 1648 3208 implorantes.
1702 3133 1897 3188 Tertia
1926 3134 2021 3189 die

2142 1888 2435 1943 tuentium
2464 1889 2888 1953 reverberabat,
2922 1895 2980 1944 et
3010 1890 3357 1947 adversariis
3387 1896 3669 1948 terrorem
3693 1895 3801 1948 im-

2144 1977 2430 2042 mittebat,
2466 1985 2527 2031 ut
2542 1978 2739 2032 divina
2756 1979 3340 2050 Scripturatestatur,
3361 1979 3500 2052 quia
3521 1982 3796 2038 terribilis

2140 2073 2219 2119 est
2247 2074 2552 2121 castrorum
2580 2069 2723 2123 acies
2752 2067 3009 2124 ordinata
3051 2069 3231 2135 (Cant.
3264 2087 3341 2137 vr,
3374 2072 3449 2137 3).
3482 2069 3557 2125 Ut
3595 2076 3793 2126 autem

2141 2152 2383 2208 insimul
2415 2171 2622 2210 omnes
2650 2156 2974 2227 conspexit,
3012 2157 3165 2213 intra
3199 2160 3580 2231 semetipsum
3612 2159 3790 2215 infre-

2141 2242 2309 2312 muit,
2342 2243 2863 2300 circumstantibus
2880 2244 3109 2301 dicens:
3131 2269 3157 2296 «
3175 2246 3385 2319 Magna
3403 2253 3494 2303 est
3507 2264 3650 2320 gens
3666 2248 3789 2319 illa,

2136 2330 2495 2404 honesteque
2525 2340 2778 2389 armata:
2811 2351 2923 2390 non
2960 2334 3101 2389 mihi
3134 2336 3365 2392 videtur
3407 2336 3563 2408 quod
3609 2336 3792 2393 velint

2136 2420 2353 2492 fugere,
2389 2421 2488 2476 sed
2522 2420 2769 2491 instare;
2796 2422 3019 2494 quodve
3038 2423 3218 2479 velint
3246 2425 3510 2497 obsequi,
3533 2425 3630 2480 sed
3653 2441 3787 2497 per-

2135 2510 2323 2581 sequi.
2360 2532 2388 2559 »
2420 2510 2746 2567 Conversus
2780 2511 2976 2583 itaque
3007 2514 3078 2568 ad
3110 2518 3435 2584 apostatam
3468 2531 3661 2581 suum,
3688 2514 3785 2569 in-

2134 2599 2287 2670 quit:
2324 2622 2351 2647 ‹‹
2388 2599 2646 2654 Furcifer
2676 2600 3057 2673 omniumque
3083 2601 3518 2669 scelestissime,
3543 2619 3669 2674 quas
3691 2604 3786 2658 fri-

2130 2686 2259 2742 vola
2290 2688 2483 2743 dixisti
2522 2689 2688 2744 nobis
2708 2690 3237 2760 superhominibus
3256 2691 3403 2759 istis,
3425 2692 3580 2763 quod
3601 2708 3786 2764 equos

2132 2792 2270 2832 suos
2302 2777 2681 2843 comederint,
2713 2784 2770 2833 et
2801 2780 2953 2834 fame
2984 2778 3226 2834 cruciati
3263 2782 3460 2852 fugam
3495 2780 3786 2852 pararint?

2132 2864 2238 2920 Per
2266 2865 2637 2921 Machomum
2671 2866 2730 2921 in
2764 2874 2938 2938 caput
2967 2874 3136 2923 tuum
3168 2868 3597 2940 retorquebitur
3625 2870 3787 2927 istud

2130 2953 2522 3021 mendacium,
2556 2954 2883 3026 capitisque
2904 2954 3031 3011 lues
3053 2956 3430 3028 supplicium.
3453 2979 3479 3006 η
3501 2958 3665 3012 Tunc
3686 2975 3782 3014 ac-

2129 3045 2376 3099 cersitus
2409 3044 2717 3113 gladiator,
2751 3045 2981 3117 tyranni
3018 3046 3212 3117 paruit
3234 3045 3496 3117 imperio,
3520 3052 3578 3101 et
3598 3048 3788 3119 evagi-

2133 3138 2266 3187 nato
2310 3132 2503 3203 gladio
2548 3138 2723 3205 caput
2767 3133 2883 3188 illis
2926 3133 3214 3205 praecidit;
3262 3135 3619 3206 dignamque
3662 3153 3784 3191 suae

372 3194 766 3305 illucescente,
816 3235 1008 3290 missae
1054 3247 1155 3302 per
1196 3226 1470 3283 ecclesias
1517 3223 1817 3305 celebratae
1858 3226 2016 3289 sunt,
2051 3194 2094 3261 C
2131 3222 2491 3293 garrulitatis
2511 3226 2567 3277 et
2584 3223 2892 3293 apostasia,
2917 3227 3162 3278 mortem
3182 3223 3545 3278 subit-Tunc
3567 3224 3785 3296 quippe

373 3346 692 3402 omnesque
722 3301 923 3381 sancta
967 3301 1252 3376 Dominici
1302 3312 1559 3386 corporis
1608 3301 2019 3366 communione

373 3399 789 3479 communicati
821 3414 976 3466 sunt.
1012 3406 1315 3461 Communi
1349 3402 1558 3457 deinde.
1590 3399 1833 3455 consilio
1865 3401 2019 3454 intra

373 3511 577 3567 urbem
620 3523 719 3561 sex
766 3502 921 3556 acies
972 3495 1427 3557 constituuntur,
1482 3496 1537 3545 ct
1567 3507 1693 3561 qua:
1744 3487 1925 3560 prius,
1964 3493 2020 3543 et

371 3616 496 3670 quae
544 3591 834 3668 posterius
867 3589 1018 3643 irent
1067 3584 1431 3638 ordinantur.
1482 3578 1673 3633 Prima
1722 3578 1876 3631 acies
1910 3575 2018 3631 fuit

367 3666 629 3758 liugonis
673 3679 890 3751 Magni,
925 3680 981 3731 et
1028 3670 1401 3729 Flandrensis
1451 3667 1711 3730 comitis;
1759 3666 2019 3721 secunda

364 3754 498 3831 vero
522 3771 688 3828 ducis
727 3763 1051 3828 Godefridi;
1084 3762 1141 3815 in
1173 3758 1346 3814 tertia
1374 3773 1506 3811 vero
1538 3754 1646 3809 fuit
1676 3771 1871 3809 comes
1900 3755 2014 3809 Ro-

366 3865 568 3921 bertus
597 3861 998 3916 Nortmannus
1029 3867 1161 3905 cum
1203 3848 1359 3912 suis;
1394 3849 1606 3916 quarta
1627 3842 1734 3897 fuit
1763 3842 2014 3897 Podien-

365 3954 447 4010 sis
492 3948 771 4023 episcopi,
826 3944 923 4016 qui
967 3956 1165 3995 secum
1216 3935 1465 4010 portavit
1512 3931 2011 4023 lanceam‘nostri

365 4020 707 4098 Salvatoris.
739 4039 950 4091 etcum
983 4030 1081 4084 illo
1108 4028 1215 4082 fuit
1237 4040 1450 4096 magna
1468 4039 1603 4093 pars
1622 4020 1905 4075 exercitus
1923 4036 2014 4075 co-

362 4129 523 4186 mitis
554 4125 750 4183 Sancti
782 4120 1010 4194 tEgidii,
1046 4118 1142 4189 qui
1175 4116 1245 4170 ad
1278 4111 1604 4168 custodiam
1636 4109 1885 4165 civitatis
1918 4124 2011 4163 re-

361 4216 606 4283 mansit;
640 4213 847 4286 quinta
874 4205 1154 4265 Tancredi
1186 4204 1331 4270 fuit;
1365 4205 1424 4256 et
1454 4197 1778 4254 Boamundi
1825 4201 2007 4264 sexta,

360 4324 495 4364 cum
527 4321 642 4377 quo
672 4299 1052 4373 expeditiores
1086 4295 1155 4350 ad
1190 4292 1404 4347 bellum
1429 4289 1652 4360 pedites
1676 4288 1930 4377 fuerunt,
1954 4290 2011 4341 et

358 4375 574 4451 milites
606 4392 704 4464 qui
727 4406 909 4462 equos
926 4403 1066 4442 suos
1088 4381 1431 4438 necessitate
1450 4377 1584 4432 victi
1603 4375 2005 4464 vendiderant.

356 4463 647 4556 Episcopi,
680 4475 1021 4551 presbyteri,
1056 4470 1269 4529 clerici,
1303 4473 1358 4523 et
1389 4463 1680 4526 monachi,
1714 4463 1897 4518 sacris
1916 4479 2004 4517 ve-

2129 3311 2425 3365 mandavit
2454 3310 2778 3365 admiraldo
2809 3328 2914 3366 suo
2946 3312 3043 3382 qui
3078 3311 3445 3367 custodiebat
3466 3330 3639 3368 suum
3661 3314 3787 3369 the-

2128 3416 2389 3465 saurum,
2427 3412 2491 3453 ut
2530 3399 2565 3454 si
2602 3400 2793 3471 ignem
2827 3416 3139 3454 accensum
3171 3399 3229 3453 in
3247 3400 3437 3472 capite
3457 3400 3546 3456 sui
3564 3401 3782 3457 excrci-

2129 3493 2223 3542 tus
2254 3488 2490 3555 videret,
2526 3488 2721 3559 fugam
2744 3487 3009 3558 protinus
3033 3489 3333 3560 arriperet,
3354 3493 3412 3544 et
3435 3488 3631 3544 omnia
3652 3507 3782 3562 quae

2126 3594 2235 3631 sua
2263 3586 2448 3641 erant,
2482 3593 2679 3631 secum
2716 3581 2990 3648 portaret,
3016 3576 3278 3649 aliosque
3300 3577 3499 3649 fugere
3520 3579 3780 3651 compel-

2126 3664 2294 3731 leret;
2329 3665 2502 3719 sciret
2532 3665 2688 3719 enim
2719 3665 2858 3736 quia
2888 3666 3243 3720 Francorum
3279 3666 3473 3738 gentis
3502 3670 3627 3721 erat
3656 3667 3782 3722 bel-

2124 3751 2276 3821 lum;
2312 3753 2423 3808 sibi
2456 3770 2590 3809 vero
2620 3753 2860 3809 victoria
2886 3753 3216 3809 cesseratin
3239 3755 3619 3810 contrarium.
3642 3756 3786 3812 Nos-

2122 3842 2195 3895 tri
2226 3858 2359 3897 vero
2393 3841 2608 3898 milites
2642 3848 2707 3897 ut
2737 3843 2991 3914 primum
3030 3843 3087 3896 in
3123 3843 3439 3914 quamdam
3476 3843 3780 3914 planitiem

2120 3937 2427 3996 venerunt,
2466 3931 2746 3986 Podiense
2776 3931 3048 4003 episcopo
3080 3930 3364 3987 innuente
3386 3936 3698 3999 steterunt,
3722 3939 3782 3989 et

2122 4037 2257 4074 cum
2291 4038 2525 4075 summo
2580 4021 2809 4076 silentio
2865 4038 3194 4076 sermonem
3226 4019 3388 4075 illius
3441 4020 3776 4077 audierunt.

2121 4110 2256 4164 Erat
2286 4114 2481 4165 autem
2504 4110 2751 4165 vestitus
2774 4110 2973 4172 lorica,
2997 4116 3053 4164 et
3081 4109 3138 4164 in
3160 4110 3396 4165 dextera
3414 4126 3593 4164 manu
3616 4108 3779 4167 illius

2119 4197 2177 4252 in
2209 4197 2391 4253 altum
2412 4203 2601 4254 erecta
2618 4198 2932 4253 Salvatoris
2950 4198 3153 4253 lancea
3169 4197 3269 4270 qui
3296 4215 3361 4253 os
3383 4215 3557 4253 suum
3578 4198 3635 4252 in
3654 4198 3778 4255 hzee

2116 4288 2294 4341 verba
2322 4288 2612 4358 aperiens,
2646 4286 2823 4352 dixit;
2860 4310 2887 4337 ‹‹
2921 4286 3137 4342 Omnes
3182 4286 3280 4358 qui
3315 4286 3373 4341 in
3405 4285 3634 4342 Christo
3674 4288 3775 4343 ba-

2119 4376 2315 4447 ptizati
2353 4393 2584 4440 sumus,
2630 4375 2733 4431 filii
2766 4376 2865 4430 Dei
2899 4382 2955 4431 et
2987 4377 3197 4431 fratres
3241 4375 3487 4431 invicem
3534 4393 3773 4443 sumus;

2118 4481 2268 4533 quos
2300 4482 2435 4536 ergo
2467 4465 2773 4534 conjunxit
2808 4482 2922 4519 una
2940 4463 3220 4536 spiritalis
3236 4462 3464 4536 copula,
3485 4465 3702 4536 jungat
3721 4471 3779 4520 et

357 4552 547 4630 stibus
578 4552 768 4625 induti
796 4583 930 4622 cum
964 4562 1256 4619 militibus
1287 4561 1449 4612 extra
1493 4560 1715 4627 portam
1761 4552 2010 4607 civitatis
2042 4557 2087 4620 ι)
2120 4553 2350 4607 dilectio
2384 4570 2519 4608 una.
2552 4554 2881 4624 Pugnemus
2912 4553 3091 4624 igitur
3107 4552 3435 4619 unanimes,
3456 4557 3521 4606 ut
3546 4553 3773 4621 fratres,

354 4662 642 4726 exierunt,
675 4659 970 4729 portantes
1006 4653 1061 4707 in
1096 4648 1368 4704 manibus
1395 4644 1519 4699 suis
1541 4658 1761 4708 cruces,
1797 4640 2015 4711 quibus

353 4749 453 4807 Dei
485 4746 768 4823 populum
798 4742 1133 4815 signabant,
1167 4742 1222 4793 et
1255 4732 1485 4804 magnis
1513 4730 1751 4823 vocibus
1784 4730 1856 4823 ad
1888 4747 2006 4784 cce-

351 4820 781 4895 lum'manibus
827 4829 1081 4887 extensis
1132 4826 1491 4881 clamabant:
1525 4821 1750 4875 Salvum
1793 4820 2006 4890 [(10ρο-

345 4929 542 5001 pulum
592 4932 767 4987 tuum,
819 4922 1062 4977 Domine.
1096 4924 1146 4972 et
1188 4913 1407 4970 benedic
1444 4909 1750 4965 lurreditutt'
1798 4914 1921 4974 tum,
1954 4915 2007 4961 et

347 4999 471 5083 rege
516 5030 624 5077 eos,
656 5020 705 5066 et
755 5011 950 5065 artatis
994 5010 1079 5063 eos
1128 5020 1278 5059 nunc
1326 5010 1377 5056 et
1406 5015 1573 5070 usque
1604 4999 1664 5051 in.
1713 5004 1998 5049 (sternam.

346 5102 470 5156 Esto
506 5103 602 5169 eis,
658 5100 904 5159 nomine,
958 5098 1129 5151 turris
1178 5090 1522 5164 [brtutidinis
1551 5104 1583 5140 a
1617 5087 1757 5154 facie
1808 5085 2002 5137 {uimi-

346 5207 535 5247 corum
562 5204 807 5243 suorum.
856 5186 969 5241 l-Ios
1015 5189 1070 5237 et
1104 5181 1251 5235 alios
1296 5177 1553 5250 psalmos
1598 5172 2002 5238 concinebant,

346 5278 478 5334 illos
510 5276 800 5350 prmcipue
831 5274 929 5346 qui
961 5268 1321 5327 tribulationi
1354 5264 1792 5321 conveniebant.
1827 5259 2003 5350 Simi-

343 5367 478 5423 liter
508 5348 591 5421 llli
622 5365 721 5437 qui
758 5364 814 5418 in
846 5362 1107 5417 turribus
1130 5362 1297 5414 erant
1324 5360 1380 5411 et
1402 5371 1579 5425 super
1597 5368 1811 5405 murun
1847 5348 2001 5437 idem

345 5455 631 5512 faciebant
667 5458 721 5507 et
751 5452 1087 5507 cantabant.
1126 5444 1355 5517 Egressi
1385 5448 1525 5498 sunt
1558 5443 1754 5511 itaque
1791 5436 2002 5492 militss

302 5540 309 5548 ’
343 5545 552 5601 Christi
588 5547 790 5599 contra
820 5538 1102 5596 satellites
1120 5533 1484 5598 Antichristi,
1507 5548 1606 5601 per
1629 5534 1856 5599 portam
1875 5541 2001 5595 qua:

341 5640 434 5715 est
464 5639 595 5690 ante
630 5628 1114 5689 Machumariam.
1147 5626 1447 5679 Cor-banan
1480 5634 1610 5673 vero
1643 5617 1699 5670 in
1747 5613 2001 5686 quodam

2124 4658 2227 4713 pro
2255 4641 2565 4696 animabus
2597 4647 2652 4696 et
2682 4641 3025 4712 corporibus
3052 4640 3290 4706 nostris,
3320 4640 3474 4695 sicut
3506 4639 3680 4711 positi
3715 4642 3773 4696 in

2116 4731 2293 4786 rebus
2334 4731 2629 4785 extremis.
2679 4730 3030 4786 Mementote
3056 4735 3322 4802 quantas
3365 4728 3775 4786 tribulationes

2115 4819 2273 4889 passi
2307 4817 2447 4873 estis
2480 4836 2581 4889 pro
2615 4818 2868 4890 peccatis
2899 4818 3129 4884 vestris,
3157 4818 3306 4873 sicut
3326 4834 3483 4872 nunc
3503 4817 3668 4873 vobis
3692 4818 3774 4872 in-

2114 4914 2415 4961 notescere
2447 4905 2725 4978 dignatus
2757 4914 2847 4962 est
2879 4908 2939 4965 in
2970 4906 3294 4963 visionibus
3319 4906 3597 4961 Dominus
3618 4906 3775 4963 Deus

2115 5001 2329 5050 noster.
2366 4996 2529 5050 Nunc
2560 5013 2692 5051 vero
2726 4996 2955 5069 purgati
2987 4996 3149 5063 estis,
3189 4996 3417 5066 Deoque
3441 5011 3543 5066 per
3572 4996 3774 5049 omnia

2117 5084 2495 5139 reconciliati.
2531 5085 2600 5139 Et
2631 5085 2767 5156 quid
2804 5084 3130 5141 timeretis?
3162 5083 3392 5139 nullum
3424 5084 3588 5139 vobis
3631 5100 3772 5139 eon-

2114 5171 2339 5242 tingere
2370 5177 2561 5243 potest
2590 5172 2851 5229 omnimo
2883 5172 3295 5229 infortunium.
3328 5172 3548 5238 Quihie
3566 5172 3775 5228 morie-

2114 5264 2230 5323 tur,
2261 5261 2484 5315 vivente
2519 5261 2740 5317 felicior
2768 5261 2897 5329 erit,
2946 5261 3084 5333 quia
3127 5278 3231 5333 pro
3274 5259 3584 5333 temporali
3629 5260 3771 5319 vita.

2114 5348 2330 5418 gaudia
2381 5349 2740 5420 adipiscetur
2786 5354 3032 5405 mterna:
3087 5351 3196 5418 Qui
3238 5367 3371 5406 vero
3424 5351 3773 5405 remanserit

2114 5441 2432 5506 superstes,
2469 5455 2646 5508 super
2680 5439 3049 5493 inimicorum
3084 5455 3325 5493 suorum
3378 5436 3773 5510 triumphabit

2110 5522 2370 5592 victoria,
2405 5525 2739 5598 divitiisque
2770 5524 3006 5580 illorum
3038 5527 3340 5593 ditabitur,
3369 5532 3425 5582 et
3453 5524 3617 5581 nulla
3658 5542 3773 5581 an-

2092 5613 2445 5684 .gustabitur
2476 5614 2692 5686 inopia.
2724 5613 2841 5671 Vos
2872 5613 3035 5671 scitis
3067 5615 3205 5687 quid
3242 5614 3499 5688 perpessi
3536 5614 3686 5681 sitis,
3712 5618 3772 5671 et
