3996 6096
219 208 339 271 729

961 204 1298 268 ROBERTI
1347 200 1703 267 MONACHI
1747 199 1952 263 IIIS'I‘.
1997 195 2411 260 HIEROSOL.
2444 230 2523 243 —
2553 195 2699 258 Ll'B.
2742 195 2873 260 VII.

3492 197 3614 262 730

221 341 357 416 quid
388 339 449 397 iu
478 336 924 414 praesentiarum
957 342 1091 398 ante
1109 355 1212 398 vos
1236 335 1501 395 videatis.
1535 332 1858 394 Orientales
1886 332 1945 402 Α
1972 330 2127 405 quod
2160 347 2411 405 magnus
2458 329 2685 389 amicus
2732 347 2877 390 suus
2923 328 3007 388 ita
3052 328 3223 389 celeri
3263 348 3439 391 cursu
3478 351 3612 393 cum

220 429 447 488 divitias
477 429 719 486 adduxit
737 429 904 486 vobis
923 428 1210 486 Dominus
1228 433 1418 485 vester
1447 427 1508 484 in
1540 425 1748 483 faciem
1768 442 1856 481 ve-

217 525 417 587 stram,
452 519 572 575 imo
601 518 663 575 in
714 518 988 578 manibus
1034 518 1266 575 vertiis.
1308 515 1750 583 Confortamini,
1800 517 1858 571 et

219 613 400 668 estote
428 607 536 663 viri
558 607 1095 681 cordati,quoniam
1110 609 1237 680 jam
1269 606 1461 662 mittet
1476 606 1762 662 Dominus
1782 604 1858 660 le-

222 698 440 774 giones,
474 701 813 753 sanctorum
853 714 1117 766 suorum,
1142 696 1240 769 qui
1272 696 1629 752 ulciscentur
1655 711 1756 750 vos
1790 694 1859 750 de

217 786 470 843 inimicis
496 786 724 843 vestris.
750 786 932 843 Hodie
960 786 1231 842 videbitis
1250 785 1381 841 illos
1412 784 1597 841 oculis
1617 782 1856 851 vestris;

214 880 269 932 et
295 892 432 931 cum
461 874 745 942 venerint,
798 875 870 932 de
908 892 1113 931 eorum
1143 874 1388 930 terribili
1430 874 1656 947 fragore
1686 889 1757 928 ne
1787 871 1859 927 ti-

219 964 444 1020 meatis.
476 964 603 1019 Non
633 963 787 1019 enim
832 964 1005 1020 debet
1036 965 1339 1020 inassueta
1365 963 1531 1019 vobis
1556 979 1684 1019 esse
1715 960 1859 1017 visio

215 1070 433 1120 corum,
469 1052 746 1126 quoniam
769 1052 891 1107 vice
909 1051 1092 1109 altera
1119 1056 1402 1109 venerunt
1423 1050 1592 1109 vobis
1622 1051 1679 1107 in
1704 1051 1860 1107 auxi-

214 1142 377 1198 lium.
410 1141 523 1198 Sed
555 1142 855 1198 bumanus
904 1144 1179 1214 aspectus
1228 1140 1487 1214 pavescit
1517 1141 1575 1196 in
1610 1141 1859 1197 adventu

214 1245 598 1302 supernorum
619 1227 854 1284 civium.
880 1228 1257 1285 Considerate
1279 1227 1573 1301 quomodo
1598 1228 1861 1283 adversa-

213 1318 277 1374 rii
298 1317 474 1373 vestri
506 1321 735 1372 extento
767 1315 936 1382 collo,
971 1317 1121 1373 sicut
1146 1316 1296 1372 cervi
1330 1320 1385 1372 et
1406 1315 1656 1373 damula:
1686 1333 1859 1389 pave-

213 1411 458 1473 scentes,
491 1407 805 1461 adventum
828 1410 1085 1461 vestrum
1111 1405 1427 1478 aspiciunt.
1450 1405 1768 1479 paratiores
1790 1406 1862 1461 ad

212 1498 409 1571 fugam
434 1512 611 1569 quam
633 1495 706 1551 ad
728 1494 1015 1569 praelium.
1039 1496 1110 1551 Et
1142 1512 1245 1551 vos
1283 1495 1431 1551 bene
1453 1494 1641 1551 nostis
1660 1511 1862 1552 eorum

212 1583 425 1659 przelia,
449 1583 727 1656 quoniam
748 1587 935 1639 tracta
951 1583 1072 1658 sagi
1086 1582 1326 1656 tta,plus
1348 1582 1405 1638 in
1442 1584 1577 1655 fuga
1604 1601 1779 1657 quam
1804 1583 1862 1639 in

218 1690 411 1748 pugna
448 1673 775 1729 conﬁdunt.
831 1674 912 1727 [te
942 1672 1124 1746 igitur
1153 1677 1356 1729 contra
1384 1689 1484 1729 eos
1516 1673 1573 1728 in
1607 1672 1863 1729 nomime

216 1761 442 1819 Domini
480 1761 665 1818 nostri
695 1761 835 1818 Jesu
866 1760 1082 1817 Christi
1112 1762 1183 1817 ad
1216 1760 1458 1827 bellum,
1493 1765 1551 1817 et
1581 1761 1866 1817 Dominus

214 1852 362 1909 Deus
391 1854 596 1908 noster
626 1850 996 1923 omnipotens
1029 1850 1106 1907 sit
1134 1850 1437 1907 vobiscum
1476 1849 1609 1923 (55)<
1633 1874 1660 1900 ››
1692 1850 1865 1906 Cum-

218 1957 324 2013 que
351 1956 563 1996 omnes
592 1937 1040 2011 rospondissent
1060 1936 1512 2003 Amen,extensis
1542 1936 1602 1992 in
1625 1936 1866 2009 longum

219 2029 566 2103 legionibus,
601 2026 761 2100 prior
788 2031 980 2083 erecto
1009 2025 1214 2083 vexillo
1247 2025 1538 2082 antecedit
1558 2026 1722 2099 Hugo
1746 2026 1867 2081 Ma-

220 2135 384 2193 gnus,
417 2117 522 2191 qui
546 2118 682 2189 jure
723 2120 963 2173 vocatus
993 2120 1083 2171 est
1113 2116 1383 2188 Magnus,
1434 2115 1714 2187 quoniam
1759 2113 1868 2169 hoc

222 2206 586 2282 privilegium
617 2205 1049 2262 commendavit
1096 2210 1229 2261 actu
1268 2209 1327 2261 et
1373 2203 1658 2261 moribus.
1702 2207 1868 2258 Hunc

227 2296 525 2355 subsecuti
554 2299 695 2353 sunt
722 2293 843 2362 alii,
878 2295 1031 2351 sicut
1066 2293 1340 2373 superius
1372 2297 1512 2350 sunt
1543 2292 1823 2349 nominati
1850 2309 1864 2359 ;

226 2385 443 2459 fuitque
478 2401 683 2442 eorum
715 2382 935 2457 prolixa
966 2383 1247 2452 extensio,
1270 2399 1305 2437 a
1328 2382 1569 2438 ﬂumine
1590 2398 1777 2454 usque
1795 2381 1867 2437 ad

226 2480 503 2531 montana
528 2470 871 2540 scilicet,cui
892 2472 1081 2544 spatio
1112 2471 1406 2529 intersunt
1426 2472 1541 2527 duo
1573 2470 1866 2527 milliaria.

225 2564 380 2619 Tunc
404 2579 546 2619 vero
568 2561 902 2618 Corbanum
929 2561 1101 2634 ccepit
1123 2558 1363 2615 retroire
1385 2564 1441 2614 et
1462 2559 1758 2615 montanis
1774 2576 1872 2631 ap-

224 2652 633 2724 pmpinquare.
669 2649 863 2707 Nostri
887 2654 1081 2704 autem
1106 2647 1575 2722 paulatimillum
1605 2646 1871 2720 inseque-

221 2738 741 2812 bantur,quoniam
765 2738 1062 2794 moderato
1076 2753 1278 2811 gressu
1306 2753 1510 2792 omnes
1531 2735 1871 2809 gradieban-

220 2832 324 2883 tur.
361 2830 538 2885 Tunc
570 2826 743 2883 Turci
776 2826 834 2882 in
871 2826 987 2882 duo
1016 2830 1156 2882 sunt
1184 2824 1378 2891 divisi,
1410 2825 1554 2898 quia
1590 2841 1727 2898 pars
1752 2841 1872 2880 una

219 2933 249 2972 a
271 2917 510 2991 regione
530 2916 715 2972 maris
734 2915 1047 2988 processit;
1073 2931 1209 2987 pars
1230 2913 1412 2970 altera
1432 2914 1621 2986 major
1636 2912 1695 2968 in
1718 2930 1872 2968 cam-

1968 422 2245 479 omnibus
2275 421 2398 478 suis
2429 420 2812 491 discurrebat,
2841 421 3141 479 insecutus
3170 426 3258 479 est
3277 439 3432 493 eum,
3471 441 3614 498 quo-

1964 511 2121 567 niam
2153 514 2209 567 et
2239 510 2365 583 ipse
2395 528 2429 565 a
2460 510 2609 567 bello
2628 511 2889 567 vacabat.
2917 511 3039 567 Illic
3071 511 3287 585 quippe
3318 511 3617 571 incumbe-

1966 601 2066 656 bat
2096 600 2276 655 robur
2306 599 2526 655 militiae
2560 600 2890 667 Persarum,
2915 603 2971 656 et
3003 602 3190 671 major
3220 601 3496 658 fortitudo
3521 621 3534 672 ;
3561 606 3619 659 et

1966 690 2112 746 bene
2145 690 2404 755 decebat,
2433 688 2631 744 utillic
2655 694 2952 745 currerent
2981 689 3328 747 Godefridus
3350 695 3407 747 et
3428 695 3614 765 Hugo.

1966 780 2104 835 Erat
2129 778 2285 834 enim
2321 795 2474 834 unus
2514 778 2586 834 ab
2618 777 2821 846 altero,
2863 778 3030 851 quasi
3069 777 3218 835 alter
3239 779 3413 847 idem,
3437 798 3615 839 unam

1967 868 2249 924 habentes
2280 867 2339 923 in
2362 884 2422 923 se
2445 867 2787 923 amicitiam.
2812 867 2977 941 Hugo
2996 868 3245 940 Magnus
3268 886 3403 925 cum
3425 871 3496 926 ad
3518 888 3620 943 pu-

1967 975 2094 1030 gnas
2125 957 2461 1013 conﬂictum
2490 957 2650 1030 prior
2696 956 2971 1023 venisset,
3020 957 3272 1015 intuitus
3315 962 3403 1015 est
3432 977 3618 1017 unum

1969 1047 2039 1102 de
2070 1046 2440 1115 adversariis,
2476 1046 2574 1119 qui
2608 1047 2732 1101 erat
2776 1045 3054 1102 audacior
3081 1046 3324 1115 caeteris,
3358 1047 3621 1122 aliosque

1968 1136 2038 1191 ad
2070 1151 2329 1208 pugnam
2360 1134 2668 1191 clamando
2689 1134 3073 1205 hortabatur;
3107 1135 3209 1208 qui
3241 1141 3619 1210 spumantem

1968 1240 2187 1298 equum
2220 1223 2420 1297 dirigit
2449 1227 2650 1280 contra
2682 1240 2841 1288 eum,
2872 1227 2931 1280 et
2958 1223 3163 1280 lancea
3183 1224 3235 1281 ei
3264 1230 3471 1300 guttur
3491 1244 3620 1300 per-

1969 1312 2194 1379 foravit,
2228 1317 2283 1369 et
2313 1313 2394 1368 sic
2426 1330 2490 1369 os
2537 1312 2697 1369 illius
2740 1311 3037 1385 oppilavit.
3073 1313 3219 1380 Quid
3254 1315 3436 1372 miser
3468 1317 3621 1374 face-

1970 1407 2055 1458 ret
2072 1402 2099 1457 ?
2127 1401 2249 1457 solo
2272 1400 2468 1457 statim
2493 1400 2729 1468 corruit,
2746 1406 2802 1456 et
2823 1400 2935 1456 (liis
2958 1401 3341 1459 infernalibus
3362 1404 3621 1462 animam

1971 1490 2419 1547 commendavit.
2454 1494 2589 1546 Post
2617 1489 2737 1546 haec
2768 1490 3012 1563 contigit
3042 1491 3262 1548 nostris
3290 1494 3511 1566 grande
3540 1493 3625 1550 in-

1971 1580 2388 1636 commodum:
2442 1579 2583 1653 quia
2631 1579 2740 1636 Udo
2785 1580 3179 1651 Belgantz'acus,
3215 1581 3317 1654 qui
3348 1582 3622 1640 vexillum

1971 1670 2211 1733 ferebat,
2245 1668 2461 1741 sagitta
2499 1667 2751 1723 toxicata
2779 1667 3118 1725 vulneratus
3157 1669 3306 1738 fuit;
3341 1675 3398 1728 et
3428 1672 3624 1729 dolore

1973 1758 2230 1814 vulneris
2257 1757 2715 1831 ingravescente,
2747 1773 2883 1813 cum
2911 1757 3117 1814 vexillo
3146 1762 3341 1815 terrrte
3373 1761 3619 1818 corruit:

1977 1848 2077 1903 sed
2108 1848 2406 1903 Blemensis
2441 1845 2739 1903 Guilelmus
2771 1862 2909 1903 ense
2958 1847 3200 1915 nudato,
3232 1847 3327 1904 via
3367 1866 3471 1923 per
3508 1867 3624 1907 me-

1975 1936 2105 1992 dios
2132 1935 2328 1992 hostes
2358 1935 2603 2007 aperuit,
2637 1939 2695 1991 et
2726 1935 2961 2009 signum
2994 1934 3201 1993 tellure
3230 1935 3459 1996 levavit.
3474 1939 3624 2006 Quid

1977 2025 2322 2081 duxducum
2341 2024 2608 2080 Godefrid
2620 2041 2709 2093 us,
2726 2022 2866 2098 quid
2890 2025 3285 2095 Boamundus,
3306 2028 3447 2100 quid
3468 2028 3627 2086 clara

1968 2115 2250 2186 juventus
2281 2113 2359 2169 ibi
2393 2112 2638 2188 egerint,
2672 2129 2778 2169 nec
2809 2112 3010 2187 lingua
3040 2113 3252 2182 dicere,
3283 2133 3391 2173 nec
3413 2134 3629 2175 manus

1977 2203 2249 2260 scribere.
2266 2218 2372 2258 nec
2402 2202 2614 2275 pagina
2632 2202 2785 2257 valet
2814 2219 3035 2274 capere.
3061 2203 3271 2261 Nullus
3292 2210 3625 2265 nostrorum

1977 2292 2055 2348 ibi
2088 2291 2245 2348 iners
2278 2291 2405 2359 fuit,
2458 2290 2657 2347 nullus
2700 2290 2968 2359 timidus,
3000 2292 3140 2365 quia
3164 2310 3267 2350 nec
3292 2294 3486 2353 locum
3516 2297 3627 2355 ha~

1976 2381 2170 2448 bebat,
2193 2384 2249 2437 et
2270 2379 2457 2437 hostis
2478 2380 2922 2453 supereminens
2950 2398 3431 2458 unumquempue
3454 2401 3624 2460 urge-

1977 2469 2097 2525 bat.
2132 2472 2357 2537 Quanto
2388 2469 2576 2542 magis
2606 2470 2761 2525 enim
2785 2471 3219 2540 occidebantur,
3254 2476 3416 2531 tanto
3440 2475 3626 2550 magis

1976 2575 2234 2614 crescere
2277 2558 2645 2615 videbantur.
2697 2558 2861 2616 Sicut
2890 2560 3046 2616 enim
3075 2561 3375 2634 putredini
3407 2581 3623 2622 muscas

1978 2647 2271 2703 conﬂuere
2303 2646 2512 2713 solent,
2546 2647 2629 2703 sic
2661 2651 2717 2703 et
2746 2647 2859 2720 ipsi
2891 2649 3153 2722 undique
3184 2652 3622 2711 conveniebant.

1978 2737 2125 2792 Dum
2141 2737 2226 2793 sic
2250 2740 2522 2805 certatur,
2542 2740 2599 2793 et
2626 2741 2746 2792 tam
2780 2736 2938 2811 longi
2960 2739 3298 2798 certaminis
3318 2742 3624 2814 prolixitas

1978 2829 2205 2898 poterat
2232 2826 2485 2889 taediare,
2538 2842 2641 2881 nec
2690 2843 2973 2882 numerus
3010 2827 3271 2885 hostium
3320 2831 3627 2890 videbatur

1979 2915 2330 2985 decrescere,
2364 2914 2692 2971 albatorum
2725 2914 2979 2971 militum
3003 2918 3389 2976 numerabilis
3416 2922 3626 2978 exerci-

220 3022 289 3077 po
321 3005 637 3062 ramansit.
667 3005 1011 3061 Statuerunt
1040 3002 1220 3077 igitur
1255 3008 1489 3059 nostros
1516 3002 1601 3058 sic
1629 3001 1782 3058 inter
1808 3019 1872 3059 se
1906 3072 1939 3080 _
1981 3007 2079 3059 tus
2110 3004 2269 3060 visus
2299 3007 2386 3059 est
2417 3004 2488 3060 de
2518 3004 2822 3060 montibus
2851 3004 3222 3074 descendere,
3256 3023 3507 3080 quorum
3540 3010 3623 3068 si-

222 3072 538 3161 includere,
575 3097 631 3149 et
662 3110 695 3148 a
723 3093 896 3148 dorso
914 3072 1211 3165 sagittare.
1236 3091 1346 3147 Sed
1380 3091 1650 3147 ordinata
1669 3095 1759 3148 est
1780 3109 1868 3148 se-
1897 3072 1939 3139 (ἶ
1978 3091 2185 3164 gnlferi
2219 3096 2274 3148 et
2303 3092 2480 3148 duces
2512 3109 2640 3149 esse
2657 3093 2937 3149 dicuntur
2952 3072 3256 3168 Georgius,
3276 3072 3621 3170 Mauricius,

219 3182 397 3254 ptima
418 3184 736 3254 acies,qua3
759 3186 961 3237 contra
984 3184 1210 3253 partem
1233 3180 1478 3235 divisam
1502 3179 1865 3251 conﬂigeret;

220 3271 482 3349 ordinata
508 3275 605 3326 est
635 3274 831 3325 autem
862 3286 932 3325 ex
969 3268 1259 3324 militibus
1290 3268 1459 3324 ducis
1490 3268 1783 3325 Godefridi
1813 3272 1870 3325 et

216 3358 609 3416 Nortbmanni
641 3356 908 3426 comitis;
942 3356 1035 3413 cui
1067 3357 1298 3430 praefuit
1323 3357 1566 3428 quidam
1600 3357 1737 3424 dux,
1766 3374 1867 3413 no-

218 3448 367 3504 mino
398 3446 753 3516 Rainaldus,
786 3446 951 3502 Hunc
968 3452 1169 3502 contra
1186 3444 1315 3502 illos
1340 3445 1709 3516 miserunt,et
1732 3464 1870 3518 prae-

213 3535 330 3593 liati
362 3542 526 3605 sunt,
564 3535 857 3608 multhue
886 3534 1023 3589 hinc
1053 3540 1109 3590 et
1138 3535 1273 3590 inde
1318 3534 1671 3589 ceciderunt.
1708 3536 1776 3590 Et
1804 3541 1869 3591 ut

214 3624 332 3680 alite
362 3643 465 3682 sex
495 3624 660 3682 acies
690 3624 763 3679 ad
786 3625 1014 3695 jactum
1033 3623 1258 3696 sagittae
1282 3624 1866 3695 pervcnerunt,Turci

207 3712 454 3770 vicinius
486 3713 580 3769 ire
609 3716 968 3779 recusantes,
1001 3710 1184 3767 tensis
1205 3710 1459 3766 arcubus
1478 3710 1739 3779 trahunt,
1764 3713 1865 3768 sed

212 3802 449 3872 frustra,
483 3802 635 3876 quia
664 3806 873 3857 ventus
902 3818 971 3857 ex
1000 3799 1236 3872 obliquo
1268 3800 1415 3855 ﬂans
1444 3817 1645 3856 eorum
1668 3801 1867 3872 jactus

207 3892 427 3968 redegit
457 3893 519 3948 in
548 3907 794 3949 vanum.
827 3890 991 3957 Quod
1041 3889 1215 3945 Turci
1246 3893 1312 3971 ut
1358 3888 1653 3956 viderunt,
1681 3889 1869 3947 versis

207 3979 381 4037 frenis
412 3985 575 4038 retro
607 3977 862 4052 fugiunt,
895 3978 1095 4051 sicque
1125 3977 1315 4050 prima
1337 3975 1490 4033 acies
1511 3976 1776 4050 quaesivit
1804 3978 1865 4034 in

204 4066 353 4126 bello
384 4069 638 4135 bellum,
676 4083 779 4123 nec
809 4066 1066 4124 invenit:
1103 4065 1372 4138 quaesivit
1398 4082 1571 4138 quem
1595 4072 1880 4139 percutes

206 4161 309 4226 ret,
339 4163 447 4213 aut
478 4175 515 4214 a
534 4173 656 4230 quo
681 4158 1100 4228 percuteretur,
1128 4171 1233 4211 nec
1247 4154 1715 4227 reperit.Interea
1731 4154 1868 4212 mis-

205 4261 305 4303 sus
335 4252 427 4304 est
458 4246 717 4303 nuntius
746 4262 781 4300 a
805 4244 1147 4300 Boamundo
1197 4242 1424 4317 Hugoni
1454 4244 1686 4317 Magno,
1716 4248 1783 4300 ut
1812 4245 1863 4300 ei

204 4334 376 4392 ferret
411 4333 733 4402 auxilium,
783 4333 924 4405 quia
967 4332 1215 4389 nimium
1264 4333 1580 4405 urgebstur
1624 4349 1864 4406 oppres-

1977 3180 2307 3236 Dcmetrius
2338 3182 2447 3253 (57)
2470 3198 2617 3254 quos
2647 3186 2713 3237 ut
2742 3181 2999 3254 primum
3021 3183 3167 3239 vidit
3186 3185 3490 3244 Podiensis
3509 3190 3626 3262 epi-

1977 3286 2211 3342 scopus,
2244 3269 2587 3326 exclamavit
2614 3287 2751 3326 voce
2797 3288 3013 3345 magna
3043 3271 3281 3329 dicens:
3318 3279 3369 3332 0
3395 3278 3621 3342 milites,

1975 3374 2092 3414 ecce
2138 3361 2285 3414 venit
2325 3360 2624 3425 auxilium,
2670 3359 2810 3432 quod
2850 3362 3001 3416 vobis
3028 3364 3284 3433 promisit
3336 3365 3510 3422 Deus!
3556 3367 3626 3423 Et

1977 3451 2130 3502 certe
2153 3448 2333 3501 nostri
2354 3447 2519 3503 valde
2533 3448 2919 3520 expavissent,
2936 3449 3047 3505 nisi
3067 3450 3273 3508 fuisset
3292 3470 3425 3526 spes
3446 3471 3623 3527 quam

1975 3536 2035 3591 in
2060 3536 2304 3592 Domino
2326 3535 2635 3592 habebant.
2661 3538 3057 3595 Tunctremor
3073 3541 3360 3598 maximus
3381 3542 3620 3600 irruitin

1975 3623 2194 3691 hostes,
2230 3630 2285 3681 et
2306 3625 2488 3681 versis
2504 3625 2766 3682 vultibus
2787 3627 2969 3683 sentis
3002 3632 3165 3701 terga
3194 3626 3554 3704 coOperiuﬁt,
3570 3638 3627 3690 et

1976 3712 2174 3785 fugam
2208 3730 2323 3786 quo
2354 3713 2671 3787 unicuique
2700 3714 2865 3771 locus
2912 3716 3090 3772 dabat
3137 3718 3445 3791 arripiunt.
3485 3722 3625 3779 Pars

1972 3800 2074 3857 illa
2090 3819 2218 3874 qua
2240 3819 2275 3857 a
2305 3808 2469 3875 parte
2484 3804 2784 3876 pugnabat
2801 3805 3001 3872 maris,
3026 3810 3091 3861 ut
3109 3806 3251 3862 vidit
3274 3808 3469 3881 fugam
3495 3828 3625 3867 suo-

1975 3908 2128 3956 rum,
2163 3891 2358 3963 ignem
2390 3891 2606 3964 sparsit
2633 3909 2812 3965 super
2838 3910 3078 3967 gramen
3112 3896 3327 3969 campi,
3350 3899 3506 3970 quod
3538 3916 3626 3956 ce-

1974 3978 2175 4036 leriter
2194 3978 2356 4047 arsit,
2376 3979 2518 4051 quia
2538 3980 2683 4037 illud
2701 3981 3016 4038 siccaverat
3037 3985 3213 4040 ardor
3234 3987 3472 4044 aestatis.
3490 3991 3623 4045 Haec

1975 4067 2102 4124 ideo
2134 4068 2493 4136 fccerunt,ut
2515 4068 2624 4125 boc
2646 4069 2814 4145 signo
2831 4070 2912 4126 illi
2939 4071 3035 4144 qui
3069 4071 3129 4127 in
3154 4075 3418 4133 tentoriis
3436 4081 3623 4147 erant,

1974 4156 2177 4212 statim
2212 4157 2495 4230 fugerent,
2547 4162 2603 4212 et
2632 4175 2832 4215 secum
2864 4160 3075 4216 ditiora
3107 4162 3295 4234 spolia
3330 4164 3617 4223 tollerent.

1973 4244 2063 4300 llli
2087 4262 2217 4301 vero
2239 4246 2472 4319 cognita
2494 4244 2682 4319 signo,
2707 4248 2803 4320 qui
2837 4248 2896 4304 in
2923 4251 3223 4307 montanis
3251 4256 3625 4328 erant,proti-

1973 4351 2087 4390 nus
2110 4334 2405 4406 fugerunt,
2427 4352 2562 4390 cum
2581 4336 2859 4393 omnibus
2906 4339 3111 4411 spoliis
3133 4357 3259 4413 qua:
3282 4347 3511 4414 portare
3530 4361 3621 4400 va-

202 4422 361 4480 sione
392 4425 755 4481 Turcorum.
807 4423 937 4479 Mox
969 4422 1134 4496 Hugo
1191 4439 1527 4489 conversus,
1579 4419 1661 4476 ait
1690 4422 1816 4478 suis
1852 4441 1864 4480 :
1899 4438 1946 4503 D
1975 4421 2230 4478 luerunt.
2265 4423 2375 4479 Sed
2410 4423 2549 4495 quid
2581 4425 2664 4480 eis
2684 4426 2920 4497 profuit,
2945 4444 3079 4484 cum
3112 4428 3212 4485 diu
3235 4429 3320 4485 eis
3340 4431 3488 4487 ferre
3506 4449 3621 4488 non

201 4532 229 4559 α
263 4512 306 4569 Ο
335 4512 443 4569 viri
471 4511 815 4581 bellatores,
844 4528 951 4567 nos
980 4528 1179 4584 pugna
1200 4510 1367 4585 fugit,
1402 4527 1735 4582 quaeramus
1768 4529 1869 4584 pu-

204 4615 399 4673 gnam,
430 4617 769 4673 eamusque
791 4600 863 4656 ad
885 4600 1295 4656 Boamuudum
1315 4598 1614 4673 egregium
1629 4600 1865 4670 ducem;

203 4687 283 4745 illi
312 4695 403 4747 est
432 4706 669 4765 pugna,
720 4706 899 4762 quam
949 4689 1230 4761 quaeritis,
1274 4687 1392 4744 illic
1440 4688 1663 4745 ferreus
1688 4689 1870 4745 instat

204 4774 409 4851 hostis,
440 4795 631 4852 quem
662 4777 1028 4835 desideratis.
1063 4800 1091 4829 »
1125 4779 1291 4835 Tunc
1321 4776 1497 4833 citius
1526 4777 1680 4833 dicto
1713 4777 1868 4834 volat

204 4863 339 4923 illuc
364 4869 634 4941 quisque
665 4865 921 4932 satelles.
943 4867 1397 4941 jungunturque
1429 4865 1605 4923 simul
1648 4865 1865 4940 egregii

204 4954 443 5013 comites
471 4958 623 5026 (56).
661 4956 821 5022 Quod
852 4960 918 5012 ut
946 4955 1224 5013 viditdux
1245 4955 1461 5012 ducum
1493 4955 1861 5026 Godefridus,

1977 4511 2246 4567 licuerit?
2275 4512 2531 4568 Armenii
2563 4518 2620 4569 et
2650 4513 2860 4570 Surani
2887 4515 3179 4588 siquidem
3213 4518 3313 4574 ubi
3332 4519 3619 4587 viderunt,

1980 4601 2119 4672 quia
2139 4601 2274 4656 victi
2296 4605 2481 4669 erant,
2503 4603 2756 4659 etnostri
2796 4620 2894 4660 eos
2910 4604 3378 4678 insequerentur,
3392 4609 3622 4666 obviam

1976 4688 2094 4745 illis
2122 4688 2434 4746 veniebant
2463 4695 2521 4747 et
2549 4692 2910 4750 occidebant.
2941 4698 3109 4768 Hugo
3141 4711 3271 4752 vero
3303 4695 3546 4771 Magnus
3564 4704 3622 4755 et

1975 4779 2094 4834 dux
2123 4777 2471 4835 Godefridus
2499 4784 2557 4837 et
2603 4780 2979 4839 Flandrensis
3027 4800 3243 4853 comes,
3276 4785 3450 4841 simul
3484 4803 3620 4843 cum

1973 4866 2101 4923 suis
2130 4866 2467 4941 agminibus
2513 4870 2857 4942 equitabant
2876 4871 3048 4943 juxta
3091 4890 3329 4945 aquam,
3375 4874 3474 4931 ubi
3528 4892 3620 4931 ro-

1974 4955 2205 5012 bustior
2241 4960 2297 5012 et
2339 4955 2575 5014 densior
2612 4975 2815 5014 eorum
2866 4964 2989 5016 erat
3046 4961 3368 5020 exercitus:
3428 4968 3621 5020 tanto-

1327 5185 1642 5244 NOTULJE
1683 5186 2146 5245 MARGINALES
2186 5188 2307 5246 MS.
2348 5187 2508 5247 COD.

279 5399 391 5547 (55g
420 5402 633 5461 Sermo
654 5401 1017 5485 finiturused
1049 5405 1107 5459 et
1135 5399 1372 5473 agmina
1400 5402 1862 5461 constituuntur.

282 5473 371 5544 (56
419 5472 622 5532 Currit
652 5488 713 5527 in
736 5473 1013 5531 auxilium
1038 5471 1372 5528 Boamundo
1405 5472 1652 5547 belliger
1669 5476 1860 5547 Hugo.

282 5471 391 5547 (56)
419 5472 622 5532 Currit
652 5471 713 5527 in
736 5471 1013 5531 auxilium
1038 5471 1372 5528 Boamundo
1405 5472 1652 5548 belliger
1669 5476 1860 5551 Hugo.

1974 5404 2153 5479 (ἔαξε)
2190 5402 2458 5479 Equiti]?
2480 5401 2717 5479 juvenis
2737 5403 3110 5479 Godefridus,
3133 5404 3399 5479 c_1ar_u_sin
3424 5400 3639 5479 armis.

2046 5474 2159 5544 (5⁷)
2190 5474 2442 5537 Nomina
2472 5474 2822 5534 sanctorum
2851 5480 2923 5536 de
2949 5476 3089 5535 coelo
3119 5474 3563 5549 signiferorut'n.
