3996 6096
308 333 420 397 ’731

814 335 918 398 AD
966 335 1473 400 GODEFRIDUM
1517 334 1849 398 APPEND.
1897 334 1972 396 II.
2006 368 2083 379 -—
2114 333 2422 400 MONUM.
2471 338 2571 400 DE
2614 337 2862 401 BELLO
2909 337 3184 401 SACRO.

3585 337 3703 401 332

307 489 422 546 que
453 471 674 545 impetu
721 485 927 542 urgere
971 475 1287 544 cmperuut,
1340 475 1404 526 ut
1449 470 1521 526 ad
1553 487 1660 526 sua
1699 467 1948 525 tentoria
1978 473 2028 537 Α
2061 467 2279 525 talibus
2311 470 2592 542 populum
2624 470 2734 528 sibi
2767 471 3148 530 commissum
3181 470 3525 536 instruebat,
3549 473 3708 542 etjo-

309 579 424 634 quo
455 562 788 628 tendebant,
840 578 1096 617 rsmeare
1144 579 1258 616 non
1293 559 1601 633 potuerint.
1655 561 1722 615 Et
1755 565 1817 614 ut
1865 557 1944 612 ci-

306 651 425 706 tius
488 651 755 723 persequi
803 650 1076 715 valerent,
1130 650 1362 706 illorum
1421 666 1601 722 equos
1659 648 1758 720 qui
1819 664 1946 703 mo-

199 754 213 764 ‘
307 740 628 806 riebantur,
674 740 1086 806 ascendebant,
1137 756 1391 811 suosque
1456 739 1553 811 qui
1603 741 1768 792 erant
1817 755 1944 792 ma-

307 829 634 886 cilentiores
686 834 742 884 et
789 828 988 883 afflicti
1050 829 1221 893 fame,
1278 828 1458 883 frenis
1516 845 1550 882 a
1605 827 1790 898 capite
1847 827 1945 881 de-

305 919 476 973 tracti
509 918 914 989 relinquebant
965 916 1023 971 in
1069 934 1293 988 campo.
1329 917 1372 972 Ο
1423 917 1691 970 miranda
1757 915 1943 969 virtus

304 1007 404 1062 Dei
438 1006 874 1079 omnipotentis,
909 1013 964 1060 et
987 1006 1272 1060 immensa
1303 1005 1592 1077 potestas!
1625 1004 1943 1059 Milestuus

300 1095 472 1168 longo
503 1096 755 1151 afflictus
778 1094 1025 1164 jejunio.
1056 1094 1424 1167 persequitur
1454 1100 1743 1150 tumentes
1775 1093 1944 1164 adipe

300 1189 358 1240 et
375 1185 746 1256 pinguedine.
773 1184 854 1238 ita
876 1191 936 1238 ut
956 1185 1133 1238 etiam
1161 1202 1263 1238 nec
1286 1185 1356 1239 ad
1383 1201 1486 1239 sua
1514 1184 1685 1248 bona,
1715 1201 1840 1254 qua:
1857 1199 1941 1236 re-

297 1272 612 1345 liquerant,
645 1275 927 1328 auderent
959 1275 1260 1345 respicere.
1297 1273 1550 1344 Spiritus
1581 1279 1720 1327 tuus
1755 1272 1941 1326 bonus

299 1368 422 1418 erat
453 1363 510 1417 in
547 1363 844 1418 mentibus
883 1379 1106 1426 eorum,
1157 1362 1255 1434 qui
1299 1367 1355 1417 et
1401 1363 1551 1416 vires
1597 1361 1943 1432 suggerebat

296 1467 625 1524 corporum.
663 1459 708 1502 et
749 1452 1051 1504 audaciam
1088 1451 1398 1522 praestabat
1427 1451 1779 1505 animorum.
1814 1449 1938 1504 Non

293 1539 462 1596 illum
485 1542 735 1597 retardat
755 1540 873 1595 ulla
893 1540 1183 1611 cupiditas
1211 1540 1551 1611 spoliorum,
1576 1539 1738 1593 nulla
1761 1537 1939 1593 ullius

295 1629 377 1685 rei
409 1629 954 1702 avaritia,quoniam
979 1629 1138 1683 illius
1170 1634 1422 1684 mentem
1448 1628 1636 1701 magis
1668 1626 1940 1682 titillabat

291 1720 550 1782 victoria,
570 1720 732 1775 Sicut
749 1719 806 1774 in
830 1719 1070 1773 macello
1093 1718 1412 1772 bestiarum
1437 1734 1676 1789 corpora
1700 1715 1936 1772 solitum

292 1814 382 1865 est
407 1809 722 1875 dilaniare;
757 1807 842 1863 sio
876 1813 931 1863 et
963 1808 1178 1870 nostris
1209 1807 1434 1862 licitum
1460 1813 1583 1861 erat
1612 1808 1934 1861 Turcarum

293 1914 534 1969 corpora
565 1896 802 1952 laniare.
841 1895 1036 1952 Evolat
1067 1896 1307 1965 sanguis
1335 1896 1405 1950 de
1437 1895 1778 1966 corporibus
1816 1892 1936 1948 vul-

291 1990 648 2051 neratorum,
672 1983 858 2040 evolat
880 1984 1358 2057 pulvis,agitatus
1373 2001 1656 2056 equorum
1689 1983 1935 2056 pedibus

292 2075 774 2141 discurrentium;
809 2074 986 2129 aether
1015 2073 1411 2137 obnubilatur,
1443 2078 1499 2128 et
1527 2072 1695 2144 quasi
1738 2088 1935 2142 crepu-

293 2164 522 2221 sculum
555 2161 1422 2234 ﬁeretobtenebratur.Contigit
1442 2168 1637 2217 autem
1671 2162 1822 2233 quod
1854 2162 1937 2214 fu-

291 2254 519 2328 gientes
545 2254 603 2307 in
635 2252 948 2324 quemdam
995 2250 1201 2316 collem
1249 2253 1623 2318 devenerunt,
1677 2255 1733 2306 et
1764 2251 1838 2306 ibi
1874 2266 1934 2304 se

291 2348 495 2399 contra
524 2346 753 2397 nostros
809 2339 1141 2412 recolligere
1183 2345 1584 2412 speraverunt.
1631 2341 1793 2394 Tunc
1823 2341 1934 2394 Ge-

292 2433 501 2488 rardus
534 2447 706 2486 senex
735 2430 805 2484 de
827 2428 1104 2495 Meleone,
1129 2429 1228 2501 qui
1262 2429 1434 2502 longo
1463 2435 1724 2501 tempore
1754 2445 1934 2500 (egeo-

291 2526 387 2577 tus
409 2521 675 2592 jacuerat
706 2520 763 2572 in
799 2518 1123 2586 obsidione,
1166 2536 1314 2590 equo
1346 2518 1517 2574 celeri
1550 2524 1934 2586 transvectus,

290 2609 610 2682 improvide
633 2607 835 2663 incidit
853 2607 911 2662 in
938 2606 1088 2674 illos,
1109 2624 1427 2679 eorumque
1449 2607 1666 2679 jaculis
1695 2612 1784 2662 est
1805 2623 1936 2661 con-

294 2701 508 2765 fossus,
537 2703 595 2753 et
625 2697 708 2752 sic
725 2696 904 2769 digna
924 2702 1105 2752 morte
1132 2702 1488 2768 peremptus.
1516 2697 1675 2762 Quod
1699 2701 1763 2750 ut
1785 2696 1936 2750 vide-

293 2792 429 2845 runt
460 2787 556 2860 qui
591 2804 725 2842 eum
773 2785 982 2842 vicinis
1027 2786 1568 2856 subsequebantur;
1603 2785 1933 2840 Evurardus

292 2876 513 2934 scilicet
542 2877 611 2932 de
644 2874 894 2940 Puteole,
930 2875 1196 2946 Paganus
1220 2873 1603 2940 Belvacensis,
1638 2875 1846 2946 Drogo,
1880 2879 1935 2928 et

292 2967 568 3032 Thomas,
603 2969 660 3020 et
689 2963 1129 3029 Clarenbaldus,
1162 2967 1480 3036 czeteraque
1509 2965 1784 3035 juventus
1817 2967 1933 3017 Hu-

290 3056 458 3129 gonis
490 3053 792 3127 Magni,nil
825 3053 1159 3109 haesitantes
1192 3053 1246 3107 in
1281 3052 1411 3108 illos
1435 3053 1769 3108 irruunt2et
1799 3052 1932 3123 qui-

291 3146 423 3200 dem
458 3145 600 3199 forte
641 3143 860 3198 bellum
890 3143 1258 3211 invenerunt,
1293 3143 1392 3197 sed
1421 3147 1640 3210 tamen,
1674 3143 1787 3196 Deo
1830 3143 1934 3212 ju-

2057 575 2176 623 cos,
2203 565 2258 614 et
2289 560 2442 615 risus
2473 577 2674 616 eorum
2697 563 3076 634 temperabat.
3101 560 3524 632 Contemplatio
3546 561 3702 616 enim

2055 647 2421 706 vultusillius
2444 649 2762 722 praesentiae
2785 650 2863 704 ita
2884 667 3087 706 omnes
3101 650 3522 715 reverberabat,
3547 649 3703 720 quod

2057 755 2227 793 nemo
2259 756 2324 794 eo
2375 745 2656 812 praesente
2694 740 2867 794 verba
2906 757 3055 794 vana
3094 738 3349 812 proferre
3381 755 3703 811 praesume-

2056 827 2173 882 bat.

2693 917 2925 973 CAPUT
2966 917 3057 973 IV.

2126 1006 2362 1062 Peracta
2385 1012 2549 1063 nocte
2570 1007 2687 1073 illa,
2721 1007 2778 1062 in
2804 1007 3129 1062 crastinum
3159 1005 3490 1078 quindecim
3517 1005 3703 1061 millia

2053 1096 2408 1152 camelorum
2458 1101 2596 1152 sunt
2625 1097 2886 1164 inventa;
2940 1113 3121 1168 equos
3150 1112 3282 1151 vero
3315 1101 3370 1150 et
3402 1094 3611 1160 mulos,
3645 1101 3702 1150 et

2054 1185 2440 1253 asinos,oves,
2475 1191 2531 1242 et
2558 1188 2748 1251 boves,
2782 1191 2839 1241 et
2869 1186 3061 1240 omnis
3084 1185 3314 1257 generis
3337 1200 3545 1256 pecora
3567 1183 3700 1256 quis

2052 1273 2487 1330 dinumeraret?
2519 1277 2756 1330 Inventa
2781 1279 2920 1329 sunt
2945 1291 3082 1328 vasa
3113 1290 3308 1341 aurea,
3343 1277 3399 1327 et
3428 1278 3702 1345 argentea

2051 1365 2257 1431 multa,
2294 1363 2547 1436 plurima
2576 1363 2770 1436 pallia,
2799 1368 2856 1419 et
2885 1361 3068 1435 spolia
3092 1378 3323 1434 magna,
3358 1361 3552 1434 magni
3578 1378 3704 1432 pre-

2050 1452 2115 1508 tii
2147 1453 2502 1525 diverszeque
2518 1453 2832 1508 varietatis.
2865 1453 3009 1506 Cum
3041 1451 3132 1506 his
3149 1451 3426 1506 omnibus
3457 1451 3526 1505 ad
3553 1449 3698 1505 civi—

2049 1547 2225 1598 tatem
2268 1542 2700 1613 triumphantes
2747 1546 3066 1608 venerunt;
3121 1545 3178 1595 et
3208 1540 3280 1594 ab
3329 1539 3422 1594 his
3470 1538 3572 1610 qui
3604 1556 3696 1594 re-

2049 1637 2385 1687 manserant
2417 1631 2645 1686 clericis
2675 1636 2730 1686 et
2773 1630 3125 1702 presbyteris
3142 1627 3532 1696 etmonachis,
3561 1644 3697 1684 cum

2047 1722 2292 1778 solemni
2325 1721 2689 1793 processione
2712 1719 2965 1790 suscepti
2992 1724 3148 1773 sunt.
3172 1717 3546 1773 Admiraldus
3567 1734 3696 1772 vero

2047 1810 2147 1881 qui
2179 1809 2236 1865 in
2270 1810 2506 1866 castello
2539 1814 2682 1876 erat,
2715 1814 2780 1863 ut
2809 1808 2950 1862 vidit
2972 1807 3299 1880 principem
3324 1813 3697 1871 suum,eteos

2046 1899 2144 1970 qui
2176 1917 2307 1955 cum
2342 1899 2440 1954 illo
2469 1902 2638 1954 erant
2672 1915 2706 1954 a
2736 1913 2942 1970 campo
2993 1898 3129 1968 fuga
3159 1895 3387 1966 diverti,
3426 1893 3688 1966 viditque

2042 1985 2353 2044 innumera
2381 1987 2711 2043 albatorum
2743 1987 3009 2058 equitum
3043 1983 3248 2048 millia,
3268 1999 3402 2040 cum
3424 1982 3690 2039 candidis

2044 2078 2268 2134 vexillis
2296 2093 2398 2149 per
2426 2075 2600 2148 plana
2647 2073 3058 2138 diséurrentia,
3089 2073 3406 2128 admodum
3441 2071 3690 2144 expavit,

2045 2182 2349 2238 unumque
2379 2166 2450 2220 de
2498 2163 2720 2220 vexillis
2771 2162 2987 2218 nostris
3041 2163 3114 2217 ob
3147 2161 3389 2217 tutelam
3421 2161 3544 2216 dari
3579 2160 3691 2216 sibi

2044 2256 2326 2331 peposcit.
2346 2257 2550 2310 Comes
2573 2253 2769 2309 Sancti
2792 2251 2994 2324 Egidii
3013 2250 3114 2322 qui
3135 2249 3252 2305 illic
3273 2251 3345 2305 ad
3366 2249 3692 2305 custodiam

2044 2345 2293 2402 civitatis
2325 2347 2707 2407 remanserat,
2741 2358 2914 2397 suum
2943 2340 3024 2395 illi
3048 2339 3326 2395 vexillum
3361 2339 3699 2411 porrexit,et

2043 2425 2344 2508 gratanter
2372 2432 2612 2504 accepit,
2660 2435 2965 2502 acceptum
3009 2446 3178 2484 muro
3229 2427 3450 2484 castelli
3490 2427 3691 2483 afﬁxit.

2045 2526 2154 2582 Sed
2180 2529 2244 2578 ut
2261 2522 2530 2595 cognovit
2551 2538 2584 2575 a
2601 2519 2955 2592 quibusdam
2981 2517 3400 2590 Langobardis,
3417 2516 3514 2589 qui
3539 2523 3693 2572 asta-

2044 2615 2185 2669 bant
2210 2612 2312 2679 ibi,
2343 2611 2496 2683 quod
2521 2607 2843 2665 Boamundi
2875 2625 2988 2662 non
3023 2611 3196 2672 esset,
3228 2605 3321 2661 cui
3341 2610 3462 2660 tota
3491 2604 3694 2660 civitas

2043 2719 2320 2759 concessa
2349 2705 2493 2768 erat,
2526 2697 2762 2770 signum
2797 2714 2969 2751 suum
3002 2695 3256 2752 reddidit
3284 2693 3504 2759 comiti,
3538 2698 3594 2749 et
3614 2693 3692 2749 si-

2043 2809 2224 2865 gnum
2258 2787 2524 2862 quaesivit
2545 2785 2868 2842 Boamundi
2896 2803 2909 2853 ;
2942 2791 2998 2840 et
3021 2785 3398 2840 Boamundus
3430 2783 3592 2838 misit
3617 2783 3688 2837 ei.

2043 2881 2228 2947 Quod.
2260 2895 2392 2934 cum
2426 2876 2729 2948 reciperet,
2751 2875 3086 2930 Boamundo
3118 2872 3416 2928 mandavit
3438 2876 3504 2926 ut
3535 2872 3604 2926 ad
3631 2889 3693 2927 se

2039 2967 2399 3038 veniretnllle
2431 2965 2617 3021 vicino
2640 2965 2782 3037 pede
2802 2961 3078 3035 legationi
3101 2961 3442 3027 ambulavit,
3467 2963 3524 3016 et
3549 2961 3689 3032 quid

2043 3059 2231 3114 dicere
2262 3055 2432 3112 vellet
2461 3052 2831 3109 auseultavit.
2867 3051 3112 3108 Gentilis
3158 3049 3292 3105 fidei
3338 3056 3573 3121 pactum
3605 3067 3690 3105 re-

2045 3147 2241 3220 quirit,
2277 3150 2340 3200 ut
2387 3144 2484 3216 qui
2519 3160 2651 3198 enm
2702 3160 2768 3197 eo
2818 3146 3002 3207 erant,
3035 3145 3092 3196 et
3119 3139 3416 3196 discedere
3459 3138 3689 3206 vellent,

287 3239 478 3300 vante,
513 3237 805 3288 crescente
854 3236 1083 3286 caterva
1113 3249 1376 3295 suorum,
1413 3231 1654 3285 viriliter
1683 3230 1928 3302 dissipa-
1963 3214 2006 3280 C
2044 3237 2265 3292 nullius
2299 3214 2524 3305 injdrize
2573 3231 2869 3286 lmsionem
2918 3233 3274 3302 paterentur,
3327 3233 3383 3282 et
3415 3245 3600 3298 usque
3632 3227 3691 3282 in

287 3327 514 3379 verunt.
548 3321 632 3375 lbi
665 3320 918 3376 multum
941 3321 1165 3375 cruoris
1197 3321 1446 3376 effusum
1470 3325 1578 3385 est,
1609 3319 1928 3374 multorum

288 3415 560 3467 truncata
581 3409 791 3482 capita,
811 3409 909 3480 qui
933 3408 1002 3474 si,
1037 3414 1100 3464 ut
1131 3407 1768 3480 cmperant,fugissent,
1801 3425 1902 3463 eva

291 3501 424 3556 dere
448 3497 1101 3570 potuissent.Persecuti
1125 3501 1266 3551 sunt
1289 3501 1481 3551 autem
1503 3496 1633 3552 illos
1655 3514 1838 3568 usque
1862 3497 1931 3551 ad

290 3593 530 3644 Pontem
559 3588 853 3650 Ferreum,
889 3591 945 3640 et
976 3586 1047 3640 ad
1079 3584 1384 3640 castellum
1419 3585 1702 3640 Tancredi
1730 3603 1742 3650 ;
1777 3590 1831 3638 et
1852 3582 1934 3638 ul-

289 3682 381 3732 tra
401 3692 517 3732 non
541 3677 854 3747 potuerunt
875 3673 1163 3745 persequi,
1191 3674 1328 3744 quia
1353 3689 1465 3727 nox
1485 3673 1734 3728 obscura
1759 3674 1931 3727 llnem

290 3765 371 3822 rei
393 3762 693 3836 imposuit.
715 3763 926 3818 Mortui
947 3766 1086 3816 sunt
1103 3766 1299 3817 autem
1317 3761 1416 3816 illo
1439 3761 1530 3816 die
1554 3766 1784 3816 centum
1811 3759 1937 3814 mil-

291 3855 370 3910 lia
400 3852 688 3926 equitum,
723 3853 824 3908 sed
858 3856 1093 3922 propter
1125 3850 1423 3906 fastidium
1447 3849 1647 3904 nullus
1669 3867 1937 3905 numera-

290 3948 386 3998 tus
431 3947 521 3998 est
551 3941 623 3996 de
666 3945 788 3996 tota
817 3939 1192 3994 multitudine
1225 3940 1506 4010 peditum.
1537 3938 1701 3993 Miles
1725 3937 1932 4009 fatiga-

290 4037 407 4098 tus,
440 4031 580 4103 quia
611 4029 779 4100 longe
810 4030 882 4084 ab
914 4029 1056 4083 urbe
1086 4033 1228 4094 erat,
1272 4029 1343 4082 ad
1377 4027 1627 4083 tentoria
1647 4044 1773 4098 quae
1805 4044 1937 4082 suo-

291 4137 422 4177 rum
454 4123 620 4174 erant
648 4117 1020 4173 inimicorum
1053 4116 1259 4186 rediit;
1295 4115 1665 4187 multumque
1685 4117 1838 4188 quod
1862 4117 1936 4171 ad

289 4208 579 4265 edendum
613 4206 722 4262 sibi
747 4205 1097 4271 sufficiebat,
1122 4204 1358 4260 invenit.
1387 4209 1536 4260 Ante
1567 4205 1723 4259 enim
1756 4222 1934 4277 quam

289 4298 468 4355 timor
495 4297 596 4352 Dei
626 4295 879 4352 venisset
909 4295 968 4348 in
1023 4295 1200 4349 corda
1229 4293 1486 4360 illorum,
1529 4293 1587 4348 in
1620 4292 1932 4365 sartagini-

289 4389 402 4444 bus
431 4391 487 4441 et
507 4384 736 4441 cacabis
758 4388 814 4440 et
833 4383 1120 4440 lebetibus
1137 4390 1192 4438 et
1214 4383 1272 4437 in
1296 4382 1428 4439 ollis
1457 4388 1798 4455 paraverant
1817 4399 1936 4438 car-

290 4493 396 4532 nes
427 4475 498 4530 ad
529 4473 838 4529 obsonium
870 4491 883 4541 ;
907 4473 1008 4528 sed
1033 4471 1263 4526 miseris
1285 4489 1411 4543 quae
1434 4476 1794 4544 paraverant,
1821 4489 1935 4526 non

2041 3329 2257 3381 terram
2272 3326 2726 3379 Sarracenorum
2745 3317 3332 3389 conducerentur;qui
3347 3333 3479 3372 vero
3493 3334 3692 3373 secum

2043 3413 2410 3469 Christianus
2429 3409 2572 3465 ﬁieri
2607 3407 2794 3474 vellet,
2833 3407 3082 3462 faciendi
3107 3406 3404 3462 licentiam
3429 3406 3692 3462 haberet.

2043 3501 2421 3558 Boamundus
2453 3499 2740 3554 immenso
2772 3497 2985 3568 gaudio
3017 3495 3272 3567 repletus
3303 3496 3449 3551 dixit
3473 3495 3695 3550 :«Ami-

2043 3609 2128 3662 ce,
2173 3591 2327 3663 quod
2379 3586 2642 3659 exposcis
2690 3585 2936 3641 libenter
2979 3584 3353 3640 concedimus
3392 3584 3538 3650 tibi;
3593 3585 3694 3640 sed

2043 3678 2374 3754 praestolare
2410 3677 2728 3738 modicum,
2752 3675 2891 3746 quia
2912 3674 3069 3730 istud
3095 3673 3455 3746 principibus
3479 3673 3698 3730 nostris

2045 3767 2410 3836 renuntiabo,
2445 3770 2501 3820 et
2529 3764 2792 3820 celeriter
2814 3767 3067 3818 revertar
3087 3763 3159 3817 ad
3190 3768 3266 3818 te.
3299 3785 3326 3813 »
3364 3763 3428 3816 Et
3460 3779 3594 3818 mox
3617 3764 3697 3817 fe-

2043 3857 2329 3913 stinanter
2359 3854 2636 3918 cucurrit,
2671 3856 2728 3907 et
2757 3850 3088 3924 aggregatis
3118 3850 3176 3904 in
3211 3868 3394 3906 unum
3426 3850 3699 3922 principi-

2045 3947 2156 4001 bus
2184 3945 2358 3999 verba
2389 3941 2621 4013 gentilis
2651 3940 2962 3996 enarravit.
2999 3939 3224 3995 Placuit
3253 3940 3549 4006 omnibus,
3579 3957 3700 3996 om-

2045 4033 2328 4107 nipotenti
2352 4033 2466 4087 Deo
2490 4031 2706 4102 gratias
2730 4028 3059 4101 agentibus,
3084 4029 3460 4084 Boamundus
3482 4028 3695 4100 abjam

2044 4122 2434 4179 domesticum
2467 4119 2792 4191 regreditur
2812 4117 3110 4191 gentilem,
3135 4122 3192 4173 et
3221 4117 3512 4190 requisita:
3538 4118 3608 4172 ab
3632 4137 3696 4174 eo

2045 4206 2444 4266 conventionis
2464 4205 2773 4261 confirmat
2793 4204 3191 4276 sponsionem,
3209 4203 3311 4260 Ille
3333 4221 3465 4260 vero
3489 4206 3656 4260 reddi
3671 4237 3693 4247 ο

2045 4299 2129 4354 dit
2162 4316 2222 4353 se
2253 4296 2522 4368 episcopo
2575 4293 2865 4361 Podiensi,
2918 4299 2976 4349 et
3005 4299 3217 4348 sanctae
3249 4293 3697 4361 Christianitati,

2045 4405 2179 4443 cum
2213 4383 2486 4442 trecentis
2507 4383 2630 4439 suis
2652 4382 2939 4438 militibus
2969 4381 3136 4437 valde
3158 4383 3436 4454 speciosis
3457 4384 3703 4454 ctjuve—

2047 4478 2261 4542 nibus;
2297 4474 2522 4546 fuitque
2570 4473 2724 4528 inter
2752 4471 3118 4529 Christianos
3149 4477 3288 4528 tunc
3319 4474 3512 4544 majus
3552 4490 3702 4546 gau-

290 4563 456 4620 licuit
484 4579 732 4634 coquere
775 4578 880 4617 nec
910 4560 1119 4616 tollire.
1175 4559 1256 4614 lbi
1302 4561 1494 4632 potuit
1540 4559 1721 4614 videri
1768 4576 1935 4614 vene-
1972 4583 2014 4646 D
2046 4566 2208 4621 dium
2241 4565 2313 4620 de
2343 4580 2544 4619 eorum
2577 4560 3015 4617 Christianitate
3045 4579 3204 4634 quan
3232 4563 3304 4617 de
3336 4561 3558 4618 castelli
3590 4569 3706 4618 tra-

291 4653 513 4710 randus
536 4651 810 4707 sacerdos
833 4649 1132 4705 Podiensis
1152 4648 1484 4721 episcopus,
1502 4647 1938 4704 lorieavestitus

291 4745 349 4798 et
377 4740 624 4807 casside,
659 4744 716 4794 et
743 4738 944 4796 lancea
975 4743 1176 4794 sancta
1196 4738 1253 4792 in
1281 4737 1574 4804 manibus,
1609 4737 1708 4808 qui
1731 4754 1844 4808 prae
1864 4737 1942 4790 ni-

292 4831 411 4886 mio
441 4830 654 4902 gaudio
687 4829 920 4884 rorabat
949 4826 1261 4882 uberrimis
1283 4843 1386 4882 ora
1415 4827 1668 4882 fletibus.
1690 4825 1790 4880 Hic
1811 4824 1942 4880 illos

292 4919 655 4984 hortabatur,
691 4921 757 4972 ut
786 4917 901 4972 Deo
931 4916 1150 4989 gratias
1182 4919 1419 4988 agerent
1441 4931 1546 4987 per
1568 4931 1741 4986 quem
1770 4913 1942 4969 victo-

292 5007 393 5064 res
416 5008 776 5072 exstiterant,
825 5005 1170 5076 dicebatque
1212 5003 1335 5059 eis:
1377 5028 1397 5052 α
1451 5004 1527 5058 Ex
1557 5020 1671 5075 quo
1726 5001 1940 5058 milites

292 5113 420 5154 esse
452 5098 771 5167 cmperunt,
803 5093 946 5148 nulli
986 5092 1150 5148 vobis
1181 5109 1484 5164 compares
1517 5093 1774 5158 fuerunt,
1800 5091 1941 5162 quia

294 5185 440 5242 nulli
478 5185 534 5238 in
561 5190 680 5238 tam
713 5183 869 5237 brevi
893 5187 1150 5253 tempore
1171 5185 1543 5252 tottantaque
1566 5181 1716 5236 bella
1739 5179 1935 5236 bellati

294 5278 452 5339 sunt,
486 5275 705 5344 quanta
733 5275 791 5326 et
821 5287 921 5325 vos
970 5268 1296 5342 peregistis,
1333 5287 1401 5324 ex
1449 5286 1564 5341 quo
1599 5286 1757 5325 mare
1787 5269 1938 5324 Con-

292 5358 881 5430 stantinopolitanum
913 5357 1251 5414 transiistis.
1279 5358 1528 5414 Multum
1561 5359 1777 5430 quippe
1798 5361 1886 5414 est
1906 5375 1940 5412 a

293 5451 408 5506 ﬁde
438 5447 764 5504 Christiana
791 5447 1036 5513 alienus,
1068 5447 1168 5516 qui
1199 5448 1354 5502 videt
1384 5464 1512 5518 quae
1543 5465 1642 5503 vos
1675 5448 1844 5503 hodie
1863 5445 1938 5499 vi-

294 5535 485 5604 distis,
517 5540 573 5592 et
601 5535 660 5591 in
687 5537 786 5592 Dei
810 5534 1120 5594 dilectione
1145 5551 1256 5591 non
1285 5541 1374 5592 est
1398 5536 1731 5592 continuus.
1757 5559 1784 5585 ››
1809 5536 1937 5591 Haec

292 5632 349 5686 et
380 5625 471 5682 his
495 5624 706 5682 similia
723 5629 1092 5688 venerandus
1110 5625 1367 5696 pontifex
1383 5625 1631 5697 dicebat,
1672 5629 1728 5681 et
1747 5623 1936 5680 verbis

2047 4655 2287 4710 ditione.
2324 4651 2697 4708 Boamundus
2751 4649 3059 4706 castellum
3091 4651 3326 4722 recepit,
3375 4656 3431 4706 et
3469 4667 3569 4706 eos
3601 4651 3705 4722 qui

2053 4740 2370 4798 Christiani
2403 4739 2526 4795 fieri
2557 4737 2890 4810 noluerunt,
2915 4738 2974 4793 in
3006 4744 3219 4794 terram
3249 4740 3702 4795 Sarracenorum

2051 4829 2348 4888 conduxit.
2381 4827 2674 4884 '[riduano
2705 4831 2937 4900 peracto
2961 4826 3208 4898 jejunio,
3257 4827 3531 4900 baptizati
3565 4833 3706 4883 sunt

2049 4918 2291 4994 geniiles
2324 4934 2458 4972 cum
2481 4915 2679 4971 laetitia
2701 4920 2999 4988 magna.et
3018 4915 3195 4970 crevit
3226 4915 3307 4970 ibi
3340 4916 3469 4971 laus
3499 4916 3624 4982 Dei,
3649 4922 3707 4972 ct

2047 5008 2234 5082 gloria
2281 5005 2629 5062 Christiana.
2680 5004 2792 5076 Ipsi
2829 5004 3039 5060 referre
3086 5008 3287 5076 postea
3335 5003 3488 5060 soliti
3538 5010 3708 5060 erant

2047 5097 2226 5168 quod,
2257 5111 2391 5151 cum
2410 5095 2480 5149 de
2503 5092 2726 5149 castelli
2754 5109 2884 5148 arce
2907 5092 3125 5148 bellum
3150 5093 3498 5165 aspicerent,
3523 5093 3706 5149 innu-

2049 5203 2209 5241 mera
2225 5183 2419 5240 subito
2437 5182 2882 5238 candidatorum
2913 5180 3164 5236 militum
3191 5180 3379 5237 millia
3391 5197 3452 5236 se
3468 5181 3710 5238 vidisse-

2049 5289 2299 5346 quorum
2333 5271 2585 5326 intuitus
2616 5269 2776 5342 ipsos
2797 5269 3166 5326 vehementer
3195 5269 3419 5324 terruit.
3445 5269 3558 5325 Nec
3588 5272 3708 5325 mi-

2048 5381 2177 5418 rum
2210 5361 2341 5427 fuit,
2373 5359 2514 5431 quia
2544 5375 2715 5415 omne
2746 5357 3053 5414 castellum
3089 5357 3353 5412 funditus
3377 5357 3706 5414 intremuit.

2047 5452 2309 5522 Cumque
2354 5448 2620 5502 viderent
2681 5464 2780 5502 eos
2839 5446 3176 5520 agminibus
3236 5445 3709 5502 Christianorum

2046 5537 2389 5605 eonsociari,
2441 5553 2698 5608 suosque
2750 5536 2809 5590 in
2841 5535 3132 5591 excidium
3183 5535 3521 5607 fugamque,
3563 5541 3712 5608 verti

2049 5627 2318 5703 protinus
2345 5625 2754 5683 intellexerunt
2782 5623 3041 5694 cqalestia
3070 5623 3316 5681 numina
3346 5639 3497 5692 esse,
3536 5623 3711 5681 Chri-
