3996 6096
313 229 434 293 ’133

1064 224 1409 290 ROBEB’I‘I
1452 221 1810 287 MONACHI
1852 218 2057 283 HIST.
2102 218 2520 283 HIEKOSOL.
2551 254 2631 265 —
2656 219 2806 282 LIB.
2849 219 2982 283 VII.

3605 223 3726 286 73‘

314 363 765 436 stianorumque
794 361 981 419 Deum
1003 360 1267 434 superari
1291 376 1405 416 non
1426 376 1618 434 posse.
1653 357 1792 416 Inde
1816 373 1968 414 com-
1994 354 2053 422 Α
2082 352 2340 428 alligavit
2368 353 2481 409 sibi
2512 354 2771 411 militum
2801 354 3182 430 peditumque
3202 355 3727 428 multitudinem,et

312 455 537 527 puncta
567 452 802 509 fuerunt
817 449 1446 523 cordaillorum,seque
1467 448 1828 505 Christianos
1846 447 1969 504 ﬁeri

315 541 780 616 spoponderunt.
814 542 1024 597 Actum
1078 544 1166 597 est
1220 539 1508 617 siquidem
1559 538 1780 595 bellum
1837 537 1967 606 hoc,

314 634 529 704 quarto
558 629 850 687 Kalendas
881 628 1045 697 Julii,
1075 628 1275 703 vigilia
1305 628 1525 685 scilicet
1572 628 1970 702 apostolorum

314 718 470 777 Petri
500 722 560 775 et
589 718 768 775 Pauli.
819 707 1052 793 Sicque,
1102 719 1300 775 divina
1347 718 1693 791 respieiente
1741 716 1971 773 miseri-

316 806 538 878 cordia,
570 805 826 880 procella
854 806 1219 863 Antiochenm
1246 804 1662 872 tribulationis,
1695 821 1822 877 quae
1854 805 1972 861 fere

315 913 423 970 pcr
454 897 655 953 decem
686 911 921 953 menses
952 895 1330 965 intumuerat,
1357 896 1557 951 sedata
1583 895 1712 964 fuit,
1729 898 1784 950 et
1813 893 1968 968 regia

316 985 525 1042 civitas
555 1002 684 1059 quae
715 985 890 1059 longo
921 990 1107 1041 tractu
1141 990 1471 1059 temporum
1496 987 1641 1058 jugo
1673 983 1972 1040 diabolica:

316 1073 674 1148 captivitatis
704 1075 970 1147 subjecta
991 1075 1197 1144 fuerat,
1212 1075 1491 1131 amissam
1526 1074 1786 1148 pristinae
1802 1073 1975 1129 liber.

314 1163 458 1219 tatis
486 1163 736 1235 gratiam
771 1163 1150 1237 recuperavit.
1184 1165 1391 1221 Hostes
1422 1166 1522 1237 qui
1553 1182 1682 1221 eam
1726 1167 1972 1241 incapti-

314 1257 617 1322 vaverant,
652 1253 867 1309 fiuntet
896 1253 1008 1326 ipsi
1038 1252 1245 1326 captivi
1274 1272 1286 1323 ;
1320 1257 1374 1309 et
1406 1253 1465 1309 in
1510 1253 1751 1312 latebris
1799 1256 1971 1313 silva-

317 1357 477 1408 rum,
512 1341 893 1414 cavernisque
924 1346 1311 1414 petrarum,et
1335 1341 1507 1399 fossis
1525 1344 1814 1400 montium
1833 1350 1975 1403 sunt

316 1429 594 1504 dispersi.
628 1429 883 1486 Armenii
913 1447 1147 1505 quoque
1175 1436 1233 1487 et
1254 1431 1462 1488 Surani
1486 1432 1843 1491 habitatores
1865 1439 1975 1491 ter.

316 1536 395 1575 rte
428 1519 730 1592 illius,per
761 1518 885 1575 dies
914 1519 1202 1592 plurimos
1233 1521 1475 1577 scrutati
1506 1521 1975 1592 suntillos,etin-

315 1608 633 1665 veniebant
684 1607 830 1664 alios
862 1608 1202 1678 semineces,
1249 1609 1395 1667 alios
1441 1610 1795 1680 vulneratos,
1829 1613 1975 1669 alios

317 1701 486 1772 parte
515 1696 723 1771 capitis
752 1702 1035 1767 carentes,
1071 1698 1217 1756 alios
1246 1698 1433 1755 ventri
1466 1718 1595 1766 suo,
1632 1719 1703 1758 ne
1735 1703 1973 1759 omnino

313 1786 519 1843 vitalia
548 1787 1017 1855 exirent,manus
1050 1805 1188 1845 suas
1217 1794 1668 1863 apponentes,ct
1700 1781 1974 1848 detractis

317 1892 523 1933 eorum
556 1874 760 1949 spoliis
791 1875 1237 1934 interficiebant.
1270 1879 1473 1952 Itaque
1507 1880 1727 1938 inimici
1761 1884 1859 1939 Dei
1883 1885 1976 1940 de-

318 1963 583 2039 populati
615 1967 773 2031 sunt,
808 1968 865 2021 et
917 1965 1249 2036 Christiani,
1301 1968 1450 2024 servi
1495 1969 1597 2025 Dei
1646 1958 1854 2028 e§celsi
1914 1972 1973 2028 in

319 2053 579 2129 gloriosa
606 2055 750 2111 urbe
780 2072 914 2110 cum
947 2056 1161 2129 gaudio
1193 2061 1250 2112 et
1269 2056 1474 2114 laetitia
1493 2061 1789 2134 aggregati
1814 2066 1972 2117 sunt.

320 2144 590 2214 Cumque
622 2143 877 2215 quadam
907 2144 1001 2200 die
1021 2144 1413 2209 convenirent,
1441 2147 1891 2206 eonsiliaverunt
1912 2154 1978 2206 ut

320 2232 397 2289 ad
420 2231 1129 2306 Constantinopolitanum
1154 2233 1565 2307 imperatorem
1594 2237 1816 2311 legatos
1838 2239 1974 2296 mit-

318 2325 550 2389 terent;
585 2338 872 2394 suamque
901 2323 1194 2379 civitatem
1224 2329 1288 2379 ut
1316 2325 1571 2399 recipere
1602 2327 1837 2396 veniret,
1872 2330 1976 2385 de-

322 2410 770 2467 nuntiaverunt.
803 2411 894 2478 Et,
930 2411 1075 2484 proh
1105 2412 1300 2469 dolor!
1324 2413 1973 2488 judicaveruntomnes,

321 2504 391 2557 ut
418 2499 558 2573 quia
589 2498 710 2573 regi
743 2498 1072 2569 mittebant,
1106 2500 1333 2575 regalis
1351 2503 1594 2560 nuntius
1626 2506 1833 2563 debeat
1862 2508 1973 2579 ire;

319 2595 380 2646 et
410 2589 632 2645 electus
658 2593 748 2645 est
777 2589 942 2662 Hugo
973 2606 1245 2664 magnus,
1279 2609 1409 2648 vere
1439 2594 1651 2666 regalis
1682 2600 1739 2651 et
1766 2614 1977 2670 genere

319 2682 381 2736 et
412 2677 695 2735 moribus.
730 2680 912 2745 Quem
948 2677 1284 2735 nullatenus
1315 2679 1646 2755 elegissent,
1672 2684 1720 2741 si
1750 2703 1865 2742 non
1893 2704 1979 2743 re-

318 2784 633 2823 versurum
664 2766 955 2823 seiissent.
991 2767 1095 2823 Hic
1125 2769 1397 2844 cumregi
1420 2769 1771 2844 legationem
1807 2792 1975 2831 suam

320 2858 694 2930 complesset,
733 2859 917 2912 morte
947 2854 1304 2930 interceptus
1353 2860 1712 2929 occubuit,et
1743 2880 1858 2935 quo
1888 2881 1977 2920 re-

320 2945 489 3020 gredi
521 2944 911 3018 disposuerat,
946 2947 1017 3001 ad
1050 2950 1374 3003 extremum
1415 2965 1529 3005 non
1555 2952 1764 3022 potuit.
1798 2953 1976 3009 Cons-

320 3034 857 3107 tantinopolitanus
882 3039 1077 3092 autem
1110 3034 1428 3108 imperator
1454 3037 1732 3111 vulpinus
1762 3058 1864 3114 pro
1893 3059 1980 3098 re-

322 3128 499 3197 ceptu
529 3102 702 3178 tanta
734 3121 897 3178 urbis
914 3140 1030 3178 non
1057 3125 1431 3197 praesumpsit
1450 3127 1663 3196 venire,
1696 3102 1976 3201 quoniam
2007 3102 2051 3170 C

321 3211 782 3286 recognoscebat
813 3228 875 3268 se
904 3212 1101 3281 fidem,
1134 3216 1191 3268 et
1220 3215 1569 3270 sacramenti
1584 3217 1741 3288 jura,
1759 3223 1815 3273 et
1843 3219 1981 3275 data

325 3302 577 3375 pignora
607 3299 844 3357 Francis
872 3300 1212 3368 violasse,et
1234 3319 1606 3376 nequaquam
1628 3307 1977 3364 custodisse.

326 3389 543 3463 Sicque
573 3405 778 3446 omnes
806 3390 1214 3446 conventiones
1246 3391 1444 3448 deletae
1477 3394 1981 3468 fuerunt,quaein-

326 3484 421 3536 ter
446 3496 544 3535 eos
582 3479 744 3535 facta:
771 3484 929 3536 sunt.
963 3479 1189 3535 Interea
1218 3479 1278 3535 in
1311 3482 1455 3537 urbe
1486 3482 1826 3552 residentes,
1860 3490 1979 3542 tra-

327 3572 487 3624 ctare
528 3572 829 3641 rceperunt
858 3568 928 3625 de
961 3568 1053 3624 via
1087 3568 1368 3626 Dominici
1393 3572 1673 3644 sepulcri:
1698 3574 1837 3646 quid
1853 3591 1982 3648 age-

325 3662 480 3725 rent,
505 3674 578 3713 an
613 3674 749 3713 mox
777 3657 1236 3731 inciperent,aut
1267 3661 1504 3731 quando
1521 3664 1755 3735 tempus
1787 3665 1982 3720 termi-

323 3751 556 3803 narent.
572 3747 657 3803 Ad
689 3746 797 3802 hoc
828 3746 1118 3819 siquidem
1138 3747 1471 3805 communis
1491 3766 1770 3808 assensus
1800 3754 1980 3809 addu-

323 3835 502 3906 citur,
532 3839 599 3891 ut
630 3852 817 3908 usque
863 3836 934 3891 ad
983 3834 1275 3892 Kalendas
1304 3836 1570 3895 Octobris
1618 3841 1978 3915 reinceptum

319 3923 429 3981 via:
461 3923 802 3996 proteletur.
836 3924 1073 3980 [Estatis
1118 3924 1410 3997 siquidem
1460 3928 1635 3983 ardor
1685 3929 1861 3987 nimis
1890 3931 1979 3987 in-

322 4013 683 4082 canduerat;
717 4017 777 4069 et
808 4014 1430 4071 terraSarracenorum
1463 4017 1980 4092 quamingressuri

321 4106 513 4171 erant,
548 4101 834 4174 inaqnosa
863 4106 921 4158 et
950 4102 1130 4158 nimis
1160 4107 1283 4158 erat
1313 4102 1495 4159 arida.
1517 4104 1978 4178 Proptereatem-

322 4208 439 4265 pus
469 4195 949 4264 exspectaverunt
979 4192 1136 4263 quod
1168 4196 1308 4247 tunc
1337 4192 1650 4250 humidum
1683 4196 1832 4263 fit,et
1862 4214 1978 4271 quo

320 4280 504 4338 tellus
532 4280 909 4338 absconditos
938 4280 1143 4337 latices
1175 4282 1450 4354 erumpit.
1465 4282 1871 4341 Deﬁniendum
1895 4288 1982 4343 si-

325 4369 454 4426 mili
486 4369 658 4425 modo
689 4369 990 4442 erat,quid
1021 4369 1975 4447 tantuspopulusinterimageret;

2080 443 2141 499 in
2170 447 2387 500 terram
2416 445 2866 501 Sarracenorum
2896 447 3226 504 transduxit
3250 464 3380 505 eam
3405 467 3419 518 ;
3462 451 3724 508 transiit-

2081 549 2195 606 que
2223 534 2475 590 duarum
2505 532 2805 591 civitatum
2838 535 3141 603 terminos,
3176 541 3233 594 et
3248 545 3635 611 pervenerunt
3651 541 3724 598 ad

2081 623 2375 694 quoddam
2403 627 2683 693 castrum,
2720 625 2874 697 quod
2905 625 3249 683 Talamania
3278 629 3611 693 vocabatur,
3629 630 3725 687 cui

2080 726 2223 785 gens
2253 711 2502 768 Suriana
2530 711 2990 787 principabatur.
3026 716 3259 773 Suriani
3307 722 3540 776 nostros
3570 738 3724 778 rece-

2080 805 2310 873 perunt,
2346 818 2524 874 seque
2552 819 2753 858 eorum
2784 801 3174 862 libentissime
3189 807 3447 864 dominio
3468 809 3725 868 tradide-

2080 893 2237 945 runt.
2273 890 2411 947 Octo
2458 890 2537 947 ibi
2593 891 2799 948 diebus
2843 895 3178 962 transactis,
3230 902 3606 969 perrexerunt
3652 901 3724 957 ad

2082 977 2237 1034 aliud
2270 983 2528 1035 castrum
2577 981 2634 1037 in
2679 998 2793 1055 quo
2844 981 3111 1039 latitabat
3149 984 3466 1043 multitudo
3514 1005 3731 1061 magna

2082 1067 2555 1126 Sarracenorum.
2588 1071 2672 1126 Ad
2706 1071 2859 1144 quod
2891 1073 3314 1144 pervenientes,
3348 1075 3586 1134 militari
3616 1078 3727 1133 im-

2082 1162 2218 1230 petu
2252 1158 2612 1226 invaserunt,
2646 1164 2702 1215 et
2731 1159 2788 1215 in
2823 1161 3072 1218 remissa
3118 1179 3300 1220 manu
3335 1169 3451 1222 tota
3498 1166 3591 1224 die
3621 1186 3729 1242 pu-

2080 1251 2347 1320 gnantes,
2381 1254 2821 1320 vesperascente
2851 1249 2944 1306 die
2974 1257 3468 1325 expugnaverunt.
3504 1258 3626 1322 Quo
3650 1257 3732 1314 ita

2081 1340 2249 1410 capto
2279 1353 2482 1393 omnes
2511 1337 2864 1409 occiderunt,
2892 1344 3100 1412 printer
3125 1358 3224 1398 eos
3255 1343 3354 1414 qui
3388 1343 3731 1402 Christiani-

2080 1428 2262 1480 tatem
2296 1431 2653 1499 receperunt.
2688 1427 2806 1484 Hac
2838 1429 3035 1503 itaque
3063 1431 3512 1506 depopulatione
3555 1434 3725 1506 facta,

2083 1514 2296 1570 reversi
2329 1519 2467 1572 sunt
2497 1515 2568 1571 ad
2600 1521 2880 1585 castrum,
2910 1520 3066 1591 quod
3095 1520 3436 1580 Talamania
3473 1524 3730 1584 diximus

2082 1608 2510 1678 nuncupatum.
2546 1606 2608 1662 In
2643 1623 2758 1679 quo
2790 1608 3021 1667 duobus
3052 1613 3451 1684 perendinatis
3499 1616 3726 1688 diebus,

2084 1692 2178 1748 die
2208 1693 2379 1749 tertia
2410 1712 2613 1751 omnes
2644 1697 2927 1766 exierunt,
2961 1704 3019 1756 et
3050 1702 3123 1756 ad
3156 1702 3359 1759 urbem
3390 1722 3518 1778 quae
3540 1707 3733 1764 Marra

2085 1781 2300 1838 dicitur
2327 1789 2719 1857 gerrexerunt.
2755 1787 2891 1844 Erat
2916 1794 3112 1846 autem
3144 1791 3227 1848 ibi
3256 1799 3572 1868 aggregata
3612 1814 3729 1854 non

2086 1871 2332 1928 minima
2365 1872 2682 1930 multitudo
2713 1877 3037 1934 Turcorum
3067 1883 3123 1936 et
3153 1882 3624 1957 Sarracenorum,
3655 1887 3729 1943 ab

2082 1959 2263 2034 Aleph
2294 1961 2541 2034 aliisque
2569 1964 2903 2023 civitatibus
2930 1971 2987 2024 et
3033 1969 3308 2039 castellis,
3360 1989 3487 2045 quae
3530 1972 3590 2030 in
3620 1974 3731 2032 cir-

2085 2047 2245 2104 cuitu
2277 2050 2405 2121 ejus
2455 2055 2613 2120 sunt,
2664 2051 2895 2109 illorum
2948 2056 3350 2128 prmstolantes
3398 2077 3727 2120 occursum.

2083 2136 2169 2192 Ad
2227 2154 2403 2211 quam
2463 2157 2597 2195 cum
2655 2144 3033 2216 appropriare
3089 2154 3406 2220 cmperunt,
3465 2150 3549 2207 illi
3598 2153 3731 2210 bar-

2086 2226 2211 2282 bari
2244 2231 2450 2285 contra
2476 2245 2576 2286 eos
2608 2230 2908 2303 exierunt;
2942 2234 3043 2291 sed
3094 2237 3430 2295 conﬂictum
3463 2241 3564 2297 diu
3596 2259 3732 2299 cum

2086 2316 2303 2373 nostris
2328 2320 2525 2375 tenere
2555 2318 2889 2393 noluerunt,
2924 2324 3062 2396 quia
3090 2325 3148 2381 in
3182 2325 3379 2399 fugam
3399 2329 3548 2387 versi
3582 2331 3737 2389 intra

2087 2407 2293 2462 urbem
2323 2424 2387 2464 se
2418 2414 2781 2482 receperunt.
2811 2411 3003 2468 Nostri
3035 2430 3168 2471 vero
3217 2416 3317 2472 diu
3362 2417 3443 2474 ibi
3481 2420 3735 2479 residere

2068 2510 2202 2550 non
2235 2500 2571 2567 potuerunt,
2587 2497 3001 2570 quiaaastivum
3016 2517 3227 2559 cauma
3246 2520 3346 2559 eos
3366 2504 3737 2583 vehementer

2088 2585 2352 2657 urgebat,
2407 2584 2672 2659 nihilque
2701 2585 2947 2644 inveniri
2996 2595 3222 2662 poterat
3268 2593 3340 2648 ad
3389 2594 3732 2652 bibendum.

2085 2672 2335 2745 Jamque
2366 2672 2478 2729 diei
2512 2672 2830 2732 inclinante
2859 2677 3087 2747 umbra,
3121 2680 3332 2737 reversi
3358 2686 3499 2739 sunt
3536 2683 3608 2740 ad
3638 2700 3734 2740 ca-
3822 2702 3837 2715 '

2087 2764 2276 2817 strum
2310 2779 2485 2817 suum
2517 2761 2878 2820 Talamania.
2909 2765 3399 2841 Plurimiquidem
3421 2770 3736 2829 Christiani

2086 2849 2289 2924 patria:
2319 2849 2480 2907 illius
2512 2851 2712 2908 incolae
2743 2869 2878 2909 cum
2909 2855 3454 2930 nostrisierant,sed
3485 2877 3616 2915 cum
3641 2878 3738 2918 no—

2089 2939 2229 2995 stris
2260 2940 2447 2996 redire
2478 2946 2977 3015 contempserunt,
3010 2947 3166 3011 Quos
3209 2947 3379 3004 Turci
3414 2947 3473 3004 in
3506 2948 3738 3008 insidiis

2087 3028 2362 3085 occultati
2392 3035 2672 3102 ceperunt
2699 3035 2756 3087 et
2781 3030 3145 3089 occiderunt:
3169 3034 3419 3092 stultitia
3444 3036 3735 3110 siquidem

2091 3134 2199 3172 sua
2228 3118 2546 3191 perierunt,
2578 3119 2718 3192 quia
2765 3120 2814 3176 si
2861 3138 2995 3177 cum
3045 3122 3261 3180 nostris
3292 3140 3438 3181 revei
3455 3129 3735 3196 terentur,

2089 3223 2260 3262 nemo
2288 3210 2428 3263 tunc
2459 3212 2801 3277 moreretur,
2835 3210 2933 3266 sed
2962 3209 3113 3267 sicut
3142 3211 3201 3267 in
3233 3214 3531 3271 communi
3560 3217 3736 3273 verbo

2090 3295 2305 3362 dicitur
2337 3312 2349 3350 :
2387 3318 2414 3345 «
2447 3296 2602 3351 Nihil
2635 3297 2801 3355 timet
2829 3315 2974 3371 gens
3005 3299 3236 3370 stolida,
3270 3303 3453 3359 donec
3474 3320 3602 3361 eam
3634 3323 3737 3380 op-

2088 3383 2291 3456 primit
2318 3383 2515 3440 inlclix
2547 3386 2799 3443 fortuna.
2837 3411 2864 3438 »
2898 3388 3268 3448 Raimundus
3294 3408 3427 3449 vero
3458 3393 3530 3449 ad
3574 3393 3736 3452 illam

2089 3471 2247 3528 ultra
2276 3490 2389 3529 non
2422 3473 2596 3530 rediit
2627 3475 3097 3550 civitatem,quia
3113 3496 3225 3535 non
3257 3479 3507 3538 habebat
3524 3482 3738 3539 exerci-

2090 3567 2217 3619 tum
2249 3580 2364 3636 quo
2394 3563 2688 3620 obsideret
2715 3581 2864 3632 eam,
2893 3566 2992 3621 sed
3024 3565 3083 3621 in
3116 3572 3306 3624 castro
3339 3585 3446 3625 suo
3467 3572 3735 3644 usquead

2089 3653 2443 3726 praefinitum
2475 3658 2707 3726 tempus
2738 3653 3129 3711 Kalendarum
3162 3657 3495 3713 Octobrium
3510 3676 3738 3716 reman-

2089 3741 2185 3810 sit,
2222 3757 2569 3814 semperque
2601 3741 2834 3798 interim
2856 3747 3070 3800 terram
3087 3743 3543 3804 Sarracenorum
3563 3748 3740 3821 capti-

2089 3829 2259 3885 vavit.
2296 3829 2381 3886 Illi
2415 3835 2612 3886 autem
2645 3830 2743 3903 qui
2776 3832 2835 3886 in
2865 3832 3150 3888 Antochia
3164 3840 3738 3905 remanserunt,cum

2091 3936 2306 3992 magna
2334 3919 2761 3993 tranquillitate
2792 3924 2850 3977 et
2864 3922 3077 3994 gaudio
3126 3922 3382 3991 fuerunt,
3431 3941 3739 3998 quousque

2089 4007 2396 4064 dominum
2429 4025 2605 4064 suum
2638 4008 2981 4066 Podiensem
3014 4011 3357 4084 episcopum
3391 4012 3736 4070 amiserunt.

2090 4096 2194 4152 Hic
2225 4114 2358 4153 cum
2393 4114 2630 4153 summa
2678 4115 2791 4170 pax
2838 4103 2990 4154 esset
3040 4099 3320 4156 exercitui
3371 4100 3486 4171 Dei,
3539 4118 3741 4159 mense

2088 4184 2245 4241 Julio
2276 4185 2449 4259 coepit
2478 4186 2783 4255 inﬁrmari,
2819 4188 2919 4243 sed
2952 4204 3065 4243 non
3100 4187 3198 4244 diu
3235 4189 3549 4263 aagrotavit,
3603 4191 3741 4264 quia

2088 4274 2374 4331 Dominus
2405 4292 2520 4330 non
2551 4279 2641 4331 est
2697 4292 2912 4349 passus
2958 4276 3123 4332 illum
3174 4276 3350 4352 longa
3396 4278 3741 4351 aegritudine

2086 4363 2352 4420 cruciari.
2386 4363 2662 4421 Kalendis
2691 4365 2937 4437 Augusti
2969 4370 3172 4423 sancta
3197 4368 3325 4439 ejus
3354 4367 3573 4438 anima,
3613 4367 3739 4424 vin-

324 4464 386 4516 et
415 4457 537 4527 ubi,
570 4461 629 4514 et
655 4459 948 4531 quomodo
977 4458 1209 4514 viveret.
1259 4460 1507 4532 Accepto
1538 4456 1673 4516 inde
1710 4463 1973 4533 consilio,
2007 4473 2055 4537 Π
2086 4452 2233 4509 culis
2261 4452 2456 4509 carnis
2487 4452 2695 4521 soluta,
2720 4453 3006 4509 translata
3033 4458 3123 4511 est
3152 4454 3211 4511 in
3233 4455 3575 4527 paradisum
3614 4456 3737 4525 Dei,

326 4562 516 4621 prmco
546 4545 828 4618 quaeritur
846 4546 1003 4613 inde,
1036 4546 1135 4620 qui
1167 4545 1500 4619 dicat,quid
1532 4547 1667 4604 inde
1681 4550 1975 4609 delinitur.

326 4637 521 4692 Praeco
552 4635 833 4708 quaesitus
863 4640 921 4692 et
950 4635 1242 4703 inventus,
1264 4636 1600 4693 ascenditet
1613 4646 1980 4710 praeconatus

322 4728 437 4789 est,
471 4727 537 4779 ut
563 4723 660 4797 qui
691 4724 889 4782 omino
937 4742 1114 4799 egens
1143 4729 1327 4794 erant,
1350 4724 1412 4781 in
1445 4725 1589 4783 urbe
1627 4733 1979 4804 remaneret,

320 4828 581 4886 cumque
609 4811 727 4869 illis
759 4814 857 4886 qui
891 4813 1131 4870 ditiores
1160 4819 1327 4871 erant
1355 4815 1795 4873 conventionem
1828 4820 1976 4877 face-

320 4907 411 4960 ret
441 4918 509 4957 ac
539 4900 799 4958 serviret.
832 4901 1127 4975 Principes
1159 4906 1356 4959 autem
1387 4902 1557 4960 divisi
1588 4910 1728 4962 sunt
1754 4924 1858 4980 per
1876 4925 1976 4965 ca-

323 4990 499 5050 stella
527 5007 636 5046 sua
663 4995 721 5047 et
750 4991 1032 5048 civitates.

984 5079 1217 5136 CAPUT
1245 5076 1313 5136 Υ.

394 5168 537 5226 Erat
553 5171 749 5225 autem
773 5169 1012 5242 quidam
1032 5168 1201 5225 miles
1214 5167 1285 5224 de
1296 5169 1551 5227 exercitu
1563 5171 1794 5230 comitis
1806 5173 1979 5232 Sanc-

322 5258 367 5316 ti
396 5255 624 5328 zl-Igidii,
656 5258 893 5315 nomine
925 5257 1314 5326 Raimundus,
1347 5261 1693 5331 cognomine
1736 5262 1975 5333 Piletus,

324 5349 528 5411 animo
559 5348 761 5417 virilis,
814 5352 872 5405 et
901 5362 1141 5420 corpore
1183 5346 1538 5416 spectabilis.
1594 5347 1693 5404 llic
1726 5353 2003 5423 perfecto'

325 5439 462 5499 odio
493 5442 701 5500 Turcis
730 5437 1169 5505 inimicabatur,
1199 5449 1303 5489 nec
1334 5433 1555 5494 diutius
1596 5435 1844 5497 tolerare
1875 5461 1980 5517 po-

324 5531 462 5599 tuit,
497 5537 562 5591 ut
588 5531 764 5607 longe
796 5533 1055 5601 tempore
1100 5520 1469 5583 feriarentur.
1517 5525 1622 5583 llic
1660 5525 1982 5599 plurimam

2089 4543 2147 4598 in
2179 4542 2434 4617 gloriosa
2462 4541 2773 4598 festivitate
2803 4542 3023 4599 scilicet
3053 4544 3241 4599 sancti
3271 4544 3444 4617 Petri,
3478 4561 3605 4618 quae
3643 4546 3738 4600 di-

2090 4631 2242 4689 citur
2271 4631 2349 4687 Ad
2393 4631 2618 4687 vincula
2689 4631 2758 4686 Et
2805 4635 2871 4688 ut
2917 4647 3164 4688 censura
3213 4631 3392 4688 divini
3439 4632 3650 4706 judicii
3680 4633 3737 4690 id

2090 4725 2285 4778 actum
2316 4737 2444 4777 esse
2473 4719 2836 4790 claresceret,
2870 4721 2926 4776 in
2960 4721 3055 4778 die
3083 4738 3201 4795 quo
3214 4721 3496 4795 principis
3513 4726 3742 4796 aposto-

2089 4810 2280 4868 lorum
2313 4808 2547 4866 vincula
2576 4827 2609 4866 a
2637 4806 3054 4884 Hierosolymis
3083 4811 3330 4868 Romam
3371 4815 3509 4868 sunt
3537 4811 3739 4882 allata,

2087 4900 2281 4958 soluta
2309 4902 2399 4956 est
2425 4916 2458 4955 a
2489 4898 2780 4972 corporeis
2810 4900 3056 4956 nexibus
3085 4899 3379 4972 pontiﬁcis
3400 4900 3741 4959 anima.Nec

2086 5005 2350 5064 unquam
2381 5004 2484 5061 pro
2515 4987 2637 5044 ulla
2666 4988 3041 5046 tribulatione
3069 4992 3271 5047 tantus
3302 4989 3491 5047 fuitin
3520 4988 3622 5047 illa
3636 4991 3740 5049 Dei

2085 5078 2297 5137 militia
2330 5094 2562 5148 mceror,
2595 5081 2876 5151 tantaque
2903 5078 3163 5148 tristitia,
3213 5082 3435 5153 quanta
3464 5078 3522 5134 in
3552 5086 3743 5139 morte

2086 5168 2264 5225 illius.
2298 5168 2465 5224 Hunc
2496 5183 2699 5224 omnes
2729 5167 2924 5225 debito
2946 5169 3082 5241 jure
3101 5168 3747 5243 lacrymabantur,quia

2087 5257 2398 5316 consilium
2434 5261 2556 5314 erat
2584 5256 2857 5331 divitum,
2891 5256 3223 5315 consolator
3251 5257 3747 5329 moerentium,su-

2088 5351 2376 5404 stentator
2402 5346 2707 5413 debilium,
2740 5346 3058 5406 thesaurus
3089 5346 3504 5420 indigentium,
3536 5361 3749 5403 recon-

2091 5436 2318 5493 ciliator
2342 5434 2838 5494 discordantium.
2870 5438 2974 5495 llic
3007 5435 3297 5493 militibus
3325 5434 3520 5491 dicere
3538 5433 3750 5491 solitus

2092 5532 2219 5584 erat
2250 5544 2262 5583 :
2291 5550 2318 5575 α
2355 5524 2420 5583 Si
2451 5526 2625 5584 vultis
2653 5540 2784 5581 esse
2833 5525 3288 5600 triumphatores
3335 5528 3393 5581 et
3419 5519 3591 5580 amici
3622 5521 3750 5591 Dei,
