3996 6096
286 265 403 359 733

285 519 517 576 remini.
552 519 722 575 Nulla
751 519 907 576 enim
941 537 1030 575 res
1062 520 1141 575 ita
1171 538 1202 574 a
1233 526 1414 574 morte
1429 537 1527 574 vos
1559 519 1930 586 liberabit,si-

285 613 386 664 cut
413 607 798 682 eleemosyna,
833 609 970 681 quia
1001 614 1056 664 et
1081 608 1293 664 melius
1322 609 1569 680 protegit
1601 627 1774 680 quam
1795 627 1928 680 par-

286 714 402 765 ma,
428 702 483 753 et
513 697 737 754 acutior
765 703 852 754 est
883 697 940 753 in
977 698 1202 754 hostem
1235 715 1410 769 quam
1440 697 1660 753 lancea.
1681 697 1788 764 Qui
1813 715 1926 753 non

286 791 373 842 est
403 787 646 843 idoneus
678 805 780 859 pro
812 804 874 842 ce
905 804 1090 853 orare,
1121 788 1214 842 det
1246 786 1770 857 elcemosynam,et
1799 805 1925 843 ora-

286 875 371 930 bit
400 891 503 948 pro
531 893 612 931 se.
649 899 675 926 »
701 881 806 930 Pro
839 875 931 930 his
963 877 1236 948 operibus
1266 879 1322 931 et
1351 876 1688 947 hujusmodi
1715 894 1926 932 sermo-

287 965 460 1020 nibus
491 965 705 1021 cbarus
735 970 857 1019 crat
889 965 1003 1019 Deo
1035 970 1090 1019 et.
1115 965 1272 1019 omni
1307 964 1541 1037 populo.
1567 965 1624 1020 Si
1654 965 1784 1036 quis
1818 984 1923 1020 au-

285 1057 403 1108 tem
432 1053 603 1108 vellet
632 1056 893 1108 omnium
928 1053 1206 1108 virtutum
1238 1055 1366 1125 ejus
1399 1054 1754 1110 charismata
1778 1073 1926 1110 enu-

284 1157 526 1208 merare,
569 1142 862 1197 videretur
895 1143 1021 1213 jam
1067 1143 1138 1196 ab
1189 1142 1431 1198 historia
1473 1142 1760 1215 elongare.
1810 1144 1924 1200 Hoc

282 1228 476 1300 itaque
509 1231 778 1285 decenter
808 1231 866 1286 in
900 1230 1143 1286 ecclesia
1173 1231 1326 1286 Beati
1355 1231 1926 1299 Petritumulato,co-

283 1334 406 1373 mes
439 1317 632 1374 Sancti
655 1319 860 1391 /Egidii
890 1319 948 1375 in
973 1324 1186 1376 terram
1206 1321 1656 1376 Sarracenorum
1671 1321 1921 1390 transiit,

282 1407 623 1479 urbemque,
675 1426 849 1479 quam
900 1408 1192 1464 Albariam
1238 1414 1464 1474 vocant,
1517 1409 1676 1464 adiit.
1739 1412 1923 1476 Quam

281 1496 540 1568 undique
573 1499 701 1553 forti
733 1499 915 1552 milite
947 1497 1415 1569 circumcingens
1443 1499 1682 1566 invadit,
1709 1499 1925 1572 diuque

281 1585 608 1642 missilibus
641 1591 696 1642 et
719 1587 948 1659 sagittis
967 1605 1098 1642 cum
1125 1587 1328 1658 bisqui
1357 1588 1598 1642 erantin
1635 1588 1924 1644 mamibus

281 1674 615 1732 decertavit.
651 1677 758 1732 Sed
794 1681 859 1732 ut
888 1676 1034 1731 vidit
1064 1676 1144 1731 ita
1174 1693 1233 1731 se
1263 1677 1536 1748 proficere
1571 1695 1776 1749 parum
1807 1695 1924 1732 ere-

281 1763 391 1820 ctis
415 1765 486 1819 ad
519 1782 754 1820 murum
782 1765 976 1831 scalis,
1009 1765 1233 1820 loricati
1268 1765 1482 1820 milites
1515 1765 1922 1836 ascenderunt,
1956 1803 2000 1868 Β

280 1858 338 1908 et
369 1853 426 1908 in
457 1854 654 1927 fugam
687 1855 883 1910 hostes
910 1855 992 1910 ire
1023 1853 1448 1926 compulerunt.

423 1942 588 1998 Miles
619 1948 685 1998 ut
709 1943 972 2000 ascendit
1002 1960 1259 2011 murum,
1292 1941 1357 1998 fit
1388 1942 1597 1999 celsior
1625 1942 1762 1999 illis.

509 2032 702 2090 Hostis
734 2037 791 2090 et
820 2031 915 2088 ille
948 2031 1056 2086 fuit
1083 2031 1305 2087 viribus
1337 2031 1592 2099 inferior,

423 2125 588 2181 Mure
619 2122 981 2179 descendunt
1013 2138 1190 2194 super
1209 2120 1567 2177 abditatecta
1591 2121 1924 2188 domorum,

791 297 894 358 AD
940 289 1448 362 GODEFBIDUM
1497 295 1825 360 APPEND.
1876 297 1926 360 ΙΙ

2038 335 2060 343 -
2089 293 2550 380 monemus
2593 299 2842 364 BELLO
2888 300 3159 366 SACRO.

285 428 638 486 munditiam
664 431 978 503 corporum
1002 429 1307 487 custodite.
1342 432 1399 486 et
1418 447 1739 502 pauperum
1760 429 1926 486 misc-
1955 431 2010 498 Α

3568 295 3687 363 736

2180 430 2259 486 De
2291 431 2565 488 domibus
2583 449 2715 489 vero
2739 432 2959 490 saliunt
2986 451 3089 506 per
3119 432 3295 508 plana
3312 433 3539 492 viarum

2182 520 2304 576 Huc
2335 521 2586 593 illucque
2620 539 2788 578 senes
2819 521 3242 597 fugiunt,pueri
3283 526 3648 597 juvenesque

2279 610 2389 664 Sed
2425 628 2665 682 prorsus
2698 610 2842 666 nulli
2873 613 3092 684 profuit
3123 613 3240 669 ulla
3274 615 3430 687 fuga.

2038 697 2310 771 Praecepit
2339 698 2492 754 enim
2525 716 2748 768 omnes,
2785 705 2849 756 ut
2879 717 3081 757 omnes
3115 707 3479 775 caperentur,
3501 707 3557 758 et
3579 703 3676 776 qui

2034 785 2094 840 in
2127 787 2425 842 Christum
2449 789 2682 844 credere
2706 787 3404 858 nollent,decollarentur.
3423 791 3546 848 Illic
3575 793 3682 848 visi

2036 881 2173 931 sunt
2205 876 2439 948 plurimi
2474 879 2660 950 capite
2693 878 2884 950 plecti,
2920 878 3307 953 plurimisque
3331 880 3526 954 pueris
3549 899 3682 938 cum

2036 964 2246 1038 puellis
2277 967 2577 1021 subtracta
2607 971 2694 1022 est
2724 968 2842 1023 vita
2863 967 3020 1040 longi
3057 969 3354 1041 temporis.
3387 971 3684 1026 Judicium

2034 1055 2189 1109 enim
2224 1055 2449 1110 Lomini
2483 1055 2592 1110 fuit
2623 1056 2751 1126 hoc,
2794 1056 2934 1129 quia
2983 1057 3446 1114 Christianorum
3497 1060 3686 1116 fuerat

2035 1143 2236 1199 civitas
2291 1143 2410 1212 illa,
2470 1144 2670 1217 eisque
2726 1145 2904 1200 simili
2947 1147 3152 1202 mortis
3197 1146 3449 1203 ludibrio
3491 1148 3687 1205 ablata

2033 1237 2176 1289 erat.
2210 1231 2419 1288 Nullus
2451 1251 2518 1288 ex
2564 1238 2727 1289 tanta
2778 1234 3152 1292 multitudine
3193 1243 3519 1293 reservatus
3573 1243 3681 1293 est.

2035 1321 2244 1393 Sicque
2277 1323 2560 1376 mundata
2590 1327 2678 1377 est
2708 1323 2908 1379 civitas
2939 1323 3213 1394 illa,etad
3230 1325 3452 1381 cultum
3473 1331 3685 1383 nostrae

2035 1410 2168 1465 fidei
2204 1415 2484 1476 revocata,
2518 1411 2678 1466 Tunc
2709 1429 2904 1468 comes
2945 1431 3078 1468 cum
3129 1413 3252 1470 suis
3303 1414 3685 1488 optimatibus

2034 1497 2240 1554 habuit
2269 1499 2600 1566 consilium,
2637 1504 2702 1555 ut
2733 1500 2788 1556 in
2841 1519 2908 1556 ea
2940 1502 3312 1559 ordinaretur
3352 1503 3682 1576 episcopus,

2034 1589 2204 1659 cujus
2234 1588 2476 1644 consilio
2524 1595 2578 1644 et
2628 1590 2842 1645 auxilio
2875 1591 3076 1646 civitas
3109 1597 3419 1665 regeretur,
3454 1598 3508 1648 et
3542 1593 3686 1650 ﬁdes

2032 1677 2171 1732 Jesu
2205 1677 2416 1732 Christi
2449 1678 2505 1732 in
2539 1679 2816 1734 cordibus
2847 1680 3069 1735 novitcr
3100 1681 3523 1754 baptizatorum
3544 1683 3686 1740 soli~

2033 1767 2288 1821 daretur.
2323 1767 2554 1822 Electus
2583 1773 2673 1823 est
2703 1767 2879 1841 igitur
2910 1769 2996 1824 vir
3025 1769 3258 1842 sapiens
3315 1774 3370 1827 et
3408 1788 3685 1843 persona-

2035 1859 2152 1922 tus,
2183 1854 2629 1929 litterarumque
2676 1856 3001 1914 eruditione
3050 1858 3296 1931 pollens,
3349 1864 3405 1916 et
3437 1865 3686 1934 utraque

2036 1943 2283 2000 scicntia
2312 1944 2612 2016 praeditus,
2662 1950 2718 2002 et
2766 1947 2836 2002 ad
2887 1947 3279 2005 ordinandum
3314 1949 3684 2006 Antiochiam

2035 2037 2123 2089 est
2152 2031 2390 2090 missus.

1484 2279 1817 2338 EXPLlCIT
1859 2281 2067 2338 LIBER
2098 2281 2472 2338 SEPTIMUS.

1283 2467 1689 2574 INCIPIT
1749 2470 2072 2556 LIBER
2132 2471 2672 2560 OCTAVUS

820 2649 1050 2706 CAPUT
1091 2647 1379 2704 PRIMUM

351 2741 630 2799 Estivum
657 2744 890 2812 tempus
923 2737 1064 2795 solis
1099 2738 1301 2794 ardore
1335 2753 1616 2810 represso,
1638 2755 1769 2793 cum
1797 2737 1922 2809 jam

281 2831 463 2889 transi
475 2835 578 2898 ret,
604 2846 830 2902 noxque
845 2828 997 2884 diem
1011 2828 1222 2884 horaru
1235 2845 1286 2882 m
1305 2827 1597 2882 numerosi
1610 2831 1723 2882 tate
1739 2830 1924 2882 trans-

281 2922 600 2989 scendcret,
635 2917 850 2974 milites
881 2915 1927 2990 Cbristiquaquaversumaestivarant

279 3013 351 3068 ad
381 3008 747 3066 Antiochiam
779 3010 1130 3075 remearunt,
1165 3010 1222 3062 et
1256 3005 1523 3061 Kalendis
1562 3005 1920 3072 Novembris,

279 3100 371 3156 die
403 3101 546 3156 festo
577 3096 964 3154 solemnitatis
997 3096 1273 3152 Omnium
1306 3096 1652 3152 Sanctorum
1684 3093 1764 3149 ibi
1796 3112 1927 3150 con~

2033 2649 2500 2704 conturbaretur.
2536 2649 2700 2704 Tunc
2718 2648 3097 2705 Boamundus
3114 2649 3685 2708 munivitcastellum

2034 2739 2186 2809 quod
2221 2738 2618 2810 supereminet
2644 2738 2882 2806 civitati,
2917 2742 2972 2794 et
3002 2755 3205 2794 omnes
3235 2738 3514 2811 palatium
3549 2741 3690 2796 Cas-

2037 2827 2207 2893 siani,
2241 2830 2296 2882 ct
2325 2827 2538 2882 turrim
2597 2843 2725 2898 quae
2774 2844 2956 2900 supra
3006 2833 3234 2900 portam
3285 2829 3448 2884 urbis
3499 2834 3606 2896 est,
3657 2848 3689 2885 a

2033 2920 2196 2989 parte
2227 2920 2430 2988 portus
2462 2916 2656 2972 Sancti
2692 2915 3000 2972 Simeonis.
3034 2916 3181 2982 Quia
3209 2933 3340 2972 vero
3371 2935 3476 2974 nos
3509 2918 3680 2990 longo

2034 3005 2385 3061 narrationis
2442 3009 2630 3060 tractu
2676 3004 2994 3060 Antiochia
3043 3005 3312 3072 detinuit,
3364 3011 3683 3080 notrosque

2035 3094 2372 3168 peregrinos
2403 3093 2619 3149 milites
2649 3111 2752 3166 per
2799 3098 2924 3149 octo
2975 3110 3207 3150 menses
3239 3111 3346 3150 sua
3376 3096 3683 3153 obsidione

275 3192 576 3246 venerunt.
623 3188 692 3244 Et
741 3185 1046 3242 benedicta
1091 3183 1276 3258 gloria
1305 3185 1480 3256 Regis
1527 3183 1749 3254 interni,
1783 3183 1922 3255 quia
2033 3165 2313 3257 fatigavit,
2343 3199 2447 3238 nec
2479 3182 2598 3238 ulla
2628 3165 2678 3238 vi
2714 3182 2973 3238 humana
3001 3181 3087 3238 vel
3120 3188 3264 3254 arte,
3309 3183 3397 3240 vel
3448 3185 3681 3259 ingenio

275 3281 416 3336 tunc
439 3277 806 3334 numeriosor
834 3276 945 3330 fuit
973 3275 1145 3330 turba
1176 3273 1547 3329 redeuntium
1580 3290 1755 3346 quam
1807 3273 1926 3328 fue-

276 3373 385 3437 rat,
411 3385 543 3423 cum
577 3383 639 3422 se
669 3366 740 3421 ab
772 3365 1018 3420 invicem
1051 3363 1393 3418 diviserunt.
1414 3363 1495 3416 Ex
1512 3362 1736 3418 cunctis
1767 3361 1924 3416 enim

277 3457 482 3512 mundi
517 3455 782 3529 partibus
815 3452 999 3510 secuti
1027 3456 1192 3508 erant
1212 3451 1381 3506 multi
1404 3451 1617 3523 egregii
1641 3451 1926 3506 militeset

277 3546 500 3619 pedites
557 3544 816 3617 priorum
872 3540 1133 3614 vestigia,
1194 3539 1573 3612 quotidieque
1632 3541 1928 3596 crescebat

276 3633 606 3690 Christiana
637 3631 1146 3701 militia.Cumque
1177 3629 1235 3683 in
1265 3646 1446 3683 unum
1483 3629 1561 3683 ita
1585 3629 1922 3696 residerent,

277 3727 334 3780 et
364 3724 432 3779 de
464 3722 550 3777 via
588 3721 775 3777 sancti
808 3719 1061 3794 sepulcri
1094 3735 1208 3790 quo
1239 3717 1552 3790 dirigerent
1585 3717 1924 3790 iter,dispo-

277 3815 502 3880 nerent,
535 3809 913 3866 Boamundus
944 3807 1270 3881 pactionem
1285 3805 1448 3861 urbis
1479 3806 1923 3878 requirit,quam

278 3901 390 3958 sibi
424 3900 880 3973 spoponderant.
914 3897 1119 3952 Comes
1151 3895 1347 3952 Sancti
1378 3895 1586 3968 Egidii
1619 3895 1844 3951 dicebat
1866 3894 1923 3950 id

277 4008 394 4047 non
425 4007 595 4062 posse
628 3987 1512 4061 fieriproptersacramcntaqum
1528 3986 1926 4056 perBoamun-

277 4081 419 4136 dum
452 4080 707 4134 fecerant
735 4075 1070 4149 imperatori
1102 4073 1760 4146 Constantinopolitano.
1791 4073 1925 4128 inde

279 4185 382 4242 per
410 4169 536 4223 dies
569 4165 854 4240 plurimos
887 4165 1073 4220 factus
1107 4162 1272 4220 estin
1305 4162 1754 4219 ecelesiaSancti
1775 4162 1924 4217 Petri

278 4261 618 4325 conventus,
654 4270 1024 4328 magnusque
1054 4253 1361 4308 verborum
1395 4269 1463 4308 ex
1494 4256 1740 4324 utraque
1761 4255 1925 4323 parte

278 4345 884 4416 conﬂictus.Cumque
917 4342 975 4397 in
1009 4341 1305 4397 communi
1341 4346 1624 4396 conventu
1657 4339 1802 4405 fieri,
1827 4357 1924 4396 nc-

278 4435 470 4508 quiret
500 4434 620 4490 ulla
651 4433 926 4488 difﬁnitio
953 4449 1079 4504 quae
1102 4430 1227 4503 paci
1247 4429 1928 4501 conveniret,episcopiet

279 4526 543 4590 abbatcs,
575 4527 632 4579 et
664 4520 890 4579 consilii
923 4521 1173 4576 sanioris
1195 4520 1371 4574 duces
1397 4517 1925 4586 etcomites,locum
1958 4561 2002 4624 Β

279 4614 339 4670 in
373 4631 488 4686 quo
519 4616 607 4668 est
637 4611 912 4668 cathedra
944 4609 1139 4666 Sancti
1168 4607 1320 4664 Petri
1352 4605 1928 4674 intraverunt,etillic

279 4702 438 4758 intra
472 4720 532 4757 se
565 4697 1170 4772 diviserunt,qualiter
1190 4701 1246 4753 et
1276 4696 1619 4752 Boamundo
1635 4700 1930 4752 servarent

284 4793 593 4866 promissa,
627 4794 682 4846 et
703 4788 1038 4861 imperatori
1073 4788 1222 4843 facta
1252 4790 1635 4842 sacramenta.
1655 4784 1799 4840 Cum
1831 4802 1928 4839 ve-

284 4898 346 4938 ro
379 4899 412 4936 a
440 4879 565 4937 loco
596 4877 825 4934 consilii
856 4877 1138 4945 exierunt,
1175 4875 1484 4931 consilium
1515 4881 1708 4930 tamen
1742 4873 1928 4930 omni-

284 4971 396 5026 bus
429 4969 750 5041 patefacere
777 4966 1109 5022 noluer'unt.
1153 4965 1351 5036 Itaque
1383 4964 1701 5020 domestico
1754 4963 1930 5018 aifatu

287 5057 604 5115 revelatum
635 5061 725 5112 est
754 5053 1066 5111 consilium
1112 5052 1310 5109 comiti
1357 5052 1551 5109 Sancti
1599 5051 1830 5126 Egidii,
1878 5055 1935 5106 et

286 5147 412 5220 ipse
445 5145 701 5201 laudavit
731 5143 1108 5216 dispositum,
1144 5141 1223 5196 ita
1255 5147 1448 5197 tamen
1482 5141 1935 5198 utBoamundus

289 5239 557 5308 pergeret
587 5250 720 5288 cum
753 5231 837 5288 eis
868 5231 1314 5303 iterinceptum.
1342 5231 1717 5286 Boamundus
1749 5229 1938 5303 requi-

290 5323 462 5388 situs,
497 5321 646 5377 idem
681 5319 958 5388 laudavit,
992 5323 1049 5376 et
1071 5324 1317 5391 uterque
1347 5319 1406 5374 in
1438 5319 1940 5393 manibusepisco-

289 5422 524 5484 porum,
558 5408 688 5465 fidei
723 5408 1158 5482 astipulatione,
1185 5407 1471 5479 promisit,
1505 5409 1660 5480 quod
1691 5409 1764 5464 ab
1793 5409 1938 5482 ipsis

287 5499 385 5555 via
427 5497 611 5551 sancti
659 5497 907 5572 sepulcri
955 5512 1261 5568 nunquam
1310 5498 1690 5565 desereretur,
1722 5515 1940 5577 ._neq11e

2033 3271 2296 3345 superari
2329 3271 2582 3344 portuit;
2617 3271 2688 3328 de
2718 3271 2846 3344 ejus
2878 3271 2991 3328 situ
3025 3275 3082 3328 et
3121 3272 3527 3346 magnitudine
3575 3274 3682 3330 ali-

2034 3361 2177 3434 quid
2209 3361 2496 3428 dicamus,
2531 3360 2730 3434 eisque
2761 3361 2861 3433 qui
2895 3377 3023 3416 cam
3052 3379 3355 3434 nunquam
3412 3363 3685 3419 viderunt

2035 3449 2256 3523 aliquid
2288 3450 2423 3506 inde
2457 3449 2809 3523 aperiamus.

2697 3539 2927 3594 CAPUT
2966 3539 3014 3594 Il

2107 3628 2314 3685 Urbem
2349 3627 2520 3694 hanc,
2551 3631 2614 3683 ut
2646 3630 2776 3699 ejus
2807 3627 3334 3697 historiatestatur,
3383 3632 3686 3704 sexaginta

2035 3718 2292 3790 quinque
2325 3734 2491 3788 reges
2523 3717 2971 3788 constituerunt,
3006 3717 3104 3790 qui
3138 3735 3342 3774 omnes
3373 3720 3501 3791 ejus
3531 3721 3690 3792 prin—

2034 3806 2250 3879 cipatui
2283 3805 2629 3862 famulatum
2674 3807 3056 3879 subjectionis
3100 3807 3508 3864 exhibuerunt.
3564 3809 3684 3864 Cir-

2033 3896 2345 3951 cumdatur
2374 3900 2569 3950 autem
2602 3894 2788 3950 muris
2815 3895 3063 3952 duobus.
3085 3895 3344 3952 Priorest
3365 3915 3431 3952 ex
3457 3898 3687 3972 magnis

2034 3983 2328 4057 lapidibus
2361 3984 2418 4038 in
2451 3984 2744 4056 quadrum
2778 3985 2970 4052 sectis,
3005 3988 3060 4040 et
3092 3983 3294 4040 subtili
3327 3985 3570 4042 artificio
3590 4004 3689 4059 po-

2032 4073 2174 4139 litis,
2207 4077 2263 4128 et
2295 4075 2351 4128 in
2385 4090 2450 4128 eo
2481 4074 2762 4129 ordinatae
2793 4078 2849 4129 et
2879 4073 3168 4130 distincta:
3201 4080 3338 4130 sunt
3369 4075 3428 4130 in
3463 4077 3588 4132 suis
3610 4076 3689 4132 lo-

2035 4163 2120 4218 cis
2151 4161 2580 4235 quadringenta
2611 4167 2806 4218 turres
2837 4166 2892 4218 et
2923 4164 3246 4235 sexaginta.
3267 4163 3366 4219 llic
3381 4165 3690 4221 seintuen-

2033 4251 2194 4308 tibus
2224 4255 2530 4307 venustate
2560 4265 2678 4307 suae
2709 4251 3151 4323 compositionis
3182 4252 3418 4319 arridet,
3453 4258 3510 4309 et
3553 4272 3687 4326 spa-

2032 4339 2218 4397 tiosus
2249 4344 2336 4396 est
2364 4339 2673 4396 latitudine
2694 4339 2871 4396 nimis
2894 4341 3106 4413 ampla.
3129 4341 3514 4398 Continentur
3535 4343 3691 4398 intra

2035 4433 2200 4502 septa
2233 4446 2536 4485 murorum
2564 4433 2819 4501 quatuor
2849 4433 3077 4485 montes
3109 4430 3375 4503 magniet
3407 4432 3464 4485 in
3499 4431 3687 4488 altum

2033 4519 2375 4574 eminentes.
2410 4519 2473 4573 In
2529 4517 2731 4574 altiore
2763 4535 2963 4574 eorum
2997 4524 3398 4575 constructum
3455 4523 3545 4576 est
3601 4538 3691 4576 ca-

2037 4607 2292 4672 stellum,
2328 4607 2482 4677 quod
2513 4605 2597 4662 ita
2625 4605 2878 4662 naturali
2912 4607 3198 4679 positione
3229 4608 3690 4682 munitur,quod

2039 4713 2144 4752 nec
2175 4695 2516 4752 bellicosum
2547 4695 2714 4751 timet
2745 4695 3052 4768 impetum,
3087 4713 3190 4752 nec
3224 4697 3536 4770 cujuslibet
3560 4716 3690 4753 ma-

2025 4785 2392 4841 ‘(fhinationis
2423 4785 2748 4858 ingenium.
2797 4785 3108 4841 Trecentas
3157 4789 3211 4841 et
3260 4788 3560 4860 sexaginta
3588 4787 3690 4843 Ec-

2041 4874 2246 4931 clesias
2277 4873 2497 4929 obtinet
2527 4874 2584 4929 in
2617 4873 2708 4930 sui
2742 4873 2979 4929 conﬁnii
3015 4874 3324 4944 territorio,
3355 4880 3413 4930 et
3452 4871 3694 4948 patriar-

2043 4964 2150 5019 cha
2180 4963 2353 5019 habet
2381 4967 2613 5018 centum
2646 4969 2702 5018 et
2732 4963 3162 5037 quinquaginta
3181 4969 3235 5020 et.
3249 4969 3366 5020 tres
3388 4965 3694 5037 episcopos

2044 5053 2154 5108 sub
2186 5052 2515 5125 principatu
2560 5068 2688 5108 suo.
2750 5052 2834 5108 Ab
2891 5053 3113 5108 oriente
3162 5057 3413 5126 quatuor
3458 5053 3695 5127 magnis

2046 5141 2345 5198 montibus
2367 5140 2770 5212 prmmunitur,
2805 5141 2876 5196 ab
2916 5142 3211 5198 occidente
3252 5159 3387 5198 vero
3435 5143 3693 5214 quodam

2046 5231 2286 5286 ﬂumine
2317 5227 2576 5295 alluitur,
2610 5231 2780 5301 cujus
2811 5245 3021 5286 nomen
3052 5231 3251 5287 Farfar
3281 5230 3512 5286 dicitur.
3533 5235 3697 5288 Hanc

2043 5313 2366 5375 Antiochus
2395 5335 2494 5374 rex
2525 5335 2658 5374 cum
2691 5319 2836 5385 suis,
2886 5323 2950 5374 ut
3001 5337 3180 5392 supra
3224 5319 3503 5387 diximus,
3536 5331 3698 5377 sexa-

2046 5408 2207 5482 ginta
2237 5407 2496 5480 quinque
2528 5407 2765 5480 regibus
2796 5407 3118 5478 constituit,
3180 5425 3511 5481 nomenque
3541 5408 3593 5464 ei
3624 5411 3697 5466 de

2049 5515 2154 5553 suo
2185 5496 2668 5553 nomineindidit.
2695 5497 3063 5570 Hancitaque
3080 5497 3284 5554 urbem
3308 5498 3525 5570 regiam
3555 5503 3702 5554 tam-

290 5587 529 5670 prOpter
555 5585 844 5646 dissidum
880 5586 1065 5646 ullum
1101 5586 1256 5659 quod
1300 5587 1451 5644 inter
1499 5603 1558 5643 se
1609 5587 1942 5645 habuerunt
2049 5603 2162 5662 que
2194 5585 2648 5643 famosissimam
2681 5584 3036 5643 obsederunt
3066 5585 3246 5645 nostri
3281 5585 3567 5661 peregrini
3592 5587 3699 5644 mi-
