3996 6096
238 228 358 285 737

984 226 1321 287 IIOBERTI
1366 225 1721 301 MONACII‘I
1771 226 1967 287 IIIS'I‘.
2014 225 2427 289 HIEROSOL.
2468 260 2524 273 η-
2569 230 2715 290 LIB.
2763 230 2922 292 VIII.

3523 238 3643 315 71,38

238 358 390 423 lites,
421 374 525 431 per
543 361 672 415 octo
695 374 928 415 menses
947 361 1006 415 et
1033 358 1188 416 diem
1207 375 1413 428 unum,
1445 362 1505 415 et
1529 359 1721 416 tribus
1750 358 1885 417 heb-
1914 361 1965 441 Α
2000 358 2092 416 nis
2111 359 2387 416 omnibus
2407 377 2535 434 quas
2574 361 2864 420 introrsus
2884 369 3051 421 erant
3079 365 3444 423 eminentior.
3463 369 3645 426 Habe-
3663 414 3681 435 .

236 448 590 505 domadibus
621 448 782 503 intus
805 448 1042 504 fuerunt
1061 447 1275 505 inclusi
1299 467 1333 505 a
1363 453 1535 523 gente
1556 454 1887 519 Partorum;

237 554 356 611 qua
384 535 581 593 divino
613 543 887 609 superata
917 538 1202 609 subsidio,
1223 544 1424 613 postea
1454 539 1800 612 quieverunt
1830 539 1889 595 in

236 642 305 682 ea
334 630 589 699 quatuor
618 642 851 682 menses
881 630 939 684 et
967 626 1092 683 dies
1125 632 1273 683 octo.
1308 627 1533 695 Quibus
1579 628 1888 701 explicitis,

238 714 609 771 Raimundus
631 730 828 770 comes
853 713 1052 771 Sancti
1076 713 1284 788 Egidii
1307 715 1535 788 primus
1557 733 1693 772 eum
1719 720 1893 790 gente

239 821 351 860 sua
371 805 444 859 de
475 802 782 859 Antiochia
810 803 965 872 exiit,
1002 808 1059 859 et
1087 805 1156 860 ad
1192 805 1399 860 urbem
1429 822 1557 878 quas
1588 804 1776 878 Rugia
1802 805 1892 860 di-

234 892 390 947 citur
419 891 703 964 pervenit,
732 889 863 947 Alia
893 892 985 948 die
1014 892 1087 948 ad
1119 892 1361 949 alteram
1390 893 1548 949 venit
1571 893 1890 961 civitatem,

237 997 417 1053 quam
446 981 756 1037 nominant
782 979 1102 1037 Albariam.
1125 985 1243 1038 Has
1264 982 1413 1038 duas
1444 981 1706 1038 civitates
1738 999 1896 1038 eom-

240 1069 531 1143 pendiosa
579 1087 688 1126 sua
747 1069 959 1126 militia
1003 1087 1110 1127 suo
1164 1073 1578 1145 subjugaverat
1624 1071 1890 1145 imperio,

235 1158 313 1213 (1h
325 1157 569 1231 ristique
594 1157 1026 1231 maneipaverat
1046 1159 1302 1217 servitio.
1326 1162 1541 1228 Quarto
1563 1159 1895 1229 die,exeun-

238 1254 295 1304 te
324 1247 674 1316 Novembre,
706 1247 866 1304 venit
896 1249 967 1304 ad
999 1249 1202 1305 urbem
1235 1267 1365 1323 quas
1381 1249 1576 1307 Marra
1595 1267 1896 1324 nuncupa-

236 1342 357 1405 tur;
392 1352 571 1409 quam
594 1336 963 1393 Raimundus
985 1337 1202 1394 Piletus
1227 1337 1394 1393 miles
1417 1339 1546 1410 ejus
1568 1338 1896 1412 primusin-

237 1430 490 1494 vaserat,
524 1426 626 1482 sed
677 1425 916 1483 recessit
964 1426 1192 1482 fortiter
1236 1425 1370 1482 inde
1420 1427 1710 1501 repulsus.
1759 1430 1895 1486 Erat

238 1519 439 1571 autem
466 1514 672 1571 civitas
702 1514 804 1571 illa
842 1514 1150 1589 populosa,
1184 1519 1240 1573 ct
1272 1516 1346 1572 ab
1375 1517 1532 1572 omni
1566 1522 1737 1592 gente
1766 1535 1895 1592 quae

241 1604 299 1659 in
322 1603 573 1659 circuitu
597 1608 722 1660 erat
744 1603 922 1661 nimis
944 1604 1129 1662 eonsti
1138 1609 1291 1678 pata.
1309 1607 1443 1672 Quae
1465 1623 1609 1681 gens
1630 1608 1892 1675 adversa,

244 1698 310 1749 ut
340 1697 574 1749 nostros
604 1692 837 1750 eminus
866 1693 1185 1766 conspexit,
1219 1694 1360 1768 quia
1402 1696 1472 1752 ad
1508 1697 1894 1769 comparatio-

245 1799 379 1838 nem
414 1781 506 1837 sui
557 1782 727 1854 pauci
773 1800 903 1839 esse
942 1783 1310 1851 videbantur,
1364 1783 1645 1857 despexit,
1695 1784 1895 1858 eisque

243 1874 411 1927 extra
446 1868 741 1927 civitatem
789 1871 1058 1927 resistere
1087 1876 1294 1927 conata
1340 1876 1448 1928 est.
1482 1873 1591 1929 Sed
1626 1873 1895 1946 protinus

246 1962 611 2034 agnoverunt
634 1960 788 2032 quod
826 1976 972 2035 gens
1016 1960 1431 2033 compendiosa
1456 1964 1513 2018 et
1557 1962 1725 2018 fortis
1757 1979 1898 2035 pra:-

246 2050 434 2104 fertur
458 2047 791 2105 temulenta:
814 2048 1172 2104 multitudini
1199 2066 1213 2119 ;
1239 2054 1298 2105 et
1320 2050 1610 2124 praecipue
1636 2068 1780 2123 gens
1796 2050 1901 2107 illa

246 2138 421 2209 cujus
450 2153 585 2210 spes
614 2141 704 2193 est
735 2142 792 2194 et
822 2136 1034 2194 ﬁducia
1061 2136 1121 2194 in
1153 2139 1389 2196 nomine
1418 2139 1671 2205 Domini,
1704 2140 1896 2197 Nostri

244 2227 408 2284 enim
460 2232 525 2282 ut
572 2226 845 2283 viderunt
890 2226 1024 2283 illos
1075 2227 1145 2283 ad
1201 2228 1591 2285 resistendum
1645 2224 1895 2302 parntes,

245 2315 469 2390 (lypeis
498 2316 835 2389 pectoribus
857 2316 1160 2389 oppositis,
1195 2316 1647 2390 lancearumquc
1675 2335 1904 2374 mucro-

246 2406 423 2460 nibus
442 2404 1038 2477 przspositis,militari
1064 2405 1284 2479 impetu
1307 2404 1366 2461 in
1393 2406 1523 2462 illos
1543 2408 1896 2479 irrumpunt,

246 2494 451 2566 sicque
484 2510 587 2566 per
615 2494 874 2549 medium
896 2495 1216 2550 subeuntes
1237 2495 1634 2568 disrumpunt.
1662 2496 1742 2551 lbi
1767 2514 1901 2552 con-

252 2583 428 2655 fregit
451 2582 739 2639 Dominus
770 2583 1062 2657 potentias
1090 2601 1353 2652 arcuum,
1389 2588 1621 2641 scutum
1668 2590 1725 2641 et
1770 2586 1900 2661 gla-

251 2669 420 2727 dium
452 2674 509 2726 et
536 2669 774 2740 bellum,
806 2671 947 2744 quia
976 2676 1287 2746 postquam
1317 2671 1530 2746 gladiis
1568 2673 1761 2748 agitur
1792 2692 1903 2747 pu-

251 2776 393 2834 gna,
424 2758 653 2816 inutilis
679 2763 738 2816 et
768 2776 940 2817 arcus
970 2765 1028 2816 et
1048 2761 1280 2834 sagitta.
1315 2761 1421 2828 Qui
1445 2767 1623 2836 porta:
1652 2763 1904 2820 civitatis

251 2846 641 2922 propinquior
660 2847 790 2917 fuit,
814 2848 1128 2906 beatiorem
1163 2865 1226 2906 se
1244 2867 1371 2907 esse
1409 2850 1778 2922 existimavit;
1804 2852 1905 2926 qui

250 2953 391 2993 vero
419 2936 592 3010 longe
622 2937 841 3004 aberat,
874 2941 994 2993 toto
1053 2938 1261 2994 atl'ectu
1310 2940 1655 3013 peroptabat
1693 2945 1760 2997 ut
1806 2946 1907 2998 aut

251 3031 434 3099 porta:
461 3025 708 3083 vicinior
738 3026 899 3083 fieret
922 3031 1023 3083 aut
1051 3027 1121 3083 ad
1157 3044 1220 3084 se
1251 3032 1418 3101 porta
1462 3028 1702 3085 veuiret.
1757 3030 1907 3087 Mul-

2000 448 2097 502 bat
2129 452 2322 504 autem
2356 448 2469 503 tria
2494 448 2704 505 solatia
2725 466 2851 523 quae
2872 457 3037 507 erant
3056 453 3202 507 bene
3223 454 3408 510 scutis
3438 460 3494 511 et
3525 460 3644 511 tro-

1999 536 2184 592 chleis
2209 537 2578 610 praemunita.
2602 539 2666 594 In
2688 539 2919 597 duobus
2941 541 3341 614 superioribus
3361 549 3525 598 erant
3566 543 3647 600 lo-

2000 624 2165 680 ricati
2197 642 2331 681 eum
2361 626 2495 682 telis
2526 632 2582 683 et
2611 627 2858 685 sudibus
2890 634 2945 684 et
2973 629 3222 703 sagittis,
3254 630 3644 705 etlapidibus,

2000 712 2157 786 pilis,
2189 717 2245 769 et
2276 712 2534 782 facibus;
2580 717 2790 772 subtus
2820 722 2985 773 erant
3017 719 3403 776 nihilominus
3436 720 3646 777 armati

2001 802 2099 874 qui
2120 806 2276 859 rotas
2290 801 2693 877 impingehant
2712 822 2888 878 super
2906 824 3053 879 quas
3079 807 3267 880 ipsam
3289 810 3498 866 turrim
3516 827 3649 867 con-

2001 890 2330 947 stituerant.
2367 892 2479 947 Alii
2522 894 2759 966 quidem
2789 895 3001 950 factam
3032 896 3435 954 testitudinem
3476 916 3646 957 muro

2001 979 2428 1052 applicuerunt,
2456 986 2511 1036 et
2535 983 2818 1038 fossatum
2841 983 2995 1055 quod
3019 988 3142 1039 erat
3163 985 3369 1060 ingens
3386 987 3650 1060 adaeque.

2001 1071 2160 1133 runt,
2193 1073 2258 1124 ut
2288 1070 2502 1125 turrim
2527 1086 2695 1126 muro
2718 1075 2957 1143 possent
2976 1073 3216 1141 sociare,
3240 1078 3296 1130 et
3318 1073 3505 1147 ipsius
3526 1092 3650 1132 mu-

2002 1154 2224 1211 nimine
2257 1158 2732 1231 protecti,ipsum
2789 1175 3024 1215 murum
3051 1160 3312 1217 valerent
3333 1162 3645 1235 perforare,

2001 1245 2158 1318 quod
2189 1245 2269 1300 ita
2302 1246 2518 1302 factum
2552 1252 2658 1303 est.
2693 1248 2804 1303 Sed
2836 1247 3035 1305 miseri
3080 1249 3233 1306 cives
3266 1254 3469 1306 contra
3498 1252 3648 1309 fece-

2003 1337 2137 1389 rant
2166 1334 2462 1406 quoddam
2494 1335 2975 1404 instrumentum,
3008 1355 3123 1410 quo
3152 1340 3406 1411 grandes
3425 1339 3649 1413 lapides

2002 1423 2313 1478 adversum
2336 1423 2546 1480 turrim
2553 1425 2934 1495 jaciebant,et
2953 1427 3129 1482 etiam
3151 1426 3346 1501 ignem
3362 1432 3647 1498 Grmcum,

2003 1528 2117 1584 quo
2138 1527 2266 1567 eam
2289 1511 2580 1581 arderent,
2605 1513 2966 1571 emittebant.
2993 1516 3103 1572 Sed
3128 1516 3229 1572 Dei
3250 1518 3438 1590 gratia
3460 1523 3651 1592 prote-

2003 1605 2192 1672 gente,
2216 1601 2409 1657 omnis
2431 1606 2673 1659 conatus
2690 1619 2889 1660 eorum
2912 1621 3255 1678 ommesque
3275 1606 3654 1665 machinatio-

2004 1705 2109 1745 nes
2131 1689 2418 1746 frustratae
2432 1695 2654 1761 sunt,et
2679 1692 2751 1747 ad
2781 1692 3053 1749 mihilum
3079 1695 3343 1750 redactae.
3364 1695 3508 1752 Nam
3533 1700 3655 1753 tur-

2002 1776 2083 1833 ris
2111 1777 2306 1851 lignea
2335 1779 2433 1834 ubi
2466 1797 2636 1835 muro
2658 1780 2922 1853 proxima
2951 1782 3079 1845 fuit,
3111 1799 3316 1840 omnes
3341 1784 3443 1856 qui
3472 1785 3531 1840 in
3550 1784 3654 1842 illa

2002 1870 2165 1938 parte
2196 1867 2348 1922 muri
2377 1872 2562 1935 erant,
2597 1874 2662 1924 ut
2706 1870 2818 1926 sub
2842 1887 2905 1927 se
2945 1871 3273 1945 despiciens
3317 1874 3649 1946 prostravit.

2070 1954 2422 2012 Guillelmus
2468 1958 2539 2014 de
2585 1959 2780 2015 Monte
2822 1960 3083 2029 Pislerio,
3114 1960 3284 2031 (alias
3311 1962 3653 2033 Pessulano)

2002 2044 2129 2117 ipse
2160 2043 2269 2100 fuit
2297 2061 2431 2101 eum
2466 2046 2667 2102 multis
2697 2048 2832 2104 aliis
2862 2048 2921 2104 in
2953 2050 3238 2122 superiori
3259 2050 3495 2107 solario.
3519 2052 3655 2108 Erat

2003 2138 2202 2189 auten;
2232 2150 2367 2189 cum
2412 2150 2479 2190 eo
2522 2141 2761 2192 venator
2785 2136 3049 2210 quidam,
3082 2141 3317 2195 nomine
3347 2140 3651 2211 Ewardus,

2005 2222 2101 2295 qui
2129 2223 2340 2296 spiritu
2374 2224 2726 2280 buccinandi
2758 2231 2884 2282 erat
2914 2228 3209 2299 praeditus.
3235 2228 3380 2284 Nam
3410 2246 3551 2286 sono
3570 2234 3658 2286 tuo

2006 2311 2314 2367 multuosae
2360 2313 2518 2369 vocis
2560 2317 2619 2369 et
2660 2314 3025 2372 adversarios
3056 2317 3397 2383 exterrebat,
3431 2322 3488 2374 et
3517 2334 3658 2376 suos

2006 2401 2076 2455 ad
2104 2399 2257 2454 bella
2274 2400 2571 2458 incitabat.
2606 2403 2675 2457 Et
2695 2403 2834 2458 dum
2859 2404 3206 2461 Guillelmus
3227 2421 3359 2461 eum
3382 2406 3506 2463 suis
3527 2424 3655 2480 qua

2007 2490 2160 2544 circa
2183 2506 2245 2544 se
2272 2495 2409 2544 sunt
2429 2491 2710 2559 devastat;
2734 2508 2869 2547 nam
2904 2492 3102 2548 missis
3125 2493 3447 2551 molaribus
3477 2496 3655 2565 saxis,

2008 2579 2136 2651 ipsa
2165 2578 2472 2634 domorum
2504 2583 2657 2635 tecta
2681 2580 3100 2653 eontringebat;
3124 2583 3224 2655 qui
3246 2585 3358 2640 sub
3381 2600 3447 2639 eo
3468 2589 3656 2654 erant,

2010 2684 2245 2722 murum
2278 2667 2593 2738 fodiebant,
2616 2675 2673 2724 et
2693 2668 2790 2724 alii
2809 2669 2881 2725 ad
2904 2670 3056 2726 muri
3078 2672 3519 2745 propugnacula
3536 2689 3659 2731 sea-

2009 2754 2126 2811 lam
2159 2756 2480 2829 erigebant,
2512 2774 2691 2829 quam
2721 2763 2996 2826 erectam,
3030 2776 3165 2817 eum
3196 2760 3396 2817 nullus
3414 2762 3659 2819 auderet

2009 2844 2324 2901 ascendere
2364 2845 2540 2918 prior,
2575 2862 2690 2901 non
2721 2846 2962 2919 pertulit
2989 2849 3232 2921 quidam
3263 2850 3556 2908 Gulferius
3585 2851 3659 2908 de

2012 2932 2069 2987 la
2089 2933 2272 2988 Turre
2303 2934 2474 2989 miles
2504 2933 2807 3002 honestus,
2842 2936 2946 2992 sed
2972 2937 3379 2999 incunctanter
3395 2938 3660 2995 ascendit

2010 3022 2592 3095 murum,pluresque
2622 3023 2730 3079 viri
2762 3023 2941 3081 fortes
2964 3025 3147 3081 secuti
3174 3031 3314 3081 sunt
3333 3042 3491 3081 enm.
3512 3031 3660 3083 Gen-

248 3122 381 3171 tum
412 3114 627 3190 quippe
656 3114 774 3172 illis
802 3116 1040 3189 profuit,
1076 3117 1215 3189 quia
1246 3134 1422 3190 prope
1442 3118 1688 3189 januam
1711 3119 1905 3177 civim.
2014 3110 2147 3167 tiles
2178 3127 2333 3177 vero,
2372 3116 2434 3166 ut
2462 3111 2731 3167 viderunt
2751 3129 2851 3169 eos
2871 3129 3048 3185 super
3068 3129 3304 3171 murum
3334 3115 3655 3172 ascenden-

251 3205 328 3261 tis
350 3203 449 3261 illa
481 3204 817 3279 congressio
841 3205 994 3262 facta
1022 3206 1151 3261 fuit.
1185 3206 1405 3263 Tamen
1429 3224 1544 3263 non
1567 3225 1772 3266 omnes
1803 3209 1900 3282 qui

248 3291 578 3349 incolumes
596 3294 828 3350 luerant
850 3293 1092 3369 egressi,
1117 3293 1360 3350 salutari
1382 3312 1615 3352 recessu
1648 3301 1788 3352 sunt
1809 3314 1904 3358 re—

248 3381 460 3456 gressi.
495 3381 585 3438 Illi
608 3381 984 3454 potissimum
1012 3381 1200 3440 malos
1222 3400 1526 3458 regressus
1549 3385 1900 3454 habuerunt,

247 3486 403 3544 quos
432 3469 620 3526 nostri
651 3470 842 3543 primo
874 3470 1097 3545 impetu
1146 3471 1513 3543 invenerunt,
1563 3473 1644 3530 De
1686 3475 1903 3533 nostris

246 3558 418 3633 equis
449 3558 737 3633 plurimos
751 3560 1192 3635 sagittaverunt,
1217 3562 1316 3618 sed
1340 3562 1410 3617 de
1432 3561 1556 3618 suis
1570 3562 1904 3622 sessoribus

247 3648 319 3704 ad
345 3652 562 3704 terram
587 3647 896 3718 devolutis,
920 3648 1109 3705 multo
1130 3648 1330 3722 plures
1346 3648 1729 3724 reliquerunt,
1754 3652 1903 3725 Ipsis

246 3737 451 3811 itaque
479 3736 635 3794 intra
653 3737 859 3795 urbem
890 3738 1156 3812 receptis,
1178 3739 1361 3794 nostri
1393 3740 1462 3795 ad
1477 3740 1705 3812 jactum
1728 3743 1905 3816 sagit-

244 3824 529 3882 taaunius
585 3826 839 3882 tentoria
893 3830 1142 3899 ponunt.
1206 3826 1500 3883 Excubata
1529 3828 1712 3901 igitur
1735 3835 1903 3888 nocte

244 3920 391 3984 tota,
446 3931 580 3970 eum
612 3915 672 3971 in
705 3915 1028 3972 crastinum
1067 3915 1289 3971 diurna:
1319 3915 1433 3972 lnci
1467 3917 1608 3975 solis
1639 3935 1702 3975 se
1721 3920 1902 3991 jubar

244 4004 595 4071 immiscuit,
627 4004 810 4060 nostri
845 4005 1027 4061 armis
1056 4004 1327 4062 instructi
1380 4006 1584 4062 urbem
1638 4008 1901 4082 undique

244 4093 627 4161 vallaverant,
660 4094 1061 4166 aeerrimoque
1091 4110 1409 4167 congressu
1438 4094 1798 4153 invaserunt.

314 4181 479 4250 Tela,
502 4180 1049 4256 sudes,lapidesque
1069 4183 1577 4257 volant,ignesque
1604 4186 1894 4260 facesque,

314 4271 401 4327 Ex
429 4270 648 4344 quibus
681 4271 954 4328 arderent
980 4271 1272 4329 introrsus
1303 4276 1456 4329 tecta
1493 4274 1821 4332 domorum.

240 4360 361 4416 Sed
392 4359 714 4416 obsistente
744 4359 1003 4417 hostium
1036 4361 1327 4418 immensa
1357 4361 1772 4432 multidudine,
1796 4364 1899 4422 illa

240 4449 339 4506 die
371 4448 555 4505 nostri
588 4448 737 4505 nihil
768 4448 1218 4523 praevaluerunt,
1251 4451 1350 4508 sed
1387 4450 1527 4508 lassi
1550 4452 1625 4508 ad
1646 4454 1894 4510 tentoria

242 4538 746 4612 remearunt.lpsa
765 4538 858 4596 die
880 4540 1256 4598 Boamundus
1275 4557 1408 4597 eum
1431 4546 1605 4616 gente
1625 4559 1734 4599 sua
1752 4542 1899 4600 mul-

238 4626 440 4701 tisque
478 4625 611 4685 aliis
658 4627 933 4684 comitem
964 4633 1200 4687 secutus
1232 4628 1373 4687 illuc
1402 4636 1810 4703 pervenerunt,
1842 4637 1900 4690 et

242 4719 441 4773 castra
469 4720 758 4774 metantes
789 4716 1048 4790 undique
1077 4718 1283 4774 urbem
1316 4718 1699 4776 vallaverant.
1733 4722 1897 4788 Quod

238 4804 509 4862 videntes
536 4804 638 4878 qui
668 4805 962 4862 introrsus
991 4811 1177 4874 erant,
1209 4807 1392 4864 nimio
1432 4812 1652 4866 terrore
1682 4810 1899 4884 percel-

240 4891 795 4965 Iuntur,omnesque
812 4896 989 4967 portas
1012 4893 1268 4950 civitatis
1287 4895 1519 4969 objectu
1540 4895 1804 4971 lapidum
1823 4898 1898 4955 ab

240 4980 330 5038 eis
359 4981 767 5038 obstruuntur.
801 4983 1162 5055 Acceperunt
1190 4982 1371 5056 igitur
1391 4983 1635 5043 comites
1663 4985 1723 5042 in
1755 4986 1900 5043 invi-

238 5087 371 5128 cem
400 5070 736 5140 consilium,
770 5072 1051 5144 quoniam
1082 5088 1152 5128 ex
1181 5089 1349 5145 (equo
1380 5089 1496 5129 non
1526 5074 1702 5132 fiebat
1751 5092 1897 5149 prm-

237 5159 411 5217 lium.
447 5159 868 5234 Praecipiuntur
888 5160 1013 5219 fieri
1035 5161 1268 5234 arietes,
1291 5161 1517 5219 ferratae
1539 5162 1764 5222 scilicet
1782 5169 1898 5222 tra-

236 5249 368 5319 bes,
400 5266 531 5324 qua:
561 5249 838 5307 manibus
860 5249 1117 5306 militum
1152 5249 1393 5307 funibus
1415 5268 1685 5325 appensse
1706 5258 1764 5308 et
1784 5257 1902 5311 tra-

234 5342 347 5396 cta
374 5338 439 5395 in
470 5354 714 5397 murum
744 5336 1209 5412 impellerentur,
1240 5342 1297 5394 et
1323 5338 1408 5396 sic
1450 5340 1671 5398 crebris
1691 5357 1895 5401 earum

232 5427 726 5502 percussionibus
754 5426 913 5485 muri
940 5426 1402 5485 destruerentur.
1437 5429 1613 5487 Facta
1640 5433 1729 5486 est
1757 5431 1900 5489 stli-

231 5532 391 5596 gnea
418 5516 623 5590 turris,
651 5516 901 5609 lapideis
920 5517 1185 5577 turribus
1205 5515 1349 5575 satis
1378 5514 1571 5591 altior,
1594 5521 1655 5577 et
1675 5521 1898 5584 maebi.

2012 3204 2120 3266 tes,
2146 3199 2232 3255 ira
2247 3199 2575 3256 vehementi
2607 3201 2885 3258 commoti
2910 3205 3070 3270 sunt,
3095 3206 3151 3258 et
3171 3202 3431 3275 undique
3446 3203 3505 3259 in
3525 3203 3659 3263 illos

2012 3292 2394 3361 consurgunt,
2426 3292 2776 3362 tantumque
2807 3306 2907 3345 eos
2927 3289 3147 3362 jaculis
3167 3296 3225 3347 et
3252 3292 3482 3364 sagittis
3500 3309 3661 3350 coar-

2011 3379 2329 3445 ctaverunt,
2354 3380 2419 3432 ut
2439 3375 2680 3449 quidam
2707 3382 3048 3435 nostrorum
3079 3378 3179 3452 qui
3204 3396 3441 3436 murum
3462 3397 3662 3440 ascen-

2011 3465 2236 3533 derant,
2270 3466 2497 3538 seipsos
2527 3466 2601 3522 ad
2630 3470 2847 3523 terram
2880 3467 3217 3540 dejecerint,
3252 3468 3353 3541 qui
3383 3475 3656 3540 mortem,

2010 3570 2189 3626 quam
2222 3555 2465 3611 evadere
2494 3555 2799 3628 putabant,
2843 3554 3032 3613 collisi
3064 3556 3137 3612 ad
3167 3561 3382 3613 terram
3419 3557 3659 3616 invene-

2010 3647 2166 3699 runt.
2198 3644 2361 3710 Quod
2393 3660 2529 3700 cum
2558 3642 2798 3700 vidisset
2820 3643 2973 3701 clara
2991 3646 3272 3716 juventus
3293 3651 3655 3716 uestrorum,

2008 3731 2332 3788 Gulferium
2353 3732 2581 3790 scilicet
2599 3749 2733 3789 cum
2756 3733 2958 3806 paucis
2979 3750 3242 3808 pugnare
3257 3752 3435 3808 super
3450 3752 3662 3811 propu-

2009 3821 2263 3896 gnacula
2282 3838 2586 3878 murorum
2614 3821 2991 3883 immemores
3025 3822 3248 3892 sui,sed
3270 3839 3560 3883 memores
3570 3843 3660 3884 so-

2008 3911 2254 3980 ciorum,
2287 3910 2594 3969 confestim
2625 3911 2969 3981 ascendunt,
3000 3917 3345 3986 partemque
3365 3915 3519 3971 muri
3546 3931 3657 3974 sua

2008 4000 3657 4078 multitudinecooperiunt.Stabantautemjuxtaligneam

2006 4088 2216 4144 turrim
2248 4088 2579 4146 sacerdotes
2608 4093 2667 4145 et
2693 4088 2898 4157 levitas,
2933 4089 3189 4147 ministri
3217 4090 3468 4161 Domini,
3492 4092 3655 4151 invo-

2006 4183 2207 4235 cantes
2270 4182 2761 4251 propugnatorem
2807 4178 2999 4251 gentis
3046 4178 3390 4236 Christiana:
3449 4180 3655 4239 Jssum

2005 4267 2300 4323 Christum
2334 4265 2545 4323 Filium
2578 4266 2700 4335 Dei,
2733 4271 2791 4323 et
2819 4267 3110 4325 dicebant:
3138 4290 3167 4319 «
3193 4268 3453 4337 Domine,
3486 4269 3657 4329 misa-

2004 4373 2130 4412 rere
2162 4354 2366 4412 nostri.
2399 4355 2534 4411 Esto
2558 4354 2867 4412 brachium
2899 4360 3166 4412 nostrum
3200 4355 3261 4411 in
3290 4360 3546 4424 mane,st
3565 4373 3656 4415 sa-

2004 4445 2099 4502 lus
2138 4448 2351 4501 nostras
2390 4444 2451 4500 in
2482 4448 2745 4517 tempore
2782 4444 3204 4501 tribulationis.
3248 4445 3479 4518 Eﬂ‘uude
3507 4447 3656 4503 iram

2007 4544 2161 4592 tuam
2188 4536 2249 4591 in
2275 4542 2456 4607 gentes
2485 4549 2612 4607 quae
2639 4542 2690 4591 te
2716 4549 2829 4590 non
2856 4542 3142 4600 noverunt,
3174 4541 3227 4589 et
3246 4535 3307 4589 in
3326 4550 3499 4605 regna
3527 4550 3655 4608 Quae

2007 4641 2202 4683 nomen
2231 4631 2389 4680 tuum
2412 4638 2524 4680 non
2553 4624 2939 4680 invocaverunt
2958 4623 3108 4695 (Psal
3127 4621 3408 4692 LXXVIII,
3436 4624 3472 4678 6
3490 4624 3655 4696 ).Dis-

1998 4731 2164 4788 perge
2212 4714 2339 4770 illos
2388 4715 2449 4768 in
2488 4714 2691 4769 virtute
2739 4721 2855 4779 tua,
2886 4720 2937 4769 et
2983 4712 3187 4785 depone
3230 4728 3339 4778 eos,
3383 4720 3654 4783 protector

2002 4812 2184 4861 noster
2209 4804 2435 4859 Domine
2463 4802 2634 4874 (Ρδαι.
2667 4802 2861 4867 LVIII,
2885 4802 2994 4873 l2).
3018 4824 3047 4851 ι»
3071 4801 3223 4857 Dum
3255 4800 3342 4857 sic
3359 4805 3649 4875 ageretur,

2005 4893 2162 4966 quod
2192 4891 2290 4947 alii
2323 4891 2682 4964 pugnabant,
2711 4889 2809 4945 alii
2843 4889 3170 4963 plorabant,
3202 4892 3262 4946 et
3300 4888 3649 4963 psallebant,

2005 4981 2105 5039 alii
2124 4996 2325 5037 muros
2340 4979 2754 5049 sutl‘odiebant,
2774 4978 2991 5036 Gulferi
2998 4995 3069 5035 us
3080 4979 3328 5052 graviori
3343 4994 3543 5053 pugna
3555 4980 3655 5037 de.

2005 5070 2277 5141 sudabat,
2323 5068 2463 5142 quia
2492 5085 2699 5126 omnes
2727 5068 3045 5126 adversarii
3082 5068 3142 5124 in
3172 5084 3307 5127 eum
3337 5073 3395 5125 et
3430 5069 3491 5125 in
3520 5070 3653 5141 ejus

2004 5164 2327 5225 consortes,
2358 5160 2417 5213 et
2446 5155 2572 5230 ipse
2604 5173 2739 5214 cum
2770 5157 2898 5216 suis
2927 5161 3131 5214 contra
3150 5174 3376 5214 omnes.
3399 5156 3655 5231 Clypeus

2004 5249 2133 5321 ejus
2162 5251 2288 5305 erat
2306 5245 2585 5304 omnibus
2606 5246 2732 5303 suis
2755 5246 3037 5319 protectio
3058 5245 3243 5312 fortis,
3268 5246 3363 5302 his
3381 5234 3656 5305 videlicet

2003 5336 2105 5411 qui
2136 5341 2305 5395 erant
2330 5335 2393 5395 in
2416 5352 2605 5395 muro.
2631 5334 2780 5392 Muri
2805 5336 3072 5395 breviset
3097 5340 3257 5392 arcta
3276 5333 3545 5400 latitudo,
3564 5351 3658 5391 so-

2003 5426 2164 5484 cium
2202 5426 2318 5486 sibi
2355 5426 2635 5502 conjungi
2666 5441 2783 5481 non
2813 5426 3179 5492 admittebat,
3228 5439 3337 5481 nec
3382 5422 3657 5481 adversa-

2003 5516 2184 5588 rium,
2218 5514 2335 5580 nisi
2355 5531 2569 5591 unum,
2591 5511 2790 5577 venire
2818 5512 3225 5593 permittebat:
3249 5511 3352 5575 sed
3371 5509 3446 5570 de
3465 5507 3660 5571 Galle-
