3996 6096
337 344 455 406 739
841 345 944 406 AD
990 343 1506 407 GODEFllIDUM
1548 343 1886 404 APPEND.
1934 341 1955 402 l

2080 376 2121 384 —
2155 341 2467 405 MONUM.
2513 342 2616 403 DE
2660 340 2907 405 BELLO
2951 344 3228 405 SACRO.
3631 341 3757 403 740

336 477 419 534 rio
451 475 649 533 nullus
680 476 942 535 hostium
964 476 1366 549 triumphavit,
1389 492 1523 532 cum
1546 479 1740 530 tamen
1762 474 1885 546 ipse
1908 474 1977 530 de
2006 472 2063 541 Α
2090 477 2211 530 tota
2240 476 2437 530 tamen
2468 473 2594 531 ﬁeri
2625 474 2817 547 potuit
2837 474 2932 530 die
2963 473 3081 531 illa.
3108 478 3173 530 In
3204 473 3527 531 crastinum
3549 478 3753 531 autem

333 565 740 639 compluribus
762 564 1227 639 triumphaverit.
1245 566 1554 637 Propterea
1569 579 1738 618 nemo
1763 562 1843 618 illi
1854 564 1982 635 jam
2092 562 2427 636 quicunque
2460 563 2518 619 in
2550 563 3003 637 quibuscumque
3023 563 3164 620 locis
3184 563 3651 632 inveniebantur,
3673 564 3755 620 ei-

332 672 639 712 occursare
658 656 1066 729 praesumebat,
1093 653 1635 727 quiainfortunium
1660 652 1814 724 quod
1847 651 1981 708 allis

330 759 469 800 ense
499 742 660 800 illius
689 744 1034 816 contigerat,
1067 742 1477 814 unusquisque
1518 741 1629 797 sibi
1664 740 1976 796 metuebat.

330 832 491 901 Tela,
515 831 781 906 sagittas,
810 832 1010 903 sudes,
1025 831 1270 904 lapides,
1286 829 1372 886 illi
1388 831 1709 902 jaciebant,
1727 834 1981 886 tantum-

329 938 441 994 que
470 920 738 994 clypeum
770 921 900 992 ejus
922 937 991 976 ex
1016 920 1109 976 his
1129 924 1610 986 oneraverant,ut
1640 919 1711 974 ab
1744 936 1860 975 uno
1881 919 1980 975 ho-

328 1009 486 1067 mine
516 1009 691 1066 levari
722 1026 838 1065 non
885 1009 1159 1081 potuerit.
1192 1009 1444 1081 Jamque
1491 1007 1846 1065 fortissimus
1892 1008 1980 1063 vir

326 1099 607 1171 fatigatus
638 1102 782 1165 erat,
808 1098 1054 1170 jamque
1085 1098 1332 1154 sudores
1362 1102 1482 1154 toto
1532 1098 1602 1154 de
1648 1114 1886 1170 corpore
1916 1097 1975 1152 in

324 1191 540 1242 terram
572 1187 929 1255 deﬂuebant,
954 1187 1200 1259 jamque
1232 1191 1298 1242 ut
1345 1186 1397 1243 ei
1448 1186 1594 1242 alter
1640 1186 1977 1242 succederet

322 1275 563 1348 grandis
585 1276 905 1332 necessitas
929 1276 1218 1349 exigebat,
1233 1292 1367 1331 cum
1383 1274 1579 1347 illiqui
1606 1292 1845 1330 murum
1860 1275 1976 1330 suf-

324 1365 610 1433 foderant,
644 1381 780 1420 cum
813 1381 1026 1437 magno
1058 1365 1283 1437 impetu
1315 1364 1699 1430 intraverunt,
1733 1365 1972 1419 detrun-

321 1458 523 1509 cantes
555 1453 858 1509 universos
891 1471 1038 1527 quos
1066 1453 1340 1526 primitus
1366 1453 1869 1518 invenerunt.Qua
1890 1452 1974 1508 in-

321 1543 567 1615 opinatae
598 1542 679 1598 rei
710 1543 1098 1598 admiratione
1128 1543 1439 1615 stupefacti
1469 1546 1607 1599 sunt
1637 1560 1841 1599 omnes
1868 1542 1970 1615 qui

319 1636 485 1688 erant
515 1649 692 1704 super
722 1648 944 1699 muros,
978 1637 1036 1688 et

320 1770 327 1776 .
388 1721 624 1777 Concito
654 1721 847 1777 vitalis
875 1720 1035 1777 calor
1064 1738 1198 1778 ossa
1228 1719 1459 1793 reliquit
1492 1738 1715 1789 eorum,

392 1810 663 1883 Frigidus
692 1814 869 1882 atque
900 1827 1078 1882 pavor
1106 1810 1369 1883 possedit
1397 1810 1574 1866 corda
1604 1827 1858 1866 reorum.

325 1899 475 1965 Quid
506 1899 721 1956 faceret
746 1915 890 1973 gens
920 1900 1057 1954 data
1087 1898 1537 1971 neci,sensuque
1567 1898 1965 1972 aliena,quam

316 1988 409 2043 sui
440 1989 700 2061 undique
732 1987 927 2044 hostes
959 1988 1246 2061 urgebant
1273 1992 1331 2044 et
1361 1986 1517 2043 intra
1546 1992 1603 2044 et
1646 1988 1701 2042 in
1756 1988 1966 2044 muro?

317 2076 615 2134 Gulferius
645 2077 803 2133 enim
835 2077 933 2149 qui
975 2076 1150 2150 paulo
1174 2081 1308 2133 ante
1330 2076 1613 2149 fatigatus
1636 2077 1963 2144 deficiebat,

316 2182 496 2221 novas
526 2166 759 2221 interim
790 2170 1191 2238 resumpserat
1211 2165 1455 2232 vires,et
1475 2166 1601 2238 jam
1626 2182 1741 2220 non
1766 2166 1963 2238 clypeo

316 2259 612 2326 protectus
633 2259 735 2310 aut
763 2254 947 2328 galea,
981 2255 1081 2311 sed
1129 2271 1330 2309 ensem
1379 2255 1627 2309 rubeum
1666 2260 1872 2310 tenens
1903 2255 1959 2310 in

314 2344 568 2410 dextera,
586 2344 905 2417 fugientem
927 2342 1079 2399 celer
1100 2342 1430 2415 insequitur
1451 2343 1710 2411 hostem;
1744 2343 1961 2415 plures-

313 2449 429 2505 que
447 2431 816 2489 mortificavit
837 2432 1148 2489 formidine
1170 2448 1348 2504 quam
1369 2431 1585 2505 gladio,
1601 2433 1703 2504 qui
1736 2433 1962 2505 seipsos

316 2521 827 2597 precipitaverunt
854 2522 925 2576 de
956 2538 1145 2576 muro.
1163 2522 1298 2576 Erat
1317 2527 1513 2577 autem
1537 2539 1712 2593 super
1733 2526 1960 2594 portam

313 2630 432 2668 una
461 2611 642 2667 turris
673 2628 800 2684 quae
833 2610 1318 2684 praestantissima
1346 2615 1402 2666 et
1420 2610 1621 2667 fortior
1640 2611 1861 2666 caeteris
1878 2611 1961 2667 vi-

311 2701 560 2758 debatur
585 2701 644 2756 in
675 2717 804 2757 eam
834 2699 1132 2756 mandavit
1155 2700 1530 2755 Boamundus
1558 2693 1865 2756 ditioribus
1884 2699 1962 2755 ci-

309 2790 480 2846 vibus
512 2807 615 2863 per
642 2789 1037 2862 interpretem,
1072 2793 1139 2844 ut
1169 2789 1455 2861 fugerent,
1490 2790 1767 2862 quoniam
1801 2806 1899 2846 eos
1925 2807 1961 2845 a

312 2884 500 2936 morte
529 2879 823 2946 liberaret,
857 2878 908 2934 si
940 2894 1002 2934 se
1033 2878 1107 2934 ab
1140 2878 1266 2951 ipso
1299 2878 1673 2945 redimerent,
1708 2880 1871 2944 Quod
1903 2883 1960 2934 et

315 2967 399 3024 illi
434 2969 710 3037 fecerunt,
729 2983 909 3040 seque
938 2966 1072 3023 fidei
1102 2966 1263 3023 illius
1293 2966 1959 3024 crediderunt.Cessavit

309 3057 494 3131 igitur
523 3063 663 3115 tunc
692 3056 794 3114 illa
824 3057 1170 3130 persecutio,
1195 3056 1334 3129 quia
1363 3056 1519 3113 ultra
1552 3056 1815 3128 protendi
1854 3057 1956 3114 ab-

1996 1844 2045 1911 B

2091 654 2222 709 dem
2253 671 2431 725 pmnaa
2462 654 2669 727 capitis
2702 652 3184 726 subjiciebantur.
3207 654 3418 710 Nullus
3438 659 3563 710 crat
3582 653 3753 711 locus

2090 740 2150 796 in
2183 743 2325 799 urbe
2348 747 2486 811 tota,
2509 742 2788 816 nullaque
2808 744 2970 800 fovea
2992 761 3120 816 qua:
3141 760 3343 800 eorum
3365 742 3753 800 cadaveribus

2089 847 2191 887 seu
2222 832 2532 889 cruoribus
2564 849 2681 889 non
2713 837 2869 889 esset
2900 832 3228 905 inquinata.

2726 922 2962 979 CAPUT
3002 923 3102 979 Ill.

2160 1010 2310 1067 Urbe
2341 1010 2521 1084 igitur
2552 1011 2636 1068 sic
2657 1011 2967 1084 acquisita,
2990 1016 3046 1067 et
3075 1028 3110 1067 a
3126 1009 3443 1068 rebellibus
3458 1010 3749 1067 Turcisli-

2086 1099 2308 1168 berata,
2363 1100 2743 1157 Boamundus
2786 1117 2992 1173 pacem
3040 1100 3270 1158 comitis
3318 1098 3640 1173 requisivit,
3676 1105 3746 1157 ut

2086 1187 2309 1244 scilicet
2335 1188 2707 1246 Antiochiam
2751 1188 3079 1246 absolutam
3129 1189 3241 1247 sibi
3273 1190 3558 1260 redderet,
3591 1194 3649 1246 et
3678 1189 3744 1247 in

2083 1293 2226 1349 pace
2256 1293 2385 1333 eam
2422 1278 2533 1334 sibi
2564 1277 2779 1334 habere
2808 1279 3188 1352 permitteret.
3213 1279 3421 1336 Comes
3437 1295 3570 1335 vero
3600 1296 3742 1336 con-

2082 1365 2424 1421 tradicebat
2454 1366 2511 1422 id
2544 1366 2881 1423 nullatenus
2910 1368 3037 1424 sine
3080 1367 3337 1441 perjurio
3369 1385 3540 1441 posse
3588 1368 3740 1436 ﬁeri,

2082 1458 2319 1526 propter
2348 1459 2808 1527 sacramentum,
2855 1456 3010 1528 quod
3058 1455 3184 1529 ipso
3214 1456 3392 1512 etiam
3440 1456 3740 1513 mediante

2082 1541 2301 1597 factum
2334 1541 2522 1597 fuerat
2539 1543 2876 1614 imperatori
2894 1543 3111 1600 Alexio.
3140 1544 3517 1600 Boamundus
3540 1545 3741 1617 itaque

2080 1647 2346 1686 reversus
2377 1636 2465 1687 est
2486 1632 2872 1701 Antiochiam,
2899 1650 3186 1705 suamque
3203 1632 3281 1689 ibi
3306 1632 3531 1690 dimisit
3547 1633 3740 1691 socie-

2078 1722 2279 1775 tatem.
2305 1720 2554 1776 Dictavit
2578 1726 2775 1777 autem
2800 1721 2858 1777 in
2876 1720 2976 1778 illa
2991 1721 3221 1779 civitate
3245 1722 3531 1780 exercitus
3553 1723 3736 1779 Fran-

2078 1824 2277 1864 corum
2298 1825 2402 1880 per
2423 1826 2682 1865 mensem
2704 1828 2889 1866 unum
2921 1815 2978 1867 et
2995 1810 3120 1867 dies
3145 1816 3428 1884 quatuor;
3461 1811 3596 1869 etin
3621 1811 3735 1869 hac

2075 1914 2239 1952 mora
2268 1898 2547 1970 temporis
2565 1898 2709 1954 obiit
2727 1903 2911 1955 morte
2928 1899 3182 1971 pretiosa
3198 1900 3507 1973 episcopus
3523 1900 3733 1957 Orien-

2076 1987 2178 2041 sis.
2215 1987 2411 2059 Longo
2464 1987 2703 2059 quidem
2748 1993 3031 2060 tempore,
3086 1988 3459 2062 nimiumque
3506 1990 3732 2063 prolixo

2073 2074 2477 2131 hiemaverunt
2508 2075 2608 2143 ibl,
2642 2076 2781 2149 quia
2810 2076 2956 2133 nihil
2978 2078 3131 2149 quod
3165 2078 3421 2146 ederent,
3458 2080 3609 2152 quod
3636 2098 3731 2136 ra-

2074 2169 2297 2236 perent,
2329 2169 2553 2237 poterat
2583 2165 2850 2221 inveniri.
2886 2166 3096 2239 Sicque
3128 2167 3301 2222 famis
3331 2167 3547 2239 injuria
3568 2186 3729 2225 com-

2034 2268 2037 2273 '
2072 2252 2342 2324 pellente,
2377 2255 2637 2327 contigit,
2685 2255 2842 2326 quod
2885 2254 3058 2311 etiam
3092 2256 3251 2312 dictu
3294 2255 3571 2314 horribile
3614 2264 3724 2325 cst,

2072 2344 2226 2415 quod
2257 2360 2499 2414 corpora
2527 2343 2834 2416 gentilium
2868 2344 2924 2399 in
2961 2345 3147 2401 frusta
3174 2346 3521 2402 scindebant
3549 2353 3607 2403 et
3636 2365 3729 2404 co-

2073 2432 2407 2488 medebant.
2441 2432 2557 2488 Hac
2588 2431 2769 2505 igitur
2798 2434 3277 2490 incommoditate
3305 2441 3605 2508 permotus
3627 2455 3723 2493 co-

2071 2537 2196 2576 mes
2228 2521 2426 2577 Sancti
2458 2522 2666 2593 {Egidii
2711 2522 3013 2579 mandavit
3058 2524 3284 2580 cunctis
3334 2525 3723 2599 principibus,

2071 2609 2172 2681 qui
2200 2615 2365 2666 erant
2383 2610 2721 2679 Antiochia},
2750 2616 2812 2666 ut
2830 2613 2903 2668 ad
2924 2611 3173 2685 Rugiam
3198 2612 3488 2670 civitatem
3512 2632 3725 2671 conve-

2070 2704 2216 2766 rent,
2235 2704 2292 2754 et
2307 2699 2377 2755 de
2394 2699 2488 2754 via
2504 2699 2689 2755 sancti
2704 2699 2958 2774 sepulcri
2982 2700 3063 2757 ibi
3080 2700 3236 2759 inter
3251 2719 3313 2759 se
3325 2702 3722 2776 disponerent.

2069 2786 2156 2844 Illi
2186 2788 2425 2860 quidem
2456 2788 2575 2844 illic
2605 2794 3020 2859 convenerunt,
3055 2790 3156 2846 sed
3188 2791 3258 2847 de
3275 2808 3390 2864 quo
3408 2797 3584 2866 etpro
3606 2810 3725 2866 quo

2066 2882 2346 2933 venerant
2375 2877 2616 2934 minime
2635 2877 2810 2934 locuti
2834 2884 2996 2945 sunt,
3017 2880 3119 2936 sed
3142 2879 3213 2936 de
3228 2898 3370 2953 pace
3398 2885 3455 2937 et
3478 2897 3725 2939 concor-

2066 2966 2164 3022 dia
2192 2967 2343 3022 inter
2366 2967 2641 3023 comitem
2675 2972 2732 3023 et
2763 2968 3173 3024 Boamundum
3222 2968 3582 3043 colloquium
3613 2971 3723 3028 ha-

2068 3056 2342 3111 buerunt.
2375 3055 2597 3122 Quibus
2629 3057 2871 3113 minimc
2902 3056 3243 3127 conciliatis,
3269 3076 3474 3115 omnes
3502 3060 3722 3134 princi-

311 3147 527 3204 nuebat
552 3146 775 3220 vesperi
819 3146 1238 3202 obtenebratio.
1272 3146 1595 3202 Sabbatum
1642 3163 1776 3201 vero
1820 3164 1956 3202 cum
1996 3213 2026 3220 μ
2065 3163 2167 3218 pes
2195 3144 2563 3201 Antiochiam
2595 3146 2803 3202 reversi
2837 3151 2996 3214 sunt,
3014 3151 3071 3203 et
3088 3147 3358 3204 comitem
3377 3152 3434 3204 et
3448 3148 3601 3206 viam
3626 3151 3721 3207 di-

307 3242 482 3305 esset,
498 3253 602 3294 nec
628 3235 943 3293 victoribus
976 3251 1082 3291 nec
1108 3233 1276 3291 victis
1297 3238 1523 3306 poterat
1551 3251 1679 3291 esse
1701 3236 1951 3307 requies.
1985 3213 2029 3282 Ο
2068 3235 2372 3291 miserunt.
2408 3235 2838 3291 Remanserunt
2869 3241 3065 3292 autem
3089 3253 3226 3292 cum
3250 3238 3460 3294 comite
3482 3255 3597 3294 non
3630 3258 3721 3297 so-

308 3328 471 3384 Misit
500 3343 696 3382 comes
717 3325 873 3381 circa
892 3325 1098 3381 urbem
1121 3324 1507 3390 excubitores,
1523 3329 1580 3380 et
1598 3323 1758 3381 intus
1779 3330 1835 3381 et
1855 3343 1952 3382 ex-

306 3421 418 3484 tra,
436 3432 506 3471 ne
528 3414 686 3470 ullus
718 3415 964 3487 fugeret,
977 3417 1034 3469 et
1063 3412 1250 3485 spolia
1271 3412 1433 3469 urbis
1454 3429 1653 3469 secum
1678 3414 1949 3471 auferret.

380 3507 445 3560 In
475 3503 798 3559 crastinum
828 3508 895 3559 ut
921 3503 1047 3558 dies
1077 3501 1368 3559 lucescere
1417 3503 1609 3575 coepit,
1644 3504 1825 3558 nostri
1879 3505 1952 3560 ad

307 3609 476 3650 arma
503 3596 770 3659 currunt,
802 3596 860 3647 et
888 3609 990 3664 per
1018 3591 1174 3648 vicos
1204 3597 1262 3647 et
1289 3590 1531 3663 plateas,
1551 3596 1814 3664 tectaque
1845 3594 1952 3650 do-

308 3698 562 3747 morum,
595 3698 701 3738 ceu
730 3679 913 3737 leaena
942 3680 1124 3753 raptis
1155 3680 1388 3745 catulis,
1405 3681 1693 3737 saeviendo
1724 3682 1950 3738 discur—

307 3775 448 3828 runt
481 3787 494 3826 :

376 3859 691 3930 Dilaniant,
712 3860 1067 3930 traduntque
1102 3857 1225 3914 neci
1256 3876 1469 3932 pueros
1492 3859 1875 3932 juvenesque,

378 3952 652 4023 Quospue
663 3954 864 4022 gravat
882 3947 1139 4021 longaeva
1160 3948 1305 4019 dies,
1320 3953 1640 4020 curvatque
1661 3955 1950 4005 senectus.

307 4038 466 4095 Nulli
496 4039 831 4111 parcebant.
865 4038 967 4094 sed
1000 4036 1301 4109 plures,ut
1329 4037 1506 4093 citius
1535 4037 1955 4107 ﬁnirentur,la—

307 4128 476 4201 queis
506 4127 963 4199 suspendebant.
997 4127 1144 4183 Mira
1160 4126 1621 4199 res,mirumque
1647 4132 1953 4200 spectacu-

305 4216 452 4285 lum,
479 4216 636 4290 quod
665 4220 843 4272 tanta:
863 4215 1055 4288 gentis
1072 4214 1392 4272 multitudo
1409 4219 1468 4272 et
1487 4221 1735 4288 armata,
1750 4215 1833 4272 sic
1852 4217 1958 4272 im-

306 4323 463 4379 pune
490 4305 866 4362 occidebatur
893 4305 1052 4377 quod
1081 4304 1279 4361 nullus
1310 4321 1513 4361 eorum
1542 4304 1953 4361 reluctabatur.

306 4395 453 4462 Quia
464 4411 595 4452 vero
613 4399 950 4451 nostrorum
981 4398 1108 4450 erat
1127 4393 1415 4467 quidquid
1440 4394 1694 4466 quisque
1714 4394 1959 4467 reperie-

307 4484 426 4550 bat,
438 4484 570 4556 ipsa
597 4487 963 4541 mortuorum
978 4486 1109 4539 exta
1128 4481 1550 4549 eviscerabant,
1565 4487 1622 4538 et
1638 4483 1956 4555 bysanceos

2061 3325 2185 3382 lum
2218 3324 2332 3392 sui,
2367 3325 2468 3380 sed
2498 3329 2556 3380 et
2584 3324 2771 3380 multa
2799 3326 3135 3397 juventeus,
3182 3328 3277 3382 cui
3308 3326 3497 3384 inerat
3542 3331 3719 3388 ardor

2058 3416 2213 3471 viam
2245 3413 2603 3487 perficiendi.
2640 3413 2769 3486 Ipse
2798 3414 2980 3487 igitur
3008 3414 3143 3487 plus
3172 3415 3233 3471 in
3263 3415 3509 3473 Domino
3532 3421 3715 3476 confi-

2062 3507 2230 3572 dens,
2286 3520 2461 3576 quam
2494 3503 2553 3558 in
2600 3503 2987 3576 principibus,
3021 3505 3093 3561 ad
3125 3508 3397 3573 Marram,
3448 3509 3546 3564 ubi
3580 3526 3717 3568 eum

2061 3594 2350 3668 peregrini
2384 3591 2871 3665 praestolabantur
2898 3596 2988 3649 est
3005 3610 3292 3662 reversus,
3320 3595 3544 3669 fuitque
3560 3598 3730 3656 dolor

2062 3700 2311 3757 magnus
2342 3681 2401 3737 in
2434 3681 2593 3737 omni
2624 3681 2880 3738 exercitu
2911 3681 3377 3739 Christianorum
3399 3684 3470 3740 de
3492 3686 3725 3744 dissen-

2061 3771 2225 3828 sione
2244 3770 2596 3843 principum.
2617 3770 2833 3826 Omnes
2849 3770 3089 3842 quidem
3107 3778 3385 3830 noverant
3400 3776 3555 3845 quod
3577 3794 3731 3849 pura

2052 3860 2292 3932 justitia
2321 3876 2457 3915 cum
2493 3858 2820 3914 ltaimundo
2838 3862 2980 3925 erat,
3002 3876 3107 3915 nec
3126 3859 3282 3916 ullus
3300 3878 3467 3919 amor
3483 3870 3585 3920 aut
3607 3882 3733 3922 am-

2062 3949 2206 4005 bitio
2223 3966 2358 4004 eum
2376 3948 2446 4003 ad
2467 3946 2798 4003 indebitum
2816 3946 3115 4005 declinare
3132 3952 3379 4021 poterat.
3402 3952 3509 4018 Qui
3528 3958 3727 4010 tamen

2064 4042 2130 4092 ut
2158 4036 2302 4092 vidit
2329 4036 2486 4109 quod
2535 4040 2774 4108 propter
2801 4052 2937 4092 eum
2985 4035 3371 4111 impediretur
3400 4039 3492 4096 via
3532 4043 3731 4100 sancti

2064 4124 2337 4199 sepulcri,
2370 4126 2689 4181 admodum
2714 4125 2984 4193 indoluit,
3012 4130 3070 4182 et
3087 4126 3455 4185 discalceatis
3470 4131 3728 4203 pedibus

2065 4234 2100 4272 a
2130 4216 2323 4271 Marra
2352 4230 2538 4287 usque
2570 4213 2879 4287 Capharda
2908 4214 3192 4287 pervenit.

2138 4304 2222 4361 Ibi
2253 4309 2507 4377 quatuor
2535 4303 2744 4359 diebus
2774 4303 3199 4376 perendinatis,
3245 4321 3382 4362 cum
3424 4308 3727 4382 principes

2065 4395 2280 4450 iterum
2311 4393 2702 4459 convenirent,
2735 4396 2794 4448 et
2824 4392 2895 4448 de
2925 4393 3128 4449 eadem
3160 4410 3221 4449 re
3241 4396 3551 4453 verborum
3583 4415 3725 4455 con-

2067 4483 2263 4540 ﬂictus
2293 4482 2625 4548 haberetur,
2672 4480 2818 4536 dixit
2859 4498 3055 4538 comes
3100 4482 3497 4542 Raimundus:
3534 4510 3562 4537 (ι
3596 4487 3725 4544 Viri

305 4576 363 4629 et
390 4589 666 4629 nummos
688 4589 897 4628 aureos
916 4571 1053 4628 inde
1078 4572 1382 4628 eruebant.
1402 4572 1445 4628 Ο
1467 4573 1809 4628 detestanda
1829 4573 1955 4629 auri
1988 4585 2037 4652 Β
2069 4573 2279 4628 fratres
2308 4576 2367 4628 et
2395 4569 2642 4642 domini,
2674 4570 2774 4643 qui
2806 4569 3014 4626 vestris
3046 4571 3323 4629 omnibus
3339 4577 3398 4629 et
3413 4574 3725 4633 vobismet-

304 4661 626 4734 cupiditasl
651 4661 867 4718 Omnes
887 4661 991 4717 viae
1014 4661 1178 4716 urbis
1203 4661 1341 4717 rivis
1363 4661 1719 4735 sanguinum
1736 4661 1949 4719 inficie-

306 4749 540 4819 bantur,
573 4756 631 4807 et
658 4752 1039 4808 cadaveribus
1068 4750 1403 4807 cadentium
1435 4750 1868 4821 sternebantur,
1884 4753 1954 4810 Et

307 4856 340 4895 o
369 4856 513 4913 gens
542 4857 711 4908 caeca,
727 4846 785 4896 et
813 4840 1074 4896 omnimo
1108 4840 1281 4895 morti
1305 4840 1600 4897 destinata
1619 4840 1630 4895 l
1651 4839 1860 4896 Nullus
1884 4858 1955 4898 ex

304 4932 469 4985 tanta
493 4928 871 4985 multitudine
901 4928 1152 5001 fuit,qui
1185 4929 1410 4984 nomini
1441 4929 1581 4985 Jesu
1615 4928 1832 4985 Christi
1861 4948 1955 4987 νο.

306 5015 481 5073 luerit
507 5018 792 5074 conﬁteri.
826 5018 1204 5074 Boamundus
1237 5017 1488 5090 denique
1520 5016 1650 5074 illos
1693 5036 1842 5091 quos
1891 5020 1951 5075 in

304 5104 485 5161 turris
512 5104 728 5177 palatio
750 5105 1013 5176 jusserat
1051 5105 1294 5175 includi,
1328 5107 1400 5163 ad
1450 5122 1513 5162 se
1554 5106 1749 5162 venire
1771 5108 1955 5179 jussit

306 5209 660 5265 annosasque
687 5193 872 5250 astatis
906 5192 1181 5250 mulieres
1211 5200 1267 5250 et
1309 5193 1636 5267 decrepitos
1677 5211 1865 5265 senes,
1897 5200 1956 5253 et

306 5281 560 5339 invalido
577 5280 1168 5354 corporeimbecilles,
1177 5284 1450 5356 praecepit
1470 5283 1717 5341 interﬁci
1739 5302 1752 5353 ;
1772 5285 1953 5357 pube-

305 5387 401 5429 res
428 5374 486 5427 et
514 5370 855 5442 majusculae
885 5369 1074 5427 aetatis
1099 5371 1354 5439 adultos,
1386 5371 1695 5446 validoque
1716 5389 1955 5447 corpore

305 5459 460 5516 viros
491 5460 792 5531 reservari,
825 5464 883 5517 et
916 5463 979 5517 ut
1016 5477 1220 5517 omnes
1268 5461 1677 5531 venderentur,
1708 5463 1953 5520 conduci

301 5546 699 5608 Antiochiam.
719 5552 894 5611 Facta
915 5553 1005 5609 est
1032 5554 1232 5607 autem
1254 5549 1570 5609 maceratio
1600 5550 1720 5608 haec
1742 5552 1955 5610 Turco-

304 5651 439 5698 rum
471 5634 814 5703 duodecimo
828 5640 922 5701 die
952 5639 1313 5715 Decembris,
1326 5639 1388 5700 in
1405 5639 1497 5701 die
1510 5639 1831 5713 Dominica,
1847 5656 1953 5703 nec

2056 4662 2205 4736 ipsis
2221 4659 2555 4734 abnegastis
2576 4663 2811 4732 propter
2827 4675 3086 4717 amorem
3106 4661 3225 4730 Dei,
3246 4663 3535 4720 ostendite
3571 4665 3725 4722 mihi

2062 4770 2136 4809 an
2167 4750 2293 4808 sine
2326 4747 2579 4822 perjurio
2611 4765 2854 4821 possum
2886 4765 3020 4804 cum
3052 4749 3414 4818 Boamundo,
3445 4752 3495 4809 si
3519 4753 3723 4827 requi-

2062 4842 2157 4909 rit,
2193 4837 2518 4913 pacificari;
2555 4842 2657 4893 aut
2686 4837 2734 4893 si
2767 4836 2936 4893 aliter
2967 4837 3090 4893 fieri
3121 4855 3237 4895 non
3271 4844 3481 4913 potest,
3505 4859 3582 4897 an
3615 4860 3725 4916 pro

2060 4945 2260 4987 amore
2288 4929 2338 4999 ej
2351 4944 2418 4985 us
2445 4926 2689 4983 debeam
2721 4927 3041 4999 perjurare.
3076 4949 3106 4977 »
3126 4932 3390 5002 Cumque
3406 4928 3590 5003 hujus
3608 4949 3728 4988 sep-

2062 5035 2256 5075 monis
2277 5016 2462 5089 judex
2493 5015 2692 5072 nullus
2708 5032 2838 5072 esse
2864 5020 3266 5089 praesumeret,
3285 5024 3343 5074 et
3359 5035 3565 5077 omnes
3580 5037 3725 5077 con-

2061 5108 2323 5164 cordiam
2353 5105 2681 5173 laudarent,
2714 5109 2770 5160 et
2787 5105 3079 5177 quomodo
3096 5105 3219 5162 ﬁeri
3242 5107 3478 5164 deberet
3495 5125 3614 5165 non
3631 5108 3727 5165 di-

2062 5201 2278 5267 cerent,
2311 5196 2383 5251 ab
2417 5193 2663 5250 invicem
2694 5193 3110 5263 discesserunt,
3143 5198 3201 5251 et
3228 5195 3599 5253 Antiochiam
3630 5216 3724 5256 re-

2062 5285 2225 5342 dieru
2236 5284 2435 5340 nt.Sed
2459 5282 2901 5340 Northmannus
2923 5300 3118 5340 comes
3146 5300 3282 5340 cum
3300 5286 3427 5343 suis
3442 5286 3724 5345 omnibus

2064 5374 2347 5430 remansit
2374 5389 2510 5429 cum
2540 5371 2892 5442 Raimundo,
2913 5371 3106 5430 sciens
3125 5376 3182 5430 et
3203 5373 3559 5449 intelligens.
3577 5377 3724 5449 quia

2053 5461 2290 5536 justitia
2320 5466 2445 5518 erat
2472 5478 2607 5519 cum
2639 5478 2727 5519 eo.
2764 5461 2952 5535 Igitur
2980 5461 3041 5517 hi
3072 5463 3188 5519 duo
3204 5463 3450 5522 comites
3477 5465 3724 5540 agmina

2061 5569 2173 5611 sua
2201 5551 2542 5627 disponunt,
2576 5556 2634 5609 et
2664 5552 2737 5609 ad
2768 5550 3090 5609 Caesaream
3117 5553 3384 5611 tendunt.
3417 5554 3539 5615 Rex
3556 5554 3720 5613 enim

2061 5643 2332 5700 Caesareae
2361 5640 2576 5717 saepius
2606 5640 3035 5717 signiﬁcaverat
3062 5640 3264 5705 comiti
3292 5641 3499 5706 Merra
3527 5646 3587 5707 et
3609 5647 3723 5709 Ca-
