  <div class='ocr_page' id='page_1' title='image "/cluster/home/n/w/nwhite01/storage/ocr_20150623/155/hvd.32044054760137/375.png"; bbox 0 0 3996 6096; ppageno 0'>
   <div class='ocr_carea' id='block_1_1' title="bbox 361 285 481 349">
    <p class='ocr_par' dir='ltr' id='par_1_1' title="bbox 361 285 481 349">
     <span class='ocr_line' id='line_1_1' title="bbox 361 285 481 349; baseline 0.025 -3"><span class='ocrx_word' id='word_1_1' title='bbox 361 285 481 349; x_wconf 73' lang='grc'><strong>’143</strong></span> 
     </span>
    </p>
   </div>
   <div class='ocr_carea' id='block_1_2' title="bbox 876 279 3260 344">
    <p class='ocr_par' dir='ltr' id='par_1_2' title="bbox 876 279 3260 344">
     <span class='ocr_line' id='line_1_2' title="bbox 876 279 3260 344; baseline -0.001 -1"><span class='ocrx_word' id='word_1_2' title='bbox 876 282 980 343; x_wconf 86' lang='lat' dir='ltr'>AD</span> <span class='ocrx_word' id='word_1_3' title='bbox 1026 279 1539 344; x_wconf 78' lang='lat' dir='ltr'>GODEFRIDUM</span> <span class='ocrx_word' id='word_1_4' title='bbox 1582 279 1918 340; x_wconf 80' lang='lat' dir='ltr'>APPEND.</span> <span class='ocrx_word' id='word_1_5' title='bbox 1965 279 2042 340; x_wconf 90' lang='lat' dir='ltr'>II.</span> <span class='ocrx_word' id='word_1_6' title='bbox 2077 313 2154 323; x_wconf 93' lang='lat'><strong>—</strong></span> <span class='ocrx_word' id='word_1_7' title='bbox 2185 279 2495 342; x_wconf 85' lang='lat' dir='ltr'>MONUM.</span> <span class='ocrx_word' id='word_1_8' title='bbox 2544 280 2642 340; x_wconf 87' lang='lat' dir='ltr'>DE</span> <span class='ocrx_word' id='word_1_9' title='bbox 2684 279 2938 343; x_wconf 85' lang='lat' dir='ltr'>BELLO</span> <span class='ocrx_word' id='word_1_10' title='bbox 2980 279 3260 341; x_wconf 79' lang='lat' dir='ltr'>SACHO.</span> 
     </span>
    </p>
   </div>
   <div class='ocr_carea' id='block_1_3' title="bbox 3653 279 3774 337">
    <p class='ocr_par' dir='ltr' id='par_1_3' title="bbox 3653 279 3774 337">
     <span class='ocr_line' id='line_1_3' title="bbox 3653 279 3774 337; baseline 0 -1"><span class='ocrx_word' id='word_1_11' title='bbox 3653 279 3774 337; x_wconf 70' lang='grc'>744</span> 
     </span>
    </p>
   </div>
   <div class='ocr_carea' id='block_1_4' title="bbox 360 408 3770 489">
    <p class='ocr_par' dir='ltr' id='par_1_4' title="bbox 360 408 3770 489">
     <span class='ocr_line' id='line_1_4' title="bbox 360 408 3770 489; baseline -0.003 -14"><span class='ocrx_word' id='word_1_12' title='bbox 360 416 643 489; x_wconf 84' lang='lat' dir='ltr'>gaudium</span> <span class='ocrx_word' id='word_1_13' title='bbox 673 412 786 471; x_wconf 82' lang='lat' dir='ltr'>fuit</span> <span class='ocrx_word' id='word_1_14' title='bbox 805 412 865 469; x_wconf 93' lang='lat' dir='ltr'>in</span> <span class='ocrx_word' id='word_1_15' title='bbox 890 411 1050 470; x_wconf 92' lang='lat' dir='ltr'>omni</span> <span class='ocrx_word' id='word_1_16' title='bbox 1071 412 1325 470; x_wconf 80' lang='lat' dir='ltr'>exercitu</span> <span class='ocrx_word' id='word_1_17' title='bbox 1340 412 1412 468; x_wconf 91' lang='lat' dir='ltr'>de</span> <span class='ocrx_word' id='word_1_18' title='bbox 1434 426 1754 484; x_wconf 76' lang='lat' dir='ltr'>paucorum</span> <span class='ocrx_word' id='word_1_19' title='bbox 1786 426 2001 483; x_wconf 87' lang='lat' dir='ltr'>magna</span> <span class='ocrx_word' id='word_1_20' title='bbox 2030 412 2083 478; x_wconf 70' lang='grc' dir='ltr'>Α</span> <span class='ocrx_word' id='word_1_21' title='bbox 2112 414 2204 466; x_wconf 90' lang='lat' dir='ltr'>tos</span> <span class='ocrx_word' id='word_1_22' title='bbox 2234 409 2445 483; x_wconf 88' lang='lat' dir='ltr'>reperit</span> <span class='ocrx_word' id='word_1_23' title='bbox 2468 409 2689 466; x_wconf 81' lang='lat' dir='ltr'>hostes.</span> <span class='ocrx_word' id='word_1_24' title='bbox 2722 410 2932 467; x_wconf 90' lang='lat' dir='ltr'>Tensis</span> <span class='ocrx_word' id='word_1_25' title='bbox 2961 408 3118 466; x_wconf 88' lang='lat' dir='ltr'>enim</span> <span class='ocrx_word' id='word_1_26' title='bbox 3151 410 3409 467; x_wconf 77' lang='lat' dir='ltr'>arcubus</span> <span class='ocrx_word' id='word_1_27' title='bbox 3454 409 3655 467; x_wconf 79' lang='lat' dir='ltr'>hostes</span> <span class='ocrx_word' id='word_1_28' title='bbox 3702 424 3770 465; x_wconf 88' lang='lat' dir='ltr'>se</span> 
     </span>
    </p>
   </div>
   <div class='ocr_carea' id='block_1_5' title="bbox 361 498 1997 575">
    <p class='ocr_par' dir='ltr' id='par_1_5' title="bbox 361 498 1997 575">
     <span class='ocr_line' id='line_1_5' title="bbox 361 498 1997 575; baseline -0.004 -14"><span class='ocrx_word' id='word_1_29' title='bbox 361 503 618 565; x_wconf 83' lang='lat' dir='ltr'>victoria.</span> <span class='ocrx_word' id='word_1_30' title='bbox 640 506 698 560; x_wconf 90' lang='lat' dir='ltr'>et</span> <span class='ocrx_word' id='word_1_31' title='bbox 726 501 912 559; x_wconf 88' lang='lat' dir='ltr'>multa</span> <span class='ocrx_word' id='word_1_32' title='bbox 932 501 1158 575; x_wconf 82' lang='lat' dir='ltr'>rapina.</span> <span class='ocrx_word' id='word_1_33' title='bbox 1173 501 1436 573; x_wconf 85' lang='lat' dir='ltr'>Cumque</span> <span class='ocrx_word' id='word_1_34' title='bbox 1457 499 1578 555; x_wconf 67' lang='lat' dir='ltr'>haec</span> <span class='ocrx_word' id='word_1_35' title='bbox 1597 499 1858 555; x_wconf 80' lang='lat' dir='ltr'>viderent</span> <span class='ocrx_word' id='word_1_36' title='bbox 1878 498 1997 568; x_wconf 90' lang='lat' dir='ltr'>alii,</span> 
     </span>
    </p>
   </div>
   <div class='ocr_carea' id='block_1_6' title="bbox 358 587 2002 665">
    <p class='ocr_par' dir='ltr' id='par_1_6' title="bbox 358 587 2002 665">
     <span class='ocr_line' id='line_1_6' title="bbox 358 587 2002 665; baseline -0.004 -14"><span class='ocrx_word' id='word_1_37' title='bbox 358 595 626 653; x_wconf 79' lang='lat' dir='ltr'>exierunt</span> <span class='ocrx_word' id='word_1_38' title='bbox 644 591 840 665; x_wconf 84' lang='lat' dir='ltr'>plures</span> <span class='ocrx_word' id='word_1_39' title='bbox 855 591 927 647; x_wconf 89' lang='lat' dir='ltr'>de</span> <span class='ocrx_word' id='word_1_40' title='bbox 947 590 1199 646; x_wconf 83' lang='lat' dir='ltr'>exercitu</span> <span class='ocrx_word' id='word_1_41' title='bbox 1222 587 1535 645; x_wconf 85' lang='lat' dir='ltr'>Raimundi</span> <span class='ocrx_word' id='word_1_42' title='bbox 1552 587 1673 643; x_wconf 89' lang='lat' dir='ltr'>zelo</span> <span class='ocrx_word' id='word_1_43' title='bbox 1696 587 2002 659; x_wconf 79' lang='lat' dir='ltr'>probitatis</span> 
     </span>
    </p>
   </div>
   <div class='ocr_carea' id='block_1_7' title="bbox 360 676 2003 754">
    <p class='ocr_par' dir='ltr' id='par_1_7' title="bbox 360 676 2003 754">
     <span class='ocr_line' id='line_1_7' title="bbox 360 676 2003 754; baseline -0.005 -13"><span class='ocrx_word' id='word_1_44' title='bbox 360 683 611 751; x_wconf 77' lang='lat' dir='ltr'>accensi,</span> <span class='ocrx_word' id='word_1_45' title='bbox 636 681 855 751; x_wconf 84' lang='lat' dir='ltr'>quibus</span> <span class='ocrx_word' id='word_1_46' title='bbox 884 679 1245 754; x_wconf 69' lang='lat' dir='ltr'>praefuerunt</span> <span class='ocrx_word' id='word_1_47' title='bbox 1275 676 1643 734; x_wconf 81' lang='lat' dir='ltr'>Raimundus</span> <span class='ocrx_word' id='word_1_48' title='bbox 1673 676 1911 745; x_wconf 89' lang='lat' dir='ltr'>Piletus,</span> <span class='ocrx_word' id='word_1_49' title='bbox 1944 680 2003 732; x_wconf 90' lang='lat' dir='ltr'>et</span> 
     </span>
    </p>
   </div>
   <div class='ocr_carea' id='block_1_8' title="bbox 358 764 2001 835">
    <p class='ocr_par' dir='ltr' id='par_1_8' title="bbox 358 764 2001 835">
     <span class='ocr_line' id='line_1_8' title="bbox 358 764 2001 835; baseline -0.006 -5"><span class='ocrx_word' id='word_1_50' title='bbox 358 773 564 831; x_wconf 85' lang='lat' dir='ltr'>Raimu</span> <span class='ocrx_word' id='word_1_51' title='bbox 576 772 727 827; x_wconf 90' lang='lat' dir='ltr'>ndus</span> <span class='ocrx_word' id='word_1_52' title='bbox 756 771 1074 825; x_wconf 91' lang='lat' dir='ltr'>vieecomes</span> <span class='ocrx_word' id='word_1_53' title='bbox 1104 769 1174 823; x_wconf 91' lang='lat' dir='ltr'>de</span> <span class='ocrx_word' id='word_1_54' title='bbox 1205 765 1497 835; x_wconf 82' lang='lat' dir='ltr'>Tentoria,</span> <span class='ocrx_word' id='word_1_55' title='bbox 1514 770 1571 821; x_wconf 87' lang='lat' dir='ltr'>et</span> <span class='ocrx_word' id='word_1_56' title='bbox 1590 764 1814 822; x_wconf 81' lang='lat' dir='ltr'>vexillis</span> <span class='ocrx_word' id='word_1_57' title='bbox 1836 764 1893 820; x_wconf 90' lang='lat' dir='ltr'>in</span> <span class='ocrx_word' id='word_1_58' title='bbox 1917 764 2001 821; x_wconf 91' lang='lat' dir='ltr'>al-</span> 
     </span>
    </p>
   </div>
   <div class='ocr_carea' id='block_1_9' title="bbox 356 853 2000 934">
    <p class='ocr_par' dir='ltr' id='par_1_9' title="bbox 356 853 2000 934">
     <span class='ocr_line' id='line_1_9' title="bbox 356 853 2000 934; baseline -0.005 -16"><span class='ocrx_word' id='word_1_59' title='bbox 356 866 484 918; x_wconf 89' lang='lat' dir='ltr'>tum</span> <span class='ocrx_word' id='word_1_60' title='bbox 513 858 1238 934; x_wconf 86' lang='lat' dir='ltr'>protensis,equitaverunt</span> <span class='ocrx_word' id='word_1_61' title='bbox 1257 856 1535 911; x_wconf 87' lang='lat' dir='ltr'>adversus</span> <span class='ocrx_word' id='word_1_62' title='bbox 1557 853 1850 910; x_wconf 87' lang='lat' dir='ltr'>civitatem</span> <span class='ocrx_word' id='word_1_63' title='bbox 1873 871 2000 926; x_wconf 68' lang='lat' dir='ltr'>quae</span> 
     </span>
    </p>
   </div>
   <div class='ocr_carea' id='block_1_10' title="bbox 354 943 1999 1019">
    <p class='ocr_par' dir='ltr' id='par_1_10' title="bbox 354 943 1999 1019">
     <span class='ocr_line' id='line_1_10' title="bbox 354 943 1999 1019; baseline -0.005 -12"><span class='ocrx_word' id='word_1_64' title='bbox 354 952 595 1007; x_wconf 88' lang='lat' dir='ltr'>Tortosa</span> <span class='ocrx_word' id='word_1_65' title='bbox 624 948 856 1004; x_wconf 89' lang='lat' dir='ltr'>dicitur.</span> <span class='ocrx_word' id='word_1_66' title='bbox 879 947 963 1001; x_wconf 84' lang='lat' dir='ltr'>Ad</span> <span class='ocrx_word' id='word_1_67' title='bbox 985 963 1163 1019; x_wconf 88' lang='lat' dir='ltr'>quam</span> <span class='ocrx_word' id='word_1_68' title='bbox 1186 945 1581 1017; x_wconf 78' lang='lat' dir='ltr'>pervenientes</span> <span class='ocrx_word' id='word_1_69' title='bbox 1611 943 1743 1000; x_wconf 88' lang='lat' dir='ltr'>forti</span> <span class='ocrx_word' id='word_1_70' title='bbox 1776 943 1999 1016; x_wconf 78' lang='lat' dir='ltr'>impetu</span> 
     </span>
    </p>
   </div>
   <div class='ocr_carea' id='block_1_11' title="bbox 353 1033 1999 1113">
    <p class='ocr_par' dir='ltr' id='par_1_11' title="bbox 353 1033 1999 1113">
     <span class='ocr_line' id='line_1_11' title="bbox 353 1033 1999 1113; baseline -0.005 -17"><span class='ocrx_word' id='word_1_71' title='bbox 353 1038 801 1113; x_wconf 88' lang='lat' dir='ltr'>aggrediuntur;</span> <span class='ocrx_word' id='word_1_72' title='bbox 835 1035 937 1092; x_wconf 89' lang='lat' dir='ltr'>sed</span> <span class='ocrx_word' id='word_1_73' title='bbox 965 1034 1067 1091; x_wconf 89' lang='lat' dir='ltr'>illa</span> <span class='ocrx_word' id='word_1_74' title='bbox 1095 1036 1190 1090; x_wconf 90' lang='lat' dir='ltr'>die</span> <span class='ocrx_word' id='word_1_75' title='bbox 1221 1033 1363 1088; x_wconf 91' lang='lat' dir='ltr'>nihil</span> <span class='ocrx_word' id='word_1_76' title='bbox 1395 1034 1683 1102; x_wconf 83' lang='lat' dir='ltr'>fecerunt;</span> <span class='ocrx_word' id='word_1_77' title='bbox 1718 1038 1999 1105; x_wconf 82' lang='lat' dir='ltr'>nocteque</span> 
     </span>
    </p>
   </div>
   <div class='ocr_carea' id='block_1_12' title="bbox 354 1121 1996 1201">
    <p class='ocr_par' dir='ltr' id='par_1_12' title="bbox 354 1121 1996 1201">
     <span class='ocr_line' id='line_1_12' title="bbox 354 1121 1996 1201; baseline -0.006 -16"><span class='ocrx_word' id='word_1_78' title='bbox 354 1127 795 1201; x_wconf 85' lang='lat' dir='ltr'>superveniente</span> <span class='ocrx_word' id='word_1_79' title='bbox 824 1125 884 1179; x_wconf 90' lang='lat' dir='ltr'>in</span> <span class='ocrx_word' id='word_1_80' title='bbox 917 1124 1230 1198; x_wconf 82' lang='lat' dir='ltr'>quemdam</span> <span class='ocrx_word' id='word_1_81' title='bbox 1261 1121 1543 1195; x_wconf 83' lang='lat' dir='ltr'>angulum</span> <span class='ocrx_word' id='word_1_82' title='bbox 1591 1127 1996 1189; x_wconf 84' lang='lat' dir='ltr'>secesserunt;</span> 
     </span>
    </p>
   </div>
   <div class='ocr_carea' id='block_1_13' title="bbox 256 1210 1999 1287">
    <p class='ocr_par' dir='ltr' id='par_1_13' title="bbox 256 1210 1999 1287">
     <span class='ocr_line' id='line_1_13' title="bbox 256 1210 1999 1287; baseline -0.005 -13"><span class='ocrx_word' id='word_1_83' title='bbox 256 1230 265 1237; x_wconf 93' lang='lat'>‘</span> <span class='ocrx_word' id='word_1_84' title='bbox 352 1218 729 1287; x_wconf 85' lang='lat' dir='ltr'>feceruntque</span> <span class='ocrx_word' id='word_1_85' title='bbox 756 1217 879 1269; x_wconf 87' lang='lat' dir='ltr'>tota</span> <span class='ocrx_word' id='word_1_86' title='bbox 898 1218 1065 1269; x_wconf 87' lang='lat' dir='ltr'>nocte</span> <span class='ocrx_word' id='word_1_87' title='bbox 1104 1213 1424 1268; x_wconf 90' lang='lat' dir='ltr'>immonses</span> <span class='ocrx_word' id='word_1_88' title='bbox 1458 1228 1629 1284; x_wconf 90' lang='lat' dir='ltr'>rogos</span> <span class='ocrx_word' id='word_1_89' title='bbox 1653 1210 1899 1283; x_wconf 84' lang='lat' dir='ltr'>ignium,</span> <span class='ocrx_word' id='word_1_90' title='bbox 1932 1226 1999 1265; x_wconf 90' lang='lat' dir='ltr'>ac</span> 
     </span>
    </p>
   </div>
   <div class='ocr_carea' id='block_1_14' title="bbox 352 1299 2000 1362">
    <p class='ocr_par' dir='ltr' id='par_1_14' title="bbox 352 1299 2000 1362">
     <span class='ocr_line' id='line_1_14' title="bbox 352 1299 2000 1362; baseline -0.005 0"><span class='ocrx_word' id='word_1_91' title='bbox 352 1312 401 1362; x_wconf 88' lang='lat' dir='ltr'>si</span> <span class='ocrx_word' id='word_1_92' title='bbox 422 1309 581 1362; x_wconf 89' lang='lat' dir='ltr'>totus</span> <span class='ocrx_word' id='word_1_93' title='bbox 605 1304 835 1360; x_wconf 90' lang='lat' dir='ltr'>adesset</span> <span class='ocrx_word' id='word_1_94' title='bbox 856 1306 1006 1357; x_wconf 89' lang='lat' dir='ltr'>retro</span> <span class='ocrx_word' id='word_1_95' title='bbox 1025 1318 1404 1357; x_wconf 89' lang='lat' dir='ltr'>commanens</span> <span class='ocrx_word' id='word_1_96' title='bbox 1425 1300 1710 1357; x_wconf 81' lang='lat' dir='ltr'>exercitus</span> <span class='ocrx_word' id='word_1_97' title='bbox 1726 1299 2000 1354; x_wconf 78' lang='lat' dir='ltr'>Christia-</span> 
     </span>
    </p>
   </div>
   <div class='ocr_carea' id='block_1_15' title="bbox 354 1388 1996 1463">
    <p class='ocr_par' dir='ltr' id='par_1_15' title="bbox 354 1388 1996 1463">
     <span class='ocr_line' id='line_1_15' title="bbox 354 1388 1996 1463; baseline -0.005 -13"><span class='ocrx_word' id='word_1_98' title='bbox 354 1410 584 1450; x_wconf 89' lang='lat' dir='ltr'>norum.</span> <span class='ocrx_word' id='word_1_99' title='bbox 608 1392 831 1460; x_wconf 87' lang='lat' dir='ltr'>Quibus</span> <span class='ocrx_word' id='word_1_100' title='bbox 862 1391 1233 1447; x_wconf 79' lang='lat' dir='ltr'>ﬂammarum</span> <span class='ocrx_word' id='word_1_101' title='bbox 1265 1388 1456 1463; x_wconf 62' lang='lat' dir='ltr'>globis</span> <span class='ocrx_word' id='word_1_102' title='bbox 1472 1405 1617 1462; x_wconf 87' lang='lat' dir='ltr'>gens</span> <span class='ocrx_word' id='word_1_103' title='bbox 1646 1405 1774 1461; x_wconf 74' lang='lat' dir='ltr'>quae</span> <span class='ocrx_word' id='word_1_104' title='bbox 1795 1388 1996 1443; x_wconf 87' lang='lat' dir='ltr'>eratin</span> 
     </span>
    </p>
   </div>
   <div class='ocr_carea' id='block_1_16' title="bbox 351 1478 1997 1555">
    <p class='ocr_par' dir='ltr' id='par_1_16' title="bbox 351 1478 1997 1555">
     <span class='ocr_line' id='line_1_16' title="bbox 351 1478 1997 1555; baseline -0.005 -15"><span class='ocrx_word' id='word_1_105' title='bbox 351 1483 580 1541; x_wconf 83' lang='lat' dir='ltr'>civitate</span> <span class='ocrx_word' id='word_1_106' title='bbox 612 1481 935 1555; x_wconf 82' lang='lat' dir='ltr'>perterrita,</span> <span class='ocrx_word' id='word_1_107' title='bbox 962 1479 1366 1534; x_wconf 79' lang='lat' dir='ltr'>existimantes</span> <span class='ocrx_word' id='word_1_108' title='bbox 1398 1478 1553 1550; x_wconf 89' lang='lat' dir='ltr'>quod</span> <span class='ocrx_word' id='word_1_109' title='bbox 1587 1478 1769 1533; x_wconf 83' lang='lat' dir='ltr'>nostri</span> <span class='ocrx_word' id='word_1_110' title='bbox 1793 1494 1997 1533; x_wconf 88' lang='lat' dir='ltr'>omnes</span> 
     </span>
    </p>
   </div>
   <div class='ocr_carea' id='block_1_17' title="bbox 350 1566 1998 1641">
    <p class='ocr_par' dir='ltr' id='par_1_17' title="bbox 350 1566 1998 1641">
     <span class='ocr_line' id='line_1_17' title="bbox 350 1566 1998 1641; baseline -0.005 -11"><span class='ocrx_word' id='word_1_111' title='bbox 350 1574 646 1637; x_wconf 86' lang='lat' dir='ltr'>adessent,</span> <span class='ocrx_word' id='word_1_112' title='bbox 677 1587 880 1626; x_wconf 81' lang='lat' dir='ltr'>omnes</span> <span class='ocrx_word' id='word_1_113' title='bbox 911 1569 1104 1624; x_wconf 89' lang='lat' dir='ltr'>subito</span> <span class='ocrx_word' id='word_1_114' title='bbox 1149 1568 1557 1641; x_wconf 87' lang='lat' dir='ltr'>confugerunt,</span> <span class='ocrx_word' id='word_1_115' title='bbox 1587 1566 1998 1638; x_wconf 84' lang='lat' dir='ltr'>civitatemque</span> 
     </span>
    </p>
   </div>
   <div class='ocr_carea' id='block_1_18' title="bbox 350 1654 1997 1734">
    <p class='ocr_par' dir='ltr' id='par_1_18' title="bbox 350 1654 1997 1734">
     <span class='ocr_line' id='line_1_18' title="bbox 350 1654 1997 1734; baseline -0.004 -17"><span class='ocrx_word' id='word_1_116' title='bbox 350 1660 584 1734; x_wconf 88' lang='lat' dir='ltr'>plenam</span> <span class='ocrx_word' id='word_1_117' title='bbox 617 1659 786 1715; x_wconf 88' lang='lat' dir='ltr'>bonis</span> <span class='ocrx_word' id='word_1_118' title='bbox 816 1658 1027 1731; x_wconf 86' lang='lat' dir='ltr'>opibus</span> <span class='ocrx_word' id='word_1_119' title='bbox 1049 1656 1429 1728; x_wconf 86' lang='lat' dir='ltr'>reliquerunt.</span> <span class='ocrx_word' id='word_1_120' title='bbox 1446 1657 1547 1711; x_wconf 86' lang='lat' dir='ltr'>Est</span> <span class='ocrx_word' id='word_1_121' title='bbox 1575 1659 1771 1711; x_wconf 87' lang='lat' dir='ltr'>autem</span> <span class='ocrx_word' id='word_1_122' title='bbox 1795 1654 1997 1711; x_wconf 83' lang='lat' dir='ltr'>civitas</span> 
     </span>
    </p>
   </div>
   <div class='ocr_carea' id='block_1_19' title="bbox 348 1744 1996 1819">
    <p class='ocr_par' dir='ltr' id='par_1_19' title="bbox 348 1744 1996 1819">
     <span class='ocr_line' id='line_1_19' title="bbox 348 1744 1996 1819; baseline -0.004 -12"><span class='ocrx_word' id='word_1_123' title='bbox 348 1750 451 1807; x_wconf 89' lang='lat' dir='ltr'>illa</span> <span class='ocrx_word' id='word_1_124' title='bbox 478 1749 631 1806; x_wconf 90' lang='lat' dir='ltr'>omoi</span> <span class='ocrx_word' id='word_1_125' title='bbox 665 1747 1009 1804; x_wconf 81' lang='lat' dir='ltr'>necessitate</span> <span class='ocrx_word' id='word_1_126' title='bbox 1040 1763 1281 1819; x_wconf 83' lang='lat' dir='ltr'>prorsus</span> <span class='ocrx_word' id='word_1_127' title='bbox 1310 1744 1520 1807; x_wconf 79' lang='lat' dir='ltr'>aliena.</span> <span class='ocrx_word' id='word_1_128' title='bbox 1555 1750 1617 1800; x_wconf 90' lang='lat' dir='ltr'>ut</span> <span class='ocrx_word' id='word_1_129' title='bbox 1664 1744 1724 1799; x_wconf 90' lang='lat' dir='ltr'>in</span> <span class='ocrx_word' id='word_1_130' title='bbox 1775 1744 1996 1818; x_wconf 84' lang='lat' dir='ltr'>optimo</span> 
     </span>
    </p>
   </div>
   <div class='ocr_carea' id='block_1_20' title="bbox 346 1832 1997 1913">
    <p class='ocr_par' dir='ltr' id='par_1_20' title="bbox 346 1832 1997 1913">
     <span class='ocr_line' id='line_1_20' title="bbox 346 1832 1997 1913; baseline -0.004 -17"><span class='ocrx_word' id='word_1_131' title='bbox 346 1843 522 1913; x_wconf 90' lang='lat' dir='ltr'>portu</span> <span class='ocrx_word' id='word_1_132' title='bbox 554 1836 743 1911; x_wconf 81' lang='lat' dir='ltr'>pelagi</span> <span class='ocrx_word' id='word_1_133' title='bbox 763 1836 1098 1892; x_wconf 90' lang='lat' dir='ltr'>constituta.</span> <span class='ocrx_word' id='word_1_134' title='bbox 1116 1836 1177 1891; x_wconf 91' lang='lat' dir='ltr'>In</span> <span class='ocrx_word' id='word_1_135' title='bbox 1205 1834 1526 1890; x_wconf 88' lang='lat' dir='ltr'>crastinum</span> <span class='ocrx_word' id='word_1_136' title='bbox 1550 1851 1685 1890; x_wconf 90' lang='lat' dir='ltr'>cum</span> <span class='ocrx_word' id='word_1_137' title='bbox 1720 1832 1903 1890; x_wconf 84' lang='lat' dir='ltr'>nostri</span> <span class='ocrx_word' id='word_1_138' title='bbox 1923 1833 1997 1889; x_wconf 89' lang='lat' dir='ltr'>ad</span> 
     </span>
    </p>
   </div>
   <div class='ocr_carea' id='block_1_21' title="bbox 350 1922 1995 2001">
    <p class='ocr_par' dir='ltr' id='par_1_21' title="bbox 350 1922 1995 2001">
     <span class='ocr_line' id='line_1_21' title="bbox 350 1922 1995 2001; baseline -0.005 -16"><span class='ocrx_word' id='word_1_139' title='bbox 350 1945 479 1985; x_wconf 89' lang='lat' dir='ltr'>eam</span> <span class='ocrx_word' id='word_1_140' title='bbox 510 1926 957 2001; x_wconf 85' lang='lat' dir='ltr'>expugnandam</span> <span class='ocrx_word' id='word_1_141' title='bbox 986 1928 1294 1991; x_wconf 86' lang='lat' dir='ltr'>venerunt,</span> <span class='ocrx_word' id='word_1_142' title='bbox 1327 1924 1565 1980; x_wconf 87' lang='lat' dir='ltr'>omnino</span> <span class='ocrx_word' id='word_1_143' title='bbox 1612 1940 1855 1979; x_wconf 82' lang='lat' dir='ltr'>vacuam</span> <span class='ocrx_word' id='word_1_144' title='bbox 1907 1922 1995 1978; x_wconf 89' lang='lat' dir='ltr'>in-</span> 
     </span>
    </p>
   </div>
   <div class='ocr_carea' id='block_1_22' title="bbox 347 2010 1999 2086">
    <p class='ocr_par' dir='ltr' id='par_1_22' title="bbox 347 2010 1999 2086">
     <span class='ocr_line' id='line_1_22' title="bbox 347 2010 1999 2086; baseline -0.004 -15"><span class='ocrx_word' id='word_1_145' title='bbox 347 2020 651 2073; x_wconf 90' lang='lat' dir='ltr'>venerunt.</span> <span class='ocrx_word' id='word_1_146' title='bbox 685 2016 960 2071; x_wconf 89' lang='lat' dir='ltr'>Summas</span> <span class='ocrx_word' id='word_1_147' title='bbox 990 2012 1395 2086; x_wconf 89' lang='lat' dir='ltr'>igiturlaudes</span> <span class='ocrx_word' id='word_1_148' title='bbox 1429 2014 1538 2068; x_wconf 85' lang='lat' dir='ltr'>Deo</span> <span class='ocrx_word' id='word_1_149' title='bbox 1561 2013 1893 2079; x_wconf 78' lang='lat' dir='ltr'>referentes,</span> <span class='ocrx_word' id='word_1_150' title='bbox 1915 2010 1999 2065; x_wconf 91' lang='lat' dir='ltr'>in-</span> 
     </span>
    </p>
   </div>
   <div class='ocr_carea' id='block_1_23' title="bbox 348 2099 2000 2173">
    <p class='ocr_par' dir='ltr' id='par_1_23' title="bbox 348 2099 2000 2173">
     <span class='ocr_line' id='line_1_23' title="bbox 348 2099 2000 2173; baseline -0.004 -12"><span class='ocrx_word' id='word_1_151' title='bbox 348 2107 647 2163; x_wconf 84' lang='lat' dir='ltr'>traverunt</span> <span class='ocrx_word' id='word_1_152' title='bbox 702 2106 936 2167; x_wconf 86' lang='lat' dir='ltr'>eam,et</span> <span class='ocrx_word' id='word_1_153' title='bbox 991 2101 1248 2173; x_wconf 89' lang='lat' dir='ltr'>quandiu</span> <span class='ocrx_word' id='word_1_154' title='bbox 1301 2100 1461 2172; x_wconf 75' lang='lat' dir='ltr'>apud</span> <span class='ocrx_word' id='word_1_155' title='bbox 1502 2099 1724 2155; x_wconf 87' lang='lat' dir='ltr'>Archas</span> <span class='ocrx_word' id='word_1_156' title='bbox 1770 2099 2000 2154; x_wconf 89' lang='lat' dir='ltr'>duravit</span> 
     </span>
    </p>
   </div>
   <div class='ocr_carea' id='block_1_24' title="bbox 350 2191 1150 2251">
    <p class='ocr_par' dir='ltr' id='par_1_24' title="bbox 350 2191 1150 2251">
     <span class='ocr_line' id='line_1_24' title="bbox 350 2191 1150 2251; baseline -0.01 0"><span class='ocrx_word' id='word_1_157' title='bbox 350 2192 577 2251; x_wconf 90' lang='lat' dir='ltr'>obsidio</span> <span class='ocrx_word' id='word_1_158' title='bbox 607 2191 687 2247; x_wconf 91' lang='lat' dir='ltr'>ibi</span> <span class='ocrx_word' id='word_1_159' title='bbox 720 2194 1150 2246; x_wconf 87' lang='lat' dir='ltr'>remanserunt.</span> 
     </span>
    </p>
   </div>
   <div class='ocr_carea' id='block_1_25' title="bbox 1003 2277 1343 2333">
    <p class='ocr_par' dir='ltr' id='par_1_25' title="bbox 1003 2277 1343 2333">
     <span class='ocr_line' id='line_1_25' title="bbox 1003 2277 1343 2333; baseline 0 0"><span class='ocrx_word' id='word_1_160' title='bbox 1003 2277 1236 2333; x_wconf 84' lang='lat' dir='ltr'><strong>CAPUT</strong></span> <span class='ocrx_word' id='word_1_161' title='bbox 1276 2281 1343 2333; x_wconf 84' lang='lat' dir='ltr'>V.</span> 
     </span>
    </p>
   </div>
   <div class='ocr_carea' id='block_1_26' title="bbox 419 2365 1999 2438">
    <p class='ocr_par' dir='ltr' id='par_1_26' title="bbox 419 2365 1999 2438">
     <span class='ocr_line' id='line_1_26' title="bbox 419 2365 1999 2438; baseline -0.004 -12"><span class='ocrx_word' id='word_1_162' title='bbox 419 2372 519 2426; x_wconf 85' lang='lat' dir='ltr'>Est</span> <span class='ocrx_word' id='word_1_163' title='bbox 551 2373 745 2426; x_wconf 88' lang='lat' dir='ltr'>autem</span> <span class='ocrx_word' id='word_1_164' title='bbox 765 2372 822 2426; x_wconf 90' lang='lat' dir='ltr'>et</span> <span class='ocrx_word' id='word_1_165' title='bbox 842 2367 955 2423; x_wconf 87' lang='lat' dir='ltr'>alia</span> <span class='ocrx_word' id='word_1_166' title='bbox 980 2366 1183 2423; x_wconf 86' lang='lat' dir='ltr'>civitas</span> <span class='ocrx_word' id='word_1_167' title='bbox 1206 2383 1322 2421; x_wconf 90' lang='lat' dir='ltr'>non</span> <span class='ocrx_word' id='word_1_168' title='bbox 1348 2365 1517 2438; x_wconf 85' lang='lat' dir='ltr'>longe</span> <span class='ocrx_word' id='word_1_169' title='bbox 1536 2366 1607 2422; x_wconf 90' lang='lat' dir='ltr'>ab</span> <span class='ocrx_word' id='word_1_170' title='bbox 1631 2383 1697 2422; x_wconf 88' lang='lat' dir='ltr'>ea</span> <span class='ocrx_word' id='word_1_171' title='bbox 1719 2383 1844 2438; x_wconf 67' lang='lat' dir='ltr'>qua:</span> <span class='ocrx_word' id='word_1_172' title='bbox 1863 2365 1999 2431; x_wconf 74' lang='lat' dir='ltr'>dici-</span> 
     </span>
    </p>
   </div>
   <div class='ocr_carea' id='block_1_27' title="bbox 352 2455 1990 2528">
    <p class='ocr_par' dir='ltr' id='par_1_27' title="bbox 352 2455 1990 2528">
     <span class='ocr_line' id='line_1_27' title="bbox 352 2455 1990 2528; baseline -0.004 -13"><span class='ocrx_word' id='word_1_173' title='bbox 352 2464 447 2515; x_wconf 88' lang='lat' dir='ltr'>tur</span> <span class='ocrx_word' id='word_1_174' title='bbox 476 2456 778 2522; x_wconf 79' lang='lat' dir='ltr'>Maraclea,</span> <span class='ocrx_word' id='word_1_175' title='bbox 813 2458 986 2528; x_wconf 87' lang='lat' dir='ltr'>cujus</span> <span class='ocrx_word' id='word_1_176' title='bbox 1017 2455 1288 2528; x_wconf 85' lang='lat' dir='ltr'>princeps</span> <span class='ocrx_word' id='word_1_177' title='bbox 1318 2472 1517 2528; x_wconf 82' lang='lat' dir='ltr'>pacem</span> <span class='ocrx_word' id='word_1_178' title='bbox 1562 2474 1695 2510; x_wconf 88' lang='lat' dir='ltr'>cum</span> <span class='ocrx_word' id='word_1_179' title='bbox 1728 2455 1811 2511; x_wconf 86' lang='lat' dir='ltr'>eis</span> <span class='ocrx_word' id='word_1_180' title='bbox 1839 2455 1990 2522; x_wconf 87' lang='lat' dir='ltr'>iniit,</span> 
     </span>
    </p>
   </div>
   <div class='ocr_carea' id='block_1_28' title="bbox 348 2543 1998 2623">
    <p class='ocr_par' dir='ltr' id='par_1_28' title="bbox 348 2543 1998 2623">
     <span class='ocr_line' id='line_1_28' title="bbox 348 2543 1998 2623; baseline -0.003 -19"><span class='ocrx_word' id='word_1_181' title='bbox 348 2548 624 2623; x_wconf 87' lang='lat' dir='ltr'>ipsosque</span> <span class='ocrx_word' id='word_1_182' title='bbox 652 2552 709 2603; x_wconf 91' lang='lat' dir='ltr'>et</span> <span class='ocrx_word' id='word_1_183' title='bbox 728 2563 929 2602; x_wconf 88' lang='lat' dir='ltr'>eorum</span> <span class='ocrx_word' id='word_1_184' title='bbox 951 2544 1235 2601; x_wconf 78' lang='lat' dir='ltr'>vexillain</span> <span class='ocrx_word' id='word_1_185' title='bbox 1273 2545 1474 2600; x_wconf 88' lang='lat' dir='ltr'>urbem</span> <span class='ocrx_word' id='word_1_186' title='bbox 1510 2543 1741 2616; x_wconf 77' lang='lat' dir='ltr'>recepit.</span> <span class='ocrx_word' id='word_1_187' title='bbox 1772 2543 1815 2598; x_wconf 90' lang='grc' dir='ltr'><strong>Ο</strong></span> <span class='ocrx_word' id='word_1_188' title='bbox 1849 2544 1998 2599; x_wconf 86' lang='lat' dir='ltr'>mira</span> 
     </span>
    </p>
   </div>
   <div class='ocr_carea' id='block_1_29' title="bbox 347 2632 1994 2706">
    <p class='ocr_par' dir='ltr' id='par_1_29' title="bbox 347 2632 1994 2706">
     <span class='ocr_line' id='line_1_29' title="bbox 347 2632 1994 2706; baseline -0.003 -13"><span class='ocrx_word' id='word_1_189' title='bbox 347 2636 448 2694; x_wconf 88' lang='lat' dir='ltr'>Dei</span> <span class='ocrx_word' id='word_1_190' title='bbox 477 2637 681 2699; x_wconf 88' lang='lat' dir='ltr'>virtus,</span> <span class='ocrx_word' id='word_1_191' title='bbox 716 2634 1100 2706; x_wconf 86' lang='lat' dir='ltr'>mirandaque</span> <span class='ocrx_word' id='word_1_192' title='bbox 1130 2633 1418 2705; x_wconf 87' lang='lat' dir='ltr'>potentia!</span> <span class='ocrx_word' id='word_1_193' title='bbox 1453 2632 1599 2688; x_wconf 87' lang='lat' dir='ltr'>Cum</span> <span class='ocrx_word' id='word_1_194' title='bbox 1650 2632 1852 2705; x_wconf 87' lang='lat' dir='ltr'>procul</span> <span class='ocrx_word' id='word_1_195' title='bbox 1893 2632 1994 2688; x_wconf 86' lang='lat' dir='ltr'>ah-</span> 
     </span>
    </p>
   </div>
   <div class='ocr_carea' id='block_1_30' title="bbox 345 2720 1996 2797">
    <p class='ocr_par' dir='ltr' id='par_1_30' title="bbox 345 2720 1996 2797">
     <span class='ocr_line' id='line_1_30' title="bbox 345 2720 1996 2797; baseline -0.004 -14"><span class='ocrx_word' id='word_1_196' title='bbox 345 2730 543 2783; x_wconf 86' lang='lat' dir='ltr'>essent</span> <span class='ocrx_word' id='word_1_197' title='bbox 572 2722 1000 2797; x_wconf 89' lang='lat' dir='ltr'>principes,qui</span> <span class='ocrx_word' id='word_1_198' title='bbox 1034 2722 1380 2778; x_wconf 86' lang='lat' dir='ltr'>videbantur</span> <span class='ocrx_word' id='word_1_199' title='bbox 1408 2738 1605 2795; x_wconf 86' lang='lat' dir='ltr'>regere</span> <span class='ocrx_word' id='word_1_200' title='bbox 1632 2720 1916 2794; x_wconf 88' lang='lat' dir='ltr'>populum</span> <span class='ocrx_word' id='word_1_201' title='bbox 1940 2725 1996 2777; x_wconf 91' lang='lat' dir='ltr'>et</span> 
     </span>
    </p>
   </div>
   <div class='ocr_carea' id='block_1_31' title="bbox 344 2809 1995 2886">
    <p class='ocr_par' dir='ltr' id='par_1_31' title="bbox 344 2809 1995 2886">
     <span class='ocr_line' id='line_1_31' title="bbox 344 2809 1995 2886; baseline -0.004 -15"><span class='ocrx_word' id='word_1_202' title='bbox 344 2818 692 2880; x_wconf 87' lang='lat' dir='ltr'>sustentare,</span> <span class='ocrx_word' id='word_1_203' title='bbox 727 2829 830 2886; x_wconf 89' lang='lat' dir='ltr'>per</span> <span class='ocrx_word' id='word_1_204' title='bbox 860 2811 1162 2884; x_wconf 88' lang='lat' dir='ltr'>pauciores</span> <span class='ocrx_word' id='word_1_205' title='bbox 1210 2815 1268 2867; x_wconf 87' lang='lat' dir='ltr'>et</span> <span class='ocrx_word' id='word_1_206' title='bbox 1298 2809 1553 2866; x_wconf 89' lang='lat' dir='ltr'>minores</span> <span class='ocrx_word' id='word_1_207' title='bbox 1574 2811 1747 2882; x_wconf 84' lang='lat' dir='ltr'>coepit</span> <span class='ocrx_word' id='word_1_208' title='bbox 1793 2810 1995 2866; x_wconf 89' lang='lat' dir='ltr'>Domi-</span> 
     </span>
    </p>
   </div>
   <div class='ocr_carea' id='block_1_32' title="bbox 345 2899 1994 2973">
    <p class='ocr_par' dir='ltr' id='par_1_32' title="bbox 345 2899 1994 2973">
     <span class='ocr_line' id='line_1_32' title="bbox 345 2899 1994 2973; baseline -0.002 -14"><span class='ocrx_word' id='word_1_209' title='bbox 345 2920 457 2959; x_wconf 89' lang='lat' dir='ltr'>nus</span> <span class='ocrx_word' id='word_1_210' title='bbox 486 2902 663 2959; x_wconf 91' lang='lat' dir='ltr'>etiam</span> <span class='ocrx_word' id='word_1_211' title='bbox 692 2900 854 2973; x_wconf 91' lang='lat' dir='ltr'>ipsos</span> <span class='ocrx_word' id='word_1_212' title='bbox 885 2916 1050 2973; x_wconf 88' lang='lat' dir='ltr'>reges</span> <span class='ocrx_word' id='word_1_213' title='bbox 1097 2916 1393 2972; x_wconf 86' lang='lat' dir='ltr'>superare,</span> <span class='ocrx_word' id='word_1_214' title='bbox 1428 2916 1499 2954; x_wconf 88' lang='lat' dir='ltr'>ne</span> <span class='ocrx_word' id='word_1_215' title='bbox 1546 2900 1705 2955; x_wconf 87' lang='lat' dir='ltr'>dicat</span> <span class='ocrx_word' id='word_1_216' title='bbox 1733 2899 1994 2956; x_wconf 90' lang='lat' dir='ltr'>humana</span> 
     </span>
    </p>
   </div>
   <div class='ocr_carea' id='block_1_33' title="bbox 343 2987 1990 3066">
    <p class='ocr_par' dir='ltr' id='par_1_33' title="bbox 343 2987 1990 3066">
     <span class='ocr_line' id='line_1_33' title="bbox 343 2987 1990 3066; baseline -0.002 -18"><span class='ocrx_word' id='word_1_217' title='bbox 343 2991 719 3066; x_wconf 65' lang='lat' dir='ltr'>praesumptio</span> <span class='ocrx_word' id='word_1_218' title='bbox 744 3006 758 3047; x_wconf 88' lang='lat'><strong>:</strong></span> <span class='ocrx_word' id='word_1_219' title='bbox 783 2990 947 3046; x_wconf 83' lang='lat' dir='ltr'>«Nos</span> <span class='ocrx_word' id='word_1_220' title='bbox 975 2988 1340 3045; x_wconf 85' lang='lat' dir='ltr'>Antiochiam</span> <span class='ocrx_word' id='word_1_221' title='bbox 1369 2987 1633 3061; x_wconf 88' lang='lat' dir='ltr'>aliasque</span> <span class='ocrx_word' id='word_1_222' title='bbox 1658 2990 1828 3045; x_wconf 86' lang='lat' dir='ltr'>urbes</span> <span class='ocrx_word' id='word_1_223' title='bbox 1851 2989 1990 3044; x_wconf 85' lang='lat' dir='ltr'>sub-</span> 
     </span>
    </p>
   </div>
   <div class='ocr_carea' id='block_1_34' title="bbox 341 3075 1991 3155">
    <p class='ocr_par' dir='ltr' id='par_1_34' title="bbox 341 3075 1991 3155">
     <span class='ocr_line' id='line_1_34' title="bbox 341 3075 1991 3155; baseline -0.002 -18"><span class='ocrx_word' id='word_1_224' title='bbox 341 3080 570 3155; x_wconf 90' lang='lat' dir='ltr'>egimus</span> <span class='ocrx_word' id='word_1_225' title='bbox 604 3097 617 3137; x_wconf 88' lang='lat'><strong>:</strong></span> <span class='ocrx_word' id='word_1_226' title='bbox 652 3097 759 3136; x_wconf 92' lang='lat' dir='ltr'>nos</span> <span class='ocrx_word' id='word_1_227' title='bbox 787 3082 873 3135; x_wconf 89' lang='lat' dir='ltr'>tot</span> <span class='ocrx_word' id='word_1_228' title='bbox 902 3095 968 3134; x_wconf 89' lang='lat' dir='ltr'>ac</span> <span class='ocrx_word' id='word_1_229' title='bbox 998 3083 1161 3133; x_wconf 87' lang='lat' dir='ltr'>tanta</span> <span class='ocrx_word' id='word_1_230' title='bbox 1207 3075 1359 3133; x_wconf 88' lang='lat' dir='ltr'>bella</span> <span class='ocrx_word' id='word_1_231' title='bbox 1405 3077 1745 3134; x_wconf 88' lang='lat' dir='ltr'>devicimus.</span> <span class='ocrx_word' id='word_1_232' title='bbox 1784 3100 1812 3128; x_wconf 89' lang='grc'><strong>››</strong></span> <span class='ocrx_word' id='word_1_233' title='bbox 1845 3078 1991 3144; x_wconf 89' lang='lat' dir='ltr'>Quia</span> 
     </span>
    </p>
   </div>
   <div class='ocr_carea' id='block_1_35' title="bbox 342 3151 2059 3243">
    <p class='ocr_par' dir='ltr' id='par_1_35' title="bbox 342 3151 2059 3243">
     <span class='ocr_line' id='line_1_35' title="bbox 342 3151 2059 3243; baseline -0.005 -16"><span class='ocrx_word' id='word_1_234' title='bbox 342 3151 445 3243; x_wconf 72' lang='lat' dir='ltr'>pro</span> <span class='ocrx_word' id='word_1_235' title='bbox 464 3172 620 3226; x_wconf 87' lang='lat' dir='ltr'>certo</span> <span class='ocrx_word' id='word_1_236' title='bbox 642 3184 943 3241; x_wconf 87' lang='lat' dir='ltr'>nunquam</span> <span class='ocrx_word' id='word_1_237' title='bbox 967 3171 1363 3239; x_wconf 84' lang='lat' dir='ltr'>superassent,</span> <span class='ocrx_word' id='word_1_238' title='bbox 1378 3165 1489 3222; x_wconf 82' lang='lat' dir='ltr'>nisi</span> <span class='ocrx_word' id='word_1_239' title='bbox 1516 3184 1649 3222; x_wconf 88' lang='lat' dir='ltr'>cum</span> <span class='ocrx_word' id='word_1_240' title='bbox 1671 3166 1755 3223; x_wconf 90' lang='lat' dir='ltr'>eis</span> <span class='ocrx_word' id='word_1_241' title='bbox 1778 3167 1987 3223; x_wconf 84' lang='lat' dir='ltr'>fuisset</span> <span class='ocrx_word' id='word_1_242' title='bbox 2018 3151 2059 3218; x_wconf 91' lang='lat' dir='ltr'>C</span> 
     </span>
    </p>
   </div>
   <div class='ocr_carea' id='block_1_36' title="bbox 340 3256 1990 3331">
    <p class='ocr_par' dir='ltr' id='par_1_36' title="bbox 340 3256 1990 3331">
     <span class='ocr_line' id='line_1_36' title="bbox 340 3256 1990 3331; baseline -0.002 -17"><span class='ocrx_word' id='word_1_243' title='bbox 340 3258 436 3315; x_wconf 89' lang='lat' dir='ltr'>ille</span> <span class='ocrx_word' id='word_1_244' title='bbox 468 3275 570 3331; x_wconf 87' lang='lat' dir='ltr'>per</span> <span class='ocrx_word' id='word_1_245' title='bbox 599 3274 775 3330; x_wconf 87' lang='lat' dir='ltr'>quem</span> <span class='ocrx_word' id='word_1_246' title='bbox 810 3273 976 3330; x_wconf 90' lang='lat' dir='ltr'>reges</span> <span class='ocrx_word' id='word_1_247' title='bbox 1007 3260 1270 3328; x_wconf 89' lang='lat' dir='ltr'>regnant.</span> <span class='ocrx_word' id='word_1_248' title='bbox 1295 3256 1441 3310; x_wconf 89' lang='lat' dir='ltr'>Cum</span> <span class='ocrx_word' id='word_1_249' title='bbox 1471 3273 1604 3311; x_wconf 88' lang='lat' dir='ltr'>vero</span> <span class='ocrx_word' id='word_1_250' title='bbox 1636 3257 1752 3311; x_wconf 79' lang='lat' dir='ltr'>dux</span> <span class='ocrx_word' id='word_1_251' title='bbox 1773 3257 1990 3312; x_wconf 89' lang='lat' dir='ltr'>ducum</span> 
     </span>
    </p>
   </div>
   <div class='ocr_carea' id='block_1_37' title="bbox 340 3344 1987 3415">
    <p class='ocr_par' dir='ltr' id='par_1_37' title="bbox 340 3344 1987 3415">
     <span class='ocr_line' id='line_1_37' title="bbox 340 3344 1987 3415; baseline -0.001 -11"><span class='ocrx_word' id='word_1_252' title='bbox 340 3353 398 3404; x_wconf 93' lang='lat' dir='ltr'>et</span> <span class='ocrx_word' id='word_1_253' title='bbox 412 3348 583 3405; x_wconf 87' lang='lat' dir='ltr'>miles</span> <span class='ocrx_word' id='word_1_254' title='bbox 599 3346 854 3403; x_wconf 87' lang='lat' dir='ltr'>militum</span> <span class='ocrx_word' id='word_1_255' title='bbox 870 3345 1219 3402; x_wconf 87' lang='lat' dir='ltr'>Godefridus</span> <span class='ocrx_word' id='word_1_256' title='bbox 1235 3345 1497 3400; x_wconf 81' lang='lat' dir='ltr'>audisset</span> <span class='ocrx_word' id='word_1_257' title='bbox 1516 3344 1710 3401; x_wconf 85' lang='lat' dir='ltr'>felices</span> <span class='ocrx_word' id='word_1_258' title='bbox 1727 3351 1987 3415; x_wconf 77' lang='lat' dir='ltr'>eventus,</span> 
     </span>
    </p>
   </div>
   <div class='ocr_carea' id='block_1_38' title="bbox 341 3434 1989 3511">
    <p class='ocr_par' dir='ltr' id='par_1_38' title="bbox 341 3434 1989 3511">
     <span class='ocr_line' id='line_1_38' title="bbox 341 3434 1989 3511; baseline -0.001 -18"><span class='ocrx_word' id='word_1_259' title='bbox 341 3438 724 3511; x_wconf 86' lang='lat' dir='ltr'>insignesque</span> <span class='ocrx_word' id='word_1_260' title='bbox 748 3434 1083 3506; x_wconf 89' lang='lat' dir='ltr'>triumphos</span> <span class='ocrx_word' id='word_1_261' title='bbox 1130 3434 1546 3506; x_wconf 85' lang='lat' dir='ltr'>pugnantium,</span> <span class='ocrx_word' id='word_1_262' title='bbox 1568 3435 1690 3491; x_wconf 90' lang='lat' dir='ltr'>zelo</span> <span class='ocrx_word' id='word_1_263' title='bbox 1736 3436 1989 3492; x_wconf 69' lang='lat' dir='ltr'>victoriae</span> 
     </span>
    </p>
   </div>
   <div class='ocr_carea' id='block_1_39' title="bbox 337 3522 1989 3595">
    <p class='ocr_par' dir='ltr' id='par_1_39' title="bbox 337 3522 1989 3595">
     <span class='ocr_line' id='line_1_39' title="bbox 337 3522 1989 3595; baseline 0.001 -14"><span class='ocrx_word' id='word_1_264' title='bbox 337 3526 633 3583; x_wconf 84' lang='lat' dir='ltr'>animatus</span> <span class='ocrx_word' id='word_1_265' title='bbox 656 3528 799 3580; x_wconf 84' lang='lat' dir='ltr'>tunc</span> <span class='ocrx_word' id='word_1_266' title='bbox 821 3522 1078 3595; x_wconf 87' lang='lat' dir='ltr'>primum</span> <span class='ocrx_word' id='word_1_267' title='bbox 1110 3527 1232 3577; x_wconf 88' lang='lat' dir='ltr'>tam</span> <span class='ocrx_word' id='word_1_268' title='bbox 1262 3522 1384 3594; x_wconf 86' lang='lat' dir='ltr'>ipse</span> <span class='ocrx_word' id='word_1_269' title='bbox 1407 3539 1582 3595; x_wconf 89' lang='lat' dir='ltr'>quam</span> <span class='ocrx_word' id='word_1_270' title='bbox 1612 3524 1989 3584; x_wconf 87' lang='lat' dir='ltr'>Flandrensis</span> 
     </span>
    </p>
   </div>
   <div class='ocr_carea' id='block_1_40' title="bbox 338 3611 1988 3685">
    <p class='ocr_par' dir='ltr' id='par_1_40' title="bbox 338 3611 1988 3685">
     <span class='ocr_line' id='line_1_40' title="bbox 338 3611 1988 3685; baseline 0.001 -16"><span class='ocrx_word' id='word_1_271' title='bbox 338 3630 533 3671; x_wconf 87' lang='lat' dir='ltr'>comes</span> <span class='ocrx_word' id='word_1_272' title='bbox 556 3614 669 3685; x_wconf 76' lang='lat'>(59)</span> <span class='ocrx_word' id='word_1_273' title='bbox 685 3618 743 3668; x_wconf 90' lang='lat' dir='ltr'>et</span> <span class='ocrx_word' id='word_1_274' title='bbox 774 3611 1174 3677; x_wconf 82' lang='lat' dir='ltr'>Boamundus,</span> <span class='ocrx_word' id='word_1_275' title='bbox 1206 3616 1399 3666; x_wconf 88' lang='lat' dir='ltr'>castra</span> <span class='ocrx_word' id='word_1_276' title='bbox 1432 3612 1504 3667; x_wconf 91' lang='lat' dir='ltr'>ab</span> <span class='ocrx_word' id='word_1_277' title='bbox 1539 3613 1838 3669; x_wconf 86' lang='lat' dir='ltr'>Antiochia</span> <span class='ocrx_word' id='word_1_278' title='bbox 1863 3631 1988 3671; x_wconf 90' lang='lat' dir='ltr'>mo-</span> 
     </span>
    </p>
   </div>
   <div class='ocr_carea' id='block_1_41' title="bbox 336 3698 1989 3775">
    <p class='ocr_par' dir='ltr' id='par_1_41' title="bbox 336 3698 1989 3775">
     <span class='ocr_line' id='line_1_41' title="bbox 336 3698 1989 3775; baseline 0 -16"><span class='ocrx_word' id='word_1_279' title='bbox 336 3706 566 3771; x_wconf 89' lang='lat' dir='ltr'>verunt,</span> <span class='ocrx_word' id='word_1_280' title='bbox 599 3706 657 3757; x_wconf 90' lang='lat' dir='ltr'>et</span> <span class='ocrx_word' id='word_1_281' title='bbox 685 3701 758 3757; x_wconf 90' lang='lat' dir='ltr'>ad</span> <span class='ocrx_word' id='word_1_282' title='bbox 791 3699 1009 3756; x_wconf 90' lang='lat' dir='ltr'>Liciam</span> <span class='ocrx_word' id='word_1_283' title='bbox 1033 3698 1324 3755; x_wconf 86' lang='lat' dir='ltr'>civitatem</span> <span class='ocrx_word' id='word_1_284' title='bbox 1342 3704 1641 3757; x_wconf 88' lang='lat' dir='ltr'>venerunt.</span> <span class='ocrx_word' id='word_1_285' title='bbox 1669 3701 1750 3757; x_wconf 87' lang='lat' dir='ltr'>lbi</span> <span class='ocrx_word' id='word_1_286' title='bbox 1771 3702 1989 3775; x_wconf 86' lang='lat' dir='ltr'>quippe</span> 
     </span>
    </p>
   </div>
   <div class='ocr_carea' id='block_1_42' title="bbox 338 3787 1985 3859">
    <p class='ocr_par' dir='ltr' id='par_1_42' title="bbox 338 3787 1985 3859">
     <span class='ocr_line' id='line_1_42' title="bbox 338 3787 1985 3859; baseline 0.001 -13"><span class='ocrx_word' id='word_1_287' title='bbox 338 3790 536 3847; x_wconf 87' lang='lat' dir='ltr'>divisit</span> <span class='ocrx_word' id='word_1_288' title='bbox 554 3806 617 3846; x_wconf 90' lang='lat' dir='ltr'>se</span> <span class='ocrx_word' id='word_1_289' title='bbox 640 3788 1012 3845; x_wconf 85' lang='lat' dir='ltr'>Boamundus</span> <span class='ocrx_word' id='word_1_290' title='bbox 1034 3788 1107 3844; x_wconf 92' lang='lat' dir='ltr'>ab</span> <span class='ocrx_word' id='word_1_291' title='bbox 1129 3787 1213 3843; x_wconf 88' lang='lat' dir='ltr'>eis</span> <span class='ocrx_word' id='word_1_292' title='bbox 1240 3793 1298 3844; x_wconf 91' lang='lat' dir='ltr'>ct</span> <span class='ocrx_word' id='word_1_293' title='bbox 1317 3788 1390 3844; x_wconf 92' lang='lat' dir='ltr'>ab</span> <span class='ocrx_word' id='word_1_294' title='bbox 1410 3788 1571 3844; x_wconf 92' lang='lat' dir='ltr'>omni</span> <span class='ocrx_word' id='word_1_295' title='bbox 1592 3790 1844 3846; x_wconf 84' lang='lat' dir='ltr'>exercitu</span> <span class='ocrx_word' id='word_1_296' title='bbox 1862 3791 1985 3859; x_wconf 89' lang='lat' dir='ltr'>Dei,</span> 
     </span>
    </p>
   </div>
   <div class='ocr_carea' id='block_1_43' title="bbox 336 3876 1988 3952">
    <p class='ocr_par' dir='ltr' id='par_1_43' title="bbox 336 3876 1988 3952">
     <span class='ocr_line' id='line_1_43' title="bbox 336 3876 1988 3952; baseline 0.001 -16"><span class='ocrx_word' id='word_1_297' title='bbox 336 3878 660 3951; x_wconf 87' lang='lat' dir='ltr'>habuitque</span> <span class='ocrx_word' id='word_1_298' title='bbox 689 3896 725 3934; x_wconf 87' lang='lat' dir='ltr'>a</span> <span class='ocrx_word' id='word_1_299' title='bbox 748 3882 912 3950; x_wconf 90' lang='lat' dir='ltr'>patre</span> <span class='ocrx_word' id='word_1_300' title='bbox 942 3894 1048 3933; x_wconf 93' lang='lat' dir='ltr'>suo</span> <span class='ocrx_word' id='word_1_301' title='bbox 1079 3876 1181 3948; x_wconf 90' lang='lat' dir='ltr'>qui</span> <span class='ocrx_word' id='word_1_302' title='bbox 1211 3876 1321 3932; x_wconf 87' lang='lat' dir='ltr'>fuit</span> <span class='ocrx_word' id='word_1_303' title='bbox 1354 3878 1732 3951; x_wconf 88' lang='lat' dir='ltr'>Brancigena,</span> <span class='ocrx_word' id='word_1_304' title='bbox 1766 3880 1988 3952; x_wconf 89' lang='lat' dir='ltr'>optima</span> 
     </span>
    </p>
   </div>
   <div class='ocr_carea' id='block_1_44' title="bbox 337 3965 1984 4042">
    <p class='ocr_par' dir='ltr' id='par_1_44' title="bbox 337 3965 1984 4042">
     <span class='ocr_line' id='line_1_44' title="bbox 337 3965 1984 4042; baseline 0.001 -19"><span class='ocrx_word' id='word_1_305' title='bbox 337 3967 655 4042; x_wconf 88' lang='lat' dir='ltr'>principia;</span> <span class='ocrx_word' id='word_1_306' title='bbox 680 3967 781 4023; x_wconf 89' lang='lat' dir='ltr'>sed</span> <span class='ocrx_word' id='word_1_307' title='bbox 812 3984 848 4022; x_wconf 90' lang='lat' dir='ltr'>a</span> <span class='ocrx_word' id='word_1_308' title='bbox 878 3970 1082 4033; x_wconf 85' lang='lat' dir='ltr'>matre,</span> <span class='ocrx_word' id='word_1_309' title='bbox 1108 3983 1236 4039; x_wconf 68' lang='lat' dir='ltr'>qua:</span> <span class='ocrx_word' id='word_1_310' title='bbox 1261 3965 1596 4038; x_wconf 89' lang='lat' dir='ltr'>Apuliensis</span> <span class='ocrx_word' id='word_1_311' title='bbox 1626 3967 1863 4036; x_wconf 80' lang='lat' dir='ltr'>exstitit,</span> <span class='ocrx_word' id='word_1_312' title='bbox 1896 3986 1984 4025; x_wconf 89' lang='lat' dir='ltr'>re-</span> 
     </span>
    </p>
   </div>
   <div class='ocr_carea' id='block_1_45' title="bbox 334 4055 1984 4130">
    <p class='ocr_par' dir='ltr' id='par_1_45' title="bbox 334 4055 1984 4130">
     <span class='ocr_line' id='line_1_45' title="bbox 334 4055 1984 4130; baseline 0 -17"><span class='ocrx_word' id='word_1_313' title='bbox 334 4056 514 4114; x_wconf 85' lang='lat' dir='ltr'>tinuit</span> <span class='ocrx_word' id='word_1_314' title='bbox 539 4055 805 4128; x_wconf 90' lang='lat' dir='ltr'>vestigia.</span> <span class='ocrx_word' id='word_1_315' title='bbox 829 4055 995 4110; x_wconf 90' lang='lat' dir='ltr'>Tunc</span> <span class='ocrx_word' id='word_1_316' title='bbox 1024 4055 1142 4110; x_wconf 84' lang='lat' dir='ltr'>dux</span> <span class='ocrx_word' id='word_1_317' title='bbox 1168 4059 1227 4110; x_wconf 82' lang='lat' dir='ltr'>et</span> <span class='ocrx_word' id='word_1_318' title='bbox 1251 4071 1448 4111; x_wconf 89' lang='lat' dir='ltr'>comes</span> <span class='ocrx_word' id='word_1_319' title='bbox 1477 4056 1550 4111; x_wconf 90' lang='lat' dir='ltr'>ad</span> <span class='ocrx_word' id='word_1_320' title='bbox 1599 4057 1823 4125; x_wconf 89' lang='lat' dir='ltr'>urbem,</span> <span class='ocrx_word' id='word_1_321' title='bbox 1857 4074 1984 4130; x_wconf 75' lang='lat' dir='ltr'>quae</span> 
     </span>
    </p>
   </div>
   <div class='ocr_carea' id='block_1_46' title="bbox 336 4142 1985 4218">
    <p class='ocr_par' dir='ltr' id='par_1_46' title="bbox 336 4142 1985 4218">
     <span class='ocr_line' id='line_1_46' title="bbox 336 4142 1985 4218; baseline 0.001 -18"><span class='ocrx_word' id='word_1_322' title='bbox 336 4143 627 4200; x_wconf 89' lang='lat' dir='ltr'>Gihellum</span> <span class='ocrx_word' id='word_1_323' title='bbox 659 4146 917 4212; x_wconf 87' lang='lat' dir='ltr'>vocatur,</span> <span class='ocrx_word' id='word_1_324' title='bbox 962 4142 1116 4199; x_wconf 84' lang='lat' dir='ltr'>acies</span> <span class='ocrx_word' id='word_1_325' title='bbox 1164 4159 1305 4199; x_wconf 89' lang='lat' dir='ltr'>suas</span> <span class='ocrx_word' id='word_1_326' title='bbox 1354 4143 1706 4212; x_wconf 80' lang='lat' dir='ltr'>direxerant,</span> <span class='ocrx_word' id='word_1_327' title='bbox 1739 4162 1985 4218; x_wconf 87' lang='lat' dir='ltr'>evmque</span> 
     </span>
    </p>
   </div>
   <div class='ocr_carea' id='block_1_47' title="bbox 336 4229 1982 4303">
    <p class='ocr_par' dir='ltr' id='par_1_47' title="bbox 336 4229 1982 4303">
     <span class='ocr_line' id='line_1_47' title="bbox 336 4229 1982 4303; baseline 0 -14"><span class='ocrx_word' id='word_1_328' title='bbox 336 4233 638 4289; x_wconf 90' lang='lat' dir='ltr'>obsidione</span> <span class='ocrx_word' id='word_1_329' title='bbox 668 4231 993 4288; x_wconf 83' lang='lat' dir='ltr'>cinxerunt.</span> <span class='ocrx_word' id='word_1_330' title='bbox 1022 4229 1125 4287; x_wconf 88' lang='lat' dir='ltr'>Illa</span> <span class='ocrx_word' id='word_1_331' title='bbox 1153 4230 1448 4303; x_wconf 88' lang='lat' dir='ltr'>siquidem</span> <span class='ocrx_word' id='word_1_332' title='bbox 1479 4231 1810 4299; x_wconf 91' lang='lat' dir='ltr'>hora,venit</span> <span class='ocrx_word' id='word_1_333' title='bbox 1831 4251 1982 4289; x_wconf 88' lang='lat' dir='ltr'>nun-</span> 
     </span>
    </p>
   </div>
   <div class='ocr_carea' id='block_1_48' title="bbox 333 4319 1985 4395">
    <p class='ocr_par' dir='ltr' id='par_1_48' title="bbox 333 4319 1985 4395">
     <span class='ocr_line' id='line_1_48' title="bbox 333 4319 1985 4395; baseline 0.001 -18"><span class='ocrx_word' id='word_1_334' title='bbox 333 4323 453 4378; x_wconf 89' lang='lat' dir='ltr'>tius</span> <span class='ocrx_word' id='word_1_335' title='bbox 483 4320 557 4377; x_wconf 89' lang='lat' dir='ltr'>ad</span> <span class='ocrx_word' id='word_1_336' title='bbox 586 4320 858 4379; x_wconf 91' lang='lat' dir='ltr'>comitem</span> <span class='ocrx_word' id='word_1_337' title='bbox 878 4319 1078 4377; x_wconf 84' lang='lat' dir='ltr'>Sancti</span> <span class='ocrx_word' id='word_1_338' title='bbox 1097 4319 1305 4390; x_wconf 65' lang='lat' dir='ltr'>zEgidii</span> <span class='ocrx_word' id='word_1_339' title='bbox 1331 4320 1487 4392; x_wconf 91' lang='lat' dir='ltr'>quod</span> <span class='ocrx_word' id='word_1_340' title='bbox 1510 4321 1683 4377; x_wconf 89' lang='lat' dir='ltr'>Turci</span> <span class='ocrx_word' id='word_1_341' title='bbox 1702 4339 1985 4395; x_wconf 82' lang='lat' dir='ltr'>praepara-</span> 
     </span>
    </p>
   </div>
   <div class='ocr_carea' id='block_1_49' title="bbox 331 4410 1981 4482">
    <p class='ocr_par' dir='ltr' id='par_1_49' title="bbox 331 4410 1981 4482">
     <span class='ocr_line' id='line_1_49' title="bbox 331 4410 1981 4482; baseline 0 -15"><span class='ocrx_word' id='word_1_342' title='bbox 331 4414 535 4467; x_wconf 86' lang='lat' dir='ltr'>verant</span> <span class='ocrx_word' id='word_1_343' title='bbox 563 4426 625 4466; x_wconf 92' lang='lat' dir='ltr'>se</span> <span class='ocrx_word' id='word_1_344' title='bbox 652 4410 724 4466; x_wconf 92' lang='lat' dir='ltr'>ad</span> <span class='ocrx_word' id='word_1_345' title='bbox 758 4425 1013 4482; x_wconf 88' lang='lat' dir='ltr'>pugnam</span> <span class='ocrx_word' id='word_1_346' title='bbox 1037 4414 1242 4465; x_wconf 89' lang='lat' dir='ltr'>contra</span> <span class='ocrx_word' id='word_1_347' title='bbox 1261 4413 1693 4481; x_wconf 77' lang='lat' dir='ltr'>eum,essetque</span> <span class='ocrx_word' id='word_1_348' title='bbox 1714 4410 1981 4469; x_wconf 86' lang='lat' dir='ltr'>futurum</span> 
     </span>
    </p>
   </div>
   <div class='ocr_carea' id='block_1_50' title="bbox 2110 497 3774 572">
    <p class='ocr_par' dir='ltr' id='par_1_50' title="bbox 2110 497 3774 572">
     <span class='ocr_line' id='line_1_50' title="bbox 2110 497 3774 572; baseline -0.001 -18"><span class='ocrx_word' id='word_1_349' title='bbox 2110 498 2327 555; x_wconf 87' lang='lat' dir='ltr'>nostris</span> <span class='ocrx_word' id='word_1_350' title='bbox 2345 501 2870 571; x_wconf 87' lang='lat' dir='ltr'>opposuerunt,sed</span> <span class='ocrx_word' id='word_1_351' title='bbox 2893 499 3109 555; x_wconf 67' lang='lat' dir='ltr'>nostris</span> <span class='ocrx_word' id='word_1_352' title='bbox 3130 516 3201 572; x_wconf 89' lang='lat' dir='ltr'>pr</span> <span class='ocrx_word' id='word_1_353' title='bbox 3243 498 3419 571; x_wconf 82' lang='lat' dir='ltr'>jectis</span> <span class='ocrx_word' id='word_1_354' title='bbox 3437 497 3657 572; x_wconf 82' lang='lat' dir='ltr'>clypeis</span> <span class='ocrx_word' id='word_1_355' title='bbox 3679 515 3774 554; x_wconf 87' lang='lat' dir='ltr'>ar-</span> 
     </span>
    </p>
   </div>
   <div class='ocr_carea' id='block_1_51' title="bbox 2110 587 3765 662">
    <p class='ocr_par' dir='ltr' id='par_1_51' title="bbox 2110 587 3765 662">
     <span class='ocr_line' id='line_1_51' title="bbox 2110 587 3765 662; baseline 0.001 -19"><span class='ocrx_word' id='word_1_356' title='bbox 2110 604 2214 644; x_wconf 90' lang='lat' dir='ltr'>cus</span> <span class='ocrx_word' id='word_1_357' title='bbox 2235 604 2438 644; x_wconf 81' lang='lat' dir='ltr'>eorum</span> <span class='ocrx_word' id='word_1_358' title='bbox 2459 592 2516 644; x_wconf 87' lang='lat' dir='ltr'>et</span> <span class='ocrx_word' id='word_1_359' title='bbox 2542 588 2788 661; x_wconf 88' lang='lat' dir='ltr'>sagittas</span> <span class='ocrx_word' id='word_1_360' title='bbox 2810 587 2966 644; x_wconf 90' lang='lat' dir='ltr'>velut</span> <span class='ocrx_word' id='word_1_361' title='bbox 2986 587 3236 661; x_wconf 86' lang='lat' dir='ltr'>stipulas</span> <span class='ocrx_word' id='word_1_362' title='bbox 3254 591 3765 662; x_wconf 82' lang='lat' dir='ltr'>contempserunt.</span> 
     </span>
    </p>
   </div>
   <div class='ocr_carea' id='block_1_52' title="bbox 2111 675 3767 750">
    <p class='ocr_par' dir='ltr' id='par_1_52' title="bbox 2111 675 3767 750">
     <span class='ocr_line' id='line_1_52' title="bbox 2111 675 3767 750; baseline 0.001 -18"><span class='ocrx_word' id='word_1_363' title='bbox 2111 676 2313 749; x_wconf 91' lang='lat' dir='ltr'>Pugna</span> <span class='ocrx_word' id='word_1_364' title='bbox 2340 675 2539 749; x_wconf 87' lang='lat' dir='ltr'>itaque</span> <span class='ocrx_word' id='word_1_365' title='bbox 2568 677 3084 747; x_wconf 89' lang='lat' dir='ltr'>committitur,sed</span> <span class='ocrx_word' id='word_1_366' title='bbox 3108 694 3223 733; x_wconf 91' lang='lat' dir='ltr'>non</span> <span class='ocrx_word' id='word_1_367' title='bbox 3242 676 3767 750; x_wconf 62' lang='lat' dir='ltr'>aequalance,quo-</span> 
     </span>
    </p>
   </div>
   <div class='ocr_carea' id='block_1_53' title="bbox 2110 764 3763 837">
    <p class='ocr_par' dir='ltr' id='par_1_53' title="bbox 2110 764 3763 837">
     <span class='ocr_line' id='line_1_53' title="bbox 2110 764 3763 837; baseline -0.001 -16"><span class='ocrx_word' id='word_1_368' title='bbox 2110 764 2268 821; x_wconf 89' lang='lat' dir='ltr'>niam</span> <span class='ocrx_word' id='word_1_369' title='bbox 2299 765 2502 821; x_wconf 84' lang='lat' dir='ltr'>tractis</span> <span class='ocrx_word' id='word_1_370' title='bbox 2533 765 2765 837; x_wconf 83' lang='lat' dir='ltr'>sagittis</span> <span class='ocrx_word' id='word_1_371' title='bbox 2794 765 2899 834; x_wconf 90' lang='lat' dir='ltr'>illi,</span> <span class='ocrx_word' id='word_1_372' title='bbox 2932 771 3001 821; x_wconf 89' lang='lat' dir='ltr'>ut</span> <span class='ocrx_word' id='word_1_373' title='bbox 3028 782 3229 822; x_wconf 90' lang='lat' dir='ltr'>eorum</span> <span class='ocrx_word' id='word_1_374' title='bbox 3261 766 3626 823; x_wconf 87' lang='lat' dir='ltr'>consuetudo</span> <span class='ocrx_word' id='word_1_375' title='bbox 3651 769 3763 834; x_wconf 80' lang='lat' dir='ltr'>est,</span> 
     </span>
    </p>
   </div>
   <div class='ocr_carea' id='block_1_54' title="bbox 2110 853 3763 928">
    <p class='ocr_par' dir='ltr' id='par_1_54' title="bbox 2110 853 3763 928">
     <span class='ocr_line' id='line_1_54' title="bbox 2110 853 3763 928; baseline 0.002 -19"><span class='ocrx_word' id='word_1_376' title='bbox 2110 853 2310 928; x_wconf 81' lang='lat' dir='ltr'>fugere</span> <span class='ocrx_word' id='word_1_377' title='bbox 2339 853 2671 921; x_wconf 89' lang='lat' dir='ltr'>voluerunt,</span> <span class='ocrx_word' id='word_1_378' title='bbox 2692 856 2793 911; x_wconf 89' lang='lat' dir='ltr'>sed</span> <span class='ocrx_word' id='word_1_379' title='bbox 2827 855 3009 911; x_wconf 90' lang='lat' dir='ltr'>nostri</span> <span class='ocrx_word' id='word_1_380' title='bbox 3032 854 3186 912; x_wconf 88' lang='lat' dir='ltr'>inter</span> <span class='ocrx_word' id='word_1_381' title='bbox 3205 856 3365 928; x_wconf 88' lang='lat' dir='ltr'>ipsos</span> <span class='ocrx_word' id='word_1_382' title='bbox 3384 858 3439 911; x_wconf 61' lang='lat' dir='ltr'>et</span> <span class='ocrx_word' id='word_1_383' title='bbox 3465 855 3763 913; x_wconf 82' lang='lat' dir='ltr'>civitatem</span> 
     </span>
    </p>
   </div>
   <div class='ocr_carea' id='block_1_55' title="bbox 2109 942 3763 1017">
    <p class='ocr_par' dir='ltr' id='par_1_55' title="bbox 2109 942 3763 1017">
     <span class='ocr_line' id='line_1_55' title="bbox 2109 942 3763 1017; baseline 0.003 -20"><span class='ocrx_word' id='word_1_384' title='bbox 2109 942 2413 999; x_wconf 88' lang='lat' dir='ltr'>oBstaculu</span> <span class='ocrx_word' id='word_1_385' title='bbox 2425 960 2478 998; x_wconf 91' lang='lat' dir='ltr'>m</span> <span class='ocrx_word' id='word_1_386' title='bbox 2494 947 2836 1016; x_wconf 89' lang='lat' dir='ltr'>posuerunt.</span> <span class='ocrx_word' id='word_1_387' title='bbox 2851 945 2920 999; x_wconf 86' lang='lat' dir='ltr'>Et</span> <span class='ocrx_word' id='word_1_388' title='bbox 2941 944 3081 1016; x_wconf 89' lang='lat' dir='ltr'>quid</span> <span class='ocrx_word' id='word_1_389' title='bbox 3108 942 3373 1017; x_wconf 87' lang='lat' dir='ltr'>pluribus</span> <span class='ocrx_word' id='word_1_390' title='bbox 3387 948 3521 1000; x_wconf 88' lang='lat' dir='ltr'>utar</span> <span class='ocrx_word' id='word_1_391' title='bbox 3538 946 3763 1002; x_wconf 81' lang='lat' dir='ltr'>verbis?</span> 
     </span>
    </p>
   </div>
   <div class='ocr_carea' id='block_1_56' title="bbox 2106 1032 3763 1108">
    <p class='ocr_par' dir='ltr' id='par_1_56' title="bbox 2106 1032 3763 1108">
     <span class='ocr_line' id='line_1_56' title="bbox 2106 1032 3763 1108; baseline 0.004 -22"><span class='ocrx_word' id='word_1_392' title='bbox 2106 1035 2340 1087; x_wconf 87' lang='lat' dir='ltr'>tantum</span> <span class='ocrx_word' id='word_1_393' title='bbox 2372 1032 2452 1087; x_wconf 87' lang='lat' dir='ltr'>ibi</span> <span class='ocrx_word' id='word_1_394' title='bbox 2482 1032 2725 1088; x_wconf 85' lang='lat' dir='ltr'>humani</span> <span class='ocrx_word' id='word_1_395' title='bbox 2748 1032 3053 1106; x_wconf 87' lang='lat' dir='ltr'>sanguinis</span> <span class='ocrx_word' id='word_1_396' title='bbox 3084 1032 3281 1088; x_wconf 85' lang='lat' dir='ltr'>fusum</span> <span class='ocrx_word' id='word_1_397' title='bbox 3303 1037 3391 1089; x_wconf 89' lang='lat' dir='ltr'>est</span> <span class='ocrx_word' id='word_1_398' title='bbox 3414 1035 3567 1106; x_wconf 88' lang='lat' dir='ltr'>quod</span> <span class='ocrx_word' id='word_1_399' title='bbox 3605 1053 3763 1108; x_wconf 84' lang='lat' dir='ltr'>aqua</span> 
     </span>
    </p>
   </div>
   <div class='ocr_carea' id='block_1_57' title="bbox 2108 1118 3763 1193">
    <p class='ocr_par' dir='ltr' id='par_1_57' title="bbox 2108 1118 3763 1193">
     <span class='ocr_line' id='line_1_57' title="bbox 2108 1118 3763 1193; baseline 0.005 -20"><span class='ocrx_word' id='word_1_400' title='bbox 2108 1118 2436 1175; x_wconf 89' lang='lat' dir='ltr'>rubicunda</span> <span class='ocrx_word' id='word_1_401' title='bbox 2464 1120 2617 1175; x_wconf 84' lang='lat' dir='ltr'>facta</span> <span class='ocrx_word' id='word_1_402' title='bbox 2647 1125 2895 1193; x_wconf 70' lang='lat' dir='ltr'>est,qua:</span> <span class='ocrx_word' id='word_1_403' title='bbox 2927 1120 2985 1174; x_wconf 90' lang='lat' dir='ltr'>in</span> <span class='ocrx_word' id='word_1_404' title='bbox 3013 1119 3302 1177; x_wconf 89' lang='lat' dir='ltr'>civitatem</span> <span class='ocrx_word' id='word_1_405' title='bbox 3335 1122 3636 1187; x_wconf 79' lang='lat' dir='ltr'>ﬁuebat.et</span> <span class='ocrx_word' id='word_1_406' title='bbox 3665 1141 3763 1182; x_wconf 83' lang='lat' dir='ltr'>eo-</span> 
     </span>
    </p>
   </div>
   <div class='ocr_carea' id='block_1_58' title="bbox 2107 1208 3756 1283">
    <p class='ocr_par' dir='ltr' id='par_1_58' title="bbox 2107 1208 3756 1283">
     <span class='ocr_line' id='line_1_58' title="bbox 2107 1208 3756 1283; baseline 0.006 -22"><span class='ocrx_word' id='word_1_407' title='bbox 2107 1224 2238 1264; x_wconf 88' lang='lat' dir='ltr'>rum</span> <span class='ocrx_word' id='word_1_408' title='bbox 2259 1208 2541 1265; x_wconf 85' lang='lat' dir='ltr'>cisternas</span> <span class='ocrx_word' id='word_1_409' title='bbox 2562 1208 3171 1281; x_wconf 88' lang='lat' dir='ltr'>replebat.Nobiliores</span> <span class='ocrx_word' id='word_1_410' title='bbox 3193 1209 3382 1283; x_wconf 89' lang='lat' dir='ltr'>ipsius</span> <span class='ocrx_word' id='word_1_411' title='bbox 3399 1211 3647 1269; x_wconf 87' lang='lat' dir='ltr'>civitatis</span> <span class='ocrx_word' id='word_1_412' title='bbox 3672 1214 3756 1271; x_wconf 91' lang='lat' dir='ltr'>ibi</span> 
     </span>
    </p>
   </div>
   <div class='ocr_carea' id='block_1_59' title="bbox 2107 1296 3760 1370">
    <p class='ocr_par' dir='ltr' id='par_1_59' title="bbox 2107 1296 3760 1370">
     <span class='ocr_line' id='line_1_59' title="bbox 2107 1296 3760 1370; baseline 0.005 -18"><span class='ocrx_word' id='word_1_413' title='bbox 2107 1297 2283 1353; x_wconf 89' lang='lat' dir='ltr'>occisi</span> <span class='ocrx_word' id='word_1_414' title='bbox 2314 1302 2473 1366; x_wconf 91' lang='lat' dir='ltr'>sunt,</span> <span class='ocrx_word' id='word_1_415' title='bbox 2502 1301 2560 1354; x_wconf 89' lang='lat' dir='ltr'>et</span> <span class='ocrx_word' id='word_1_416' title='bbox 2589 1297 2689 1370; x_wconf 91' lang='lat' dir='ltr'>qui</span> <span class='ocrx_word' id='word_1_417' title='bbox 2719 1296 2831 1352; x_wconf 89' lang='lat' dir='ltr'>vivi</span> <span class='ocrx_word' id='word_1_418' title='bbox 2861 1300 3368 1366; x_wconf 86' lang='lat' dir='ltr'>remanserunt,de</span> <span class='ocrx_word' id='word_1_419' title='bbox 3399 1302 3760 1360; x_wconf 87' lang='lat' dir='ltr'>contamina-</span> 
     </span>
    </p>
   </div>
   <div class='ocr_carea' id='block_1_60' title="bbox 2106 1384 3757 1461">
    <p class='ocr_par' dir='ltr' id='par_1_60' title="bbox 2106 1384 3757 1461">
     <span class='ocr_line' id='line_1_60' title="bbox 2106 1384 3757 1461; baseline 0.005 -21"><span class='ocrx_word' id='word_1_420' title='bbox 2106 1384 2262 1442; x_wconf 90' lang='lat' dir='ltr'>tione</span> <span class='ocrx_word' id='word_1_421' title='bbox 2293 1386 2679 1443; x_wconf 85' lang='lat' dir='ltr'>cisternarum</span> <span class='ocrx_word' id='word_1_422' title='bbox 2714 1386 2960 1443; x_wconf 91' lang='lat' dir='ltr'>multum</span> <span class='ocrx_word' id='word_1_423' title='bbox 2988 1387 3425 1461; x_wconf 87' lang='lat' dir='ltr'>ingemuerunt.</span> <span class='ocrx_word' id='word_1_424' title='bbox 3456 1392 3577 1456; x_wconf 89' lang='lat' dir='ltr'>Qua</span> <span class='ocrx_word' id='word_1_425' title='bbox 3598 1394 3757 1449; x_wconf 64' lang='lat' dir='ltr'>caede</span> 
     </span>
    </p>
   </div>
   <div class='ocr_carea' id='block_1_61' title="bbox 2109 1474 3753 1549">
    <p class='ocr_par' dir='ltr' id='par_1_61' title="bbox 2109 1474 3753 1549">
     <span class='ocr_line' id='line_1_61' title="bbox 2109 1474 3753 1549; baseline 0.005 -20"><span class='ocrx_word' id='word_1_426' title='bbox 2109 1480 2361 1546; x_wconf 91' lang='lat' dir='ltr'>peracta,</span> <span class='ocrx_word' id='word_1_427' title='bbox 2396 1475 2579 1532; x_wconf 88' lang='lat' dir='ltr'>nostri</span> <span class='ocrx_word' id='word_1_428' title='bbox 2608 1474 2851 1531; x_wconf 88' lang='lat' dir='ltr'>minime</span> <span class='ocrx_word' id='word_1_429' title='bbox 2881 1476 3158 1545; x_wconf 90' lang='lat' dir='ltr'>contenti,</span> <span class='ocrx_word' id='word_1_430' title='bbox 3192 1478 3331 1549; x_wconf 89' lang='lat' dir='ltr'>quia</span> <span class='ocrx_word' id='word_1_431' title='bbox 3363 1479 3508 1535; x_wconf 87' lang='lat' dir='ltr'>nihil</span> <span class='ocrx_word' id='word_1_432' title='bbox 3540 1481 3619 1536; x_wconf 92' lang='lat' dir='ltr'>ibi</span> <span class='ocrx_word' id='word_1_433' title='bbox 3662 1482 3753 1538; x_wconf 86' lang='lat' dir='ltr'>lu-</span> 
     </span>
    </p>
   </div>
   <div class='ocr_carea' id='block_1_62' title="bbox 2107 1564 3752 1642">
    <p class='ocr_par' dir='ltr' id='par_1_62' title="bbox 2107 1564 3752 1642">
     <span class='ocr_line' id='line_1_62' title="bbox 2107 1564 3752 1642; baseline 0.006 -24"><span class='ocrx_word' id='word_1_434' title='bbox 2107 1564 2249 1620; x_wconf 89' lang='lat' dir='ltr'>crati</span> <span class='ocrx_word' id='word_1_435' title='bbox 2284 1570 2469 1634; x_wconf 88' lang='lat' dir='ltr'>erant,</span> <span class='ocrx_word' id='word_1_436' title='bbox 2497 1564 2605 1621; x_wconf 88' lang='lat' dir='ltr'>nisi</span> <span class='ocrx_word' id='word_1_437' title='bbox 2649 1565 2767 1620; x_wconf 86' lang='lat' dir='ltr'>tela</span> <span class='ocrx_word' id='word_1_438' title='bbox 2817 1569 2875 1620; x_wconf 89' lang='lat' dir='ltr'>et</span> <span class='ocrx_word' id='word_1_439' title='bbox 2920 1566 3398 1624; x_wconf 68' lang='lat' dir='ltr'>indumentorum</span> <span class='ocrx_word' id='word_1_440' title='bbox 3447 1570 3657 1642; x_wconf 89' lang='lat' dir='ltr'>spolia,</span> <span class='ocrx_word' id='word_1_441' title='bbox 3691 1572 3752 1629; x_wconf 91' lang='lat' dir='ltr'>in</span> 
     </span>
    </p>
   </div>
   <div class='ocr_carea' id='block_1_63' title="bbox 2106 1652 3753 1734">
    <p class='ocr_par' dir='ltr' id='par_1_63' title="bbox 2106 1652 3753 1734">
     <span class='ocr_line' id='line_1_63' title="bbox 2106 1652 3753 1734; baseline 0.006 -26"><span class='ocrx_word' id='word_1_442' title='bbox 2106 1668 2284 1725; x_wconf 89' lang='lat' dir='ltr'>supra</span> <span class='ocrx_word' id='word_1_443' title='bbox 2314 1654 2530 1710; x_wconf 87' lang='lat' dir='ltr'>dictam</span> <span class='ocrx_word' id='word_1_444' title='bbox 2562 1652 2769 1710; x_wconf 89' lang='lat' dir='ltr'>vallem</span> <span class='ocrx_word' id='word_1_445' title='bbox 2800 1654 2984 1710; x_wconf 89' lang='lat' dir='ltr'>Desen</span> <span class='ocrx_word' id='word_1_446' title='bbox 3007 1661 3413 1723; x_wconf 84' lang='lat' dir='ltr'>cucurrerunt,</span> <span class='ocrx_word' id='word_1_447' title='bbox 3444 1663 3502 1714; x_wconf 90' lang='lat' dir='ltr'>et</span> <span class='ocrx_word' id='word_1_448' title='bbox 3529 1661 3753 1734; x_wconf 83' lang='lat' dir='ltr'>absque</span> 
     </span>
    </p>
   </div>
   <div class='ocr_carea' id='block_1_64' title="bbox 2107 1742 3754 1823">
    <p class='ocr_par' dir='ltr' id='par_1_64' title="bbox 2107 1742 3754 1823">
     <span class='ocr_line' id='line_1_64' title="bbox 2107 1742 3754 1823; baseline 0.005 -25"><span class='ocrx_word' id='word_1_449' title='bbox 2107 1760 2351 1799; x_wconf 88' lang='lat' dir='ltr'>numero</span> <span class='ocrx_word' id='word_1_450' title='bbox 2383 1760 2536 1810; x_wconf 86' lang='lat' dir='ltr'>oves,</span> <span class='ocrx_word' id='word_1_451' title='bbox 2562 1743 2755 1810; x_wconf 85' lang='lat' dir='ltr'>boves,</span> <span class='ocrx_word' id='word_1_452' title='bbox 2781 1742 2998 1815; x_wconf 87' lang='lat' dir='ltr'>asinos,</span> <span class='ocrx_word' id='word_1_453' title='bbox 3031 1743 3360 1818; x_wconf 88' lang='lat' dir='ltr'>diversique</span> <span class='ocrx_word' id='word_1_454' title='bbox 3389 1749 3621 1820; x_wconf 88' lang='lat' dir='ltr'>generis</span> <span class='ocrx_word' id='word_1_455' title='bbox 3647 1766 3754 1823; x_wconf 83' lang='lat' dir='ltr'>pe-</span> 
     </span>
    </p>
   </div>
   <div class='ocr_carea' id='block_1_65' title="bbox 2105 1832 3759 1905">
    <p class='ocr_par' dir='ltr' id='par_1_65' title="bbox 2105 1832 3759 1905">
     <span class='ocr_line' id='line_1_65' title="bbox 2105 1832 3759 1905; baseline 0.004 -16"><span class='ocrx_word' id='word_1_456' title='bbox 2105 1833 2283 1889; x_wconf 91' lang='lat' dir='ltr'>cudes</span> <span class='ocrx_word' id='word_1_457' title='bbox 2312 1832 2623 1905; x_wconf 66' lang='lat' dir='ltr'>depraedati</span> <span class='ocrx_word' id='word_1_458' title='bbox 2655 1836 2813 1901; x_wconf 91' lang='lat' dir='ltr'>sunt,</span> <span class='ocrx_word' id='word_1_459' title='bbox 2846 1837 2903 1888; x_wconf 90' lang='lat' dir='ltr'>et</span> <span class='ocrx_word' id='word_1_460' title='bbox 2932 1833 3044 1889; x_wconf 90' lang='lat' dir='ltr'>tria</span> <span class='ocrx_word' id='word_1_461' title='bbox 3074 1832 3259 1890; x_wconf 90' lang='lat' dir='ltr'>millia</span> <span class='ocrx_word' id='word_1_462' title='bbox 3289 1835 3643 1894; x_wconf 86' lang='lat' dir='ltr'>camelorum</span> <span class='ocrx_word' id='word_1_463' title='bbox 3671 1841 3759 1894; x_wconf 75' lang='lat' dir='ltr'>si-</span> 
     </span>
    </p>
   </div>
   <div class='ocr_carea' id='block_1_66' title="bbox 2107 1921 3764 1995">
    <p class='ocr_par' dir='ltr' id='par_1_66' title="bbox 2107 1921 3764 1995">
     <span class='ocr_line' id='line_1_66' title="bbox 2107 1921 3764 1995; baseline 0.005 -18"><span class='ocrx_word' id='word_1_464' title='bbox 2107 1921 2229 1978; x_wconf 90' lang='lat' dir='ltr'>mul</span> <span class='ocrx_word' id='word_1_465' title='bbox 2263 1926 2603 1995; x_wconf 86' lang='lat' dir='ltr'>rapuerunt.</span> <span class='ocrx_word' id='word_1_466' title='bbox 2618 1922 2807 1977; x_wconf 87' lang='lat' dir='ltr'>Tanta</span> <span class='ocrx_word' id='word_1_467' title='bbox 2826 1922 2992 1995; x_wconf 88' lang='lat' dir='ltr'>copia</span> <span class='ocrx_word' id='word_1_468' title='bbox 3020 1922 3338 1979; x_wconf 89' lang='lat' dir='ltr'>bestiarum</span> <span class='ocrx_word' id='word_1_469' title='bbox 3372 1926 3526 1983; x_wconf 88' lang='lat' dir='ltr'>unde</span> <span class='ocrx_word' id='word_1_470' title='bbox 3555 1944 3764 1985; x_wconf 89' lang='lat' dir='ltr'>conve-</span> 
     </span>
    </p>
   </div>
   <div class='ocr_carea' id='block_1_67' title="bbox 2106 2009 3759 2085">
    <p class='ocr_par' dir='ltr' id='par_1_67' title="bbox 2106 2009 3759 2085">
     <span class='ocr_line' id='line_1_67' title="bbox 2106 2009 3759 2085; baseline 0.005 -18"><span class='ocrx_word' id='word_1_471' title='bbox 2106 2010 2488 2078; x_wconf 88' lang='lat' dir='ltr'>nerat,nostri</span> <span class='ocrx_word' id='word_1_472' title='bbox 2516 2009 2886 2066; x_wconf 87' lang='lat' dir='ltr'>vehementer</span> <span class='ocrx_word' id='word_1_473' title='bbox 2914 2011 3108 2067; x_wconf 89' lang='lat' dir='ltr'>mirati</span> <span class='ocrx_word' id='word_1_474' title='bbox 3143 2014 3448 2085; x_wconf 89' lang='lat' dir='ltr'>sunt,quia</span> <span class='ocrx_word' id='word_1_475' title='bbox 3469 2015 3527 2071; x_wconf 89' lang='lat' dir='ltr'>in</span> <span class='ocrx_word' id='word_1_476' title='bbox 3550 2018 3759 2075; x_wconf 87' lang='lat' dir='ltr'>eadem</span> 
     </span>
    </p>
   </div>
   <div class='ocr_carea' id='block_1_68' title="bbox 2107 2098 3461 2173">
    <p class='ocr_par' dir='ltr' id='par_1_68' title="bbox 2107 2098 3461 2173">
     <span class='ocr_line' id='line_1_68' title="bbox 2107 2098 3461 2173; baseline 0.002 -18"><span class='ocrx_word' id='word_1_477' title='bbox 2107 2099 2252 2157; x_wconf 88' lang='lat' dir='ltr'>valle</span> <span class='ocrx_word' id='word_1_478' title='bbox 2283 2098 2618 2172; x_wconf 89' lang='lat' dir='ltr'>quindecim</span> <span class='ocrx_word' id='word_1_479' title='bbox 2649 2099 2858 2156; x_wconf 87' lang='lat' dir='ltr'>diebus</span> <span class='ocrx_word' id='word_1_480' title='bbox 2888 2099 3170 2173; x_wconf 88' lang='lat' dir='ltr'>bospitati</span> <span class='ocrx_word' id='word_1_481' title='bbox 3202 2101 3461 2158; x_wconf 87' lang='lat' dir='ltr'>fuerunt.</span> 
     </span>
    </p>
   </div>
   <div class='ocr_carea' id='block_1_69' title="bbox 2251 2232 3557 2310">
    <p class='ocr_par' dir='ltr' id='par_1_69' title="bbox 2251 2232 3557 2310">
     <span class='ocr_line' id='line_1_69' title="bbox 2251 2232 3557 2310; baseline 0.003 -21"><span class='ocrx_word' id='word_1_482' title='bbox 2251 2232 2339 2289; x_wconf 92' lang='lat' dir='ltr'>Illi</span> <span class='ocrx_word' id='word_1_483' title='bbox 2372 2250 2505 2289; x_wconf 89' lang='lat' dir='ltr'>cum</span> <span class='ocrx_word' id='word_1_484' title='bbox 2538 2236 2702 2291; x_wconf 87' lang='lat' dir='ltr'>tanta</span> <span class='ocrx_word' id='word_1_485' title='bbox 2726 2234 2975 2289; x_wconf 88' lang='lat' dir='ltr'>redeunt</span> <span class='ocrx_word' id='word_1_486' title='bbox 3005 2234 3076 2290; x_wconf 91' lang='lat' dir='ltr'>ad</span> <span class='ocrx_word' id='word_1_487' title='bbox 3108 2240 3300 2292; x_wconf 89' lang='lat' dir='ltr'>castra</span> <span class='ocrx_word' id='word_1_488' title='bbox 3333 2237 3557 2310; x_wconf 90' lang='lat' dir='ltr'>rapina.</span> 
     </span>
    </p>
   </div>
   <div class='ocr_carea' id='block_1_70' title="bbox 2106 2365 3769 2443">
    <p class='ocr_par' dir='ltr' id='par_1_70' title="bbox 2106 2365 3769 2443">
     <span class='ocr_line' id='line_1_70' title="bbox 2106 2365 3769 2443; baseline 0.003 -20"><span class='ocrx_word' id='word_1_489' title='bbox 2106 2366 2279 2423; x_wconf 89' lang='lat' dir='ltr'>Nulla</span> <span class='ocrx_word' id='word_1_490' title='bbox 2308 2383 2568 2440; x_wconf 87' lang='lat' dir='ltr'>unquam</span> <span class='ocrx_word' id='word_1_491' title='bbox 2597 2365 2795 2439; x_wconf 90' lang='lat' dir='ltr'>inopia</span> <span class='ocrx_word' id='word_1_492' title='bbox 2842 2366 2952 2422; x_wconf 87' lang='lat' dir='ltr'>fuit</span> <span class='ocrx_word' id='word_1_493' title='bbox 3004 2367 3065 2422; x_wconf 92' lang='lat' dir='ltr'>in</span> <span class='ocrx_word' id='word_1_494' title='bbox 3116 2367 3420 2424; x_wconf 86' lang='lat' dir='ltr'>obsidione</span> <span class='ocrx_word' id='word_1_495' title='bbox 3468 2369 3587 2437; x_wconf 89' lang='lat' dir='ltr'>illa,</span> <span class='ocrx_word' id='word_1_496' title='bbox 3620 2373 3769 2443; x_wconf 90' lang='lat' dir='ltr'>quia</span> 
     </span>
    </p>
   </div>
   <div class='ocr_carea' id='block_1_71' title="bbox 2106 2456 3767 2531">
    <p class='ocr_par' dir='ltr' id='par_1_71' title="bbox 2106 2456 3767 2531">
     <span class='ocr_line' id='line_1_71' title="bbox 2106 2456 3767 2531; baseline 0.004 -20"><span class='ocrx_word' id='word_1_497' title='bbox 2106 2473 2282 2512; x_wconf 85' lang='lat' dir='ltr'>naves</span> <span class='ocrx_word' id='word_1_498' title='bbox 2314 2456 2383 2511; x_wconf 90' lang='lat' dir='ltr'>ad</span> <span class='ocrx_word' id='word_1_499' title='bbox 2418 2456 2731 2527; x_wconf 87' lang='lat' dir='ltr'>quemdam</span> <span class='ocrx_word' id='word_1_500' title='bbox 2765 2460 2996 2527; x_wconf 86' lang='lat' dir='ltr'>portum</span> <span class='ocrx_word' id='word_1_501' title='bbox 3029 2456 3359 2527; x_wconf 87' lang='lat' dir='ltr'>veniebant,</span> <span class='ocrx_word' id='word_1_502' title='bbox 3393 2475 3519 2531; x_wconf 69' lang='lat' dir='ltr'>quae</span> <span class='ocrx_word' id='word_1_503' title='bbox 3559 2461 3767 2518; x_wconf 87' lang='lat' dir='ltr'>omnia</span> 
     </span>
    </p>
   </div>
   <div class='ocr_carea' id='block_1_72' title="bbox 2106 2545 3760 2606">
    <p class='ocr_par' dir='ltr' id='par_1_72' title="bbox 2106 2545 3760 2606">
     <span class='ocr_line' id='line_1_72' title="bbox 2106 2545 3760 2606; baseline 0.003 -5"><span class='ocrx_word' id='word_1_504' title='bbox 2106 2545 2435 2601; x_wconf 82' lang='lat' dir='ltr'>necessaria</span> <span class='ocrx_word' id='word_1_505' title='bbox 2464 2545 2801 2600; x_wconf 80' lang='lat' dir='ltr'>all‘erebant.</span> <span class='ocrx_word' id='word_1_506' title='bbox 2828 2545 3195 2601; x_wconf 89' lang='lat' dir='ltr'>Dominicum</span> <span class='ocrx_word' id='word_1_507' title='bbox 3230 2547 3464 2603; x_wconf 71' lang='lat' dir='ltr'>Pascha&#39;</span> <span class='ocrx_word' id='word_1_508' title='bbox 3497 2548 3760 2606; x_wconf 84' lang='lat' dir='ltr'>celebra-</span> 
     </span>
    </p>
   </div>
   <div class='ocr_carea' id='block_1_73' title="bbox 2102 2632 3758 2709">
    <p class='ocr_par' dir='ltr' id='par_1_73' title="bbox 2102 2632 3758 2709">
     <span class='ocr_line' id='line_1_73' title="bbox 2102 2632 3758 2709; baseline 0.002 -19"><span class='ocrx_word' id='word_1_509' title='bbox 2102 2639 2311 2690; x_wconf 83' lang='lat' dir='ltr'>verunt</span> <span class='ocrx_word' id='word_1_510' title='bbox 2339 2632 2440 2701; x_wconf 90' lang='lat' dir='ltr'>ibi,</span> <span class='ocrx_word' id='word_1_511' title='bbox 2471 2633 2625 2705; x_wconf 89' lang='lat' dir='ltr'>quod</span> <span class='ocrx_word' id='word_1_512' title='bbox 2660 2633 2766 2689; x_wconf 90' lang='lat' dir='ltr'>fuit</span> <span class='ocrx_word' id='word_1_513' title='bbox 2796 2637 2935 2689; x_wconf 84' lang='lat' dir='ltr'>tunc</span> <span class='ocrx_word' id='word_1_514' title='bbox 2967 2638 3175 2706; x_wconf 87' lang='lat' dir='ltr'>quarto</span> <span class='ocrx_word' id='word_1_515' title='bbox 3211 2635 3348 2691; x_wconf 87' lang='lat' dir='ltr'>ldus</span> <span class='ocrx_word' id='word_1_516' title='bbox 3376 2636 3612 2709; x_wconf 88' lang='lat' dir='ltr'>Aprilis.</span> <span class='ocrx_word' id='word_1_517' title='bbox 3636 2637 3758 2694; x_wconf 91' lang='lat' dir='ltr'>Du-</span> 
     </span>
    </p>
   </div>
   <div class='ocr_carea' id='block_1_74' title="bbox 2104 2721 3757 2792">
    <p class='ocr_par' dir='ltr' id='par_1_74' title="bbox 2104 2721 3757 2792">
     <span class='ocr_line' id='line_1_74' title="bbox 2104 2721 3757 2792; baseline 0.003 -13"><span class='ocrx_word' id='word_1_518' title='bbox 2104 2723 2251 2780; x_wconf 89' lang='lat' dir='ltr'>ravit</span> <span class='ocrx_word' id='word_1_519' title='bbox 2281 2726 2476 2779; x_wconf 88' lang='lat' dir='ltr'>autem</span> <span class='ocrx_word' id='word_1_520' title='bbox 2510 2721 2610 2778; x_wconf 85' lang='lat' dir='ltr'>illa</span> <span class='ocrx_word' id='word_1_521' title='bbox 2637 2722 2899 2779; x_wconf 89' lang='lat' dir='ltr'>obsessio</span> <span class='ocrx_word' id='word_1_522' title='bbox 2933 2722 3121 2779; x_wconf 90' lang='lat' dir='ltr'>tribus</span> <span class='ocrx_word' id='word_1_523' title='bbox 3155 2723 3477 2792; x_wconf 87' lang='lat' dir='ltr'>mensibus,</span> <span class='ocrx_word' id='word_1_524' title='bbox 3513 2743 3630 2781; x_wconf 89' lang='lat' dir='ltr'>una</span> <span class='ocrx_word' id='word_1_525' title='bbox 3660 2728 3757 2785; x_wconf 90' lang='lat' dir='ltr'>die</span> 
     </span>
    </p>
   </div>
   <div class='ocr_carea' id='block_1_75' title="bbox 2104 2810 3757 2871">
    <p class='ocr_par' dir='ltr' id='par_1_75' title="bbox 2104 2810 3757 2871">
     <span class='ocr_line' id='line_1_75' title="bbox 2104 2810 3757 2871; baseline 0.002 -3"><span class='ocrx_word' id='word_1_526' title='bbox 2104 2812 2323 2868; x_wconf 89' lang='lat' dir='ltr'>minus.</span> <span class='ocrx_word' id='word_1_527' title='bbox 2352 2811 2483 2867; x_wconf 84' lang='lat' dir='ltr'>Fuit</span> <span class='ocrx_word' id='word_1_528' title='bbox 2512 2814 2709 2866; x_wconf 88' lang='lat' dir='ltr'>autem</span> <span class='ocrx_word' id='word_1_529' title='bbox 2736 2810 2815 2866; x_wconf 91' lang='lat' dir='ltr'>ibi</span> <span class='ocrx_word' id='word_1_530' title='bbox 2840 2814 3108 2867; x_wconf 86' lang='lat' dir='ltr'>mortuus</span> <span class='ocrx_word' id='word_1_531' title='bbox 3129 2812 3402 2870; x_wconf 85' lang='lat' dir='ltr'>Ansellus</span> <span class='ocrx_word' id='word_1_532' title='bbox 3428 2813 3501 2869; x_wconf 90' lang='lat' dir='ltr'>de</span> <span class='ocrx_word' id='word_1_533' title='bbox 3522 2814 3757 2871; x_wconf 85' lang='lat' dir='ltr'>Ribodi-</span> 
     </span>
    </p>
   </div>
   <div class='ocr_carea' id='block_1_76' title="bbox 2103 2899 3753 2972">
    <p class='ocr_par' dir='ltr' id='par_1_76' title="bbox 2103 2899 3753 2972">
     <span class='ocr_line' id='line_1_76' title="bbox 2103 2899 3753 2972; baseline 0.002 -15"><span class='ocrx_word' id='word_1_534' title='bbox 2103 2904 2319 2970; x_wconf 90' lang='lat' dir='ltr'>monte,</span> <span class='ocrx_word' id='word_1_535' title='bbox 2350 2900 2438 2955; x_wconf 91' lang='lat' dir='ltr'>vir</span> <span class='ocrx_word' id='word_1_536' title='bbox 2465 2916 2569 2972; x_wconf 89' lang='lat' dir='ltr'>per</span> <span class='ocrx_word' id='word_1_537' title='bbox 2601 2899 2789 2956; x_wconf 85' lang='lat' dir='ltr'>multa</span> <span class='ocrx_word' id='word_1_538' title='bbox 2828 2899 3161 2969; x_wconf 90' lang='lat' dir='ltr'>laudabilis,</span> <span class='ocrx_word' id='word_1_539' title='bbox 3192 2906 3252 2957; x_wconf 88' lang='lat' dir='ltr'>et</span> <span class='ocrx_word' id='word_1_540' title='bbox 3280 2901 3339 2957; x_wconf 91' lang='lat' dir='ltr'>in</span> <span class='ocrx_word' id='word_1_541' title='bbox 3372 2918 3479 2959; x_wconf 89' lang='lat' dir='ltr'>suo</span> <span class='ocrx_word' id='word_1_542' title='bbox 3511 2902 3753 2961; x_wconf 82' lang='lat' dir='ltr'>militari</span> 
     </span>
    </p>
   </div>
   <div class='ocr_carea' id='block_1_77' title="bbox 2100 2987 3754 3061">
    <p class='ocr_par' dir='ltr' id='par_1_77' title="bbox 2100 2987 3754 3061">
     <span class='ocr_line' id='line_1_77' title="bbox 2100 2987 3754 3061; baseline 0.002 -15"><span class='ocrx_word' id='word_1_543' title='bbox 2100 2991 2302 3048; x_wconf 89' lang='lat' dir='ltr'>ordine</span> <span class='ocrx_word' id='word_1_544' title='bbox 2334 2989 2680 3061; x_wconf 69' lang='lat' dir='ltr'>praecipuus,</span> <span class='ocrx_word' id='word_1_545' title='bbox 2714 2987 2813 3061; x_wconf 92' lang='lat' dir='ltr'>qui</span> <span class='ocrx_word' id='word_1_546' title='bbox 2845 2989 2987 3044; x_wconf 90' lang='lat' dir='ltr'>dum</span> <span class='ocrx_word' id='word_1_547' title='bbox 3037 2989 3097 3044; x_wconf 90' lang='lat' dir='ltr'>in</span> <span class='ocrx_word' id='word_1_548' title='bbox 3144 2990 3367 3047; x_wconf 83' lang='lat' dir='ltr'>mundo</span> <span class='ocrx_word' id='word_1_549' title='bbox 3398 2992 3530 3057; x_wconf 87' lang='lat' dir='ltr'>fuit,</span> <span class='ocrx_word' id='word_1_550' title='bbox 3564 2992 3754 3050; x_wconf 87' lang='lat' dir='ltr'>multa</span> 
     </span>
    </p>
   </div>
   <div class='ocr_carea' id='block_1_78' title="bbox 2099 3076 3749 3152">
    <p class='ocr_par' dir='ltr' id='par_1_78' title="bbox 2099 3076 3749 3152">
     <span class='ocr_line' id='line_1_78' title="bbox 2099 3076 3749 3152; baseline 0.001 -17"><span class='ocrx_word' id='word_1_551' title='bbox 2099 3079 2275 3152; x_wconf 86' lang='lat' dir='ltr'>digna</span> <span class='ocrx_word' id='word_1_552' title='bbox 2292 3077 2472 3134; x_wconf 86' lang='lat' dir='ltr'>relatu</span> <span class='ocrx_word' id='word_1_553' title='bbox 2499 3077 2737 3151; x_wconf 81' lang='lat' dir='ltr'>peregit,</span> <span class='ocrx_word' id='word_1_554' title='bbox 2765 3076 2982 3149; x_wconf 87' lang='lat' dir='ltr'>quibus</span> <span class='ocrx_word' id='word_1_555' title='bbox 3002 3077 3143 3134; x_wconf 89' lang='lat' dir='ltr'>illud</span> <span class='ocrx_word' id='word_1_556' title='bbox 3178 3079 3604 3151; x_wconf 79' lang='lat' dir='ltr'>praeferendum</span> <span class='ocrx_word' id='word_1_557' title='bbox 3636 3086 3749 3149; x_wconf 91' lang='lat' dir='ltr'>est,</span> 
     </span>
    </p>
   </div>
   <div class='ocr_carea' id='block_1_79' title="bbox 2098 3166 3751 3242">
    <p class='ocr_par' dir='ltr' id='par_1_79' title="bbox 2098 3166 3751 3242">
     <span class='ocr_line' id='line_1_79' title="bbox 2098 3166 3751 3242; baseline 0.001 -17"><span class='ocrx_word' id='word_1_558' title='bbox 2098 3169 2250 3242; x_wconf 74' lang='lat' dir='ltr'>quod</span> <span class='ocrx_word' id='word_1_559' title='bbox 2274 3166 2754 3240; x_wconf 85' lang='lat' dir='ltr'>Aquiseingensie</span> <span class='ocrx_word' id='word_1_560' title='bbox 2782 3166 3031 3222; x_wconf 84' lang='lat' dir='ltr'>ccenobii</span> <span class='ocrx_word' id='word_1_561' title='bbox 3064 3166 3393 3224; x_wconf 80' lang='lat' dir='ltr'>indefessus</span> <span class='ocrx_word' id='word_1_562' title='bbox 3423 3170 3661 3242; x_wconf 87' lang='lat' dir='ltr'>adjutor</span> <span class='ocrx_word' id='word_1_563' title='bbox 3688 3170 3751 3226; x_wconf 91' lang='lat' dir='ltr'>in</span> 
     </span>
    </p>
   </div>
   <div class='ocr_carea' id='block_1_80' title="bbox 2101 3254 3753 3316">
    <p class='ocr_par' dir='ltr' id='par_1_80' title="bbox 2101 3254 3753 3316">
     <span class='ocr_line' id='line_1_80' title="bbox 2101 3254 3753 3316; baseline 0.002 -3"><span class='ocrx_word' id='word_1_564' title='bbox 2101 3257 2378 3313; x_wconf 88' lang='lat' dir='ltr'>omnibus</span> <span class='ocrx_word' id='word_1_565' title='bbox 2401 3255 2639 3311; x_wconf 80' lang='lat' dir='ltr'>exstitit.</span> <span class='ocrx_word' id='word_1_566' title='bbox 2660 3254 2942 3310; x_wconf 87' lang='lat' dir='ltr'>Similiter</span> <span class='ocrx_word' id='word_1_567' title='bbox 2969 3254 3048 3310; x_wconf 90' lang='lat' dir='ltr'>ibi</span> <span class='ocrx_word' id='word_1_568' title='bbox 3083 3260 3352 3314; x_wconf 89' lang='lat' dir='ltr'>mortuus</span> <span class='ocrx_word' id='word_1_569' title='bbox 3391 3262 3481 3315; x_wconf 91' lang='lat' dir='ltr'>est</span> <span class='ocrx_word' id='word_1_570' title='bbox 3510 3258 3753 3316; x_wconf 84' lang='lat' dir='ltr'>Pontius</span> 
     </span>
    </p>
   </div>
   <div class='ocr_carea' id='block_1_81' title="bbox 2101 3341 3755 3420">
    <p class='ocr_par' dir='ltr' id='par_1_81' title="bbox 2101 3341 3755 3420">
     <span class='ocr_line' id='line_1_81' title="bbox 2101 3341 3755 3420; baseline 0.001 -18"><span class='ocrx_word' id='word_1_571' title='bbox 2101 3346 2442 3402; x_wconf 86' lang='lat' dir='ltr'>Balonensis</span> <span class='ocrx_word' id='word_1_572' title='bbox 2472 3341 2581 3416; x_wconf 84' lang='lat' dir='ltr'>(vel</span> <span class='ocrx_word' id='word_1_573' title='bbox 2612 3344 2685 3399; x_wconf 89' lang='lat' dir='ltr'>de</span> <span class='ocrx_word' id='word_1_574' title='bbox 2715 3343 3039 3412; x_wconf 87' lang='lat' dir='ltr'>Baladino),</span> <span class='ocrx_word' id='word_1_575' title='bbox 3059 3346 3231 3417; x_wconf 85' lang='lat' dir='ltr'>cujus</span> <span class='ocrx_word' id='word_1_576' title='bbox 3262 3351 3527 3419; x_wconf 90' lang='lat' dir='ltr'>tempora</span> <span class='ocrx_word' id='word_1_577' title='bbox 3556 3348 3755 3420; x_wconf 82' lang='lat' dir='ltr'>perfo-</span> 
     </span>
    </p>
   </div>
   <div class='ocr_carea' id='block_1_82' title="bbox 2100 3432 3755 3504">
    <p class='ocr_par' dir='ltr' id='par_1_82' title="bbox 2100 3432 3755 3504">
     <span class='ocr_line' id='line_1_82' title="bbox 2100 3432 3755 3504; baseline 0.002 -15"><span class='ocrx_word' id='word_1_578' title='bbox 2100 3434 2247 3490; x_wconf 87' lang='lat' dir='ltr'>ravit</span> <span class='ocrx_word' id='word_1_579' title='bbox 2275 3434 2429 3490; x_wconf 90' lang='lat' dir='ltr'>ictus</span> <span class='ocrx_word' id='word_1_580' title='bbox 2458 3432 2691 3504; x_wconf 86' lang='lat' dir='ltr'>lapidis,</span> <span class='ocrx_word' id='word_1_581' title='bbox 2708 3435 2997 3488; x_wconf 89' lang='lat' dir='ltr'>tormento</span> <span class='ocrx_word' id='word_1_582' title='bbox 3019 3432 3651 3503; x_wconf 85' lang='lat' dir='ltr'>jaculati.Willermus</span> <span class='ocrx_word' id='word_1_583' title='bbox 3668 3436 3755 3492; x_wconf 84' lang='lat' dir='ltr'>Pi-</span> 
     </span>
    </p>
   </div>
   <div class='ocr_carea' id='block_1_83' title="bbox 2099 3521 3746 3596">
    <p class='ocr_par' dir='ltr' id='par_1_83' title="bbox 2099 3521 3746 3596">
     <span class='ocr_line' id='line_1_83' title="bbox 2099 3521 3746 3596; baseline 0.002 -17"><span class='ocrx_word' id='word_1_584' title='bbox 2099 3524 2333 3592; x_wconf 88' lang='lat' dir='ltr'>cardus,</span> <span class='ocrx_word' id='word_1_585' title='bbox 2366 3526 2423 3578; x_wconf 89' lang='lat' dir='ltr'>et</span> <span class='ocrx_word' id='word_1_586' title='bbox 2452 3521 2748 3579; x_wconf 88' lang='lat' dir='ltr'>Guarinus</span> <span class='ocrx_word' id='word_1_587' title='bbox 2778 3521 2850 3577; x_wconf 91' lang='lat' dir='ltr'>de</span> <span class='ocrx_word' id='word_1_588' title='bbox 2871 3521 3039 3578; x_wconf 89' lang='lat' dir='ltr'>Petra</span> <span class='ocrx_word' id='word_1_589' title='bbox 3067 3522 3248 3590; x_wconf 88' lang='lat' dir='ltr'>Mora,</span> <span class='ocrx_word' id='word_1_590' title='bbox 3280 3522 3509 3595; x_wconf 87' lang='lat' dir='ltr'>primus</span> <span class='ocrx_word' id='word_1_591' title='bbox 3523 3524 3746 3596; x_wconf 85' lang='lat' dir='ltr'>jaculo,</span> 
     </span>
    </p>
   </div>
   <div class='ocr_carea' id='block_1_84' title="bbox 2098 3609 3753 3685">
    <p class='ocr_par' dir='ltr' id='par_1_84' title="bbox 2098 3609 3753 3685">
     <span class='ocr_line' id='line_1_84' title="bbox 2098 3609 3753 3685; baseline 0.001 -16"><span class='ocrx_word' id='word_1_592' title='bbox 2098 3612 2247 3671; x_wconf 87' lang='lat' dir='ltr'>alter</span> <span class='ocrx_word' id='word_1_593' title='bbox 2274 3612 2420 3669; x_wconf 89' lang='lat' dir='ltr'>obiit</span> <span class='ocrx_word' id='word_1_594' title='bbox 2448 3611 2682 3685; x_wconf 84' lang='lat' dir='ltr'>sagitta.</span> <span class='ocrx_word' id='word_1_595' title='bbox 2716 3610 2819 3666; x_wconf 87' lang='lat' dir='ltr'>His</span> <span class='ocrx_word' id='word_1_596' title='bbox 2848 3609 2968 3666; x_wconf 88' lang='lat' dir='ltr'>vita</span> <span class='ocrx_word' id='word_1_597' title='bbox 3006 3611 3245 3680; x_wconf 85' lang='lat' dir='ltr'>functis,</span> <span class='ocrx_word' id='word_1_598' title='bbox 3278 3611 3648 3670; x_wconf 88' lang='lat' dir='ltr'>obsidionem</span> <span class='ocrx_word' id='word_1_599' title='bbox 3676 3615 3753 3671; x_wconf 86' lang='lat' dir='ltr'>il-</span> 
     </span>
    </p>
   </div>
   <div class='ocr_carea' id='block_1_85' title="bbox 2096 3699 3753 3776">
    <p class='ocr_par' dir='ltr' id='par_1_85' title="bbox 2096 3699 3753 3776">
     <span class='ocr_line' id='line_1_85' title="bbox 2096 3699 3753 3776; baseline 0.001 -18"><span class='ocrx_word' id='word_1_600' title='bbox 2096 3702 2216 3758; x_wconf 89' lang='lat' dir='ltr'>lam</span> <span class='ocrx_word' id='word_1_601' title='bbox 2272 3700 2458 3757; x_wconf 88' lang='lat' dir='ltr'>nostri</span> <span class='ocrx_word' id='word_1_602' title='bbox 2514 3699 2887 3767; x_wconf 89' lang='lat' dir='ltr'>dimiserunt,</span> <span class='ocrx_word' id='word_1_603' title='bbox 2918 3700 3058 3772; x_wconf 90' lang='lat' dir='ltr'>quia</span> <span class='ocrx_word' id='word_1_604' title='bbox 3111 3699 3256 3757; x_wconf 82' lang='lat' dir='ltr'>illud</span> <span class='ocrx_word' id='word_1_605' title='bbox 3302 3701 3753 3776; x_wconf 80' lang='lat' dir='ltr'>inexpugnabile</span> 
     </span>
    </p>
   </div>
   <div class='ocr_carea' id='block_1_86' title="bbox 2096 3788 3748 3865">
    <p class='ocr_par' dir='ltr' id='par_1_86' title="bbox 2096 3788 3748 3865">
     <span class='ocr_line' id='line_1_86' title="bbox 2096 3788 3748 3865; baseline 0.001 -16"><span class='ocrx_word' id='word_1_606' title='bbox 2096 3796 2356 3849; x_wconf 86' lang='lat' dir='ltr'>castrum</span> <span class='ocrx_word' id='word_1_607' title='bbox 2381 3789 2605 3846; x_wconf 88' lang='lat' dir='ltr'>nullam</span> <span class='ocrx_word' id='word_1_608' title='bbox 2628 3789 2874 3845; x_wconf 88' lang='lat' dir='ltr'>timebat</span> <span class='ocrx_word' id='word_1_609' title='bbox 2888 3788 3221 3846; x_wconf 82' lang='lat' dir='ltr'>violentiam</span> <span class='ocrx_word' id='word_1_610' title='bbox 3245 3790 3748 3865; x_wconf 88' lang='lat' dir='ltr'>impugnantium.</span> 
     </span>
    </p>
   </div>
   <div class='ocr_carea' id='block_1_87' title="bbox 2096 3877 3753 3954">
    <p class='ocr_par' dir='ltr' id='par_1_87' title="bbox 2096 3877 3753 3954">
     <span class='ocr_line' id='line_1_87' title="bbox 2096 3877 3753 3954; baseline 0 -16"><span class='ocrx_word' id='word_1_611' title='bbox 2096 3880 2362 3938; x_wconf 88' lang='lat' dir='ltr'>Detensis</span> <span class='ocrx_word' id='word_1_612' title='bbox 2408 3878 2592 3952; x_wconf 86' lang='lat' dir='ltr'>igitur</span> <span class='ocrx_word' id='word_1_613' title='bbox 2634 3877 2921 3942; x_wconf 87' lang='lat' dir='ltr'>tentoriis,</span> <span class='ocrx_word' id='word_1_614' title='bbox 2951 3878 3023 3934; x_wconf 90' lang='lat' dir='ltr'>ad</span> <span class='ocrx_word' id='word_1_615' title='bbox 3058 3877 3341 3950; x_wconf 89' lang='lat' dir='ltr'>Tripolim</span> <span class='ocrx_word' id='word_1_616' title='bbox 3386 3885 3659 3954; x_wconf 84' lang='lat' dir='ltr'>pergunt,</span> <span class='ocrx_word' id='word_1_617' title='bbox 3692 3886 3753 3938; x_wconf 91' lang='lat' dir='ltr'>et</span> 
     </span>
    </p>
   </div>
   <div class='ocr_carea' id='block_1_88' title="bbox 2095 3965 3747 4044">
    <p class='ocr_par' dir='ltr' id='par_1_88' title="bbox 2095 3965 3747 4044">
     <span class='ocr_line' id='line_1_88' title="bbox 2095 3965 3747 4044; baseline 0 -17"><span class='ocrx_word' id='word_1_618' title='bbox 2095 3987 2298 4044; x_wconf 89' lang='lat' dir='ltr'>pacem</span> <span class='ocrx_word' id='word_1_619' title='bbox 2330 3985 2364 4024; x_wconf 89' lang='lat' dir='ltr'>a</span> <span class='ocrx_word' id='word_1_620' title='bbox 2393 3983 2525 4041; x_wconf 89' lang='lat' dir='ltr'>rege</span> <span class='ocrx_word' id='word_1_621' title='bbox 2554 3973 2609 4022; x_wconf 86' lang='lat' dir='ltr'>et</span> <span class='ocrx_word' id='word_1_622' title='bbox 2637 3966 2863 4023; x_wconf 87' lang='lat' dir='ltr'>civibus</span> <span class='ocrx_word' id='word_1_623' title='bbox 2912 3965 3013 4021; x_wconf 91' lang='lat' dir='ltr'>diu</span> <span class='ocrx_word' id='word_1_624' title='bbox 3061 3967 3366 4039; x_wconf 86' lang='lat' dir='ltr'>quaesitam</span> <span class='ocrx_word' id='word_1_625' title='bbox 3414 3968 3747 4027; x_wconf 88' lang='lat' dir='ltr'>stabiliunt.</span> 
     </span>
    </p>
   </div>
   <div class='ocr_carea' id='block_1_89' title="bbox 2095 4055 3750 4131">
    <p class='ocr_par' dir='ltr' id='par_1_89' title="bbox 2095 4055 3750 4131">
     <span class='ocr_line' id='line_1_89' title="bbox 2095 4055 3750 4131; baseline 0 -15"><span class='ocrx_word' id='word_1_626' title='bbox 2095 4059 2257 4116; x_wconf 88' lang='lat' dir='ltr'>Datis</span> <span class='ocrx_word' id='word_1_627' title='bbox 2286 4057 2466 4131; x_wconf 89' lang='lat' dir='ltr'>igitur</span> <span class='ocrx_word' id='word_1_628' title='bbox 2494 4055 2741 4112; x_wconf 90' lang='lat' dir='ltr'>invicem</span> <span class='ocrx_word' id='word_1_629' title='bbox 2764 4055 3142 4123; x_wconf 80' lang='lat' dir='ltr'>dextris,ﬁdei</span> <span class='ocrx_word' id='word_1_630' title='bbox 3170 4055 3407 4113; x_wconf 91' lang='lat' dir='ltr'>illorum</span> <span class='ocrx_word' id='word_1_631' title='bbox 3430 4056 3492 4113; x_wconf 90' lang='lat' dir='ltr'>in</span> <span class='ocrx_word' id='word_1_632' title='bbox 3517 4061 3750 4116; x_wconf 90' lang='lat' dir='ltr'>tantum</span> 
     </span>
    </p>
   </div>
   <div class='ocr_carea' id='block_1_90' title="bbox 2094 4143 3751 4221">
    <p class='ocr_par' dir='ltr' id='par_1_90' title="bbox 2094 4143 3751 4221">
     <span class='ocr_line' id='line_1_90' title="bbox 2094 4143 3751 4221; baseline 0 -17"><span class='ocrx_word' id='word_1_633' title='bbox 2094 4166 2156 4204; x_wconf 92' lang='lat' dir='ltr'>se</span> <span class='ocrx_word' id='word_1_634' title='bbox 2182 4162 2448 4221; x_wconf 85' lang='lat' dir='ltr'>proceres</span> <span class='ocrx_word' id='word_1_635' title='bbox 2479 4143 3034 4201; x_wconf 86' lang='lat' dir='ltr'>commendaverunt</span> <span class='ocrx_word' id='word_1_636' title='bbox 3055 4146 3122 4200; x_wconf 88' lang='lat' dir='ltr'>ut</span> <span class='ocrx_word' id='word_1_637' title='bbox 3143 4161 3331 4217; x_wconf 87' lang='lat' dir='ltr'>usque</span> <span class='ocrx_word' id='word_1_638' title='bbox 3354 4146 3427 4202; x_wconf 88' lang='lat' dir='ltr'>ad</span> <span class='ocrx_word' id='word_1_639' title='bbox 3462 4145 3751 4219; x_wconf 84' lang='lat' dir='ltr'>palatium</span> 
     </span>
    </p>
   </div>
   <div class='ocr_carea' id='block_1_91' title="bbox 2094 4230 3755 4311">
    <p class='ocr_par' dir='ltr' id='par_1_91' title="bbox 2094 4230 3755 4311">
     <span class='ocr_line' id='line_1_91' title="bbox 2094 4230 3755 4311; baseline 0 -18"><span class='ocrx_word' id='word_1_640' title='bbox 2094 4236 2247 4311; x_wconf 88' lang='lat' dir='ltr'>regis</span> <span class='ocrx_word' id='word_1_641' title='bbox 2291 4234 2585 4291; x_wconf 88' lang='lat' dir='ltr'>civitatem</span> <span class='ocrx_word' id='word_1_642' title='bbox 2638 4230 2987 4288; x_wconf 89' lang='lat' dir='ltr'>introierint.</span> <span class='ocrx_word' id='word_1_643' title='bbox 3023 4232 3141 4289; x_wconf 81' lang='lat' dir='ltr'>Rex</span> <span class='ocrx_word' id='word_1_644' title='bbox 3188 4238 3385 4290; x_wconf 88' lang='lat' dir='ltr'>autem</span> <span class='ocrx_word' id='word_1_645' title='bbox 3437 4239 3503 4290; x_wconf 90' lang='lat' dir='ltr'>ut</span> <span class='ocrx_word' id='word_1_646' title='bbox 3532 4234 3755 4293; x_wconf 81' lang='lat' dir='ltr'>ﬁducia</span> 
     </span>
    </p>
   </div>
   <div class='ocr_carea' id='block_1_92' title="bbox 2092 4320 3752 4399">
    <p class='ocr_par' dir='ltr' id='par_1_92' title="bbox 2092 4320 3752 4399">
     <span class='ocr_line' id='line_1_92' title="bbox 2092 4320 3752 4399; baseline -0.001 -18"><span class='ocrx_word' id='word_1_647' title='bbox 2092 4325 2254 4399; x_wconf 88' lang='lat' dir='ltr'>pacis</span> <span class='ocrx_word' id='word_1_648' title='bbox 2285 4322 2548 4380; x_wconf 66' lang='lat' dir='ltr'>tenendae</span> <span class='ocrx_word' id='word_1_649' title='bbox 2578 4339 2647 4377; x_wconf 84' lang='lat' dir='ltr'>ex</span> <span class='ocrx_word' id='word_1_650' title='bbox 2685 4338 2795 4378; x_wconf 89' lang='lat' dir='ltr'>sua</span> <span class='ocrx_word' id='word_1_651' title='bbox 2824 4324 2986 4393; x_wconf 88' lang='lat' dir='ltr'>parte</span> <span class='ocrx_word' id='word_1_652' title='bbox 3018 4320 3231 4379; x_wconf 91' lang='lat' dir='ltr'>certior</span> <span class='ocrx_word' id='word_1_653' title='bbox 3258 4323 3752 4393; x_wconf 85' lang='lat' dir='ltr'>crederetur,tre-</span> 
     </span>
    </p>
   </div>
   <div class='ocr_carea' id='block_1_93' title="bbox 2092 4409 3752 4486">
    <p class='ocr_par' dir='ltr' id='par_1_93' title="bbox 2092 4409 3752 4486">
     <span class='ocr_line' id='line_1_93' title="bbox 2092 4409 3752 4486; baseline 0 -16"><span class='ocrx_word' id='word_1_654' title='bbox 2092 4419 2292 4470; x_wconf 91' lang='lat' dir='ltr'>centos</span> <span class='ocrx_word' id='word_1_655' title='bbox 2325 4410 2663 4486; x_wconf 89' lang='lat' dir='ltr'>peregrinos</span> <span class='ocrx_word' id='word_1_656' title='bbox 2692 4426 2761 4466; x_wconf 83' lang='lat' dir='ltr'>ex</span> <span class='ocrx_word' id='word_1_657' title='bbox 2784 4409 3006 4467; x_wconf 90' lang='lat' dir='ltr'>nostris</span> <span class='ocrx_word' id='word_1_658' title='bbox 3025 4409 3291 4467; x_wconf 87' lang='lat' dir='ltr'>dissolvit</span> <span class='ocrx_word' id='word_1_659' title='bbox 3319 4428 3356 4468; x_wconf 90' lang='lat' dir='ltr'>a</span> <span class='ocrx_word' id='word_1_660' title='bbox 3381 4411 3654 4481; x_wconf 87' lang='lat' dir='ltr'>vinculis,</span> <span class='ocrx_word' id='word_1_661' title='bbox 3688 4418 3752 4470; x_wconf 85' lang='lat' dir='ltr'>et</span> 
     </span>
    </p>
   </div>
   <div class='ocr_carea' id='block_1_94' title="bbox 334 4496 3749 4586">
    <p class='ocr_par' dir='ltr' id='par_1_94' title="bbox 334 4496 3749 4586">
     <span class='ocr_line' id='line_1_94' title="bbox 334 4496 3749 4586; baseline 0.001 -30"><span class='ocrx_word' id='word_1_662' title='bbox 334 4499 554 4557; x_wconf 90' lang='lat' dir='ltr'>bellum</span> <span class='ocrx_word' id='word_1_663' title='bbox 579 4515 751 4573; x_wconf 90' lang='lat' dir='ltr'>grave</span> <span class='ocrx_word' id='word_1_664' title='bbox 771 4498 947 4554; x_wconf 91' lang='lat' dir='ltr'>nimis</span> <span class='ocrx_word' id='word_1_665' title='bbox 965 4503 1022 4554; x_wconf 88' lang='lat' dir='ltr'>et</span> <span class='ocrx_word' id='word_1_666' title='bbox 1042 4496 1488 4586; x_wconf 82' lang='lat' dir='ltr'>permaximum.</span> <span class='ocrx_word' id='word_1_667' title='bbox 1506 4497 1775 4555; x_wconf 89' lang='lat' dir='ltr'>Protinus</span> <span class='ocrx_word' id='word_1_668' title='bbox 1788 4516 1982 4559; x_wconf 88' lang='lat' dir='ltr'>comes</span> <span class='ocrx_word' id='word_1_669' title='bbox 2011 4522 2059 4586; x_wconf 70' lang='grc' dir='ltr'>Β</span> <span class='ocrx_word' id='word_1_670' title='bbox 2093 4501 2432 4575; x_wconf 88' lang='lat' dir='ltr'>proceribus</span> <span class='ocrx_word' id='word_1_671' title='bbox 2464 4498 2720 4555; x_wconf 87' lang='lat' dir='ltr'>donavit.</span> <span class='ocrx_word' id='word_1_672' title='bbox 2756 4498 2926 4586; x_wconf 87' lang='lat' dir='ltr'>Dedit</span> <span class='ocrx_word' id='word_1_673' title='bbox 2953 4502 3011 4554; x_wconf 89' lang='lat' dir='ltr'>et</span> <span class='ocrx_word' id='word_1_674' title='bbox 3039 4498 3373 4572; x_wconf 87' lang='lat' dir='ltr'>quindecim</span> <span class='ocrx_word' id='word_1_675' title='bbox 3419 4500 3603 4558; x_wconf 85' lang='lat' dir='ltr'>millia</span> <span class='ocrx_word' id='word_1_676' title='bbox 3634 4503 3749 4576; x_wconf 68' lang='lat' dir='ltr'>By-</span> 
     </span>
    </p>
   </div>
   <div class='ocr_carea' id='block_1_95' title="bbox 334 4584 1983 4654">
    <p class='ocr_par' dir='ltr' id='par_1_95' title="bbox 334 4584 1983 4654">
     <span class='ocr_line' id='line_1_95' title="bbox 334 4584 1983 4654; baseline 0 -9"><span class='ocrx_word' id='word_1_677' title='bbox 334 4589 497 4646; x_wconf 89' lang='lat' dir='ltr'>misit</span> <span class='ocrx_word' id='word_1_678' title='bbox 525 4588 798 4644; x_wconf 90' lang='lat' dir='ltr'>nuntium</span> <span class='ocrx_word' id='word_1_679' title='bbox 830 4587 964 4642; x_wconf 89' lang='lat' dir='ltr'>duci</span> <span class='ocrx_word' id='word_1_680' title='bbox 998 4591 1057 4642; x_wconf 88' lang='lat' dir='ltr'>et</span> <span class='ocrx_word' id='word_1_681' title='bbox 1088 4584 1431 4642; x_wconf 81' lang='lat' dir='ltr'>Flandrensi</span> <span class='ocrx_word' id='word_1_682' title='bbox 1464 4587 1682 4654; x_wconf 91' lang='lat' dir='ltr'>comiti,</span> <span class='ocrx_word' id='word_1_683' title='bbox 1714 4592 1780 4643; x_wconf 91' lang='lat' dir='ltr'>ut</span> <span class='ocrx_word' id='word_1_684' title='bbox 1809 4589 1983 4645; x_wconf 90' lang='lat' dir='ltr'>celer-</span> 
     </span>
    </p>
   </div>
   <div class='ocr_carea' id='block_1_96' title="bbox 334 4673 1980 4748">
    <p class='ocr_par' dir='ltr' id='par_1_96' title="bbox 334 4673 1980 4748">
     <span class='ocr_line' id='line_1_96' title="bbox 334 4673 1980 4748; baseline 0.001 -14"><span class='ocrx_word' id='word_1_685' title='bbox 334 4678 480 4735; x_wconf 91' lang='lat' dir='ltr'>rime</span> <span class='ocrx_word' id='word_1_686' title='bbox 504 4677 576 4733; x_wconf 85' lang='lat' dir='ltr'>ad</span> <span class='ocrx_word' id='word_1_687' title='bbox 608 4676 752 4733; x_wconf 83' lang='lat' dir='ltr'>illud</span> <span class='ocrx_word' id='word_1_688' title='bbox 787 4674 1050 4732; x_wconf 82' lang='lat' dir='ltr'>venirent</span> <span class='ocrx_word' id='word_1_689' title='bbox 1097 4673 1385 4748; x_wconf 70' lang='lat' dir='ltr'>praelium,</span> <span class='ocrx_word' id='word_1_690' title='bbox 1418 4674 1649 4748; x_wconf 89' lang='lat' dir='ltr'>sibique</span> <span class='ocrx_word' id='word_1_691' title='bbox 1695 4676 1980 4735; x_wconf 82' lang='lat' dir='ltr'>auxilium</span> 
     </span>
    </p>
   </div>
   <div class='ocr_carea' id='block_1_97' title="bbox 333 4763 1982 4837">
    <p class='ocr_par' dir='ltr' id='par_1_97' title="bbox 333 4763 1982 4837">
     <span class='ocr_line' id='line_1_97' title="bbox 333 4763 1982 4837; baseline 0.001 -14"><span class='ocrx_word' id='word_1_692' title='bbox 333 4768 568 4824; x_wconf 87' lang='lat' dir='ltr'>ferrent.</span> <span class='ocrx_word' id='word_1_693' title='bbox 628 4766 791 4832; x_wconf 84' lang='lat' dir='ltr'>Quod</span> <span class='ocrx_word' id='word_1_694' title='bbox 842 4766 942 4822; x_wconf 91' lang='lat' dir='ltr'>ubi</span> <span class='ocrx_word' id='word_1_695' title='bbox 989 4766 1106 4820; x_wconf 81' lang='lat' dir='ltr'>dux</span> <span class='ocrx_word' id='word_1_696' title='bbox 1152 4763 1391 4834; x_wconf 88' lang='lat' dir='ltr'>audivit,</span> <span class='ocrx_word' id='word_1_697' title='bbox 1434 4763 1681 4837; x_wconf 90' lang='lat' dir='ltr'>princlpi</span> <span class='ocrx_word' id='word_1_698' title='bbox 1730 4765 1982 4825; x_wconf 87' lang='lat' dir='ltr'>civitatis</span> 
     </span>
    </p>
   </div>
   <div class='ocr_carea' id='block_1_98' title="bbox 333 4853 1982 4931">
    <p class='ocr_par' dir='ltr' id='par_1_98' title="bbox 333 4853 1982 4931">
     <span class='ocr_line' id='line_1_98' title="bbox 333 4853 1982 4931; baseline 0.001 -18"><span class='ocrx_word' id='word_1_699' title='bbox 333 4874 559 4931; x_wconf 89' lang='lat' dir='ltr'>pacem,</span> <span class='ocrx_word' id='word_1_700' title='bbox 591 4872 769 4929; x_wconf 88' lang='lat' dir='ltr'>quam</span> <span class='ocrx_word' id='word_1_701' title='bbox 802 4871 952 4927; x_wconf 62' lang='lat' dir='ltr'>sape</span> <span class='ocrx_word' id='word_1_702' title='bbox 973 4855 1101 4927; x_wconf 85' lang='lat' dir='ltr'>jam</span> <span class='ocrx_word' id='word_1_703' title='bbox 1131 4853 1458 4926; x_wconf 65' lang='lat' dir='ltr'>quaesierat,</span> <span class='ocrx_word' id='word_1_704' title='bbox 1488 4855 1803 4911; x_wconf 86' lang='lat' dir='ltr'>mandavit.</span> <span class='ocrx_word' id='word_1_705' title='bbox 1838 4856 1982 4914; x_wconf 88' lang='lat' dir='ltr'>Pace</span> 
     </span>
    </p>
   </div>
   <div class='ocr_carea' id='block_1_99' title="bbox 334 4941 1981 5019">
    <p class='ocr_par' dir='ltr' id='par_1_99' title="bbox 334 4941 1981 5019">
     <span class='ocr_line' id='line_1_99' title="bbox 334 4941 1981 5019; baseline 0 -18"><span class='ocrx_word' id='word_1_706' title='bbox 334 4944 514 5019; x_wconf 88' lang='lat' dir='ltr'>igitur</span> <span class='ocrx_word' id='word_1_707' title='bbox 542 4946 713 5013; x_wconf 82' lang='lat' dir='ltr'>facta,</span> <span class='ocrx_word' id='word_1_708' title='bbox 747 4948 1044 5016; x_wconf 64' lang='lat' dir='ltr'>pactisque</span> <span class='ocrx_word' id='word_1_709' title='bbox 1075 4941 1483 5014; x_wconf 89' lang='lat' dir='ltr'>promissionis</span> <span class='ocrx_word' id='word_1_710' title='bbox 1515 4945 1858 5000; x_wconf 88' lang='lat' dir='ltr'>muneribus</span> <span class='ocrx_word' id='word_1_711' title='bbox 1889 4961 1981 5001; x_wconf 88' lang='lat' dir='ltr'>re-</span> 
     </span>
    </p>
   </div>
   <div class='ocr_carea' id='block_1_100' title="bbox 334 5029 1984 5107">
    <p class='ocr_par' dir='ltr' id='par_1_100' title="bbox 334 5029 1984 5107">
     <span class='ocr_line' id='line_1_100' title="bbox 334 5029 1984 5107; baseline -0.001 -17"><span class='ocrx_word' id='word_1_712' title='bbox 334 5034 536 5107; x_wconf 85' lang='lat' dir='ltr'>ceptis,</span> <span class='ocrx_word' id='word_1_713' title='bbox 561 5033 633 5089; x_wconf 91' lang='lat' dir='ltr'>ad</span> <span class='ocrx_word' id='word_1_714' title='bbox 665 5037 963 5104; x_wconf 87' lang='lat' dir='ltr'>speratum</span> <span class='ocrx_word' id='word_1_715' title='bbox 994 5029 1213 5086; x_wconf 89' lang='lat' dir='ltr'>bellum</span> <span class='ocrx_word' id='word_1_716' title='bbox 1244 5029 1708 5100; x_wconf 87' lang='lat' dir='ltr'>convolarunt,et</span> <span class='ocrx_word' id='word_1_717' title='bbox 1737 5033 1807 5088; x_wconf 91' lang='lat' dir='ltr'>ad</span> <span class='ocrx_word' id='word_1_718' title='bbox 1831 5034 1984 5090; x_wconf 92' lang='lat' dir='ltr'>obsi-</span> 
     </span>
    </p>
   </div>
   <div class='ocr_carea' id='block_1_101' title="bbox 333 5117 1979 5194">
    <p class='ocr_par' dir='ltr' id='par_1_101' title="bbox 333 5117 1979 5194">
     <span class='ocr_line' id='line_1_101' title="bbox 333 5117 1979 5194; baseline -0.001 -15"><span class='ocrx_word' id='word_1_719' title='bbox 333 5121 588 5188; x_wconf 90' lang='lat' dir='ltr'>dionem,</span> <span class='ocrx_word' id='word_1_720' title='bbox 610 5137 737 5194; x_wconf 63' lang='lat' dir='ltr'>qua:</span> <span class='ocrx_word' id='word_1_721' title='bbox 768 5123 893 5175; x_wconf 89' lang='lat' dir='ltr'>erat</span> <span class='ocrx_word' id='word_1_722' title='bbox 922 5118 993 5174; x_wconf 86' lang='lat' dir='ltr'>ad</span> <span class='ocrx_word' id='word_1_723' title='bbox 1025 5134 1205 5190; x_wconf 88' lang='lat' dir='ltr'>supra</span> <span class='ocrx_word' id='word_1_724' title='bbox 1234 5117 1458 5173; x_wconf 89' lang='lat' dir='ltr'>dictum</span> <span class='ocrx_word' id='word_1_725' title='bbox 1489 5124 1979 5189; x_wconf 86' lang='lat' dir='ltr'>castrum,conve-</span> 
     </span>
    </p>
   </div>
   <div class='ocr_carea' id='block_1_102' title="bbox 334 5205 1980 5283">
    <p class='ocr_par' dir='ltr' id='par_1_102' title="bbox 334 5205 1980 5283">
     <span class='ocr_line' id='line_1_102' title="bbox 334 5205 1980 5283; baseline -0.001 -15"><span class='ocrx_word' id='word_1_726' title='bbox 334 5214 568 5268; x_wconf 87' lang='lat' dir='ltr'>nerunt.</span> <span class='ocrx_word' id='word_1_727' title='bbox 602 5214 659 5265; x_wconf 91' lang='lat' dir='ltr'>et</span> <span class='ocrx_word' id='word_1_728' title='bbox 684 5208 743 5263; x_wconf 89' lang='lat' dir='ltr'>in</span> <span class='ocrx_word' id='word_1_729' title='bbox 770 5206 1013 5263; x_wconf 80' lang='lat' dir='ltr'>alteram</span> <span class='ocrx_word' id='word_1_730' title='bbox 1047 5205 1311 5261; x_wconf 86' lang='lat' dir='ltr'>ﬂuminis</span> <span class='ocrx_word' id='word_1_731' title='bbox 1342 5207 1529 5278; x_wconf 91' lang='lat' dir='ltr'>ripam</span> <span class='ocrx_word' id='word_1_732' title='bbox 1560 5213 1752 5265; x_wconf 88' lang='lat' dir='ltr'>castra</span> <span class='ocrx_word' id='word_1_733' title='bbox 1772 5227 1980 5283; x_wconf 89' lang='lat' dir='ltr'>posue-</span> 
     </span>
    </p>
   </div>
   <div class='ocr_carea' id='block_1_103' title="bbox 332 5293 1978 5370">
    <p class='ocr_par' dir='ltr' id='par_1_103' title="bbox 332 5293 1978 5370">
     <span class='ocr_line' id='line_1_103' title="bbox 332 5293 1978 5370; baseline 0 -15"><span class='ocrx_word' id='word_1_734' title='bbox 332 5304 491 5356; x_wconf 90' lang='lat' dir='ltr'>runt.</span> <span class='ocrx_word' id='word_1_735' title='bbox 525 5298 637 5354; x_wconf 90' lang='lat' dir='ltr'>Sed</span> <span class='ocrx_word' id='word_1_736' title='bbox 666 5312 803 5352; x_wconf 90' lang='lat' dir='ltr'>eum</span> <span class='ocrx_word' id='word_1_737' title='bbox 835 5296 953 5351; x_wconf 85' lang='lat' dir='ltr'>dux</span> <span class='ocrx_word' id='word_1_738' title='bbox 996 5293 1218 5351; x_wconf 90' lang='lat' dir='ltr'>videret</span> <span class='ocrx_word' id='word_1_739' title='bbox 1261 5295 1418 5368; x_wconf 89' lang='lat' dir='ltr'>quod</span> <span class='ocrx_word' id='word_1_740' title='bbox 1463 5296 1609 5351; x_wconf 89' lang='lat' dir='ltr'>nihil</span> <span class='ocrx_word' id='word_1_741' title='bbox 1654 5300 1978 5370; x_wconf 82' lang='lat' dir='ltr'>proﬁceret,</span> 
     </span>
    </p>
   </div>
   <div class='ocr_carea' id='block_1_104' title="bbox 332 5381 1982 5461">
    <p class='ocr_par' dir='ltr' id='par_1_104' title="bbox 332 5381 1982 5461">
     <span class='ocr_line' id='line_1_104' title="bbox 332 5381 1982 5461; baseline 0.001 -19"><span class='ocrx_word' id='word_1_742' title='bbox 332 5389 537 5443; x_wconf 89' lang='lat' dir='ltr'>contra</span> <span class='ocrx_word' id='word_1_743' title='bbox 565 5382 847 5456; x_wconf 91' lang='lat' dir='ltr'>Tripolim</span> <span class='ocrx_word' id='word_1_744' title='bbox 879 5381 1091 5441; x_wconf 81' lang='lat' dir='ltr'>direxit</span> <span class='ocrx_word' id='word_1_745' title='bbox 1118 5382 1293 5453; x_wconf 90' lang='lat' dir='ltr'>acies,</span> <span class='ocrx_word' id='word_1_746' title='bbox 1325 5387 1684 5458; x_wconf 87' lang='lat' dir='ltr'>cunctosque</span> <span class='ocrx_word' id='word_1_747' title='bbox 1716 5385 1795 5443; x_wconf 89' lang='lat' dir='ltr'>ibi</span> <span class='ocrx_word' id='word_1_748' title='bbox 1815 5405 1982 5461; x_wconf 88' lang='lat' dir='ltr'>para-</span> 
     </span>
    </p>
   </div>
   <div class='ocr_carea' id='block_1_105' title="bbox 2089 4585 3752 4660">
    <p class='ocr_par' dir='ltr' id='par_1_105' title="bbox 2089 4585 3752 4660">
     <span class='ocr_line' id='line_1_105' title="bbox 2089 4585 3752 4660; baseline -0.001 -11"><span class='ocrx_word' id='word_1_749' title='bbox 2089 4606 2458 4658; x_wconf 89' lang='lat' dir='ltr'>sanceorum,</span> <span class='ocrx_word' id='word_1_750' title='bbox 2492 4592 2548 4643; x_wconf 89' lang='lat' dir='ltr'>et</span> <span class='ocrx_word' id='word_1_751' title='bbox 2604 4585 2939 4660; x_wconf 90' lang='lat' dir='ltr'>quindecim</span> <span class='ocrx_word' id='word_1_752' title='bbox 2990 4603 3174 4659; x_wconf 86' lang='lat' dir='ltr'>equos</span> <span class='ocrx_word' id='word_1_753' title='bbox 3225 4588 3410 4645; x_wconf 87' lang='lat' dir='ltr'>multa</span> <span class='ocrx_word' id='word_1_754' title='bbox 3438 4588 3752 4648; x_wconf 86' lang='lat' dir='ltr'>honestate</span> 
     </span>
    </p>
   </div>
   <div class='ocr_carea' id='block_1_106' title="bbox 2089 4674 3751 4753">
    <p class='ocr_par' dir='ltr' id='par_1_106' title="bbox 2089 4674 3751 4753">
     <span class='ocr_line' id='line_1_106' title="bbox 2089 4674 3751 4753; baseline 0 -17"><span class='ocrx_word' id='word_1_755' title='bbox 2089 4680 2384 4753; x_wconf 83' lang='lat' dir='ltr'>praeditos,</span> <span class='ocrx_word' id='word_1_756' title='bbox 2419 4676 2695 4749; x_wconf 88' lang='lat' dir='ltr'>misitque</span> <span class='ocrx_word' id='word_1_757' title='bbox 2725 4674 3195 4753; x_wconf 80' lang='lat' dir='ltr'>omniexercitui</span> <span class='ocrx_word' id='word_1_758' title='bbox 3245 4682 3569 4735; x_wconf 73' lang='lat' dir='ltr'>mercatum</span> <span class='ocrx_word' id='word_1_759' title='bbox 3619 4676 3751 4736; x_wconf 86' lang='lat' dir='ltr'>lau-</span> 
     </span>
    </p>
   </div>
   <div class='ocr_carea' id='block_1_107' title="bbox 2090 4752 3749 4839">
    <p class='ocr_par' dir='ltr' id='par_1_107' title="bbox 2090 4752 3749 4839">
     <span class='ocr_line' id='line_1_107' title="bbox 2090 4752 3749 4839; baseline 0.001 -14"><span class='ocrx_word' id='word_1_760' title='bbox 2090 4752 2301 4837; x_wconf 76' lang='lat' dir='ltr'>debile,</span> <span class='ocrx_word' id='word_1_761' title='bbox 2335 4767 2490 4839; x_wconf 89' lang='lat' dir='ltr'>quod</span> <span class='ocrx_word' id='word_1_762' title='bbox 2522 4765 2762 4822; x_wconf 89' lang='lat' dir='ltr'>omnino</span> <span class='ocrx_word' id='word_1_763' title='bbox 2792 4752 3039 4837; x_wconf 76' lang='lat' dir='ltr'>privavit</span> <span class='ocrx_word' id='word_1_764' title='bbox 3070 4765 3201 4824; x_wconf 89' lang='lat' dir='ltr'>illos</span> <span class='ocrx_word' id='word_1_765' title='bbox 3231 4767 3303 4824; x_wconf 90' lang='lat' dir='ltr'>ab</span> <span class='ocrx_word' id='word_1_766' title='bbox 3331 4766 3494 4824; x_wconf 91' lang='lat' dir='ltr'>omni</span> <span class='ocrx_word' id='word_1_767' title='bbox 3544 4785 3749 4827; x_wconf 83' lang='lat' dir='ltr'>neces-</span> 
     </span>
    </p>
   </div>
   <div class='ocr_carea' id='block_1_108' title="bbox 2088 4853 3747 4928">
    <p class='ocr_par' dir='ltr' id='par_1_108' title="bbox 2088 4853 3747 4928">
     <span class='ocr_line' id='line_1_108' title="bbox 2088 4853 3747 4928; baseline 0.001 -15"><span class='ocrx_word' id='word_1_768' title='bbox 2088 4858 2281 4913; x_wconf 87' lang='lat' dir='ltr'>sitate.</span> <span class='ocrx_word' id='word_1_769' title='bbox 2314 4854 2535 4928; x_wconf 87' lang='lat' dir='ltr'>Pepigit</span> <span class='ocrx_word' id='word_1_770' title='bbox 2554 4853 2729 4911; x_wconf 89' lang='lat' dir='ltr'>etiam</span> <span class='ocrx_word' id='word_1_771' title='bbox 2761 4857 2819 4908; x_wconf 91' lang='lat' dir='ltr'>et</span> <span class='ocrx_word' id='word_1_772' title='bbox 2838 4853 3063 4925; x_wconf 88' lang='lat' dir='ltr'>juravit</span> <span class='ocrx_word' id='word_1_773' title='bbox 3090 4853 3209 4912; x_wconf 89' lang='lat' dir='ltr'>illis</span> <span class='ocrx_word' id='word_1_774' title='bbox 3236 4859 3305 4911; x_wconf 90' lang='lat' dir='ltr'>ut</span> <span class='ocrx_word' id='word_1_775' title='bbox 3333 4855 3383 4914; x_wconf 88' lang='lat' dir='ltr'>si</span> <span class='ocrx_word' id='word_1_776' title='bbox 3412 4855 3747 4915; x_wconf 83' lang='lat' dir='ltr'>Jerusalem</span> 
     </span>
    </p>
   </div>
   <div class='ocr_carea' id='block_1_109' title="bbox 2089 4941 3750 5019">
    <p class='ocr_par' dir='ltr' id='par_1_109' title="bbox 2089 4941 3750 5019">
     <span class='ocr_line' id='line_1_109' title="bbox 2089 4941 3750 5019; baseline -0.001 -16"><span class='ocrx_word' id='word_1_777' title='bbox 2089 4946 2201 5003; x_wconf 91' lang='lat' dir='ltr'>sibi</span> <span class='ocrx_word' id='word_1_778' title='bbox 2234 4949 2475 5019; x_wconf 88' lang='lat' dir='ltr'>possent</span> <span class='ocrx_word' id='word_1_779' title='bbox 2503 4943 2826 5016; x_wconf 88' lang='lat' dir='ltr'>acquirere,</span> <span class='ocrx_word' id='word_1_780' title='bbox 2854 4947 2910 4998; x_wconf 91' lang='lat' dir='ltr'>et</span> <span class='ocrx_word' id='word_1_781' title='bbox 2938 4941 3157 4999; x_wconf 88' lang='lat' dir='ltr'>bellum</span> <span class='ocrx_word' id='word_1_782' title='bbox 3177 4945 3330 5017; x_wconf 89' lang='lat' dir='ltr'>quod</span> <span class='ocrx_word' id='word_1_783' title='bbox 3364 4945 3448 5001; x_wconf 88' lang='lat' dir='ltr'>eis</span> <span class='ocrx_word' id='word_1_784' title='bbox 3468 4945 3750 5002; x_wconf 60' lang='lat' dir='ltr'>admiral.</span> 
     </span>
    </p>
   </div>
   <div class='ocr_carea' id='block_1_110' title="bbox 2088 5030 3747 5107">
    <p class='ocr_par' dir='ltr' id='par_1_110' title="bbox 2088 5030 3747 5107">
     <span class='ocr_line' id='line_1_110' title="bbox 2088 5030 3747 5107; baseline -0.002 -15"><span class='ocrx_word' id='word_1_785' title='bbox 2088 5036 2201 5091; x_wconf 90' lang='lat' dir='ltr'>dus</span> <span class='ocrx_word' id='word_1_786' title='bbox 2232 5033 2559 5107; x_wconf 67' lang='lat' dir='ltr'>Babyloniae</span> <span class='ocrx_word' id='word_1_787' title='bbox 2613 5032 2825 5088; x_wconf 84' lang='lat' dir='ltr'>inferre</span> <span class='ocrx_word' id='word_1_788' title='bbox 2856 5030 3212 5101; x_wconf 86' lang='lat' dir='ltr'>minabatur,</span> <span class='ocrx_word' id='word_1_789' title='bbox 3245 5049 3541 5105; x_wconf 85' lang='lat' dir='ltr'>superare,</span> <span class='ocrx_word' id='word_1_790' title='bbox 3577 5032 3747 5089; x_wconf 83' lang='lat' dir='ltr'>Chri-</span> 
     </span>
    </p>
   </div>
   <div class='ocr_carea' id='block_1_111' title="bbox 2089 5119 3751 5194">
    <p class='ocr_par' dir='ltr' id='par_1_111' title="bbox 2089 5119 3751 5194">
     <span class='ocr_line' id='line_1_111' title="bbox 2089 5119 3751 5194; baseline -0.002 -13"><span class='ocrx_word' id='word_1_791' title='bbox 2089 5125 2317 5181; x_wconf 90' lang='lat' dir='ltr'>stianus</span> <span class='ocrx_word' id='word_1_792' title='bbox 2346 5123 2691 5189; x_wconf 79' lang='lat' dir='ltr'>efficeretur,</span> <span class='ocrx_word' id='word_1_793' title='bbox 2708 5125 2766 5176; x_wconf 92' lang='lat' dir='ltr'>et</span> <span class='ocrx_word' id='word_1_794' title='bbox 2789 5119 2945 5193; x_wconf 89' lang='lat' dir='ltr'>regis</span> <span class='ocrx_word' id='word_1_795' title='bbox 2971 5120 3297 5178; x_wconf 86' lang='lat' dir='ltr'>Jerusalem</span> <span class='ocrx_word' id='word_1_796' title='bbox 3330 5120 3535 5178; x_wconf 83' lang='lat' dir='ltr'>ditioni</span> <span class='ocrx_word' id='word_1_797' title='bbox 3561 5122 3751 5194; x_wconf 83' lang='lat' dir='ltr'>subji-</span> 
     </span>
    </p>
   </div>
   <div class='ocr_carea' id='block_1_112' title="bbox 2088 5208 3746 5283">
    <p class='ocr_par' dir='ltr' id='par_1_112' title="bbox 2088 5208 3746 5283">
     <span class='ocr_line' id='line_1_112' title="bbox 2088 5208 3746 5283; baseline -0.001 -14"><span class='ocrx_word' id='word_1_798' title='bbox 2088 5218 2334 5270; x_wconf 88' lang='lat' dir='ltr'>ceretur.</span> <span class='ocrx_word' id='word_1_799' title='bbox 2350 5212 2609 5268; x_wconf 86' lang='lat' dir='ltr'>Fuerunt</span> <span class='ocrx_word' id='word_1_800' title='bbox 2628 5213 2827 5265; x_wconf 89' lang='lat' dir='ltr'>autem</span> <span class='ocrx_word' id='word_1_801' title='bbox 2849 5209 3004 5282; x_wconf 92' lang='lat' dir='ltr'>apud</span> <span class='ocrx_word' id='word_1_802' title='bbox 3027 5208 3310 5283; x_wconf 88' lang='lat' dir='ltr'>Tripolim</span> <span class='ocrx_word' id='word_1_803' title='bbox 3333 5225 3438 5283; x_wconf 88' lang='lat' dir='ltr'>per</span> <span class='ocrx_word' id='word_1_804' title='bbox 3451 5210 3578 5267; x_wconf 88' lang='lat' dir='ltr'>dies</span> <span class='ocrx_word' id='word_1_805' title='bbox 3599 5215 3746 5268; x_wconf 85' lang='lat' dir='ltr'>tres.</span> 
     </span>
    </p>
   </div>
   <div class='ocr_carea' id='block_1_113' title="bbox 2087 5297 3747 5372">
    <p class='ocr_par' dir='ltr' id='par_1_113' title="bbox 2087 5297 3747 5372">
     <span class='ocr_line' id='line_1_113' title="bbox 2087 5297 3747 5372; baseline -0.001 -14"><span class='ocrx_word' id='word_1_806' title='bbox 2087 5303 2365 5358; x_wconf 86' lang='lat' dir='ltr'>Videntes</span> <span class='ocrx_word' id='word_1_807' title='bbox 2395 5303 2591 5357; x_wconf 90' lang='lat' dir='ltr'>autem</span> <span class='ocrx_word' id='word_1_808' title='bbox 2640 5313 2909 5371; x_wconf 88' lang='lat' dir='ltr'>proceres</span> <span class='ocrx_word' id='word_1_809' title='bbox 2952 5301 3009 5354; x_wconf 88' lang='lat' dir='ltr'>et</span> <span class='ocrx_word' id='word_1_810' title='bbox 3056 5297 3165 5355; x_wconf 90' lang='lat' dir='ltr'>viri</span> <span class='ocrx_word' id='word_1_811' title='bbox 3219 5298 3551 5368; x_wconf 86' lang='lat' dir='ltr'>bellatores,</span> <span class='ocrx_word' id='word_1_812' title='bbox 3584 5300 3747 5372; x_wconf 88' lang='lat' dir='ltr'>quod</span> 
     </span>
    </p>
   </div>
   <div class='ocr_carea' id='block_1_114' title="bbox 2080 5387 3751 5463">
    <p class='ocr_par' dir='ltr' id='par_1_114' title="bbox 2080 5387 3751 5463">
     <span class='ocr_line' id='line_1_114' title="bbox 2080 5387 3751 5463; baseline 0.001 -16"><span class='ocrx_word' id='word_1_813' title='bbox 2080 5392 2208 5463; x_wconf 89' lang='lat' dir='ltr'>jam</span> <span class='ocrx_word' id='word_1_814' title='bbox 2239 5396 2475 5463; x_wconf 90' lang='lat' dir='ltr'>tempus</span> <span class='ocrx_word' id='word_1_815' title='bbox 2502 5404 2783 5445; x_wconf 89' lang='lat' dir='ltr'>novarum</span> <span class='ocrx_word' id='word_1_816' title='bbox 2818 5387 3056 5461; x_wconf 86' lang='lat' dir='ltr'>frugum</span> <span class='ocrx_word' id='word_1_817' title='bbox 3096 5388 3376 5458; x_wconf 82' lang='lat' dir='ltr'>instabat,</span> <span class='ocrx_word' id='word_1_818' title='bbox 3408 5389 3751 5455; x_wconf 79' lang='lat' dir='ltr'>concordati</span> 
     </span>
    </p>
   </div>
   <div class='ocr_carea' id='block_1_115' title="bbox 1447 5481 2624 5548">
    <p class='ocr_par' dir='ltr' id='par_1_115' title="bbox 1447 5481 2624 5548">
     <span class='ocr_line' id='line_1_115' title="bbox 1447 5481 2624 5548; baseline 0.003 -10"><span class='ocrx_word' id='word_1_819' title='bbox 1447 5481 1762 5542; x_wconf 78' lang='lat' dir='ltr'>NOTUL/E</span> <span class='ocrx_word' id='word_1_820' title='bbox 1800 5486 2264 5548; x_wconf 76' lang='lat' dir='ltr'>MABGINALES</span> <span class='ocrx_word' id='word_1_821' title='bbox 2302 5488 2424 5545; x_wconf 77' lang='lat' dir='ltr'>MS.</span> <span class='ocrx_word' id='word_1_822' title='bbox 2466 5485 2624 5543; x_wconf 86' lang='lat' dir='ltr'>COD.</span> 
     </span>
    </p>
   </div>
   <div class='ocr_carea' id='block_1_116' title="bbox 404 5559 1848 5639">
    <p class='ocr_par' dir='ltr' id='par_1_116' title="bbox 404 5559 1848 5639">
     <span class='ocr_line' id='line_1_116' title="bbox 404 5559 1848 5639; baseline 0.008 -24"><span class='ocrx_word' id='word_1_823' title='bbox 404 5559 517 5635; x_wconf 81' lang='lat'>(59)</span> <span class='ocrx_word' id='word_1_824' title='bbox 547 5560 674 5624; x_wconf 81' lang='lat' dir='ltr'>Dux</span> <span class='ocrx_word' id='word_1_825' title='bbox 701 5560 1072 5633; x_wconf 86' lang='lat' dir='ltr'>Godefridus,</span> <span class='ocrx_word' id='word_1_826' title='bbox 1106 5559 1265 5625; x_wconf 85' lang='lat' dir='ltr'>ensis</span> <span class='ocrx_word' id='word_1_827' title='bbox 1295 5560 1467 5639; x_wconf 63' lang='lat' dir='ltr'>cuius</span> <span class='ocrx_word' id='word_1_828' title='bbox 1496 5562 1642 5624; x_wconf 85' lang='lat' dir='ltr'>bene</span> <span class='ocrx_word' id='word_1_829' title='bbox 1672 5564 1848 5626; x_wconf 84' lang='lat' dir='ltr'>ﬁdus.</span> 
     </span>
    </p>
   </div>
   <div class='ocr_carea' id='block_1_117' title="bbox 2165 5565 3626 5645">
    <p class='ocr_par' dir='ltr' id='par_1_117' title="bbox 2165 5565 3626 5645">
     <span class='ocr_line' id='line_1_117' title="bbox 2165 5565 3626 5645; baseline -0.001 -15"><span class='ocrx_word' id='word_1_830' title='bbox 2165 5567 2381 5630; x_wconf 83' lang='lat' dir='ltr'>Consul</span> <span class='ocrx_word' id='word_1_831' title='bbox 2410 5565 2809 5641; x_wconf 85' lang='lat' dir='ltr'>Flandrensis,</span> <span class='ocrx_word' id='word_1_832' title='bbox 2842 5569 3014 5645; x_wconf 74' lang='lat' dir='ltr'>cujus</span> <span class='ocrx_word' id='word_1_833' title='bbox 3042 5583 3159 5627; x_wconf 86' lang='lat' dir='ltr'>non</span> <span class='ocrx_word' id='word_1_834' title='bbox 3190 5565 3415 5631; x_wconf 81' lang='lat' dir='ltr'>fallitur</span> <span class='ocrx_word' id='word_1_835' title='bbox 3440 5567 3626 5631; x_wconf 77' lang='lat' dir='ltr'>ensis.</span> 
     </span>
    </p>
   </div>
  </div>
