3996 6096
319 305 437 364 ’147

826 305 927 364 AD
974 300 1488 365 GODEFRIDUM
1531 300 1865 362 APPEND.
1913 294 1990 356 ΙΙ.
2025 327 2102 340 --
2134 295 2444 357 MONUM.
2491 297 2592 357 DE
2635 296 2885 358 BELLO
2930 294 3211 358 SACRO.

3604 293 3725 356 748

320 440 378 493 et
406 436 580 491 cbaro
603 436 960 491 vendebatur
982 434 1445 507 prctio.Consilio
1471 433 1646 506 igitur
1669 428 1963 495 inito,ele-
1994 430 2049 495 Α
2079 427 2245 499 cepit.
2282 429 2348 482 Et
2379 432 2580 483 contra
2627 429 2992 484 venerandus
3024 444 3218 482 comes
3263 427 3461 482 Sancti
3509 425 3723 499 Egidii

322 529 533 597 gerunt
554 524 772 579 milites
793 525 890 596 qui
915 524 987 579 ad
1019 541 1191 580 naves
1222 523 1392 588 irent,
1419 537 1631 594 easque
1671 521 1744 576 ab
1783 523 1970 575 extra-

323 631 429 668 nea
451 618 622 686 gente
659 613 1038 669 custodirent.
1065 615 1262 684 Itaque
1299 628 1530 667 summo
1565 607 1824 664 diluculo
1857 605 1969 661 diei

323 703 540 774 egressi
565 707 702 758 sunt
725 708 958 758 centum
981 701 1195 756 milites
1217 703 1286 756 de
1305 700 1554 756 exercitu
1581 697 1810 754 comitis
1834 697 1974 752 San-

324 790 401 845 cti
432 789 661 863 zEgidii,
698 790 1065 846 Raimundus
1096 789 1316 844 scilicet
1356 786 1707 858 Piletus,qui
1742 800 1973 856 semper

324 879 436 934 fuit
457 879 615 934 omni
641 879 823 934 labori
857 878 1075 933 militia:
1109 878 1557 944 domesticus,et
1587 891 1826 947 prorsus
1857 871 1972 928 otio

326 967 759 1040 peregrinus.et
781 984 914 1022 cum
937 984 1002 1023 eo
1025 967 1170 1021 alter
1201 966 1567 1021 Raimundus
1592 965 1662 1019 de
1693 962 1970 1029 Taurina,

326 1062 383 1112 et
410 1057 712 1112 Achardus
765 1057 835 1111 de
887 1057 1078 1111 Monte
1130 1053 1751 1120 Merulo,Guillermus
1798 1050 1974 1106 etiam

329 1145 716 1202 Sabratensis.
746 1145 815 1200 Et
846 1145 1025 1212 ibant,
1059 1150 1123 1198 ut
1153 1145 1223 1199 ad
1256 1143 1472 1199 bellum
1506 1141 1711 1215 parati,
1738 1141 1808 1195 ad
1844 1157 1973 1212 por-

326 1237 454 1288 tum
487 1233 685 1287 maris.
710 1234 778 1287 Et
807 1233 947 1286 dum
980 1232 1148 1294 irent,
1175 1231 1412 1304 triginta
1443 1249 1510 1286 ex
1541 1230 1624 1286 eis
1653 1229 1977 1283 diviserunt

330 1338 392 1377 se
422 1322 494 1375 ab
527 1320 676 1388 aliis,
703 1326 768 1375 ut
812 1321 1052 1376 semitas
1085 1321 1310 1375 viarum
1343 1321 1654 1382 discerent,
1679 1323 1734 1371 et
1778 1321 1974 1371 utrum

327 1409 592 1466 venirent
613 1409 811 1465 hostes
846 1409 1509 1481 explorarent.Cumque
1541 1406 1843 1480 paululum
1875 1405 1976 1458 iti-

330 1499 486 1555 neris
519 1499 962 1571 processissent,
997 1499 1397 1570 septingentos
1425 1499 1644 1553 Turcos
1674 1500 1732 1552 et
1763 1494 1976 1550 Arabes

329 1587 562 1644 eminus
601 1587 999 1659 conspiciunt;
1033 1605 1202 1657 quos,
1251 1587 1386 1642 licet
1436 1585 1708 1658 perpauci
1759 1585 1973 1649 essent,

329 1677 734 1732 incunctanter
758 1683 952 1731 tamen
986 1677 1284 1732 invadunt.
1311 1676 1420 1732 Sed
1452 1672 1841 1730 numerositas
1864 1671 1976 1726 ini-

333 1767 617 1823 micorum
641 1771 804 1822 tanta
829 1766 936 1821 fuit
958 1770 1022 1820 ut
1048 1765 1311 1837 paucitas
1342 1769 1675 1820 nostrorum
1709 1761 1978 1818 resistere
2007 1797 2055 1862 B

333 1874 448 1912 non
481 1856 752 1928 potuerit.
779 1855 972 1910 Nostri
1005 1859 1195 1910 tamen
1233 1871 1378 1927 quos
1421 1854 1478 1908 in
1530 1852 1718 1924 primo
1759 1852 1979 1922 impetu

333 1945 723 2012 oll'enderunt,
750 1945 872 2000 neci
900 1948 1189 2016 perpetuae
1225 1942 1682 1998 destinaverunt.
1707 1941 1813 1996 Sed
1834 1957 1983 1994 'cum

335 2035 486 2090 facto
529 2033 626 2089 illo
669 2051 982 2107 congressu
1031 2050 1296 2105 regyrare
1328 2050 1497 2105 posse
1528 2031 1982 2095 aestimaverunt,

335 2121 757 2178 circumvallati
795 2121 1195 2188 multitudine,
1217 2121 1362 2177 velle
1390 2139 1560 2177 suum
1595 2118 1836 2191 implere
1870 2134 1984 2172 non

337 2216 673 2282 potuerunt.
710 2213 874 2267 Tunc
904 2211 981 2266 ibi
1014 2217 1281 2266 mortuus
1312 2216 1402 2266 est
1431 2210 1737 2266 Acbardus
1761 2207 1847 2262 vir
1873 2205 1987 2261 bel-

337 2301 506 2368 lator,
540 2301 705 2356 fortis
749 2305 805 2366 et
853 2301 1120 2374 egregius
1152 2301 1282 2372 (59),
1316 2305 1372 2355 et
1409 2300 1651 2372 quidam
1705 2315 1771 2353 ex
1819 2295 1984 2369 pedl-

339 2391 520 2447 tibus.

409 2482 734 2552 Antequam
766 2497 898 2536 vero
950 2478 1170 2535 bellum
1220 2479 1527 2550 inciperet,
1547 2476 1792 2532 nuntius
1838 2491 1986 2546 equo

337 2569 505 2624 celeri
538 2570 610 2624 ad
645 2568 892 2626 Piletum
923 2574 1278 2634 cucurrerat,
1304 2569 1402 2640 qui
1434 2567 1651 2621 Arabes
1683 2569 1738 2620 et
1766 2565 1986 2618 Turcos

339 2663 568 2714 nostros
598 2657 881 2714 invasisse
915 2659 1271 2713 nuntiarent.
1297 2657 1456 2723 Quod
1491 2661 1554 2711 ut
1586 2655 1799 2710 Piletus
1830 2651 1989 2707 audi-

337 2749 436 2816 vit,
471 2748 694 2819 absque
741 2764 906 2802 mora
952 2765 1167 2819 equum
1226 2745 1551 2801 calcaribus
1603 2749 1797 2816 urget;
1859 2757 1986 2797 sero

337 2841 535 2892 tamen
566 2835 705 2892 illuc
737 2836 1015 2908 pervenit.
1040 2837 1170 2891 Jam
1194 2835 1350 2890 enim
1383 2834 1688 2889 Achardus
1721 2836 1987 2886 mortuus

339 2930 482 2992 erat,
515 2925 615 2997 qui
668 2929 863 2980 tamen
895 2930 1210 2996 antequam
1243 2924 1545 2979 decederet
1592 2925 1768 2976 vitam
1819 2937 1987 2976 suam

341 3013 525 3070 multo
549 3015 856 3086 sanguine,
875 3019 932 3069 et
954 3019 1198 3069 mortem
1223 3017 1406 3068 morte
1428 3011 1813 3085 plurimorum
1837 3025 1990 3065 com-

342 3103 606 3159 mutavit.
652 3103 724 3160 Ut
765 3121 899 3160 vero
956 3108 1188 3159 nostros
1246 3102 1328 3157 illi
1387 3101 1618 3157 eminus
1675 3115 1988 3173 prospexe-

343 3197 500 3260 runt,
527 3196 592 3247 ut
630 3193 828 3266 fugere
876 3193 1212 3266 accipitrem
1273 3209 1465 3264 penna
1522 3165 1844 3264 trepidante
1893 3205 1986 3244 co-
2019 3165 2062 3233 (ἶ

345 3281 557 3338 lumbae
608 3281 886 3348 assolent,
917 3283 1000 3338 sic
1051 3281 1130 3336 illi
1182 3281 1435 3354 fugiunt,
1468 3285 1524 3335 et
1573 3287 1731 3351 terga
1779 3277 1995 3335 nostris

345 3372 651 3428 dederunt.
685 3371 877 3426 Nostri
909 3388 1038 3426 vero
1070 3370 1360 3442 persecuti
1399 3374 1537 3424 sunt
1570 3369 1718 3436 illos,
1753 3373 1809 3423 et
1841 3367 1994 3422 mul-

346 3465 436 3516 tos
493 3459 850 3515 occiderunt.
884 3461 952 3514 Et
1003 3476 1186 3514 unum
1220 3476 1288 3514 ex
1346 3457 1429 3513 eis
1485 3458 1680 3512 vivum
1741 3457 1993 3512 retinue-

347 3553 504 3614 runt,
535 3548 632 3620 qui
665 3549 988 3603 Turcorum
1020 3546 1182 3602 dolos
1213 3547 1297 3602 eis
1330 3547 1587 3612 referret,
1620 3550 1676 3601 et
1706 3546 1844 3617 quid
1877 3562 1998 3601 ma-

347 3638 726 3694 chinarentur
759 3636 897 3691 mali
939 3636 1375 3708 prmnuntiaret,
1408 3636 1890 3707 retinueruntque
1922 3635 1992 3691 ab

347 3726 431 3781 eis
460 3730 692 3781 centum
728 3729 784 3780 et
816 3729 933 3780 tres
964 3741 1328 3797 equos,quos
1356 3724 1645 3780 miserunt
1675 3724 1744 3778 ad
1781 3729 1991 3791 castra,

345 3820 402 3871 et
459 3814 572 3887 ipsi
628 3816 698 3869 ad
760 3831 934 3869 naves
998 3815 1264 3885 injuncta
1332 3814 1638 3886 perficiunt
1697 3815 1992 3870 mandata.

347 3905 582 3960 Famem
623 3903 839 3976 quippe
868 3921 1043 3959 naves
1089 3903 1234 3959 cibis
1292 3908 1513 3959 onustae
1570 3904 1991 3971 exstinxcrunt,

346 3994 446 4050 sed
475 3993 877 4048 vehementem
911 3992 1070 4048 sitim
1112 3993 1478 4064 exstinguere
1509 4009 1623 4047 non
1656 3996 1990 4064 potuerunt.

346 4084 533 4138 Tanta
563 4083 778 4154 quippe
824 4081 954 4138 sitis
1010 4087 1133 4138 erat
1164 4082 1221 4136 in
1254 4081 1555 4137 obsidione
1609 4085 1671 4136 ut
1725 4080 1991 4136 tellurem

344 4176 635 4242 cavarent,
659 4176 713 4226 et
733 4171 934 4244 glebas
963 4171 1354 4227 humectiores
1380 4171 1462 4227 ori
1497 4175 1874 4243 apponerent,
1903 4187 1992 4225 ro-

344 4261 650 4332 rantiaque
684 4278 977 4316 marmora
1024 4260 1366 4317 lamberent.
1393 4260 1556 4316 Coria
1587 4261 1765 4316 boum
1799 4263 1854 4314 et
1883 4259 1992 4314 bu-

343 4349 632 4418 balorum,
659 4349 1025 4422 aliorumque
1057 4349 1403 4406 animalium
1437 4348 1691 4405 recentia
1721 4349 1992 4420 suebant,

345 4444 400 4495 et
431 4455 562 4494 cum
596 4440 666 4494 ad
701 4441 1002 4511 aquandos
1043 4457 1224 4511 equos
1268 4439 1349 4494 ire
1379 4439 1773 4510 disponerent,
1805 4454 1992 4509 usque

2078 515 2380 572 consimile
2413 521 2670 572 castrum
2698 517 3025 583 constituit,
3048 521 3104 572 et
3133 534 3168 572 a
3195 516 3520 572 meridiana
3551 516 3726 588 plaga

2079 606 2380 678 applicuit.
2405 606 2617 671 Quinta
2639 605 2928 678 siquidem
2953 605 3338 678 feriajejunia
3361 607 3546 663 nostri
3578 607 3724 664 cele-

2079 696 2391 750 braverunt
2411 699 2466 749 et
2485 696 2839 768 pauperibus
2860 695 3257 768 eleemosynas
3277 696 3727 756 distribuerunt.

2081 785 2253 840 Sexta
2284 801 2414 840 vero
2446 785 2589 840 feria
2619 802 2744 856 quae
2766 791 2889 840 erat
2918 784 3057 841 Julii
3087 785 3306 840 mensis
3335 785 3460 841 dies
3501 787 3728 843 duode-

2083 873 2253 940 cima,
2273 891 2484 929 aurora
2505 891 2706 929 sereno
2728 873 2949 929 lumine
2973 880 3335 941 coruscante,
3359 879 3550 932 turres
3571 893 3731 949 egre-

2082 963 2159 1036 gii
2199 962 2506 1018 bellatores
2545 964 2891 1031 ascendunt,
2915 969 2972 1018 et
3001 962 3190 1018 scalas
3221 964 3513 1020 mcenibus
3544 982 3729 1039 appo-

2083 1056 2250 1106 nunt.
2287 1053 2535 1123 Stupent
2585 1057 2642 1106 et
2689 1052 3150 1108 contremiscunt
3205 1053 3519 1111 adulterini
3576 1056 3732 1122 cives

2083 1141 2246 1195 urbis
2294 1140 2690 1205 eximiae,cum
2741 1157 2801 1197 se
2848 1140 3043 1196 vident
3090 1141 3518 1200 circumvallari
3565 1149 3733 1204 tanta

2085 1228 2477 1284 multitudine.
2506 1229 2652 1294 Quia
2671 1248 2803 1284 vero
2837 1247 3176 1302 supremum
3216 1231 3372 1287 diem
3402 1233 3511 1289 sibi
3543 1235 3734 1292 immi-

2084 1337 2218 1375 nere
2249 1319 2539 1385 videbant,
2574 1325 2630 1374 et
2661 1325 2905 1374 mortem
2941 1337 3117 1391 super
3146 1321 3338 1392 capita
3367 1339 3476 1378 sua
3514 1325 3732 1396 depen-

2084 1409 2240 1474 dere,
2274 1408 2483 1463 acriter
2527 1413 2827 1479 coeperunt
2875 1407 3246 1475 resistere,et
3291 1411 3445 1466 sicut
3481 1413 3608 1483 jam
3660 1415 3733 1471 de

2085 1502 2269 1553 morte
2301 1514 2414 1552 non
2445 1497 2626 1562 dubii,
2652 1514 3038 1570 propugnare.
3064 1497 3185 1552 Illic
3207 1498 3502 1556 eminebat
3532 1502 3590 1557 in
3624 1521 3735 1559 sua

2085 1587 2230 1642 turri
2264 1587 2382 1640 dux
2411 1585 2776 1652 Godefridus,
2811 1603 2925 1641 non
2959 1591 3098 1642 tunc
3142 1587 3331 1656 miles,
3358 1591 3456 1646 sed
3498 1591 3735 1664 sagitta-

2086 1676 2229 1741 rius,
2253 1677 2422 1746 cujus
2446 1691 2657 1730 manus
2679 1675 2751 1729 ad
2784 1674 3048 1746 praelium
3073 1680 3128 1731 et
3159 1677 3373 1750 digitos
3405 1679 3476 1734 ad
3509 1680 3730 1738 bellum

2087 1765 2370 1820 Dominus
2401 1764 2708 1836 dirigebat,
2731 1763 3009 1835 quoniam
3042 1765 3272 1838 sagittis
3306 1768 3506 1838 jactis,
3541 1770 3735 1828 inimi-

2093 1871 2294 1910 corum
2331 1858 2581 1926 pectora,
2607 1857 2662 1908 et
2701 1857 2947 1925 utraque
2979 1853 3161 1910 latera
3188 1857 3539 1926 perforabat.
3569 1861 3750 1922 Juxta

2094 1960 2268 2015 quem
2303 1944 2510 1998 fratres
2541 1943 2668 2013 ejus
2717 1942 3069 1998 Eustachius
3116 1949 3172 1999 et
3216 1944 3559 2018 Balduinus,
3588 1951 3752 2009 velut

2094 2033 2210 2088 duo
2234 2033 2405 2103 juxta
2434 2030 2659 2086 leonem
2691 2030 2908 2099 leones,
2935 2036 2992 2087 et
3023 2033 3200 2089 duros
3232 2034 3384 2091 ictus
3407 2038 3747 2108 jaculorum

2094 2126 2151 2177 et
2170 2120 2431 2194 lapidum
2457 2120 2873 2192 suscipiebant,
2890 2125 2945 2176 et
2967 2123 3336 2194 quadruplici
3359 2126 3576 2184 fenore
3596 2146 3756 2188 com-

2095 2211 2528 2283 pensabant.Et
2561 2210 2694 2281 quis
2721 2210 2987 2265 omnium
3018 2210 3337 2282 probitates
3370 2217 3582 2274 referre
3605 2219 3757 2277 vale-

2095 2305 2351 2366 ret,cum
2385 2298 2649 2354 omnium
2673 2299 2772 2370 qui
2799 2316 2952 2354 nunc
2975 2305 3115 2355 sunt
3144 2300 3629 2377 philosophorum
3664 2309 3750 2366 fa-

2096 2388 2311 2444 cundia
2343 2388 2523 2442 tantis
2555 2387 2800 2442 minime
2829 2387 3108 2444 laudibus
3140 2391 3480 2450 sufﬁceret?
3511 2397 3580 2452 Et
3608 2398 3753 2455 dum

2097 2477 2179 2533 sic
2201 2478 2453 2549 desuper
2469 2476 2682 2532 moenia
2714 2477 3110 2550 pugnabatur,
3127 2483 3418 2551 processio
3441 2484 3595 2542 circa
3624 2486 3756 2560 ipsa

2097 2567 2314 2621 mmnia
2347 2567 2647 2638 agebatur,
2676 2571 2732 2621 et
2761 2583 2963 2623 cruces
2994 2585 3060 2623 ac
3092 2568 3350 2641 reliquiae
3383 2579 3441 2628 et
3469 2591 3638 2632 sacra
3667 2576 3752 2634 al-

2097 2655 2246 2711 taria
2279 2657 2639 2711 deferuntur.

2167 2746 2312 2800 Tota
2345 2745 2539 2816 itaque
2570 2744 2661 2800 die
2705 2743 2945 2802 alternis
2993 2746 3209 2804 ictibus
3242 2750 3606 2809 decertatum
3638 2759 3749 2812 est.

2098 2834 2208 2889 Sed
2245 2838 2307 2888 ut
2337 2833 2825 2906 appropinquavit
2863 2834 3006 2890 hora
3036 2853 3151 2908 qua
3188 2837 3448 2895 Salvator
3478 2843 3747 2902 omnium

2099 2927 2346 2978 mortem
2380 2922 2579 2990 subiit,
2608 2922 2776 2979 miles
2799 2923 3061 2995 quidam,
3087 2928 3323 2984 nomine
3353 2929 3654 3000 Detoldus,
3679 2933 3753 2989 de

2099 3017 2288 3068 castro
2313 3012 2477 3066 ducis
2505 3012 2732 3084 primus
2756 3011 3003 3081 insiluit,
3023 3019 3155 3086 post
3175 3033 3349 3088 quem
3376 3019 3750 3089 Guicherius,

2100 3101 2200 3174 qui
2247 3100 2474 3157 leonem
2507 3100 2740 3173 propria
2787 3102 2998 3157 virtute
3026 3105 3361 3175 [prostravit
3408 3113 3467 3164 et
3516 3110 3754 3171 occidit.

2103 3192 2312 3247 Statim
2335 3192 2452 3245 dux
2482 3191 2700 3245 milites
2723 3207 2860 3246 suos
2883 3193 3170 3264 sequitur,
3194 3199 3250 3249 et
3280 3213 3486 3254 omnes
3507 3198 3606 3253 alii
3637 3199 3755 3255 mi-

2102 3281 2235 3338 lites
2266 3282 2474 3336 ducem
2507 3297 2701 3335 suum.
2727 3282 2890 3335 Tunc
2939 3298 3071 3337 vero
3115 3300 3287 3340 arcus
3317 3290 3374 3341 et
3403 3287 3630 3360 sagitta:
3663 3289 3756 3344 di-

2103 3372 2439 3437 mittuntur,
2473 3373 2530 3424 et
2579 3368 2845 3424 fulminei
2894 3387 3064 3426 enses
3114 3373 3495 3445 arripiuntur.
3529 3377 3756 3442 Quibus

2100 3459 2242 3515 visis
2270 3459 2468 3514 hostes
2491 3457 2644 3513 illico
2668 3475 2902 3513 murum
2927 3460 3222 3533 deserunt,
3249 3469 3305 3518 et
3326 3465 3395 3519 ad
3425 3469 3642 3522 terram
3666 3466 3757 3522 di-

2103 3548 2464 3616 labuntur,et
2488 3547 2704 3604 milites
2716 3547 2928 3603 Christi
2947 3547 3116 3604 celeri
3138 3567 3342 3623 gressu
3361 3569 3495 3608 cum
3521 3555 3756 3628 magnis

2101 3639 2341 3694 vocibus
2381 3643 2832 3710 persequuntur.
2853 3640 3007 3704 Quas
3027 3657 3197 3696 voces
3219 3658 3353 3697 cum
3395 3643 3623 3701 audiret
3653 3661 3756 3701 co-

2103 3745 2228 3784 mes
2258 3727 2759 3799 Raimundus,qui
2792 3732 3049 3782 castrum
3090 3747 3263 3785 sunm
3311 3749 3480 3788 muro
3513 3733 3758 3806 propius

2103 3834 2392 3890 apponere
2423 3816 2727 3889 gestiebat,
2749 3817 3015 3888 protinus
3038 3818 3323 3875 intellexit
3349 3822 3596 3879 Francos
3627 3841 3758 3880 esse

2103 3907 2160 3962 in
2195 3907 2357 3974 urbe,
2400 3905 2642 3977 suisque
2689 3905 2975 3961 militibus
3005 3907 3087 3962 ait
3121 3924 3169 3962 :«
3195 3909 3339 3974 Quid
3374 3910 3468 3966 hic
3500 3915 3753 3980 stamus,

2101 4001 2157 4053 et
2185 3995 2482 4050 incassum
2517 3993 2897 4050 laboramus?
2946 3997 3314 4070 Francigena:
3363 4000 3568 4055 urbem
3601 4002 3760 4057 obti-

2103 4091 2270 4154 nent;
2313 4083 2658 4156 magnisque
2706 4084 2946 4140 vocibus
2999 4089 3054 4141 et
3100 4085 3313 4143 ictibus
3363 4095 3754 4162 personant.»

2101 4175 2260 4230 Tunc
2294 4172 2464 4230 celeri
2515 4189 2720 4244 gressu
2759 4189 2892 4228 cum
2925 4191 3030 4230 suo
3063 4177 3347 4232 comitatu
3380 4179 3632 4250 perrexit
3683 4180 3758 4236 ad

2102 4267 2330 4336 portam
2363 4280 2488 4334 qua:
2524 4266 2612 4317 est
2644 4279 2811 4318 secus
2842 4263 3049 4318 turrim
3085 4265 3288 4332 David,
3322 4272 3378 4322 et
3405 4267 3629 4323 vocavit
3659 4285 3763 4325 eos

2101 4353 2200 4426 qui
2233 4353 2290 4407 in
2326 4369 2456 4408 arce
2489 4355 2674 4420 erant,
2697 4355 2760 4406 ut
2789 4351 3101 4423 aperirent.
3139 4354 3412 4411 Protinus
3451 4355 3764 4414 admiravi-

2101 4461 2202 4500 sus
2233 4443 2331 4514 qui
2365 4440 2576 4496 turrim
2609 4440 2997 4510 custodiebat,
3023 4447 3086 4496 ut
3115 4445 3383 4516 cognovit
3413 4445 3549 4517 quis
3579 4451 3758 4515 esset,

344 4529 414 4583 ad
449 4546 548 4584 sex
578 4529 763 4584 millia
811 4528 1030 4584 milites
1078 4529 1288 4584 armati
1338 4528 1674 4600 pergebant.
1709 4529 1872 4582 'I‘unc
1923 4543 1990 4583 ea
2018 4538 2066 4603 D
2090 4535 2336 4604 januam
2369 4530 2419 4586 ei
2451 4530 2698 4602 aperuit,
2727 4547 2904 4602 seque
2952 4549 3207 4604 suosque
3239 4537 3292 4589 et
3324 4551 3431 4588 sua
3463 4533 3598 4590 fidei
3629 4536 3762 4606 ejus

344 4635 496 4690 aqua
523 4617 867 4689 implebant,
891 4622 948 4673 et
977 4619 1048 4673 ad
1099 4622 1291 4673 castra
1339 4616 1681 4685 referebant,
1706 4620 1762 4671 et
1791 4632 1858 4671 ex
1890 4615 1990 4672 illa

343 4708 498 4764 olida
529 4725 682 4780 aqua
711 4707 1015 4776 bibebant;
1050 4707 1311 4780 plerique
1343 4709 1514 4778 prout
1544 4705 1691 4760 ferre
1723 4709 1991 4777 poterant

333 4796 850 4869 jejunabant,quia
871 4795 1094 4869 jejunio
1126 4795 1286 4852 sitim
1314 4794 1737 4867 temperabant.
1758 4795 1826 4848 Et
1856 4794 1988 4866 quis

341 4887 600 4943 crederet
630 4887 784 4958 quod
819 4887 1001 4942 fames
1033 4885 1378 4958 proficeret?
1408 4884 1572 4940 dolor
1600 4883 1857 4940 dolorem
1893 4901 1988 4939 ex-

341 4975 626 5047 pelleret?
668 4975 819 5030 Dum
867 4975 988 5030 hzec
1032 4979 1388 5047 paterentur,
1421 4990 1688 5046 proceres
1733 4991 1766 5029 a
1815 4973 1987 5045 longo

339 5069 504 5120 terra:
537 5064 726 5134 spatio
749 5063 970 5135 ligneas
991 5065 1184 5120 trabes
1207 5063 1418 5119 adduci
1448 5063 1752 5130 faciebant,
1772 5063 1990 5134 quibus

339 5159 530 5208 turres
561 5157 617 5207 et
647 5153 929 5207 machina:
962 5154 1187 5220 fierent,
1217 5170 1343 5224 qua:
1376 5154 1665 5208 civitatem
1693 5169 1986 5225 expugna-

340 5247 490 5297 rent.
517 5241 739 5306 Quibus
761 5241 1053 5307 adductis,
1069 5242 1185 5296 dux
1206 5243 1424 5298 ducum
1448 5240 1796 5298 Godefridus
1819 5259 1987 5296 suam

337 5330 551 5388 turrim
573 5329 920 5396 construxit,
943 5335 1000 5386 et
1031 5332 1102 5388 ab
1133 5332 1396 5388 orientali
1415 5331 1587 5405 plaga
1607 5330 1819 5387 adduci
1850 5348 1991 5403 prae-

2099 4619 2546 4687 commendavit,
2577 4624 2641 4674 ut
2671 4636 2732 4675 se
2757 4623 3018 4675 tueretur
3067 4638 3136 4676 ne
3185 4623 3612 4679 destrueretur.
3645 4624 3759 4680 Sed

2097 4728 2292 4767 comes
2323 4709 2468 4764 dixit
2489 4709 2643 4781 quod
2677 4709 2732 4764 id
2766 4727 3068 4782 nunquam
3099 4710 3330 4778 faceret,
3356 4710 3469 4767 nisi
3501 4710 3615 4766 sibi
3639 4716 3761 4768 tur-

2098 4799 2208 4854 rim
2243 4798 2579 4854 dimitteret.
2605 4797 2711 4864 Qui
2744 4797 2796 4853 ei
2830 4815 3139 4854 assensum
3186 4803 3484 4872 gratanter
3520 4800 3754 4870 tribuit,

2097 4895 2153 4945 et
2180 4905 2374 4944 comes
2408 4886 2511 4954 illi,
2538 4892 2601 4941 ut
2644 4887 2893 4958 petebat,
2919 4905 3150 4943 omnem
3187 4887 3462 4943 fiduciam
3497 4904 3755 4960 spopon-

2098 4977 2202 5032 dit.
2232 4977 2358 5032 Dux
2384 4993 2515 5031 vero
2550 4975 2918 5044 Godefridus,
2958 4994 3073 5032 non
3123 4994 3340 5045 arcem,
3364 4994 3476 5032 non
3530 4977 3754 5034 aulam.

2098 5083 2212 5121 non
2245 5082 2476 5132 aurum,
2507 5081 2623 5119 non
2677 5069 3005 5137 argentum,
3042 5082 3156 5121 non
3202 5065 3408 5137 spolia,
3433 5065 3756 5134 ambiebat,

2099 5155 2197 5210 sed
2221 5171 2354 5209 cum
2375 5154 2611 5209 Francis
2633 5153 2777 5220 suis,
2794 5153 3142 5226 sanguinem
3164 5171 3462 5210 servorum
3483 5170 3756 5222 suorum,

2098 5243 2235 5315 quid
2263 5242 2321 5297 in
2345 5243 2588 5298 circuitu
2613 5242 2939 5299 Jerusalem
2958 5243 3181 5298 effusus
3207 5243 3414 5308 fuerat,
3431 5243 3501 5297 ab
3525 5241 3610 5296 eis
3635 5241 3762 5297 vin—

2098 5332 2291 5399 dicare
2324 5332 2645 5405 satagebat,
2672 5337 2727 5388 et
2770 5331 3069 5389 irrisioncs
3100 5336 3158 5388 et
3188 5328 3576 5388 contumelias
3606 5346 3760 5404 quas

1445 5465 1755 5523 NOTULE
1792 5465 2261 5524 MARGINALES
2301 5466 2421 5524 MS.
2461 5466 2623 5524 COD.

409 5579 521 5660 (59)
550 5580 610 5642 Si
640 5581 786 5644 foret
813 5583 910 5646 hic
937 5585 1162 5654 tardus,
1196 5600 1312 5646 non
1344 5581 1428 5641 sic
1458 5585 1782 5641 moreretur
1806 5581 2036 5642 Achard
2048 5599 2140 5643 us.
