3996 6096
407 357 518 416 751

918 355 1020 414 AD
1065 352 1571 422 GODEFBIDUM
1619 349 1954 411 APPEN‘D.
1999 347 2080 417 ll.
2116 380 2191 388 —
2219 343 2534 414 MONUM.
2581 344 2683 409 DE
2725 343 2976 406 BELLO
3018 342 3293 403 SACRO.

3685 337 3812 398 πε

406 487 666 546 crucifixi
685 485 1506 543 mentibusetiaminfidelium
1527 481 2046 556 resplenduit.Quo
2077 485 2132 550 Α
2160 476 2504 534 retulerunt.
2538 477 2656 532 Rex
2685 480 2883 532 autem
2913 479 2980 531 ut
3007 473 3246 541 audivit,
3262 470 3654 546 patriarcbam
3675 487 3814 527 cen-

403 579 711 652 splendore
743 576 1046 632 renitentis
1075 576 1442 649 gratiae,cum
1470 572 1786 630 sacerdotis
1809 588 1880 626 ac
1901 570 2054 643 regis

404 665 693 724 ordinatio
725 665 973 722 solemni
1003 665 1217 738 gaudio
1249 663 1456 720 fuisset
1479 658 1962 728 exhibita,nuntii
1983 659 2054 714 de

404 755 784 829 Neapolitana
813 754 955 810 urbe
986 754 1058 809 ad
1091 769 1288 826 regem
1321 751 1700 808 Godefridum
1749 751 2054 815 venerunt,

405 846 616 902 civium
651 860 892 901 suorum
921 843 1202 898 mandata
1229 842 1505 907 ferentes,
1531 844 1596 896 ut
1625 839 1696 894 ad
1729 838 1909 911 ipsas,
1942 836 2056 893 sci-

407 934 543 990 licet
572 935 643 990 de
671 932 818 998 suis,
851 931 1126 1002 mitteret,
1159 935 1216 986 et
1246 929 1400 987 cives
1431 934 1487 984 et
1512 928 1804 984 civitatem
1853 941 2056 982 eorum

409 1023 468 1080 in
501 1040 608 1078 suo
637 1019 938 1094 regimine,
957 1036 1180 1092 suaque
1209 1019 1431 1074 ditione
1454 1019 1765 1089 reciperet;
1789 1014 2060 1072 volebant

411 1112 566 1168 enim
599 1112 669 1166 de
695 1109 906 1181 seipsis
938 1126 1112 1164 suum
1141 1107 1384 1163 dilatare
1417 1107 1753 1179 imperium,
1776 1104 1963 1177 magis
1980 1104 2061 1162 af-
2087 1167 2095 1174 ο

409 1203 691 1256 fectantes
719 1214 891 1253 suum
927 1214 1101 1268 quam
1133 1195 1373 1251 alterius
1405 1193 1933 1268 principatum.Est
1961 1211 2061 1248 au-

413 1295 529 1346 tem
560 1286 832 1360 Neapolis
862 1286 1064 1341 civitas
1095 1285 1435 1357 Cariaque:
1457 1289 1545 1340 est
1575 1283 1870 1356 provincia
1889 1281 2055 1338 Asiae.

414 1380 552 1445 Rex,
587 1381 822 1448 accepto
871 1374 1136 1440 consilio,
1169 1374 1329 1429 misit
1379 1374 1452 1430 ad
1498 1372 1630 1430 illos
1679 1371 2059 1430 Eustachium

410 1469 649 1523 fratrem
681 1482 876 1532 suum,
911 1469 969 1520 et
1008 1463 1397 1528 Taneredum,
1429 1479 1564 1518 eum
1620 1479 1834 1534 magna
1881 1477 2060 1516 manu

411 1556 667 1612 militum
699 1559 755 1611 et
784 1553 1046 1627 peditum
1073 1571 1086 1622 ;
1121 1569 1270 1624 quos
1302 1551 1385 1608 illi
1416 1568 1550 1607 cum
1577 1567 1800 1624 magnae
1823 1565 2060 1612 venera-

411 1645 589 1702 tionis
642 1644 832 1700 ofﬁcio
891 1645 1297 1715 susceperunt,
1329 1645 1386 1697 et
1414 1641 1638 1712 seipsos
1671 1645 1727 1695 et
1767 1639 2060 1694 civitatem

413 1735 473 1790 in
505 1736 632 1806 ejus
663 1733 943 1788 ditionem
974 1731 1360 1786 tradiderunt.

1057 1818 1288 1874 CAPUT
1330 1819 1425 1874 III.

489 1913 634 1968 Cum
665 1911 786 1966 haec
816 1910 897 1964 ita
929 1908 1052 1964 fieri
1081 1905 1540 1980 ineiperent,ills
1571 1911 1869 1963 tortuosus
1898 1909 1956 1961 et
1975 1903 2060 1960 lu-

418 2003 616 2058 bricus
641 1998 986 2074 anguis,qui
1011 1997 1271 2053 fidelium
1295 2013 1528 2068 semper
1544 1996 1759 2052 invidet
1783 1993 2060 2062 felicitati,

421 2092 661 2148 titulum
693 2088 916 2145 scilicet
947 2085 1261 2143 Christiani
1293 2085 1548 2142 nominis
1578 2084 1658 2140 ita
1689 2083 1978 2155 ampliari,
2009 2087 2068 2139 et

423 2196 668 2253 regnum
702 2181 983 2233 renovate
1013 2174 1339 2232 Jerusalem
1373 2175 1453 2230 ita
1479 2173 2066 2240 dilatari,admodum

423 2268 692 2325 indoluit.
728 2268 798 2322 Et
827 2265 1184 2321 Clementem
1233 2264 1351 2318 imo
1391 2264 1721 2319 dementem
1756 2261 2068 2318 admiravi-

424 2375 556 2414 sum
606 2355 954 2428 Babylonia,
990 2358 1192 2409 contra
1240 2353 1400 2424 ipsos
1448 2351 1581 2406 felle
1630 2351 1962 2417 commovit,
2013 2354 2070 2404 et

419 2465 551 2503 cum
586 2446 712 2519 ipso
744 2460 976 2500 omnem
1010 2441 1302 2498 Orientem
1351 2439 1639 2496 excitavit.
1674 2439 1937 2512 Speravit
1983 2443 2068 2495 et-

420 2537 576 2592 enim
609 2534 788 2590 totius
823 2531 1056 2588 malitis:
1087 2534 1494 2603 praesumptor,
1513 2545 1716 2584 omnes
1749 2528 1879 2584 illos
1902 2534 1960 2584 et
1980 2545 2072 2584 ur-

420 2627 552 2682 bem
587 2623 798 2688 delere,
831 2626 886 2677 et
919 2619 1262 2676 memoriam
1297 2617 1584 2674 Dominici
1628 2617 1881 2690 sepulcri
1934 2618 2070 2672 fun-

423 2715 584 2770 ditus
614 2711 864 2768 abolere.
885 2710 996 2766 Sed
1029 2709 1182 2764 sicut
1212 2707 1598 2781 cogitationes
1626 2707 1934 2762 hominum
1973 2723 2070 2762 va-

427 2821 512 2860 nae
545 2800 799 2866 sunt,ita
828 2803 886 2854 et
915 2797 1184 2871 potentiae
1216 2799 1586 2852 evanescunt.
1625 2793 1866 2868 Collegit
1895 2794 2076 2868 igitur

427 2889 714 2965 quidquid
765 2887 953 2961 potuit
1008 2887 1338 2950 hominum,
1371 2888 1428 2941 et
1477 2900 1760 2957 pomposo
1791 2888 2073 2956 apparatu

430 2979 776 3038 Ascalonem
811 2975 1088 3048 pervenit.
1123 2977 1245 3041 Quo
1277 2991 1410 3030 cum
1439 2973 2075 3046 pervenisset,nuntius

432 3072 502 3127 ad
537 3085 729 3142 regem
764 3066 1012 3122 festinus
1041 3065 1222 3130 venit,
1256 3068 1314 3118 et
1343 3079 1464 3118 rem
1497 3068 1561 3118 ut
1589 3067 1733 3128 erat,
1757 3062 1806 3117 ei
1840 3062 2076 3119 intima-

427 3159 660 3216 vit.Nec
690 3173 855 3210 mora
882 3153 1056 3227 longa
1087 3153 1213 3221 fuit,
1233 3151 1388 3224 quod
1419 3169 1516 3207 rex
1546 3152 1618 3206 ad
1645 3151 1779 3207 illos
1803 3168 1953 3222 quos
1974 3151 2078 3208 mi-

2161 567 2353 624 voeari
2386 566 2679 638 praecepit,
2713 569 2770 622 et
2799 566 2870 621 ab
2901 582 2970 620 eo
3004 563 3317 620 consilium
3351 561 3594 635 aeeepit,
3613 567 3676 616 ut
3705 577 3817 634 per

2163 660 2346 712 totam
2393 656 2688 712 civitatem
2735 657 3183 727 preconaretur,
3216 669 3331 724 quo
3377 651 3439 707 in
3485 650 3816 706 crastinum

2163 761 2397 802 summo
2428 761 2600 802 mane
2630 760 2832 800 omnes
2864 744 2936 799 ad
2967 742 3274 800 ecclesiam
3315 741 3714 808 convenirent,
3745 743 3819 795 ut

2165 839 2297 907 post
2325 850 2492 890 saera
2521 833 2839 889 missarum
2879 831 3169 890 solemnia
3220 829 3507 886 Dominici
3556 827 3820 902 corporis

2163 921 2580 980 eucharistiam
2609 921 2992 994 perciperent,
3007 925 3066 976 et
3083 920 3158 976 ad
3181 919 3401 976 bellum
3415 934 3622 974 versus
3647 919 3823 974 Asca-

2166 1011 2365 1068 lonam
2397 1011 2749 1083 equitarent.

2238 1101 2459 1156 Rumor
2488 1100 2596 1156 iste
2627 1099 2870 1156 minime
2901 1097 3262 1171 perturbavit
3309 1096 3537 1152 animos
3568 1095 3821 1152 audien-

2167 1189 2454 1256 tium,sed
2488 1206 2598 1244 nox
2630 1187 3000 1262 subsequens
3031 1187 3154 1244 visa
3181 1192 3272 1242 est
3298 1185 3384 1242 illi
3419 1187 3657 1241 tardiori
3682 1202 3819 1241 suc-

2167 1295 2335 1334 cessu
2368 1278 2697 1350 protensior
2721 1277 2948 1342 caeteris
2979 1275 3276 1333 exstitisse
3309 1293 3322 1331 :

2168 1368 2234 1416 Ut
2263 1367 2491 1430 primum
2521 1367 2782 1417 matutina
2813 1371 2975 1430 caput
2998 1379 3190 1416 aurora
3217 1365 3433 1423 levavit,

2167 1437 2247 1488 Ad
2272 1437 2484 1486 missam
2519 1451 2776 1488 resonans
2807 1442 3028 1488 cunctos
3057 1449 3316 1500 campana
3344 1435 3571 1484 vocavit.

2170 1509 2328 1558 Missa
2351 1512 2650 1571 peroretur,
2683 1508 2915 1572 populus
2947 1509 3169 1557 Domino
3197 1507 3450 1556 sociatur.

2167 1581 2295 1639 Qum
2324 1580 2735 1637 benedicuntur,
2767 1595 2916 1630 saera
2943 1591 3172 1628 munera
3200 1579 3326 1627 dum
3357 1578 3666 1641 capiuntur,

2167 1651 2282 1701 Exit
2311 1651 2378 1700 ab
2408 1651 2631 1700 ecclesia
2659 1651 2828 1713 plebs,
2859 1653 3020 1714 atque
3046 1649 3282 1698 cucurrit
3313 1648 3379 1697 ad
3410 1662 3576 1707 arma,

2167 1721 2230 1770 Et
2252 1720 2444 1784 jejuna
2471 1735 2630 1772 suum
2659 1721 2928 1772 contraria
2956 1721 3128 1784 pergit
3155 1720 3222 1769 ad
3249 1719 3479 1768 hostem.

2168 1791 2411 1849 Classica,
2443 1792 2617 1849 sistra,
2646 1793 2809 1847 tubae,
2839 1795 3124 1855 postquam
3153 1804 3251 1840 rex
3278 1789 3390 1839 exit
3419 1789 3486 1838 ab
3519 1789 3671 1852 urbe,

2085 1856 2138 1925 Β
2167 1863 2462 1912 Insonuere
2495 1863 2652 1911 simul
2688 1877 2699 1912 :
2731 1877 2960 1926 quorum
2991 1862 3334 1925 clangoribus
3383 1873 3573 1910 omnes

2173 1935 2232 1983 In
2259 1947 2448 2000 gyrum
2478 1939 2704 1994 montes,
2739 1948 2858 1983 cum
2887 1933 3114 1982 vallibus
3143 1932 3543 1991 eehonisabant,

2172 2005 2554 2067 Terroremque
2587 2006 2698 2054 suis
2727 2004 2956 2054 inimicis
2985 2004 3335 2053 incutiebant.

2174 2085 2260 2142 Ita
2291 2085 2612 2156 procedunt
2641 2086 2712 2140 ad
2747 2084 3011 2157 praelium
3043 2083 3391 2139 Christianae
3442 2083 3617 2152 acies,
3639 2083 3830 2142 Deum

2173 2173 2453 2229 victorem
2486 2173 2644 2240 belli,
2677 2190 2915 2246 corpore
2944 2177 3002 2228 et
3031 2176 3222 2228 mente
3255 2177 3574 2245 gestantes,
3605 2177 3664 2228 et
3693 2191 3832 2246 pro-

2177 2267 2375 2334 pterea
2415 2279 2530 2318 non
2561 2268 2856 2318 terrentur
2897 2262 3205 2318 hominum
3251 2261 3371 2317 ulla
3424 2262 3830 2334 multitudine,

2177 2351 2317 2423 quia
2347 2369 2461 2406 non
2493 2352 2796 2407 confidunt
2826 2351 2883 2406 in
2908 2351 3153 2417 sua,sed
3179 2351 3237 2405 in
3262 2351 3452 2422 ipsius
3473 2351 3834 2408 virtute.Pa-

2177 2438 2433 2495 triareha
2450 2440 2687 2512 quidem
2708 2439 3020 2512 dereliquit
3040 2440 3193 2496 vices
3211 2457 3350 2495 suas
3371 2439 3534 2495 Petro
3547 2441 3829 2507 eremite,

2179 2533 2244 2585 ut
2270 2529 2485 2585 missas
2515 2529 2832 2597 ordinaret,
2865 2527 3157 2584 orationes
3187 2528 3585 2596 constitueret,
3609 2535 3667 2585 et
3695 2547 3836 2602 pro-

2180 2618 2474 2674 eessiones
2505 2621 2878 2690 componeret
2896 2619 2968 2673 ad
2993 2617 3352 2690 sepulcrum,
3375 2622 3439 2672 ut
3459 2619 3608 2674 Deus
3631 2618 3834 2687 homo,

2181 2707 2282 2778 qui
2317 2707 2375 2760 in
2406 2724 2471 2762 eo
2494 2707 2706 2778 jaeuit,
2740 2707 2956 2779 populo
2997 2723 3104 2762 suo
3149 2707 3313 2762 fieret
3359 2706 3418 2762 in
3463 2707 3834 2780 praesidium.

2181 2800 2442 2868 Cumque
2473 2814 2571 2851 rex
2601 2812 2732 2850 cum
2767 2812 2875 2850 suo
2907 2795 3159 2851 exercitu
3191 2796 3414 2852 veniret
3461 2797 3530 2851 ad
3589 2797 3838 2864 ﬂumen,

2183 2884 2338 2956 quod
2369 2889 2458 2940 est
2487 2885 2642 2940 circa
2671 2883 3040 2950 Ascalonam,
3071 2884 3291 2940 invenit
3319 2883 3399 2939 ibi
3430 2884 3618 2940 multa
3649 2884 3844 2941 miliia

2185 2973 2383 3042 boum,
2419 2973 2794 3039 camelorum,
2837 2973 3160 3040 asinorum,
3193 2973 3488 3029 mulorum
3537 2979 3596 3030 et
3643 2974 3844 3030 mula-

2186 3080 2316 3118 rum
2345 3081 2358 3130 ;
2393 3080 2519 3134 quae
2553 3080 2667 3119 non
2700 3062 2891 3119 solum
2922 3069 3087 3118 erant
3116 3063 3185 3118 de
3213 3063 3463 3130 civitate,
3487 3064 3588 3118 sed
3621 3069 3678 3119 et
3697 3079 3840 3120 eum

2186 3153 2440 3207 exercitu
2473 3152 2808 3208 admiravisi
2840 3157 3136 3208 venerant.
3171 3153 3305 3217 Quae
3352 3153 3551 3208 omnia
3596 3158 3840 3210 centum

428 3252 582 3307 serat
613 3246 794 3312 misit,
829 3248 893 3299 ut
924 3243 1189 3298 videlicet
1221 3241 1564 3297 festinarent
1607 3241 1679 3296 ad
1729 3241 1946 3296 bellum
1978 3258 2072 3297 ve-
2105 3227 2146 3293 C
2185 3241 2404 3297 Arabes
2432 3241 2860 3308 custodiebant,
2894 3241 2994 3297 sed
3030 3247 3094 3296 ut
3121 3241 3380 3314 primum
3412 3247 3645 3297 nostros
3675 3243 3842 3299 vide-

429 3340 574 3406 nire,
607 3335 764 3408 quod
814 3335 1238 3406 praeparaverat
1282 3330 1675 3386 admiravisus
1725 3330 2074 3402 Babyloniae,

428 3430 556 3500 Ipse
587 3425 742 3480 enim
767 3423 891 3493 jam
925 3437 1058 3476 cum
1079 3419 1392 3474 innumera
1416 3422 1587 3490 gente
1616 3418 1910 3474 Ascalonze
1931 3422 2074 3488 erat,

427 3522 486 3574 et
519 3511 954 3584 Hierosolyman
986 3509 1253 3564 obsidere
1284 3507 1720 3578 parabat.Quod
1747 3507 1847 3562 ubi
1878 3509 2076 3565 Eusta-

428 3605 600 3661 chius
629 3607 684 3657 et
713 3598 1072 3664 Tancredus,
1103 3597 1410 3668 ceterique
1460 3595 1565 3650 viri
1614 3595 1925 3652 bellatores
1969 3615 2076 3653 au-

427 3688 1016 3750 dierunt.imminens
1045 3685 1180 3741 belli
1215 3685 1511 3756 negotium
1535 3684 1929 3756 Neapolitanis
1948 3685 2078 3742 civi-

430 3784 540 3839 bus
572 3779 971 3842 ostenderunt,
1005 3779 1060 3830 et
1105 3773 1232 3830 vale
1282 3775 1368 3829 eis
1421 3774 1702 3839 dicentes,
1738 3790 1870 3829 cum
1923 3775 2074 3830 bono

428 3867 627 3944 gaudii
659 3871 715 3922 et
742 3864 1009 3921 amicitiae
1041 3863 1459 3918 discesserunt.
1479 3861 1670 3917 Nostri
1695 3863 1913 3935 quippe
1935 3864 2076 3918 Tur-

429 3974 629 4015 corum
662 3970 966 4011 occursum
993 3952 1413 4018 desiderantes,
1431 3956 1710 4007 montana
1726 3953 2077 4008 conscende-

429 4050 586 4112 runt,
620 4050 676 4100 et
705 4047 828 4099 tota
856 4042 949 4098 die
979 4058 1045 4096 ae
1079 4045 1244 4096 nocte
1275 4041 1578 4095 insomnes
1607 4044 1664 4095 et
1694 4040 1940 4111 inquieti
1963 4041 2076 4096 Ca3-

429 4151 656 4192 saream
689 4133 1092 4205 pervenerunt.
1128 4129 1188 4185 In
1223 4129 1545 4184 crastinum
1572 4129 1743 4199 juxta
1766 4145 1925 4184 mare
1949 4147 2073 4185 am-

427 4224 796 4286 bulaverunt,
831 4225 887 4276 et
924 4220 996 4275 ad
1047 4219 1366 4291 quamdam
1411 4218 1616 4273 urbem
1651 4235 1778 4288 quae
1831 4218 2074 4275 Ramola

426 4313 642 4370 dicitur
672 4307 1425 4384 pervenerunt,multosque
1450 4305 1528 4361 ibi
1559 4307 1777 4362 Arabes
1809 4307 1910 4378 qui
1935 4307 2070 4362 belli

425 4416 811 4476 prrecursores
843 4401 1026 4466 erant,
1062 4397 1428 4452 invenerunt.
1450 4397 1604 4461 Quos
1638 4395 1864 4450 fortiter
1885 4396 2069 4451 nostri

423 4491 816 4562 insequentes,
834 4485 1030 4558 plures
1058 4503 1125 4541 ex
1151 4486 1237 4541 eis
1267 4483 2071 4556 apprehenderunt,quiipsis

2185 3334 2343 3398 runt,
2377 3334 2433 3385 et
2465 3330 2718 3402 pradam
2753 3331 2838 3386 eis
2869 3330 3333 3402 dereliquerunt,
3368 3336 3425 3386 et
3457 3331 3608 3404 fugae
3639 3331 3840 3387 subsi-

2187 3419 2348 3473 dium
2382 3419 2498 3474 sibi
2533 3419 2910 3491 quzesierunt.
2945 3420 3141 3475 Nostri
3173 3436 3306 3475 vero
3353 3421 3642 3492 persecuti
3694 3425 3840 3477 sunt

2185 3507 2337 3575 illos,
2371 3508 2470 3563 sed
2503 3507 2936 3580 apprehendere
2966 3525 3081 3564 non
3131 3513 3447 3580 potuerunt
3495 3508 3608 3564 nisi
3659 3509 3832 3566 duos.

2184 3597 2443 3651 Praedam
2476 3603 2670 3652 autem
2702 3597 3034 3653 universam
3067 3603 3480 3669 rapuerunt,et
3502 3597 3833 3654 Jerusalem

2183 3702 2252 3741 ex
2281 3703 2350 3740 ea
2376 3686 2609 3758 copiose
2635 3686 2983 3742 ditaverunt.
3021 3687 3138 3742 Rex
3169 3686 3405 3758 quidem
3439 3686 3532 3741 die
3554 3687 3683 3758 jam
3732 3687 3838 3744 ad-

2181 3780 2641 3846 vesperascente,
2674 3775 2971 3832 vociferari
3023 3776 3296 3847 praecepit
3339 3793 3442 3847 per
3490 3777 3836 3832 universum

2183 3880 2416 3934 agmen,
2449 3869 2514 3918 ut
2560 3881 2764 3920 omnes
2809 3864 3196 3936 quiescerent.
3231 3869 3288 3919 et
3337 3864 3524 3936 primo
3571 3864 3837 3922 diluculo

2182 3957 2624 4025 consurgerent,
2659 3970 2838 4025 seque
2869 3951 3017 4008 bello
3051 3957 3462 4026 prapararent.
3496 3954 3840 4011 Patriareba

2179 4058 2312 4097 vero
2343 4041 2855 4097 anathematizavit
2899 4059 3124 4109 omnes,
3160 4042 3260 4113 qui
3302 4043 3359 4097 in
3412 4042 3510 4098 illo
3555 4043 3837 4100 conflictu

2179 4130 2407 4201 aliquid
2437 4146 2660 4202 rapere,
2695 4135 2829 4186 ante
2860 4137 3234 4186 consecutam
3265 4131 3592 4186 victoriam.

2253 4220 2428 4274 Nocte
2457 4219 2638 4292 igitur
2664 4224 3194 4286 transacta,aurora
3211 4219 3384 4276 solito
3405 4220 3618 4276 clarior
3633 4220 3837 4278 incan-

2177 4309 2327 4374 duit,
2361 4313 2419 4364 et
2452 4307 2678 4363 nostros
2702 4325 2735 4363 a
2766 4325 2972 4364 somno
3003 4309 3437 4366 exeitavit.8rat
3457 4315 3655 4365 autem
3688 4310 3836 4368 feria

2179 4403 2360 4464 sexta,
2395 4397 2453 4460 in
2487 4414 2604 4468 qua
2647 4396 2912 4453 Salvator
2941 4397 3172 4470 generis
3224 4397 3489 4466 humani,
3525 4399 3832 4456 diabolum

2177 4503 2373 4558 regem
2417 4485 2768 4558 Babyloniae,
2815 4486 3075 4558 trophaeo
3125 4488 3316 4543 crucis
3367 4489 3725 4560 prostravit;
3775 4493 3830 4545 et

423 4596 657 4634 omnem
705 4575 842 4632 belli
891 4579 1240 4648 apparatum
1290 4572 1350 4630 in
1391 4572 1633 4628 veritate
1687 4578 2065 4643 aperuerunt.
2097 4597 2144 4661 ο
2178 4592 2335 4632 nunc
2381 4575 2589 4630 iterum
2641 4574 3060 4630 admiravisum
3093 4593 3212 4632 sum
3246 4575 3706 4650 Babylonia,per
3736 4595 3830 4634 sa-

422 4670 545 4735 Qua
556 4685 616 4722 re
630 4669 948 4738 comperta,
964 4664 1204 4719 nuntios
1217 4661 1514 4718 velocibus
1529 4659 1696 4732 equis
1719 4661 2064 4729 insidentes,

420 4757 541 4832 regi
575 4755 746 4812 citius
776 4754 1136 4827 legaverunt,
1167 4756 1232 4807 ut
1268 4767 1473 4807 omnes
1521 4750 1742 4822 absque
1789 4749 2068 4808 dilatione

421 4847 818 4902 commoneret
845 4861 857 4899 :
883 4847 940 4899 et
967 4846 1170 4899 contra
1197 4839 1542 4897 Ascalonem
1575 4839 1647 4895 ad
1679 4838 1899 4895 bellum
1935 4857 2068 4912 pro-

420 4936 666 4990 cederet.
700 4934 801 4988 Est
846 4936 1044 4988 autem
1092 4929 1378 4986 Asealona
1423 4927 1627 4984 civitas
1670 4927 1925 5002 insignis
1966 4929 2068 4985 Pa-

418 5023 678 5088 lmstinze,
711 5021 911 5094 viginti
946 5019 1205 5093 quinque
1237 5016 1531 5073 milliariis
1561 5017 1788 5073 distans
1818 5017 1891 5072 ab
1936 5017 2068 5072 Hie-

419 5113 745 5185 rosolyma;
779 5127 955 5182 quam
989 5107 1286 5180 quondam
1331 5106 1606 5179 allophyli
1654 5106 2066 5174 condiderunt,

417 5207 472 5258 et
519 5200 867 5256 Ascalonem
917 5215 984 5254 ex
1032 5196 1268 5252 nomine
1317 5195 1512 5264 Celon,
1565 5195 1665 5267 qui
1724 5195 1837 5251 fuit
1883 5213 2064 5268 nepos

414 5290 599 5346 Cham
639 5293 695 5344 et
745 5287 901 5342 filius
956 5285 1249 5353 Mesraim,
1281 5288 1650 5340 vocaverunt.
1685 5283 1816 5340 Fuit
1867 5289 2061 5342 autem

413 5394 646 5449 semper
674 5375 1032 5432 adversatrix
1061 5373 1408 5442 Jerusalem,
1442 5377 1498 5429 et
1537 5390 1670 5428 cum
1722 5373 1915 5430 vicina
1963 5374 2062 5441 sit,

412 5471 611 5522 tamen
661 5465 828 5522 nulta
857 5481 1120 5537 unquam
1147 5462 1539 5518 familiaritate
1557 5463 1834 5535 eonjnngi
1855 5463 2058 5520 voluit.

411 5557 478 5612 In
527 5553 637 5610 hac
686 5555 868 5631 igitur
925 5552 1317 5612 admiravisus
1367 5549 1697 5625 Babyloniae
1751 5556 1892 5619 erat,
1927 5568 2060 5609 eum

410 5643 603 5706 nuntii
635 5644 706 5712 ed
745 5662 942 5726 regem
972 5646 1273 5718 venerunt,
1306 5646 1364 5703 et
1389 5657 1520 5720 qua
1547 5657 1734 5717 supra
1780 5639 2057 5713 diximus,

2175 4663 2389 4719 tellites
2415 4680 2554 4718 suos
2585 4663 2869 4719 Dominus
2900 4665 3216 4735 superavit.
3271 4666 3410 4732 Rex,
3443 4671 3509 4720 ut
3553 4665 3831 4738 superius

2175 4753 2454 4817 diximus,
2489 4752 2704 4808 flumen
2744 4753 3144 4819 transmeavit,
3177 4756 3277 4810 sed
3328 4755 3661 4827 patriarcha
3693 4770 3828 4810 cum

2177 4841 2468 4914 episcopis
2499 4840 2749 4912 aliisque
2779 4842 3073 4915 religiosis
3091 4843 3250 4908 viris,
3268 4849 3389 4898 tam
3407 4844 3624 4899 Grecis
3646 4859 3830 4915 quam

2179 4930 2424 4997 Latinis,
2457 4929 2605 4986 citra
2645 4932 2955 4986 remansit.
3013 4934 3320 4988 Descendit
3368 4933 3567 5005 itaque
3615 4949 3716 4988 rex
3768 4932 3828 4988 in

2177 5020 2494 5092 quamdam
2523 5017 2731 5074 vallem
2764 5021 3090 5091 speciosam
3113 5027 3170 5076 et
3191 5021 3513 5092 spatiosam
3547 5037 3682 5075 eum
3700 5020 3828 5076 suis

2177 5109 2477 5174 omnibus,
2497 5113 2554 5163 et
2583 5125 2751 5164 secus
2783 5108 2950 5164 littus
2981 5110 3160 5166 maris
3181 5109 3658 5181 intravit,ibique
3685 5125 3828 5165 suas

2173 5197 2326 5253 acies
2355 5197 2670 5254 ordinavit.
2696 5197 2824 5269 Ipse
2853 5215 3022 5253 suam
3055 5199 3366 5254 constituit
3397 5199 3649 5270 primam
3677 5216 3691 5266 ;
3725 5215 3827 5254 eo-

2175 5303 2298 5342 mes
2327 5286 2768 5341 Northmannus
2800 5287 3146 5356 secundam;
3167 5303 3362 5342 comes
3385 5287 3584 5343 Sancti
3607 5285 3824 5360 Egidii

2170 5374 2404 5430 tertiam
2431 5393 2444 5442 ;
2479 5391 2673 5430 eomes
2705 5375 3079 5432 Flandrensis
3125 5381 3395 5448 quartam
3422 5417 3436 5442 ,
3469 5392 3667 5431 comes
3708 5375 3825 5431 Eu-

2171 5462 2433 5520 stachius
2465 5468 2523 5519 et
2555 5464 2815 5520 Tancred
2829 5481 2898 5520 us
2928 5469 2986 5520 et
3013 5465 3274 5521 Guaston
3298 5465 3370 5521 de
3402 5465 3614 5522 Behert
3644 5463 3824 5537 quin-

2173 5556 2315 5608 tam.
2351 5552 2735 5627 Universique
2766 5553 2990 5627 pedites
3021 5569 3156 5609 cum
3203 5555 3458 5630 sagittis,
3491 5557 3549 5610 et
3577 5552 3737 5628 pilis,
3769 5556 3826 5610 et

2171 5640 2302 5700 telis
2333 5646 2775 5718 praeposuerunt
2803 5658 2865 5702 se
2899 5641 3212 5715 militibus,
3245 5648 3301 5702 et
3330 5644 3414 5701 sic
3443 5641 3702 5702 ordinati
3725 5643 3825 5703 ob-
