3996 6096
191 287 322 351 753

960 285 1304 353 nomen
1349 280 1696 353 MONACH'I
1741 290 1946 354 ms'r.
1990 279 2401 356 meneseL.
2428 317 2505 339 -—
2535 279 2684 358 Lis.
2729 291 2836 356 IX.

3479 291 3600 354 754

190 419 454 479 viamire
472 421 1402 497 eruperuntBabyioniensibuan
1427 425 1661 480 dextera
1683 430 1845 497 parte
1873 427 1926 493 Α
1957 429 2210 482 strorum
2243 425 2470 501 gladios
2517 427 2914 501 impellebant.
2948 424 3284 484 Tancredus
3329 431 3385 482 et
3433 425 3596 482 Bolo-

183 514 358 585 juxta
395 521 577 578 mare,
607 529 803 568 comes
833 513 1030 568 Sancti
1059 513 1266 587 [Egidii
1314 514 1455 579 fuit;
1489 514 1548 569 in
1600 514 1842 570 sinistra

184 617 324 658 vero
352 618 473 672 rex,
488 601 586 658 ubi
619 604 809 672 major
838 603 1095 658 hostium
1127 603 1406 659 fortitudo
1438 603 1835 671 incumbebat,

185 691 490 762 equitavit.
526 690 682 746 inter
709 691 817 747 hos
847 691 948 746 alii
973 709 1178 748 omnes
1209 693 1462 748 fuerunt.

257 780 373 836 Sed
405 796 518 835 non
551 785 642 836 est
669 781 1140 852 praetereundum
1171 781 1313 854 quid
1348 782 1619 838 Clemens
1650 782 1837 838 admi-

181 869 418 925 ravisus
459 869 690 934 dixi-rit,
722 885 856 924 cum
907 869 959 925 ei
1010 871 1166 942 quod
1216 871 1398 926 nostri
1451 876 1652 926 contra
1702 888 1835 926 eum

184 958 532 1030 equitabant
560 958 631 1012 ad
667 957 935 1030 prelium
967 959 1300 1014 nuntiatum
1333 959 1560 1015 fuit.De
1583 960 1838 1016 serotina

181 1047 343 1106 enim
375 1048 570 1119 praeda
601 1063 778 1119 quam
807 1047 991 1103 nostri
1023 1054 1316 1119 ceperant,
1350 1047 1550 1104 nullus
1581 1047 1631 1104 ei
1684 1066 1835 1103 nun-

181 1135 450 1203 tiaverat,
483 1135 761 1208 quoniam
795 1136 908 1192 nisi
936 1135 1068 1192 leta
1105 1141 1163 1193 et
1209 1154 1489 1209 prospera
1534 1135 1734 1192 nullus
1783 1137 1834 1193 ei

183 1224 378 1280 dicere
408 1225 968 1296 praesumebatquia
999 1225 1056 1278 in
1088 1225 1303 1297 gaudio
1335 1241 1570 1298 semper
1589 1243 1719 1282 esse
1736 1243 1834 1281 vo-

182 1311 362 1368 lebat.
387 1313 735 1385 Quicunque
755 1313 912 1368 enim
933 1311 986 1369 ei
1008 1314 1252 1369 adversa
1273 1315 1834 1385 nuntiabat,nullam

181 1399 463 1474 deincep
491 1401 738 1474 gratiam
770 1403 832 1457 in
864 1407 1176 1476 conspectu
1203 1405 1332 1475 ejus
1364 1403 1836 1460 inveniebat.Nec

177 1489 352 1546 illum
382 1494 582 1545 tamen
613 1489 736 1544 ulla
759 1507 850 1546 res
882 1506 1156 1562 possessa
1185 1508 1292 1546 suo
1323 1492 1605 1548 distractu
1635 1493 1834 1548 turba-

177 1583 341 1635 verat
373 1582 548 1634 tanta:
579 1578 875 1634 facultatis
905 1583 1030 1634 erat
1068 1580 1222 1651 quod
1274 1581 1634 1636 remanebat.
1665 1582 1736 1636 Et
1763 1597 1844 1636 ne»

179 1666 459 1724 frivolum
489 1679 620 1723 sese
647 1667 806 1722 dicat
825 1668 961 1740 quis
983 1669 1136 1741 quod
1159 1669 1376 1724 dicturi
1400 1683 1670 1737 sumus,a-
1690 1687 1834 1742 quo-

179 1757 315 1812 dam
347 1756 556 1821 Turco,
590 1757 692 1828 qui
722 1756 843 1812 haec
875 1761 1079 1829 postea
1126 1758 1186 1812 in
1235 1758 1561 1814 Jerusalem
1612 1755 1830 1827 retulit,

178 1844 522 1911 habuimus,
555 1845 655 1917 qui
681 1849 890 1918 sponte
920 1863 1032 1901 sua
1061 1847 1248 1902 factus
1297 1851 1388 1902 est
1435 1847 1830 1917 Christianus,

177 1940 238 1990 et
265 1934 325 1990 in
361 1934 720 2006 baptismate
744 1937 984 1990 vocatus
1015 1938 1103 1992 est
1151 1935 1550 1991 Boamundus.
1585 1937 1832 1994 Summo

175 2023 386 2096 itaque
408 2038 581 2078 mane
611 2023 834 2078 dictum
865 2028 955 2079 est
984 2024 1059 2090 ei,
1093 2025 1244 2094 quod
1281 2039 1477 2080 revera
1499 2026 1702 2081 Franci
1734 2043 1832 2099 pa-

177 2113 290 2168 rati
321 2116 492 2168 erant
521 2112 594 2167 ad
626 2110 918 2184 praelium,
953 2118 1011 2168 et
1033 2114 1186 2185 quod
1211 2114 1338 2185 jam
1383 2129 1562 2186 prope
1611 2122 1828 2186 essent,

175 2202 480 2259 venientes
507 2205 710 2257 centra
731 2201 1121 2273 ipsum.'l~‘unc
1143 2201 1326 2258 fertur
1346 2203 1590 2259 demens
1611 2203 1830 2261 dixisse

176 2289 432 2348 nuntio:
467 2289 626 2363 Quid
671 2290 816 2346 mihi
1056 2307 1168 2346 non
1215 2291 1386 2349 audeo
1433 2293 1666 2360 cratere,
1699 2295 1832 2364 quia

173 2393 272 2438 nec
297 2381 470 2436 etiam
499 2380 646 2434 intra
676 2384 872 2436 muros
897 2381 1199 2436 Jerusalem
1245 2389 1460 2437 aestimo
1509 2382 1632 2436 illo:
1678 2390 1829 2439 (nve-

173 2472 318 2527 m'rc.
348 2468 454 2525 Cui
503 2474 564 2524 et
605 2468 704 2524 ille
737 2487 750 2524 :
783 2471 1100 2526 Certissima
1145 2470 1299 2536 sciat,
1334 2471 1578 2537 Domine,
1610 2473 1826 2543 magni-

174 2560 310 2616 tudo
335 2565 453 2627 ma,
486 2560 619 2631 quia
660 2559 848 2630 parati
895 2558 965 2613 ad
1011 2557 1277 2630 praelium
1325 2560 1572 2624 veniunt,
1619 2567 1672 2614 et
1706 2560 1833 2631 jam

170 2665 340 2723 prope
367 2653 516 2703 siml.
548 2647 710 2702 Tunc
733 2646 1010 2719 praecepit
1032 2649 1097 2702 ut
1118 2663 1321 2702 omnes
1347 2649 1513 2702 arma
1533 2651 1824 2720 caperent,

175 2742 232 2795 et
259 2738 338 2794 ad
371 2735 591 2792 bellum
642 2739 1041 2809 properarent,
1072 2739 1336 2807 Cumque
1385 2734 1572 2808 parati
1621 2751 1828 2793 omnes

172 2843 241 2883 ex
269 2827 521 2883 adverso
552 2829 794 2890 starent,
828 2829 884 2880 et
913 2825 1040 2896 ipse
1088 2830 1320 2880 nostros
1353 2823 1604 2881 intuitus
1649 2829 1825 2892 esset,

172 2916 320 2973 dixit
355 2931 370 2970 :
405 2936 436 2965 (ι
463 2913 512 2970 Ο
539 2930 782 2986 regnum
815 2913 1145 2986 Babylonia:
1175 2913 1408 2968 cunctis
1431 2914 1628 2986 regnis
1659 2916 1828 2970 ante-

171 3005 416 3070 cellens,
449 3009 736 3076 quantum
795 3002 1052 3058 dedecus
1099 3002 1272 3058 hodie
1321 3002 1560 3074 pateris,
1607 3003 1666 3058 in
1717 3001 1826 3058 hoc

170 3093 330 3168 quod
365 3091 597 3147 tantilla
625 3094 1001 3163 gens,contra
1031 3094 1086 3145 te
1111 3090 1310 3146 venire
1340 3089 1673 3161 praeumitl
1707 3090 1826 3162 Ego

1950 515 2172 571 niensis
2203 533 2399 572 comes
2431 517 2782 574 Eustachius
2812 517 3111 574 irruerunt
3136 517 3196 572 in
3228 533 3430 573 eorum
3464 520 3594 572 ten-

1947 605 2114 671 toria,
2146 609 2203 660 et
2234 605 2421 661 multa
2449 607 2528 662 ibi
2579 607 2856 679 praeclara
2905 611 3181 680 egerunt;
3212 623 3338 678 quae
3371 605 3419 662 si
3452 606 3595 661 scri-

1947 693 2426 768 berentur,digna
2455 703 2652 752 essent
2683 696 2984 752 memoria.
3019 695 3227 752 Nullus
3258 700 3593 751 nostrorum

1946 783 2164 856 segnis,
2203 783 2400 840 nullus
2433 785 2677 857 pavidus
2711 790 2974 857 repertus
3003 785 3227 854 est,sed
3251 801 3453 840 omnes
3476 801 3592 840 uno

1947 873 2158 944 spiritu
2191 874 2456 943 animati,
2490 873 2845 930 unanimiter
2874 874 3592 946 prosequebanturinimi-

1946 978 2044 1018 eos
2076 963 2265 1018 crucis
2297 963 2529 1018 Christi.
2565 961 2779 1019 Mirum
2809 965 3024 1036 quippe
3055 967 3196 1031 erat,
3214 963 3369 1034 quod
3400 966 3591 1018 tanto-

1945 1068 2077 1106 rum
2112 1051 2548 1108 multitudinem
2580 1056 2937 1108 armatorum
2969 1051 3234 1124 paucitas
3257 1057 3588 1108 nostrorum

1946 1157 2062 1195 non
2112 1143 2545 1212 expavescebat,
2579 1143 2682 1197 sed
2733 1142 2930 1197 divina
2977 1142 3333 1213 suffragante
3378 1141 3585 1214 gratia,

1946 1229 2134 1302 magis
2166 1247 2231 1284 ac
2262 1231 2449 1304 magis
2478 1231 2931 1298 convalescebat,
2965 1235 3022 1286 et
3049 1246 3249 1285 eorum
3283 1230 3589 1285 cervicosi-

1942 1321 2125 1374 tatem
2158 1318 2494 1387 inclinabat,
2524 1320 2723 1390 sicque
2753 1319 2844 1375 die
2873 1324 2997 1376 tota
3038 1337 3243 1392 pugnae
3284 1319 3589 1374 conﬂictus

1945 1407 2126 1463 initur
2156 1425 2462 1481 usquequo
2494 1409 2577 1464 sol
2610 1412 2874 1464 centrum
2907 1409 3021 1481 poli
3053 1409 3411 1474 conscendit,
3444 1408 3588 1463 hora

1941 1496 2208 1552 videlicet
2239 1514 2355 1570 qua
2387 1497 2668 1553 Dominus
2699 1502 2898 1553 noster
2925 1498 3098 1554 Jesus
3129 1514 3358 1552 crucem
3390 1514 3588 1552 ascen-

1944 1585 2061 1653 dit;
2099 1587 2228 1658 ipsa
2256 1587 2459 1642 eadem
2491 1587 2635 1642 hora
2665 1604 2836 1643 omne
2867 1589 3047 1642 robur
3075 1586 3376 1641 contraria:
3397 1587 3588 1659 gentis

1943 1675 2251 1740 emarcuit,
2285 1676 2386 1746 qui
2418 1676 2499 1730 ita
2528 1693 2705 1731 sensu
2737 1677 2947 1731 mutati
2980 1681 3145 1731 erant
3174 1675 3324 1747 quod
3361 1693 3465 1731 nec
3499 1675 3588 1730 fu-

1944 1781 2078 1836 gere
2107 1767 2395 1836 poterant,
2430 1780 2534 1819 nec
2565 1781 2626 1820 se
2658 1753 2968 1820 defendere
3016 1763 3306 1820 valebant.
3339 1765 3590 1820 Arbores

1943 1853 2356 1918 ascendebant,
2393 1856 2664 1923 putantes
2695 1855 2849 1925 quod
2881 1852 2964 1909 sic
3011 1869 3073 1908 se
3119 1857 3424 1908 tuerentur
3452 1869 3523 1908 ne
3553 1870 3586 1908 a

1943 1942 2159 2020 nostris
2206 1942 2595 1998 intuerentur.
2628 1943 2822 1998 Nostri
2866 1959 3000 1997 vero
3047 1942 3405 2014 sagittabant
3454 1941 3584 1996 illos

1941 2031 2094 2087 sicut
2123 2047 2378 2108 aucupes
2407 2030 2681 2099 volatilia,
2717 2033 2772 2086 et
2797 2032 2868 2086 ad
2893 2035 3105 2086 terram
3138 2031 3435 2086 demersos
3467 2035 3585 2087 tru-

1939 2119 2230 2188 cidabant,
2266 2121 2330 2174 ut
2355 2119 2415 2174 in
2447 2119 2690 2176 macello
2721 2119 3022 2175 carniﬁces
3046 2119 3461 2174 ahimaliaAlii
3485 2136 3586 2174 au-

1937 2211 2057 2264 tem
2087 2212 2352 2264 tenentes
2383 2207 2608 2282 gladios
2641 2209 2699 2264 in
2733 2209 3028 2273 manibus,
3062 2207 3309 2280 pedibus
3354 2213 3580 2264 nostro-

1937 2313 2070 2352 rum
2102 2297 2411 2370 provoluti,
2446 2302 2610 2352 terraa
2660 2313 2722 2352 se
2770 2297 3150 2366 inclinabant,
3183 2300 3242 2352 et
3269 2297 3488 2370 erigere
3520 2314 3581 2354 se

1935 2389 2140 2442 contra-
2167 2386 2529 2442 Christianos
2545 2401 2673 2442 non
2707 2387 3018 2442 audebant.

2005 2475 2138 2540 Jam
2169 2491 2304 2532 vero
2334 2477 2525 2548 prima
2564 2493 2701 2548 pars
2748 2475 3078 2548 Babylonici
3125 2476 3410 2531 exercitus
3458 2480 3580 2531 tota

1935 2561 2218 2635 fugiebat,
2252 2566 2305 2618 et
2337 2564 2626 2635 posterior
2652 2565 2722 2620 de
2750 2565 2994 2620 victoria
3017 2566 3186 2634 cujus
3208 2565 3578 2629 esset,adhuc

1935 2651 2264 2720 dubitabat,
2307 2652 2448 2724 quia
2501 2652 2650 2708 nihil
2708 2670 2970 2726 unquam
3031 2653 3229 2708 minus
3285 2654 3575 2725 sperabat,

1935 2757 2114 2812 quam
2149 2757 2389 2795 suorum
2423 2741 2644 2813 fugam,
2668 2743 2726 2796 et
2755 2743 3056 2797 victoriam
3088 2741 3576 2797 Christianorum.

1934 2827 2080 2882 Cum
2104 2828 2260 2882 enim
2285 2845 2424 2882 suos
2445 2829 2894 2900 conspicabatur
2916 2846 3017 2900 per
3039 2829 3212 2901 plana
3237 2845 3577 2901 camporum

1933 2915 2212 2988 fugiendo
2243 2915 2589 2982 discurrere,
2614 2918 2941 2972 aestimabat
2967 2917 3098 2973 illos
3129 2918 3397 2990 persequi
3421 2917 3580 2973 Chri-

1933 3006 2176 3072 stianos,
2212 3010 2270 3061 et
2298 3005 2444 3060 velle
2473 3006 2756 3061 occidere.
2791 3007 2902 3062 Sed
2935 3011 3250 3078 postquam
3281 3023 3578 3077 comperc—

1933 3097 2072 3148 runt
2109 3094 2263 3166 quod
2315 3094 2779 3150 Christianorum
2831 3099 2954 3150 erat
3001 3094 3259 3156 victoria,
3292 3093 3574 3166 gaudium

167 3161 303 3240 vero
337 3161 653 3252 numquam
678 3178 958 3236 aestimavi
990 3177 1121 3234 illos
1153 3195 1256 3234 nec
1283 3178 1438 3233 intra
1467 3182 1632 3251 septa
1651 3161 1826 3235 etiam
1856 3161 1910 3235 (Σ
1938 3183 2091 3254 quod
2127 3161 2480 3248 imbuerant,
2514 3183 2810 3254 superavit
2854 3183 3151 3238 maestitia.
3182 3161 3344 3239 Turio
3375 3187 3431 3237 et
3461 3179 3574 3254 ipsi

169 3269 498 3343 cujuslibet
527 3268 691 3324 urbis
723 3268 1016 3336 invenire;
1049 3272 1107 3323 et
1135 3268 1247 3340 ipsi
1278 3271 1481 3322 contra
1504 3283 1597 3322 me
1619 3267 1828 3323 itinere

165 3361 288 3417 diei
319 3359 508 3415 unius
522 3358 654 3413 ausi
675 3362 814 3414 sunt
833 3355 1068 3412 venire?
1080 3357 1194 3411 Aut
1213 3371 1455 3412 sensum
1477 3355 1823 3425 amiserunt,

165 3455 274 3507 aut
303 3447 458 3504 mori
490 3447 643 3502 sicut
673 3450 730 3502 et
756 3446 947 3501 vivere
991 3445 1266 3518 diligunt.
1302 3444 1577 3516 Praecipio
1627 3445 1828 3517 itaque

160 3539 364 3605 vobis,
396 3552 429 3592 o
465 3535 795 3609 Babyionici
830 3534 1160 3602 bellatores,
1194 3537 1262 3588 ut
1309 3547 1514 3589 omnes
1562 3534 1706 3589 istos
1755 3534 1828 3589 de

161 3632 332 3687 terra
361 3625 603 3694 tollatis,
638 3623 784 3680 nulli
817 3633 1018 3696 parcat
1046 3622 1252 3679 oculus
1270 3621 1832 3694 vester,nulliusque

161 3713 601 3774 misereamini.
637 3734 666 3763 ιο
702 3713 797 3769 Sic
827 3729 966 3786 ergo
995 3711 1377 3767 commissum
1412 3716 1500 3766 est
1537 3710 1826 3784 pralium.

161 3805 410 3864 Primus
442 3801 734 3876 siquidem
767 3813 960 3857 comes
989 3799 1398 3856 Nothmanniaa
1429 3799 1601 3856 miles
1622 3800 1834 3872 imper-

159 3895 414 3953 territus
445 3908 578 3947 cum
620 3908 732 3947 sua
779 3891 902 3946 acie
951 3888 1425 3962 congressionem
1479 3889 1734 3960 inccepit,
1769 3889 1830 3943 in

154 3983 260 4040 illa
289 3981 528 4040 scilicet
565 3979 822 4052 regione.
856 3978 916 4034 in
966 3995 1084 4050 qua
1128 3976 1406 4033 vexillum
1457 3977 1828 4043 admiravisi,

156 4073 326 4145 quod
355 4069 754 4126 standardum
785 4070 1012 4134 vecant,
1047 4065 1366 4136 conspexit.
1401 4065 1510 4132 Qui
1551 4066 1702 4121 ferro
1733 4081 1835 4138 per

155 4161 396 4218 medias
409 4158 566 4214 acies
585 4157 641 4212 vi
653 4173 750 4212 am
777 4157 998 4212 interru
1010 4155 1460 4227 mpens,multas
1483 4159 1711 4227 strages
1731 4155 1830 4211 de-

157 4251 268 4316 dit,
300 4252 367 4305 et
394 4248 638 4302 tandem
671 4247 743 4301 ad
798 4244 964 4300 illum
1017 4243 1121 4316 qui
1165 4243 1551 4298 standardum
1601 4243 1836 4298 tenebat

157 4337 540 4413 perveniens,
575 4335 749 4390 illum.
775 4334 907 4389 ante
933 4333 1109 4406 pedes
1131 4331 1464 4387 admiravisi
1491 4331 1827 4402 prostravit,

158 4433 219 4487 et
247 4424 533 4482 vexillum
570 4421 1220 4495 accepit.Admiravisus
1251 4425 1447 4476 autem
1477 4420 1573 4474 vix
1620 4419 1824 4485 evasit,

160 4521 226 4574 et
249 4514 613 4572 Ascalonem
640 4511 892 4585 fugiens,
917 4513 1051 4566 ante
1079 4509 1244 4598 urbis
1267 4510 1514 4598 januam
1546 4507 1826 4564 constitit.
1859 4531 1908 4598 Ι)

163 4603 452 4664 Etmise'r
480 4601 875 4658 miserrimam
906 4607 1148 4656 suorum
1172 4596 1461 4664 cladem,a~
1479 4595 1650 4668 longe
1674 4613 1834 4670 pros-

166 4691 494 4768 pexit.Non
510 4688 789 4746 dissimili
809 4688 1058 4744 audacia
1076 4703 1174 4742 rex
1195 4690 1250 4742 et
1272 4684 1480 4757 reliqui
1505 4685 1750 4740 comites
1771 4685 1832 4740 in

168 4780 486 4856 oppositos
515 4779 785 4848 irruunt;
819 4782 875 4833 et
905 4775 1229 4833 savissima
1258 4773 1608 4830 multatione
1629 4774 1836 4830 dextra

166 4869 438 4941 Imque
462 4869 759 4940 perimunt
780 4869 1070 4939 quotquot
1089 4864 1203 4920 sibi
1228 4866 1562 4919 occurrunt.
1589 4861 1672 4916 Ibi
1693 4862 1836 4916 Tur-

170 4959 376 5016 censis
408 4973 582 5013 arcus
610 4953 760 5012 nulli
789 4971 992 5012 eorum
1025 4952 1410 5026 prefuit,quia
1439 4951 1700 5023 impetus
1730 4967 1835 5006 no-

168 5052 448 5105 strorum
467 5050 585 5101 tam
619 5043 772 5100 celer
798 5047 1044 5114 tamque
1075 5040 1470 5098 densissimus
1519 5039 1650 5106 fuit,
1681 5040 1836 5110 quod

171 5134 332 5192 nulli
361 5133 590 5190 trahere
623 5131 808 5200 licuit,
843 5132 943 5187 sed
980 5131 1179 5203 fugere
1214 5126 1604 5184 libuit.Multa
1625 5127 1840 5200 quippe

173 5225 262 5282 ibi
299 5221 497 5280 millia
528 5226 762 5278 mortua
789 5223 1081 5291 sunt,quaa
1113 5223 1346 5274 mortua
1367 5233 1480 5271 non
1503 5215 1730 5282 esset,ai
1755 5217 1842 5270 fu-

173 5330 324 5389 gere
351 5310 815 5384 praevaluissent.
833 5309 944 5365 Sed
979 5307 1295 5363 multitudo
1326 5308 1489 5360 tanta
1517 5307 1661 5371 erat,
1696 5320 1844 5375 quo-

177 5401 349 5460 niam
381 5400 484 5474 qui
519 5404 670 5456 retro
697 5402 884 5468 erant,
918 5395 1254 5471 praemissos
1285 5392 1344 5447 in
1377 5391 1710 5447 mortiferos
1738 5409 1842 5450 no-

1933 3271 2220 3344 perterriti
2257 3271 2570 3343 fugiunt,et
2598 3273 2949 3342 sequacibus
2981 3272 3105 3327 suis
3131 3271 3390 3345 fugiendi
3424 3288 3574 3344 prai-

1933 3364 2092 3416 stant
2123 3347 2502 3416 consortium.
2527 3360 2597 3415 Et-
2626 3364 2692 3415 ut
2719 3365 2934 3416 ventus
2958 3360 3156 3433 aquilo
3187 3360 3437 3432 dissipat
3465 3376 3574 3415 nu-

1934 3447 2058 3517 bes,
2090 3451 2146 3504 et
2176 3448 2482 3504 immissus
2511 3449 2682 3504 turbo
2715 3437 2954 3522 aggeres
2983 3448 3448 3522 stipularum,sic
3477 3463 3575 3503 no-

1935 3537 2040 3592 stri
2071 3536 2437 3608 dissipabant
2467 3535 2590 3592 alas
2620 3540 2677 3592 et
2707 3553 2924 3593 cuneos
2947 3537 3318 3611 fugientium.

2572 3625 2802 3682 CAPUT
2845 3625 2934 3682 IV.

2007 3715 2156 3770 Dum
2185 3703 2308 3770 haec
2340 3713 2422 3768 ita
2451 3714 2672 3782 ﬁerent,
2709 3715 2850 3770 dum
2881 3714 2965 3771 sic
2995 3714 3210 3770 milites
3241 3713 3454 3770 Christi
3487 3730 3580 3770 sa-

1935 3803 2150 3860 tellites
2179 3803 2395 3858 diaboli
2427 3795 2812 3870 destruere‘nt,
2837 3806 2894 3858 et
2924 3817 3116 3858 comes
3145 3802 3341 3860 Sancti
3371 3801 3584 3876 ngidii

1940 3894 2041 3965 qui
2065 3894 2234 3965 juxta
2266 3898 2422 3946 mare
2452 3892 2776 3964 pugnabat,
2807 3891 3032 3963 absque
3059 3909 3304 3948 numero
3335 3891 3584 3964 perime-

1940 3987 2046 4048 ret,
2080 3985 2137 4037 et
2163 3979 2348 4036 multo
2380 3979 2578 4052 plures
2609 3981 2670 4034 in
2701 3997 2863 4036 mare
2885 3969 3210 4052 praecipites
3233 3980 3316 4035 ire
3336 3977 3585 4052 compel-

1940 4070 2103 4136 leret,
2128 4070 2267 4142 quid
2302 4069 2753 4134 Clemens,nunc
2774 4085 2906 4125 vero
2929 4069 3170 4124 demens
3191 4068 3586 4124 admiravisus

1942 4166 2106 4217 stans
2135 4163 2272 4214 ante
2299 4161 2526 4229 portam
2559 4157 2854 4212 Asoalonze
2894 4157 3123 4223 direxit,
3148 4156 3479 4220 audiamus,
3505 4155 3583 4211 si-

1942 4251 2043 4304 cut
2066 4264 2249 4318 supra
2274 4246 2466 4314 dictus
2499 4243 2828 4317 proselytus
2861 4244 3278 4320 Hierosolymis
3307 4245 3583 4314 deinceps

1942 4336 2144 4392 retulit
2172 4337 2272 4407 qui
2299 4336 2467 4406 juxta
2495 4333 2663 4388 illum
2695 4337 2838 4397 erat,
2872 4338 2937 4388 ut
2963 4333 3272 4398 assecla,et
3298 4331 3582 4387 domesti-

1941 4443 2046 4482 cus
2076 4429 2133 4479 et
2160 4439 2342 4478 verna
2365 4421 2546 4477 illius.
2571 4421 2837 4477 Clemens
2861 4421 3046 4494 igitur
3072 4423 3140 4475 ut
3168 4421 3410 4475 demens
3439 4418 3588 4473 dice-

1943 4515 2039 4570 bat
2059 4513 2342 4581 (61),dum
2364 4515 2595 4583 gentem
2618 4525 2785 4565 suam
2814 4525 2958 4582 gens
2989 4507 3320 4564 Christiana
3349 4507 3588 4562 detrun-

1940 4603 2111 4658 cabat
2143 4617 2155 4654 :
2192 4621 2220 4650 «
2246 4600 2290 4656 Ο
2311 4599 2640 4655 Machomet
2668 4599 2985 4669 prieceptbr
3015 4599 3213 4651 noster
3241 4597 3298 4652 et
3327 4597 3591 4667 patrone.

1942 4689 2044 4746 ubi
2072 4693 2161 4745 est
2187 4689 2374 4744 virtus
2402 4687 2548 4742 tua?
2576 4685 2684 4742 Ubi
2717 4689 2806 4741 est
2835 4685 3159 4741 cmicstium
3188 4683 3378 4739 virtus
3400 4681 3592 4737 numi-

1944 4794 2108 4845 num,
2141 4791 2276 4832 cum
2309 4774 2526 4847 quibus
2555 4774 2680 4846 ipse
2711 4772 2981 4846 gloriaris
2998 4773 3035 4827 ?'
3055 4771 3164 4828 Ubi
3189 4775 3281 4827 est
3301 4769 3592 4826 Creatoris

1943 4867 2148 4922 efficax
2178 4863 2454 4936 potentia,
2487 4861 2579 4916 cui
2611 4875 2844 4932 semper
2891 4863 3045 4916 astat
3088 4861 3194 4914 tua
3243 4856 3595 4930 praesentia?

1945 4958 2058 5009 Cur
2086 4953 2172 5008 sic
2200 4949 2487 5022 reliquisti
2520 4952 2751 5021 gentem
2782 4953 3156 5020 tuam,quam
3177 4945 3593 5002 immisericor-

1947 5043 2097 5098 diter
2117 5037 2727 5110 dissipat,destruit,e’t
2750 5035 3024 5090 interﬁcit
3048 5051 3191 5107 gens
3222 5033 3595 5106 pauperrima

1948 5135 2004 5186 et
2034 5143 2296 5202 pannosa
2327 5141 2489 5199 gens,
2514 5123 2764 5179 aliarum
2797 5123 3060 5196 gentium
3089 5121 3436 5194 peripsema,
3462 5136 3594 5175 om-

1950 5220 2233 5287 niumque
2261 5230 2503 5287 prorsus
2545 5213 2852 5267 hominum
2898 5211 3024 5274 faex,
3057 5211 3266 5282 rubigo
3298 5213 3354 5264 et
3383 5207 3595 5264 scoria.

1951 5308 2126 5373 Gens,
2168 5305 2430 5375 inquam,
2482 5317 2608 5372 quae
2641 5317 2674 5355 a
2702 5305 2906 5355 nostra
2953 5299 3125 5356 solita
3173 5302 3298 5353 erat
3344 5309 3603 5367 quaerere

1952 5407 2322 5470 panemque:
2352 5387 2500 5445 nihil
2531 5404 2774 5462 prorsus
2804 5383 3060 5445 habebat
3088 5385 3203 5442 nisi
3243 5381 3518 5440 baculum
3547 5385 3608 5436 et

1309 5487 1618 5545 NOTULIE
1657 5489 2122 5551 MARGINALES
2162 5489 2283 5545 MS.
2326 5486 2484 5542 COD.

249 5581 369 5652 (Gl)
386 5579 517 5636 Haec
537 5582 600 5633 ut
613 5575 904 5633 dementis
921 5577 1060 5630 sunt
1082 5573 1276 5630 tristia
1295 5570 1471 5625 verba
1491 5567 1649 5626 Clem
1667 5571 1850 5629 entis.
