  <div class='ocr_page' id='page_1' title='image "/cluster/home/n/w/nwhite01/storage/ocr_20150623/155/hvd.32044054760137/386.png"; bbox 0 0 3994 6082; ppageno 0'>
   <div class='ocr_carea' id='block_1_1' title="bbox 162 295 288 360">
    <p class='ocr_par' dir='ltr' id='par_1_1' title="bbox 162 295 288 360">
     <span class='ocr_line' id='line_1_1' title="bbox 162 295 288 360; baseline -0.016 0"><span class='ocrx_word' id='word_1_1' title='bbox 162 295 288 360; x_wconf 76' lang='grc'>’765</span> 
     </span>
    </p>
   </div>
   <div class='ocr_carea' id='block_1_2' title="bbox 878 290 2864 360">
    <p class='ocr_par' dir='ltr' id='par_1_2' title="bbox 878 290 2864 360">
     <span class='ocr_line' id='line_1_2' title="bbox 878 290 2864 360; baseline -0.002 -3"><span class='ocrx_word' id='word_1_2' title='bbox 878 296 950 359; x_wconf 87' lang='grc' dir='ltr'>Ρ.</span> <span class='ocrx_word' id='word_1_3' title='bbox 995 293 1393 360; x_wconf 89' lang='lat' dir='ltr'>TUDEBODI</span> <span class='ocrx_word' id='word_1_4' title='bbox 1437 293 1644 357; x_wconf 86' lang='lat' dir='ltr'>HIST.</span> <span class='ocrx_word' id='word_1_5' title='bbox 1688 292 1790 355; x_wconf 85' lang='lat' dir='ltr'><strong>DE</strong></span> <span class='ocrx_word' id='word_1_6' title='bbox 1832 290 2243 354; x_wconf 81' lang='lat' dir='ltr'>HIEROSOL.</span> <span class='ocrx_word' id='word_1_7' title='bbox 2291 291 2482 353; x_wconf 91' lang='lat' dir='ltr'>ITIN.</span> <span class='ocrx_word' id='word_1_8' title='bbox 2515 291 2769 354; x_wconf 90' lang='lat' dir='ltr'>—-LIB.</span> <span class='ocrx_word' id='word_1_9' title='bbox 2815 291 2864 354; x_wconf 88' lang='lat' dir='ltr'>I.</span> 
     </span>
    </p>
   </div>
   <div class='ocr_carea' id='block_1_3' title="bbox 3455 294 3575 356">
    <p class='ocr_par' dir='ltr' id='par_1_3' title="bbox 3455 294 3575 356">
     <span class='ocr_line' id='line_1_3' title="bbox 3455 294 3575 356; baseline 0.017 -2"><span class='ocrx_word' id='word_1_10' title='bbox 3455 294 3575 356; x_wconf 88' lang='lat'>766</span> 
     </span>
    </p>
   </div>
   <div class='ocr_carea' id='block_1_4' title="bbox 165 425 3571 504">
    <p class='ocr_par' dir='ltr' id='par_1_4' title="bbox 165 425 3571 504">
     <span class='ocr_line' id='line_1_4' title="bbox 165 425 3571 504; baseline -0.001 -14"><span class='ocrx_word' id='word_1_11' title='bbox 165 450 272 490; x_wconf 83' lang='lat' dir='ltr'>vos</span> <span class='ocrx_word' id='word_1_12' title='bbox 304 431 468 498; x_wconf 81' lang='lat' dir='ltr'>estis,</span> <span class='ocrx_word' id='word_1_13' title='bbox 493 430 652 504; x_wconf 87' lang='lat' dir='ltr'>quod</span> <span class='ocrx_word' id='word_1_14' title='bbox 685 448 818 488; x_wconf 91' lang='lat' dir='ltr'>cum</span> <span class='ocrx_word' id='word_1_15' title='bbox 851 430 1054 487; x_wconf 84' lang='lat' dir='ltr'>Turcis</span> <span class='ocrx_word' id='word_1_16' title='bbox 1087 429 1335 503; x_wconf 57' lang='lat' dir='ltr'>praeliari</span> <span class='ocrx_word' id='word_1_17' title='bbox 1366 427 1672 485; x_wconf 87' lang='lat' dir='ltr'>valeatis.»</span> <span class='ocrx_word' id='word_1_18' title='bbox 1706 427 1820 500; x_wconf 87' lang='lat' dir='ltr'>Ipsi</span> <span class='ocrx_word' id='word_1_19' title='bbox 1852 427 1909 494; x_wconf 83' lang='grc' dir='ltr'><strong>Α</strong></span> <span class='ocrx_word' id='word_1_20' title='bbox 1937 428 2090 500; x_wconf 89' lang='lat' dir='ltr'>quod</span> <span class='ocrx_word' id='word_1_21' title='bbox 2124 426 2390 500; x_wconf 80' lang='lat' dir='ltr'>nequiret</span> <span class='ocrx_word' id='word_1_22' title='bbox 2421 427 2665 482; x_wconf 89' lang='lat' dir='ltr'>retinere</span> <span class='ocrx_word' id='word_1_23' title='bbox 2696 425 2993 482; x_wconf 69' lang='lat' dir='ltr'>indomitae</span> <span class='ocrx_word' id='word_1_24' title='bbox 3025 425 3214 500; x_wconf 84' lang='lat' dir='ltr'>gentis</span> <span class='ocrx_word' id='word_1_25' title='bbox 3242 427 3571 500; x_wconf 82' lang='lat' dir='ltr'>vesaniam;</span> 
     </span>
    </p>
   </div>
   <div class='ocr_carea' id='block_1_5' title="bbox 164 517 1822 592">
    <p class='ocr_par' dir='ltr' id='par_1_5' title="bbox 164 517 1822 592">
     <span class='ocr_line' id='line_1_5' title="bbox 164 517 1822 592; baseline -0.002 -14"><span class='ocrx_word' id='word_1_26' title='bbox 164 540 301 580; x_wconf 88' lang='lat' dir='ltr'>vero</span> <span class='ocrx_word' id='word_1_27' title='bbox 334 520 652 578; x_wconf 83' lang='lat' dir='ltr'>Christiani</span> <span class='ocrx_word' id='word_1_28' title='bbox 698 519 968 592; x_wconf 83' lang='lat' dir='ltr'>nequiter</span> <span class='ocrx_word' id='word_1_29' title='bbox 998 537 1060 576; x_wconf 89' lang='lat' dir='ltr'>se</span> <span class='ocrx_word' id='word_1_30' title='bbox 1090 520 1150 575; x_wconf 92' lang='lat' dir='ltr'>in</span> <span class='ocrx_word' id='word_1_31' title='bbox 1182 519 1458 574; x_wconf 90' lang='lat' dir='ltr'>omnibus</span> <span class='ocrx_word' id='word_1_32' title='bbox 1507 517 1822 574; x_wconf 84' lang='lat' dir='ltr'>habebant.</span> 
     </span>
    </p>
   </div>
   <div class='ocr_carea' id='block_1_6' title="bbox 166 608 1826 683">
    <p class='ocr_par' dir='ltr' id='par_1_6' title="bbox 166 608 1826 683">
     <span class='ocr_line' id='line_1_6' title="bbox 166 608 1826 683; baseline -0.005 -13"><span class='ocrx_word' id='word_1_33' title='bbox 166 613 318 670; x_wconf 82' lang='lat' dir='ltr'>Nam</span> <span class='ocrx_word' id='word_1_34' title='bbox 352 609 571 683; x_wconf 83' lang='lat' dir='ltr'>palatia</span> <span class='ocrx_word' id='word_1_35' title='bbox 622 608 872 664; x_wconf 83' lang='lat' dir='ltr'>civitatis</span> <span class='ocrx_word' id='word_1_36' title='bbox 921 609 1301 666; x_wconf 84' lang='lat' dir='ltr'>destruebant</span> <span class='ocrx_word' id='word_1_37' title='bbox 1346 613 1402 664; x_wconf 90' lang='lat' dir='ltr'>et</span> <span class='ocrx_word' id='word_1_38' title='bbox 1433 609 1735 673; x_wconf 86' lang='lat' dir='ltr'>ardebant,</span> <span class='ocrx_word' id='word_1_39' title='bbox 1769 612 1826 662; x_wconf 89' lang='lat' dir='ltr'>et</span> 
     </span>
    </p>
   </div>
   <div class='ocr_carea' id='block_1_7' title="bbox 167 697 1824 771">
    <p class='ocr_par' dir='ltr' id='par_1_7' title="bbox 167 697 1824 771">
     <span class='ocr_line' id='line_1_7' title="bbox 167 697 1824 771; baseline -0.002 -14"><span class='ocrx_word' id='word_1_40' title='bbox 167 701 513 758; x_wconf 86' lang='lat' dir='ltr'>auferebant</span> <span class='ocrx_word' id='word_1_41' title='bbox 539 697 872 771; x_wconf 84' lang='lat' dir='ltr'>plumbum,</span> <span class='ocrx_word' id='word_1_42' title='bbox 891 700 1043 754; x_wconf 85' lang='lat' dir='ltr'>unde</span> <span class='ocrx_word' id='word_1_43' title='bbox 1065 698 1320 755; x_wconf 80' lang='lat' dir='ltr'>ecclesiae</span> <span class='ocrx_word' id='word_1_44' title='bbox 1353 702 1518 754; x_wconf 91' lang='lat' dir='ltr'>erant</span> <span class='ocrx_word' id='word_1_45' title='bbox 1543 703 1824 770; x_wconf 84' lang='lat' dir='ltr'>coopertae</span> 
     </span>
    </p>
   </div>
   <div class='ocr_carea' id='block_1_8' title="bbox 167 786 1825 860">
    <p class='ocr_par' dir='ltr' id='par_1_8' title="bbox 167 786 1825 860">
     <span class='ocr_line' id='line_1_8' title="bbox 167 786 1825 860; baseline -0.001 -16"><span class='ocrx_word' id='word_1_46' title='bbox 167 793 226 844; x_wconf 88' lang='lat' dir='ltr'>et</span> <span class='ocrx_word' id='word_1_47' title='bbox 244 788 578 844; x_wconf 87' lang='lat' dir='ltr'>vendebant</span> <span class='ocrx_word' id='word_1_48' title='bbox 600 786 834 843; x_wconf 67' lang='lat' dir='ltr'>Graacis.</span> <span class='ocrx_word' id='word_1_49' title='bbox 860 789 1220 860; x_wconf 83' lang='lat' dir='ltr'>Quapropter</span> <span class='ocrx_word' id='word_1_50' title='bbox 1247 787 1564 859; x_wconf 84' lang='lat' dir='ltr'>imperator</span> <span class='ocrx_word' id='word_1_51' title='bbox 1591 787 1825 843; x_wconf 85' lang='lat' dir='ltr'>Alexius</span> 
     </span>
    </p>
   </div>
   <div class='ocr_carea' id='block_1_9' title="bbox 169 876 1824 946">
    <p class='ocr_par' dir='ltr' id='par_1_9' title="bbox 169 876 1824 946">
     <span class='ocr_line' id='line_1_9' title="bbox 169 876 1824 946; baseline -0.004 -10"><span class='ocrx_word' id='word_1_52' title='bbox 169 877 355 936; x_wconf 87' lang='lat' dir='ltr'>nimis</span> <span class='ocrx_word' id='word_1_53' title='bbox 411 877 617 934; x_wconf 88' lang='lat' dir='ltr'>iratus.</span> <span class='ocrx_word' id='word_1_54' title='bbox 643 876 826 946; x_wconf 88' lang='lat' dir='ltr'>jussit</span> <span class='ocrx_word' id='word_1_55' title='bbox 887 876 1018 932; x_wconf 89' lang='lat' dir='ltr'>illos</span> <span class='ocrx_word' id='word_1_56' title='bbox 1083 881 1442 932; x_wconf 84' lang='lat' dir='ltr'>transmeare</span> <span class='ocrx_word' id='word_1_57' title='bbox 1496 877 1824 932; x_wconf 86' lang='lat' dir='ltr'>brachium.</span> 
     </span>
    </p>
   </div>
   <div class='ocr_carea' id='block_1_10' title="bbox 94 964 1829 1038">
    <p class='ocr_par' dir='ltr' id='par_1_10' title="bbox 94 964 1829 1038">
     <span class='ocr_line' id='line_1_10' title="bbox 94 964 1829 1038; baseline -0.002 -14"><span class='ocrx_word' id='word_1_58' title='bbox 94 975 100 985; x_wconf 95' lang='lat'><strong><em>&#39;</em></strong></span> <span class='ocrx_word' id='word_1_59' title='bbox 170 967 490 1038; x_wconf 89' lang='lat' dir='ltr'>Postquam</span> <span class='ocrx_word' id='word_1_60' title='bbox 546 981 679 1020; x_wconf 89' lang='lat' dir='ltr'>vero</span> <span class='ocrx_word' id='word_1_61' title='bbox 738 964 1284 1034; x_wconf 85' lang='lat' dir='ltr'>transfretaverunt,</span> <span class='ocrx_word' id='word_1_62' title='bbox 1346 982 1463 1021; x_wconf 90' lang='lat' dir='ltr'>non</span> <span class='ocrx_word' id='word_1_63' title='bbox 1521 966 1829 1020; x_wconf 86' lang='lat' dir='ltr'>cessabant</span> 
     </span>
    </p>
   </div>
   <div class='ocr_carea' id='block_1_11' title="bbox 173 1053 1831 1128">
    <p class='ocr_par' dir='ltr' id='par_1_11' title="bbox 173 1053 1831 1128">
     <span class='ocr_line' id='line_1_11' title="bbox 173 1053 1831 1128; baseline -0.002 -17"><span class='ocrx_word' id='word_1_64' title='bbox 173 1071 347 1128; x_wconf 89' lang='lat' dir='ltr'>agere</span> <span class='ocrx_word' id='word_1_65' title='bbox 375 1053 574 1110; x_wconf 88' lang='lat' dir='ltr'>omnia</span> <span class='ocrx_word' id='word_1_66' title='bbox 614 1053 788 1108; x_wconf 89' lang='lat' dir='ltr'>mala.</span> <span class='ocrx_word' id='word_1_67' title='bbox 824 1053 969 1108; x_wconf 86' lang='lat' dir='ltr'>Nam</span> <span class='ocrx_word' id='word_1_68' title='bbox 1020 1054 1302 1110; x_wconf 87' lang='lat' dir='ltr'>ardebant</span> <span class='ocrx_word' id='word_1_69' title='bbox 1348 1060 1405 1110; x_wconf 91' lang='lat' dir='ltr'>et</span> <span class='ocrx_word' id='word_1_70' title='bbox 1451 1055 1831 1110; x_wconf 88' lang='lat' dir='ltr'>devastabant</span> 
     </span>
    </p>
   </div>
   <div class='ocr_carea' id='block_1_12' title="bbox 176 1140 1826 1216">
    <p class='ocr_par' dir='ltr' id='par_1_12' title="bbox 176 1140 1826 1216">
     <span class='ocr_line' id='line_1_12' title="bbox 176 1140 1826 1216; baseline -0.001 -16"><span class='ocrx_word' id='word_1_71' title='bbox 176 1145 387 1201; x_wconf 92' lang='lat' dir='ltr'>domos</span> <span class='ocrx_word' id='word_1_72' title='bbox 408 1147 466 1198; x_wconf 90' lang='lat' dir='ltr'>et</span> <span class='ocrx_word' id='word_1_73' title='bbox 489 1140 1055 1198; x_wconf 87' lang='lat' dir='ltr'>ecclesias.Tandem</span> <span class='ocrx_word' id='word_1_74' title='bbox 1079 1148 1462 1216; x_wconf 89' lang='lat' dir='ltr'>pervenerunt</span> <span class='ocrx_word' id='word_1_75' title='bbox 1483 1144 1826 1200; x_wconf 90' lang='lat' dir='ltr'>Nicomiam.</span> 
     </span>
    </p>
   </div>
   <div class='ocr_carea' id='block_1_13' title="bbox 177 1230 1832 1304">
    <p class='ocr_par' dir='ltr' id='par_1_13' title="bbox 177 1230 1832 1304">
     <span class='ocr_line' id='line_1_13' title="bbox 177 1230 1832 1304; baseline 0 -16"><span class='ocrx_word' id='word_1_76' title='bbox 177 1231 304 1289; x_wconf 92' lang='lat' dir='ltr'>Illic</span> <span class='ocrx_word' id='word_1_77' title='bbox 330 1230 500 1287; x_wconf 86' lang='lat' dir='ltr'>divisi</span> <span class='ocrx_word' id='word_1_78' title='bbox 521 1236 663 1287; x_wconf 89' lang='lat' dir='ltr'>sunt</span> <span class='ocrx_word' id='word_1_79' title='bbox 677 1231 988 1286; x_wconf 87' lang='lat' dir='ltr'>Lombardi</span> <span class='ocrx_word' id='word_1_80' title='bbox 1013 1237 1067 1288; x_wconf 89' lang='lat' dir='ltr'>et</span> <span class='ocrx_word' id='word_1_81' title='bbox 1092 1233 1541 1304; x_wconf 88' lang='lat' dir='ltr'>Longobardi,et</span> <span class='ocrx_word' id='word_1_82' title='bbox 1563 1233 1832 1289; x_wconf 88' lang='lat' dir='ltr'>Aleman-</span> 
     </span>
    </p>
   </div>
   <div class='ocr_carea' id='block_1_14' title="bbox 175 1319 1830 1393">
    <p class='ocr_par' dir='ltr' id='par_1_14' title="bbox 175 1319 1830 1393">
     <span class='ocr_line' id='line_1_14' title="bbox 175 1319 1830 1393; baseline -0.001 -15"><span class='ocrx_word' id='word_1_83' title='bbox 175 1322 236 1378; x_wconf 88' lang='lat' dir='ltr'>ni</span> <span class='ocrx_word' id='word_1_84' title='bbox 270 1339 304 1376; x_wconf 89' lang='lat' dir='ltr'>a</span> <span class='ocrx_word' id='word_1_85' title='bbox 335 1319 597 1386; x_wconf 81' lang='lat' dir='ltr'>Francis,</span> <span class='ocrx_word' id='word_1_86' title='bbox 629 1319 768 1392; x_wconf 88' lang='lat' dir='ltr'>quia</span> <span class='ocrx_word' id='word_1_87' title='bbox 799 1320 998 1376; x_wconf 87' lang='lat' dir='ltr'>Franci</span> <span class='ocrx_word' id='word_1_88' title='bbox 1025 1319 1179 1393; x_wconf 89' lang='lat' dir='ltr'>pleni</span> <span class='ocrx_word' id='word_1_89' title='bbox 1211 1327 1375 1376; x_wconf 89' lang='lat' dir='ltr'>erant</span> <span class='ocrx_word' id='word_1_90' title='bbox 1404 1321 1623 1377; x_wconf 90' lang='lat' dir='ltr'>invidia</span> <span class='ocrx_word' id='word_1_91' title='bbox 1651 1327 1708 1378; x_wconf 88' lang='lat' dir='ltr'>et</span> <span class='ocrx_word' id='word_1_92' title='bbox 1735 1328 1830 1378; x_wconf 89' lang='lat' dir='ltr'>tu-</span> 
     </span>
    </p>
   </div>
   <div class='ocr_carea' id='block_1_15' title="bbox 176 1408 1832 1483">
    <p class='ocr_par' dir='ltr' id='par_1_15' title="bbox 176 1408 1832 1483">
     <span class='ocr_line' id='line_1_15' title="bbox 176 1408 1832 1483; baseline 0.001 -17"><span class='ocrx_word' id='word_1_93' title='bbox 176 1410 342 1466; x_wconf 89' lang='lat' dir='ltr'>mida</span> <span class='ocrx_word' id='word_1_94' title='bbox 363 1408 656 1481; x_wconf 87' lang='lat' dir='ltr'>superbia.</span> <span class='ocrx_word' id='word_1_95' title='bbox 681 1409 1114 1483; x_wconf 89' lang='lat' dir='ltr'>Elegeruntque</span> <span class='ocrx_word' id='word_1_96' title='bbox 1137 1409 1690 1481; x_wconf 90' lang='lat' dir='ltr'>seniorem,nomine</span> <span class='ocrx_word' id='word_1_97' title='bbox 1704 1413 1832 1468; x_wconf 85' lang='lat' dir='ltr'>Rai—</span> 
     </span>
    </p>
   </div>
   <div class='ocr_carea' id='block_1_16' title="bbox 176 1497 1834 1574">
    <p class='ocr_par' dir='ltr' id='par_1_16' title="bbox 176 1497 1834 1574">
     <span class='ocr_line' id='line_1_16' title="bbox 176 1497 1834 1574; baseline 0 -17"><span class='ocrx_word' id='word_1_98' title='bbox 176 1499 446 1564; x_wconf 89' lang='lat' dir='ltr'>naldum,</span> <span class='ocrx_word' id='word_1_99' title='bbox 479 1503 534 1554; x_wconf 90' lang='lat' dir='ltr'>et</span> <span class='ocrx_word' id='word_1_100' title='bbox 562 1497 932 1554; x_wconf 89' lang='lat' dir='ltr'>intraverunt</span> <span class='ocrx_word' id='word_1_101' title='bbox 964 1499 1333 1568; x_wconf 83' lang='lat' dir='ltr'>Romaniam,</span> <span class='ocrx_word' id='word_1_102' title='bbox 1363 1505 1420 1557; x_wconf 93' lang='lat' dir='ltr'>et</span> <span class='ocrx_word' id='word_1_103' title='bbox 1449 1519 1552 1574; x_wconf 91' lang='lat' dir='ltr'>per</span> <span class='ocrx_word' id='word_1_104' title='bbox 1581 1507 1834 1573; x_wconf 86' lang='lat' dir='ltr'>quatuor</span> 
     </span>
    </p>
   </div>
   <div class='ocr_carea' id='block_1_17' title="bbox 176 1586 1833 1651">
    <p class='ocr_par' dir='ltr' id='par_1_17' title="bbox 176 1586 1833 1651">
     <span class='ocr_line' id='line_1_17' title="bbox 176 1586 1833 1651; baseline 0.001 -6"><span class='ocrx_word' id='word_1_105' title='bbox 176 1589 304 1646; x_wconf 87' lang='lat' dir='ltr'>dies</span> <span class='ocrx_word' id='word_1_106' title='bbox 337 1588 530 1643; x_wconf 90' lang='lat' dir='ltr'>ierunt</span> <span class='ocrx_word' id='word_1_107' title='bbox 551 1586 706 1642; x_wconf 88' lang='lat' dir='ltr'>ultra</span> <span class='ocrx_word' id='word_1_108' title='bbox 730 1587 1024 1643; x_wconf 62' lang='lat' dir='ltr'>Nicenam</span> <span class='ocrx_word' id='word_1_109' title='bbox 1058 1588 1374 1651; x_wconf 80' lang='lat' dir='ltr'>civitatem.</span> <span class='ocrx_word' id='word_1_110' title='bbox 1406 1596 1462 1646; x_wconf 91' lang='lat' dir='ltr'>et</span> <span class='ocrx_word' id='word_1_111' title='bbox 1486 1590 1833 1646; x_wconf 89' lang='lat' dir='ltr'>invenerunt</span> 
     </span>
    </p>
   </div>
   <div class='ocr_carea' id='block_1_18' title="bbox 179 1678 1834 1752">
    <p class='ocr_par' dir='ltr' id='par_1_18' title="bbox 179 1678 1834 1752">
     <span class='ocr_line' id='line_1_18' title="bbox 179 1678 1834 1752; baseline 0.001 -18"><span class='ocrx_word' id='word_1_112' title='bbox 179 1678 480 1752; x_wconf 86' lang='lat' dir='ltr'>quoddam</span> <span class='ocrx_word' id='word_1_113' title='bbox 531 1681 790 1733; x_wconf 90' lang='lat' dir='ltr'>castrum</span> <span class='ocrx_word' id='word_1_114' title='bbox 835 1678 1220 1751; x_wconf 86' lang='lat' dir='ltr'>Exerogorgo,</span> <span class='ocrx_word' id='word_1_115' title='bbox 1254 1679 1406 1752; x_wconf 92' lang='lat' dir='ltr'>quod</span> <span class='ocrx_word' id='word_1_116' title='bbox 1433 1685 1834 1736; x_wconf 87' lang='lat' dir='ltr'>vacuum&#39;erat</span> 
     </span>
    </p>
   </div>
   <div class='ocr_carea' id='block_1_19' title="bbox 1935 516 3577 588">
    <p class='ocr_par' dir='ltr' id='par_1_19' title="bbox 1935 516 3577 588">
     <span class='ocr_line' id='line_1_19' title="bbox 1935 516 3577 588; baseline 0.001 -18"><span class='ocrx_word' id='word_1_117' title='bbox 1935 516 2033 588; x_wconf 89' lang='lat' dir='ltr'>qui</span> <span class='ocrx_word' id='word_1_118' title='bbox 2067 533 2168 571; x_wconf 90' lang='lat' dir='ltr'>nec</span> <span class='ocrx_word' id='word_1_119' title='bbox 2201 517 2256 570; x_wconf 91' lang='lat' dir='ltr'>in</span> <span class='ocrx_word' id='word_1_120' title='bbox 2293 517 2520 572; x_wconf 88' lang='lat' dir='ltr'>modico</span> <span class='ocrx_word' id='word_1_121' title='bbox 2553 517 2951 588; x_wconf 90' lang='lat' dir='ltr'>obtemperare</span> <span class='ocrx_word' id='word_1_122' title='bbox 2971 516 3242 572; x_wconf 90' lang='lat' dir='ltr'>volebant</span> <span class='ocrx_word' id='word_1_123' title='bbox 3271 517 3577 574; x_wconf 91' lang='lat' dir='ltr'>saluberri-</span> 
     </span>
    </p>
   </div>
   <div class='ocr_carea' id='block_1_20' title="bbox 1936 606 3580 678">
    <p class='ocr_par' dir='ltr' id='par_1_20' title="bbox 1936 606 3580 678">
     <span class='ocr_line' id='line_1_20' title="bbox 1936 606 3580 678; baseline 0.002 -19"><span class='ocrx_word' id='word_1_124' title='bbox 1936 607 2049 661; x_wconf 89' lang='lat' dir='ltr'>mis</span> <span class='ocrx_word' id='word_1_125' title='bbox 2097 606 2338 661; x_wconf 89' lang='lat' dir='ltr'>monitis</span> <span class='ocrx_word' id='word_1_126' title='bbox 2388 606 2594 678; x_wconf 82' lang='lat' dir='ltr'>ipsius.</span> <span class='ocrx_word' id='word_1_127' title='bbox 2632 606 2815 677; x_wconf 90' lang='lat' dir='ltr'>lgitur</span> <span class='ocrx_word' id='word_1_128' title='bbox 2845 607 3041 673; x_wconf 89' lang='lat' dir='ltr'>Turci,</span> <span class='ocrx_word' id='word_1_129' title='bbox 3074 607 3363 662; x_wconf 88' lang='lat' dir='ltr'>irruentes</span> <span class='ocrx_word' id='word_1_130' title='bbox 3403 623 3580 678; x_wconf 87' lang='lat' dir='ltr'>super</span> 
     </span>
    </p>
   </div>
   <div class='ocr_carea' id='block_1_21' title="bbox 1935 694 3578 768">
    <p class='ocr_par' dir='ltr' id='par_1_21' title="bbox 1935 694 3578 768">
     <span class='ocr_line' id='line_1_21' title="bbox 1935 694 3578 768; baseline -0.001 -17"><span class='ocrx_word' id='word_1_131' title='bbox 1935 712 2054 762; x_wconf 87' lang='lat' dir='ltr'>eos,</span> <span class='ocrx_word' id='word_1_132' title='bbox 2090 694 2306 750; x_wconf 89' lang='lat' dir='ltr'>multos</span> <span class='ocrx_word' id='word_1_133' title='bbox 2339 696 2696 762; x_wconf 87' lang='lat' dir='ltr'>occiderunt,</span> <span class='ocrx_word' id='word_1_134' title='bbox 2732 695 2877 750; x_wconf 88' lang='lat' dir='ltr'>alios</span> <span class='ocrx_word' id='word_1_135' title='bbox 2923 695 3298 766; x_wconf 88' lang='lat' dir='ltr'>dormientes,</span> <span class='ocrx_word' id='word_1_136' title='bbox 3324 695 3578 768; x_wconf 88' lang='lat' dir='ltr'>aliosja-</span> 
     </span>
    </p>
   </div>
   <div class='ocr_carea' id='block_1_22' title="bbox 1937 777 3578 858">
    <p class='ocr_par' dir='ltr' id='par_1_22' title="bbox 1937 777 3578 858">
     <span class='ocr_line' id='line_1_22' title="bbox 1937 777 3578 858; baseline 0 -18"><span class='ocrx_word' id='word_1_137' title='bbox 1937 790 2154 850; x_wconf 89' lang='lat' dir='ltr'>centes,</span> <span class='ocrx_word' id='word_1_138' title='bbox 2187 783 2332 840; x_wconf 90' lang='lat' dir='ltr'>alios</span> <span class='ocrx_word' id='word_1_139' title='bbox 2360 785 2570 851; x_wconf 92' lang='lat' dir='ltr'>nudos,</span> <span class='ocrx_word' id='word_1_140' title='bbox 2609 802 2711 840; x_wconf 91' lang='lat' dir='ltr'>nec</span> <span class='ocrx_word' id='word_1_141' title='bbox 2743 801 2856 840; x_wconf 92' lang='lat' dir='ltr'>non</span> <span class='ocrx_word' id='word_1_142' title='bbox 2881 788 2937 840; x_wconf 90' lang='lat' dir='ltr'>et</span> <span class='ocrx_word' id='word_1_143' title='bbox 2966 777 3334 858; x_wconf 84' lang='lat' dir='ltr'>presbyteros</span> <span class='ocrx_word' id='word_1_144' title='bbox 3366 784 3578 842; x_wconf 90' lang='lat' dir='ltr'>missas</span> 
     </span>
    </p>
   </div>
   <div class='ocr_carea' id='block_1_23' title="bbox 1936 874 3579 946">
    <p class='ocr_par' dir='ltr' id='par_1_23' title="bbox 1936 874 3579 946">
     <span class='ocr_line' id='line_1_23' title="bbox 1936 874 3579 946; baseline -0.001 -16"><span class='ocrx_word' id='word_1_145' title='bbox 1936 875 2295 930; x_wconf 88' lang='lat' dir='ltr'>celebrantes</span> <span class='ocrx_word' id='word_1_146' title='bbox 2328 892 2503 946; x_wconf 90' lang='lat' dir='ltr'>super</span> <span class='ocrx_word' id='word_1_147' title='bbox 2532 875 2740 930; x_wconf 90' lang='lat' dir='ltr'>altaria</span> <span class='ocrx_word' id='word_1_148' title='bbox 2787 875 3323 946; x_wconf 78' lang='lat' dir='ltr'>martyrizaverunt.</span> <span class='ocrx_word' id='word_1_149' title='bbox 3359 875 3447 930; x_wconf 94' lang='lat' dir='ltr'>Illi</span> <span class='ocrx_word' id='word_1_150' title='bbox 3479 874 3579 946; x_wconf 90' lang='lat' dir='ltr'>qui</span> 
     </span>
    </p>
   </div>
   <div class='ocr_carea' id='block_1_24' title="bbox 1938 963 3581 1036">
    <p class='ocr_par' dir='ltr' id='par_1_24' title="bbox 1938 963 3581 1036">
     <span class='ocr_line' id='line_1_24' title="bbox 1938 963 3581 1036; baseline -0.001 -17"><span class='ocrx_word' id='word_1_151' title='bbox 1938 969 2254 1036; x_wconf 90' lang='lat' dir='ltr'>potuerunt</span> <span class='ocrx_word' id='word_1_152' title='bbox 2282 965 2540 1030; x_wconf 79' lang='lat' dir='ltr'>evadere,</span> <span class='ocrx_word' id='word_1_153' title='bbox 2580 965 2852 1036; x_wconf 83' lang='lat' dir='ltr'>fugerunt</span> <span class='ocrx_word' id='word_1_154' title='bbox 2883 963 3263 1029; x_wconf 88' lang='lat' dir='ltr'>Civitoth,alii</span> <span class='ocrx_word' id='word_1_155' title='bbox 3293 963 3581 1020; x_wconf 90' lang='lat' dir='ltr'>miserunt</span> 
     </span>
    </p>
   </div>
   <div class='ocr_carea' id='block_1_25' title="bbox 1939 1052 3577 1121">
    <p class='ocr_par' dir='ltr' id='par_1_25' title="bbox 1939 1052 3577 1121">
     <span class='ocr_line' id='line_1_25' title="bbox 1939 1052 3577 1121; baseline 0 -13"><span class='ocrx_word' id='word_1_156' title='bbox 1939 1071 1999 1109; x_wconf 91' lang='lat' dir='ltr'>se</span> <span class='ocrx_word' id='word_1_157' title='bbox 2031 1053 2087 1108; x_wconf 92' lang='lat' dir='ltr'>in</span> <span class='ocrx_word' id='word_1_158' title='bbox 2122 1071 2300 1121; x_wconf 90' lang='lat' dir='ltr'>mare,</span> <span class='ocrx_word' id='word_1_159' title='bbox 2335 1053 2431 1108; x_wconf 91' lang='lat' dir='ltr'>alii</span> <span class='ocrx_word' id='word_1_160' title='bbox 2480 1053 2538 1108; x_wconf 91' lang='lat' dir='ltr'>in</span> <span class='ocrx_word' id='word_1_161' title='bbox 2588 1052 2786 1118; x_wconf 81' lang='lat' dir='ltr'>silvas,</span> <span class='ocrx_word' id='word_1_162' title='bbox 2821 1052 2917 1107; x_wconf 92' lang='lat' dir='ltr'>alii</span> <span class='ocrx_word' id='word_1_163' title='bbox 2966 1053 3024 1107; x_wconf 90' lang='lat' dir='ltr'>in</span> <span class='ocrx_word' id='word_1_164' title='bbox 3071 1057 3369 1108; x_wconf 87' lang='lat' dir='ltr'>montana.</span> <span class='ocrx_word' id='word_1_165' title='bbox 3404 1052 3577 1108; x_wconf 72' lang='lat' dir='ltr'>Tu&#39;ci</span> 
     </span>
    </p>
   </div>
   <div class='ocr_carea' id='block_1_26' title="bbox 1940 1143 3582 1214">
    <p class='ocr_par' dir='ltr' id='par_1_26' title="bbox 1940 1143 3582 1214">
     <span class='ocr_line' id='line_1_26' title="bbox 1940 1143 3582 1214; baseline -0.001 -16"><span class='ocrx_word' id='word_1_166' title='bbox 1940 1160 2193 1213; x_wconf 89' lang='lat' dir='ltr'>namque</span> <span class='ocrx_word' id='word_1_167' title='bbox 2217 1146 2633 1214; x_wconf 88' lang='lat' dir='ltr'>persequentes</span> <span class='ocrx_word' id='word_1_168' title='bbox 2663 1160 2762 1198; x_wconf 88' lang='lat' dir='ltr'>eos</span> <span class='ocrx_word' id='word_1_169' title='bbox 2794 1143 2850 1197; x_wconf 92' lang='lat' dir='ltr'>in</span> <span class='ocrx_word' id='word_1_170' title='bbox 2883 1143 3582 1212; x_wconf 87' lang='lat' dir='ltr'>castrum,adunaverunt</span> 
     </span>
    </p>
   </div>
   <div class='ocr_carea' id='block_1_27' title="bbox 1938 1229 3578 1304">
    <p class='ocr_par' dir='ltr' id='par_1_27' title="bbox 1938 1229 3578 1304">
     <span class='ocr_line' id='line_1_27' title="bbox 1938 1229 3578 1304; baseline -0.002 -17"><span class='ocrx_word' id='word_1_171' title='bbox 1938 1231 2120 1304; x_wconf 88' lang='lat' dir='ltr'>ligna,</span> <span class='ocrx_word' id='word_1_172' title='bbox 2145 1237 2210 1287; x_wconf 91' lang='lat' dir='ltr'>ut</span> <span class='ocrx_word' id='word_1_173' title='bbox 2229 1249 2326 1288; x_wconf 91' lang='lat' dir='ltr'>eos</span> <span class='ocrx_word' id='word_1_174' title='bbox 2349 1232 2619 1287; x_wconf 88' lang='lat' dir='ltr'>arderent</span> <span class='ocrx_word' id='word_1_175' title='bbox 2641 1248 2774 1286; x_wconf 91' lang='lat' dir='ltr'>cum</span> <span class='ocrx_word' id='word_1_176' title='bbox 2798 1235 3010 1286; x_wconf 87' lang='lat' dir='ltr'>castro.</span> <span class='ocrx_word' id='word_1_177' title='bbox 3034 1229 3349 1286; x_wconf 88' lang='lat' dir='ltr'>Christiani</span> <span class='ocrx_word' id='word_1_178' title='bbox 3379 1229 3578 1303; x_wconf 86' lang='lat' dir='ltr'>igitur,</span> 
     </span>
    </p>
   </div>
   <div class='ocr_carea' id='block_1_28' title="bbox 1942 1317 3582 1393">
    <p class='ocr_par' dir='ltr' id='par_1_28' title="bbox 1942 1317 3582 1393">
     <span class='ocr_line' id='line_1_28' title="bbox 1942 1317 3582 1393; baseline -0.001 -17"><span class='ocrx_word' id='word_1_179' title='bbox 1942 1322 2037 1393; x_wconf 89' lang='lat' dir='ltr'>qui</span> <span class='ocrx_word' id='word_1_180' title='bbox 2071 1321 2130 1376; x_wconf 91' lang='lat' dir='ltr'>in</span> <span class='ocrx_word' id='word_1_181' title='bbox 2163 1320 2398 1376; x_wconf 89' lang='lat' dir='ltr'>castello</span> <span class='ocrx_word' id='word_1_182' title='bbox 2430 1325 2617 1386; x_wconf 90' lang='lat' dir='ltr'>erant,</span> <span class='ocrx_word' id='word_1_183' title='bbox 2650 1318 3054 1374; x_wconf 90' lang='lat' dir='ltr'>submiserunt</span> <span class='ocrx_word' id='word_1_184' title='bbox 3091 1319 3287 1391; x_wconf 86' lang='lat' dir='ltr'>ignem</span> <span class='ocrx_word' id='word_1_185' title='bbox 3315 1318 3372 1373; x_wconf 90' lang='lat' dir='ltr'>in</span> <span class='ocrx_word' id='word_1_186' title='bbox 3404 1317 3582 1391; x_wconf 86' lang='lat' dir='ltr'>lignis</span> 
     </span>
    </p>
   </div>
   <div class='ocr_carea' id='block_1_29' title="bbox 1940 1407 3580 1481">
    <p class='ocr_par' dir='ltr' id='par_1_29' title="bbox 1940 1407 3580 1481">
     <span class='ocr_line' id='line_1_29' title="bbox 1940 1407 3580 1481; baseline -0.003 -15"><span class='ocrx_word' id='word_1_187' title='bbox 1940 1410 2238 1476; x_wconf 90' lang='lat' dir='ltr'>adunatis,</span> <span class='ocrx_word' id='word_1_188' title='bbox 2273 1415 2328 1466; x_wconf 91' lang='lat' dir='ltr'>et</span> <span class='ocrx_word' id='word_1_189' title='bbox 2358 1427 2426 1465; x_wconf 82' lang='lat' dir='ltr'>cx</span> <span class='ocrx_word' id='word_1_190' title='bbox 2460 1410 2558 1465; x_wconf 89' lang='lat' dir='ltr'>Dei</span> <span class='ocrx_word' id='word_1_191' title='bbox 2586 1408 2884 1464; x_wconf 87' lang='lat' dir='ltr'>voluntate</span> <span class='ocrx_word' id='word_1_192' title='bbox 2915 1425 3178 1464; x_wconf 83' lang='lat' dir='ltr'>reversus</span> <span class='ocrx_word' id='word_1_193' title='bbox 3207 1412 3295 1463; x_wconf 89' lang='lat' dir='ltr'>est</span> <span class='ocrx_word' id='word_1_194' title='bbox 3324 1407 3478 1481; x_wconf 90' lang='lat' dir='ltr'>ignis</span> <span class='ocrx_word' id='word_1_195' title='bbox 3507 1407 3580 1461; x_wconf 89' lang='lat' dir='ltr'>ad</span> 
     </span>
    </p>
   </div>
   <div class='ocr_carea' id='block_1_30' title="bbox 1941 1495 3582 1571">
    <p class='ocr_par' dir='ltr' id='par_1_30' title="bbox 1941 1495 3582 1571">
     <span class='ocr_line' id='line_1_30' title="bbox 1941 1495 3582 1571; baseline -0.004 -15"><span class='ocrx_word' id='word_1_196' title='bbox 1941 1501 2182 1567; x_wconf 89' lang='lat' dir='ltr'>Turcos,</span> <span class='ocrx_word' id='word_1_197' title='bbox 2208 1505 2265 1554; x_wconf 93' lang='lat' dir='ltr'>et</span> <span class='ocrx_word' id='word_1_198' title='bbox 2294 1499 2508 1554; x_wconf 90' lang='lat' dir='ltr'>idcirco</span> <span class='ocrx_word' id='word_1_199' title='bbox 2540 1515 2638 1555; x_wconf 89' lang='lat' dir='ltr'>eos</span> <span class='ocrx_word' id='word_1_200' title='bbox 2669 1497 3046 1570; x_wconf 87' lang='lat' dir='ltr'>reliquerunt.</span> <span class='ocrx_word' id='word_1_201' title='bbox 3079 1497 3266 1571; x_wconf 84' lang='lat' dir='ltr'>Igitur</span> <span class='ocrx_word' id='word_1_202' title='bbox 3291 1496 3464 1552; x_wconf 92' lang='lat' dir='ltr'>Turci</span> <span class='ocrx_word' id='word_1_203' title='bbox 3495 1495 3582 1551; x_wconf 92' lang='lat' dir='ltr'>di-</span> 
     </span>
    </p>
   </div>
   <div class='ocr_carea' id='block_1_31' title="bbox 1940 1583 3582 1660">
    <p class='ocr_par' dir='ltr' id='par_1_31' title="bbox 1940 1583 3582 1660">
     <span class='ocr_line' id='line_1_31' title="bbox 1940 1583 3582 1660; baseline -0.002 -17"><span class='ocrx_word' id='word_1_204' title='bbox 1940 1591 2201 1644; x_wconf 82' lang='lat' dir='ltr'>videntes</span> <span class='ocrx_word' id='word_1_205' title='bbox 2226 1588 2376 1654; x_wconf 90' lang='lat' dir='ltr'>illos,</span> <span class='ocrx_word' id='word_1_206' title='bbox 2403 1605 2550 1660; x_wconf 92' lang='lat' dir='ltr'>quos</span> <span class='ocrx_word' id='word_1_207' title='bbox 2571 1583 3077 1660; x_wconf 88' lang='lat' dir='ltr'>apprehenderant</span> <span class='ocrx_word' id='word_1_208' title='bbox 3097 1587 3276 1656; x_wconf 87' lang='lat' dir='ltr'>vivos,</span> <span class='ocrx_word' id='word_1_209' title='bbox 3302 1586 3582 1641; x_wconf 84' lang='lat' dir='ltr'>distraxe-</span> 
     </span>
    </p>
   </div>
   <div class='ocr_carea' id='block_1_32' title="bbox 1943 1675 3588 1750">
    <p class='ocr_par' dir='ltr' id='par_1_32' title="bbox 1943 1675 3588 1750">
     <span class='ocr_line' id='line_1_32' title="bbox 1943 1675 3588 1750; baseline -0.002 -18"><span class='ocrx_word' id='word_1_210' title='bbox 1943 1683 2082 1733; x_wconf 90' lang='lat' dir='ltr'>runt</span> <span class='ocrx_word' id='word_1_211' title='bbox 2137 1678 2422 1750; x_wconf 90' lang='lat' dir='ltr'>quosdam</span> <span class='ocrx_word' id='word_1_212' title='bbox 2479 1679 2852 1743; x_wconf 91' lang='lat' dir='ltr'>Corosanam,</span> <span class='ocrx_word' id='word_1_213' title='bbox 2885 1677 3032 1732; x_wconf 90' lang='lat' dir='ltr'>alios</span> <span class='ocrx_word' id='word_1_214' title='bbox 3079 1676 3138 1731; x_wconf 92' lang='lat' dir='ltr'>in</span> <span class='ocrx_word' id='word_1_215' title='bbox 3179 1675 3496 1742; x_wconf 89' lang='lat' dir='ltr'>Persidam,</span> <span class='ocrx_word' id='word_1_216' title='bbox 3531 1677 3588 1729; x_wconf 90' lang='lat' dir='ltr'>et</span> 
     </span>
    </p>
   </div>
   <div class='ocr_carea' id='block_1_33' title="bbox 181 1765 3588 1870">
    <p class='ocr_par' dir='ltr' id='par_1_33' title="bbox 181 1765 3588 1870">
     <span class='ocr_line' id='line_1_33' title="bbox 181 1765 3588 1870; baseline -0.001 -47"><span class='ocrx_word' id='word_1_217' title='bbox 181 1771 374 1842; x_wconf 88' lang='lat' dir='ltr'>gente.</span> <span class='ocrx_word' id='word_1_218' title='bbox 409 1766 478 1821; x_wconf 86' lang='lat' dir='ltr'>Et</span> <span class='ocrx_word' id='word_1_219' title='bbox 507 1765 1021 1839; x_wconf 89' lang='lat' dir='ltr'>apprehenderunt</span> <span class='ocrx_word' id='word_1_220' title='bbox 1051 1766 1218 1835; x_wconf 91' lang='lat' dir='ltr'>illud,</span> <span class='ocrx_word' id='word_1_221' title='bbox 1252 1768 1308 1822; x_wconf 92' lang='lat' dir='ltr'>in</span> <span class='ocrx_word' id='word_1_222' title='bbox 1343 1786 1457 1841; x_wconf 89' lang='lat' dir='ltr'>quo</span> <span class='ocrx_word' id='word_1_223' title='bbox 1488 1769 1833 1825; x_wconf 84' lang='lat' dir='ltr'>invenerunt.</span> <span class='ocrx_word' id='word_1_224' title='bbox 1863 1805 1910 1870; x_wconf 81' lang='grc' dir='ltr'>Β</span> <span class='ocrx_word' id='word_1_225' title='bbox 1943 1767 2087 1824; x_wconf 90' lang='lat' dir='ltr'>alios</span> <span class='ocrx_word' id='word_1_226' title='bbox 2115 1785 2218 1839; x_wconf 92' lang='lat' dir='ltr'>per</span> <span class='ocrx_word' id='word_1_227' title='bbox 2248 1767 2507 1822; x_wconf 85' lang='lat' dir='ltr'>diversas</span> <span class='ocrx_word' id='word_1_228' title='bbox 2534 1765 2881 1838; x_wconf 89' lang='lat' dir='ltr'>provincias.</span> <span class='ocrx_word' id='word_1_229' title='bbox 2909 1766 3024 1821; x_wconf 87' lang='lat' dir='ltr'>Hoc</span> <span class='ocrx_word' id='word_1_230' title='bbox 3046 1769 3233 1821; x_wconf 87' lang='lat' dir='ltr'>totum</span> <span class='ocrx_word' id='word_1_231' title='bbox 3257 1766 3473 1821; x_wconf 84' lang='lat' dir='ltr'>factum</span> <span class='ocrx_word' id='word_1_232' title='bbox 3499 1768 3588 1820; x_wconf 91' lang='lat' dir='ltr'>est</span> 
     </span>
    </p>
   </div>
   <div class='ocr_carea' id='block_1_34' title="bbox 182 1856 1831 1926">
    <p class='ocr_par' dir='ltr' id='par_1_34' title="bbox 182 1856 1831 1926">
     <span class='ocr_line' id='line_1_34' title="bbox 182 1856 1831 1926; baseline 0 -13"><span class='ocrx_word' id='word_1_233' title='bbox 182 1857 548 1913; x_wconf 85' lang='lat' dir='ltr'>frumentum</span> <span class='ocrx_word' id='word_1_234' title='bbox 580 1856 970 1926; x_wconf 85' lang='lat' dir='ltr'>abundanter,</span> <span class='ocrx_word' id='word_1_235' title='bbox 997 1861 1052 1911; x_wconf 87' lang='lat' dir='ltr'>et</span> <span class='ocrx_word' id='word_1_236' title='bbox 1073 1857 1297 1924; x_wconf 89' lang='lat' dir='ltr'>vinum,</span> <span class='ocrx_word' id='word_1_237' title='bbox 1321 1863 1378 1914; x_wconf 93' lang='lat' dir='ltr'>et</span> <span class='ocrx_word' id='word_1_238' title='bbox 1400 1876 1602 1914; x_wconf 88' lang='lat' dir='ltr'>carnes</span> <span class='ocrx_word' id='word_1_239' title='bbox 1623 1864 1679 1915; x_wconf 94' lang='lat' dir='ltr'>et</span> <span class='ocrx_word' id='word_1_240' title='bbox 1708 1876 1831 1914; x_wconf 82' lang='lat' dir='ltr'>om-</span> 
     </span>
    </p>
   </div>
   <div class='ocr_carea' id='block_1_35' title="bbox 184 1945 1832 2019">
    <p class='ocr_par' dir='ltr' id='par_1_35' title="bbox 184 1945 1832 2019">
     <span class='ocr_line' id='line_1_35' title="bbox 184 1945 1832 2019; baseline 0 -17"><span class='ocrx_word' id='word_1_241' title='bbox 184 1946 285 2002; x_wconf 87' lang='lat' dir='ltr'>nia</span> <span class='ocrx_word' id='word_1_242' title='bbox 314 1947 487 2002; x_wconf 87' lang='lat' dir='ltr'>bona.</span> <span class='ocrx_word' id='word_1_243' title='bbox 518 1946 838 2001; x_wconf 87' lang='lat' dir='ltr'>Audientes</span> <span class='ocrx_word' id='word_1_244' title='bbox 879 1945 1074 2017; x_wconf 89' lang='lat' dir='ltr'>itaque</span> <span class='ocrx_word' id='word_1_245' title='bbox 1125 1948 1299 2002; x_wconf 92' lang='lat' dir='ltr'>Turci</span> <span class='ocrx_word' id='word_1_246' title='bbox 1331 1949 1485 2019; x_wconf 90' lang='lat' dir='ltr'>quod</span> <span class='ocrx_word' id='word_1_247' title='bbox 1520 1948 1832 2010; x_wconf 63' lang='lat' dir='ltr'>Christiani</span> 
     </span>
    </p>
   </div>
   <div class='ocr_carea' id='block_1_36' title="bbox 184 2035 1831 2102">
    <p class='ocr_par' dir='ltr' id='par_1_36' title="bbox 184 2035 1831 2102">
     <span class='ocr_line' id='line_1_36' title="bbox 184 2035 1831 2102; baseline -0.001 -8"><span class='ocrx_word' id='word_1_248' title='bbox 184 2039 385 2094; x_wconf 87' lang='lat' dir='ltr'>essent</span> <span class='ocrx_word' id='word_1_249' title='bbox 414 2035 473 2090; x_wconf 89' lang='lat' dir='ltr'>in</span> <span class='ocrx_word' id='word_1_250' title='bbox 504 2038 716 2102; x_wconf 89' lang='lat' dir='ltr'>castro,</span> <span class='ocrx_word' id='word_1_251' title='bbox 739 2041 1025 2090; x_wconf 88' lang='lat' dir='ltr'>venerunt</span> <span class='ocrx_word' id='word_1_252' title='bbox 1057 2037 1332 2091; x_wconf 91' lang='lat' dir='ltr'>continuo</span> <span class='ocrx_word' id='word_1_253' title='bbox 1368 2037 1635 2093; x_wconf 91' lang='lat' dir='ltr'>obsidere</span> <span class='ocrx_word' id='word_1_254' title='bbox 1664 2037 1831 2092; x_wconf 91' lang='lat' dir='ltr'>illud.</span> 
     </span>
    </p>
   </div>
   <div class='ocr_carea' id='block_1_37' title="bbox 182 2123 1833 2198">
    <p class='ocr_par' dir='ltr' id='par_1_37' title="bbox 182 2123 1833 2198">
     <span class='ocr_line' id='line_1_37' title="bbox 182 2123 1833 2198; baseline -0.002 -15"><span class='ocrx_word' id='word_1_255' title='bbox 182 2129 330 2183; x_wconf 84' lang='lat' dir='ltr'>Ante</span> <span class='ocrx_word' id='word_1_256' title='bbox 355 2129 581 2198; x_wconf 90' lang='lat' dir='ltr'>portam</span> <span class='ocrx_word' id='word_1_257' title='bbox 604 2123 843 2196; x_wconf 90' lang='lat' dir='ltr'>quidem</span> <span class='ocrx_word' id='word_1_258' title='bbox 867 2123 1180 2180; x_wconf 90' lang='lat' dir='ltr'>castrierat</span> <span class='ocrx_word' id='word_1_259' title='bbox 1200 2129 1433 2197; x_wconf 89' lang='lat' dir='ltr'>puteus,</span> <span class='ocrx_word' id='word_1_260' title='bbox 1457 2132 1513 2182; x_wconf 89' lang='lat' dir='ltr'>et</span> <span class='ocrx_word' id='word_1_261' title='bbox 1534 2128 1605 2182; x_wconf 90' lang='lat' dir='ltr'>ad</span> <span class='ocrx_word' id='word_1_262' title='bbox 1629 2127 1833 2198; x_wconf 89' lang='lat' dir='ltr'>pedem</span> 
     </span>
    </p>
   </div>
   <div class='ocr_carea' id='block_1_38' title="bbox 185 2213 1837 2288">
    <p class='ocr_par' dir='ltr' id='par_1_38' title="bbox 185 2213 1837 2288">
     <span class='ocr_line' id='line_1_38' title="bbox 185 2213 1837 2288; baseline 0 -16"><span class='ocrx_word' id='word_1_263' title='bbox 185 2213 364 2272; x_wconf 83' lang='lat' dir='ltr'>castri</span> <span class='ocrx_word' id='word_1_264' title='bbox 394 2218 518 2270; x_wconf 89' lang='lat' dir='ltr'>erat</span> <span class='ocrx_word' id='word_1_265' title='bbox 548 2214 678 2271; x_wconf 88' lang='lat' dir='ltr'>fons</span> <span class='ocrx_word' id='word_1_266' title='bbox 708 2214 896 2281; x_wconf 88' lang='lat' dir='ltr'>vivus,</span> <span class='ocrx_word' id='word_1_267' title='bbox 921 2215 1092 2286; x_wconf 87' lang='lat' dir='ltr'>juxta</span> <span class='ocrx_word' id='word_1_268' title='bbox 1122 2232 1296 2288; x_wconf 91' lang='lat' dir='ltr'>quem</span> <span class='ocrx_word' id='word_1_269' title='bbox 1327 2216 1465 2272; x_wconf 82' lang='lat' dir='ltr'>exiit</span> <span class='ocrx_word' id='word_1_270' title='bbox 1517 2215 1837 2272; x_wconf 83' lang='lat' dir='ltr'>Rainaldus</span> 
     </span>
    </p>
   </div>
   <div class='ocr_carea' id='block_1_39' title="bbox 185 2304 1838 2378">
    <p class='ocr_par' dir='ltr' id='par_1_39' title="bbox 185 2304 1838 2378">
     <span class='ocr_line' id='line_1_39' title="bbox 185 2304 1838 2378; baseline 0.001 -18"><span class='ocrx_word' id='word_1_271' title='bbox 185 2304 474 2360; x_wconf 81' lang='lat' dir='ltr'>excubare</span> <span class='ocrx_word' id='word_1_272' title='bbox 521 2307 758 2375; x_wconf 90' lang='lat' dir='ltr'>propter</span> <span class='ocrx_word' id='word_1_273' title='bbox 804 2305 1043 2360; x_wconf 91' lang='lat' dir='ltr'>Turcos.</span> <span class='ocrx_word' id='word_1_274' title='bbox 1080 2304 1388 2361; x_wconf 84' lang='lat' dir='ltr'>Venientes</span> <span class='ocrx_word' id='word_1_275' title='bbox 1436 2306 1632 2378; x_wconf 85' lang='lat' dir='ltr'>itaque</span> <span class='ocrx_word' id='word_1_276' title='bbox 1664 2305 1838 2361; x_wconf 91' lang='lat' dir='ltr'>Turci</span> 
     </span>
    </p>
   </div>
   <div class='ocr_carea' id='block_1_40' title="bbox 185 2391 1837 2465">
    <p class='ocr_par' dir='ltr' id='par_1_40' title="bbox 185 2391 1837 2465">
     <span class='ocr_line' id='line_1_40' title="bbox 185 2391 1837 2465; baseline 0.002 -18"><span class='ocrx_word' id='word_1_277' title='bbox 185 2393 245 2448; x_wconf 91' lang='lat' dir='ltr'>in</span> <span class='ocrx_word' id='word_1_278' title='bbox 267 2391 360 2447; x_wconf 89' lang='lat' dir='ltr'>die</span> <span class='ocrx_word' id='word_1_279' title='bbox 385 2391 770 2448; x_wconf 81' lang='lat' dir='ltr'>dedicationis</span> <span class='ocrx_word' id='word_1_280' title='bbox 794 2393 853 2448; x_wconf 93' lang='lat' dir='ltr'>S.</span> <span class='ocrx_word' id='word_1_281' title='bbox 879 2393 1202 2465; x_wconf 89' lang='lat' dir='ltr'>Michaelis,</span> <span class='ocrx_word' id='word_1_282' title='bbox 1224 2394 1570 2451; x_wconf 89' lang='lat' dir='ltr'>invenerunt</span> <span class='ocrx_word' id='word_1_283' title='bbox 1604 2395 1837 2451; x_wconf 82' lang='lat' dir='ltr'>Rainal-</span> 
     </span>
    </p>
   </div>
   <div class='ocr_carea' id='block_1_41' title="bbox 186 2480 1840 2555">
    <p class='ocr_par' dir='ltr' id='par_1_41' title="bbox 186 2480 1840 2555">
     <span class='ocr_line' id='line_1_41' title="bbox 186 2480 1840 2555; baseline 0.002 -17"><span class='ocrx_word' id='word_1_284' title='bbox 186 2482 354 2548; x_wconf 85' lang='lat' dir='ltr'>dum,</span> <span class='ocrx_word' id='word_1_285' title='bbox 374 2486 432 2537; x_wconf 89' lang='lat' dir='ltr'>et</span> <span class='ocrx_word' id='word_1_286' title='bbox 453 2480 599 2537; x_wconf 87' lang='lat' dir='ltr'>alios</span> <span class='ocrx_word' id='word_1_287' title='bbox 623 2498 826 2538; x_wconf 89' lang='lat' dir='ltr'>omnes</span> <span class='ocrx_word' id='word_1_288' title='bbox 849 2482 948 2555; x_wconf 88' lang='lat' dir='ltr'>qui</span> <span class='ocrx_word' id='word_1_289' title='bbox 972 2497 1105 2538; x_wconf 90' lang='lat' dir='ltr'>cum</span> <span class='ocrx_word' id='word_1_290' title='bbox 1131 2500 1197 2540; x_wconf 90' lang='lat' dir='ltr'>eo</span> <span class='ocrx_word' id='word_1_291' title='bbox 1220 2489 1404 2551; x_wconf 86' lang='lat' dir='ltr'>erant,</span> <span class='ocrx_word' id='word_1_292' title='bbox 1426 2489 1482 2540; x_wconf 89' lang='lat' dir='ltr'>et</span> <span class='ocrx_word' id='word_1_293' title='bbox 1503 2486 1840 2542; x_wconf 91' lang='lat' dir='ltr'>occiderunt</span> 
     </span>
    </p>
   </div>
   <div class='ocr_carea' id='block_1_42' title="bbox 187 2569 1842 2649">
    <p class='ocr_par' dir='ltr' id='par_1_42' title="bbox 187 2569 1842 2649">
     <span class='ocr_line' id='line_1_42' title="bbox 187 2569 1842 2649; baseline 0.002 -22"><span class='ocrx_word' id='word_1_294' title='bbox 187 2570 410 2627; x_wconf 87' lang='lat' dir='ltr'>multos</span> <span class='ocrx_word' id='word_1_295' title='bbox 439 2587 509 2626; x_wconf 84' lang='lat' dir='ltr'>ex</span> <span class='ocrx_word' id='word_1_296' title='bbox 538 2570 641 2626; x_wconf 90' lang='lat' dir='ltr'>eis.</span> <span class='ocrx_word' id='word_1_297' title='bbox 669 2569 781 2626; x_wconf 83' lang='lat' dir='ltr'>Alii</span> <span class='ocrx_word' id='word_1_298' title='bbox 812 2588 946 2627; x_wconf 90' lang='lat' dir='ltr'>vero</span> <span class='ocrx_word' id='word_1_299' title='bbox 989 2573 1090 2645; x_wconf 90' lang='lat' dir='ltr'>qui</span> <span class='ocrx_word' id='word_1_300' title='bbox 1124 2581 1536 2630; x_wconf 88' lang='lat' dir='ltr'>remanserunt</span> <span class='ocrx_word' id='word_1_301' title='bbox 1565 2576 1842 2649; x_wconf 90' lang='lat' dir='ltr'>fugerunt</span> 
     </span>
    </p>
   </div>
   <div class='ocr_carea' id='block_1_43' title="bbox 189 2659 1838 2730">
    <p class='ocr_par' dir='ltr' id='par_1_43' title="bbox 189 2659 1838 2730">
     <span class='ocr_line' id='line_1_43' title="bbox 189 2659 1838 2730; baseline 0.004 -16"><span class='ocrx_word' id='word_1_302' title='bbox 189 2659 249 2714; x_wconf 90' lang='lat' dir='ltr'>in</span> <span class='ocrx_word' id='word_1_303' title='bbox 283 2664 566 2725; x_wconf 89' lang='lat' dir='ltr'>castrum,</span> <span class='ocrx_word' id='word_1_304' title='bbox 599 2659 756 2730; x_wconf 87' lang='lat' dir='ltr'>quod</span> <span class='ocrx_word' id='word_1_305' title='bbox 788 2660 961 2716; x_wconf 91' lang='lat' dir='ltr'>Turci</span> <span class='ocrx_word' id='word_1_306' title='bbox 995 2661 1350 2718; x_wconf 89' lang='lat' dir='ltr'>obsederunt</span> <span class='ocrx_word' id='word_1_307' title='bbox 1397 2665 1695 2729; x_wconf 89' lang='lat' dir='ltr'>continuo,</span> <span class='ocrx_word' id='word_1_308' title='bbox 1727 2664 1838 2720; x_wconf 87' lang='lat' dir='ltr'>eis-</span> 
     </span>
    </p>
   </div>
   <div class='ocr_carea' id='block_1_44' title="bbox 192 2748 1839 2824">
    <p class='ocr_par' dir='ltr' id='par_1_44' title="bbox 192 2748 1839 2824">
     <span class='ocr_line' id='line_1_44' title="bbox 192 2748 1839 2824; baseline 0.003 -21"><span class='ocrx_word' id='word_1_309' title='bbox 192 2764 308 2820; x_wconf 89' lang='lat' dir='ltr'>que</span> <span class='ocrx_word' id='word_1_310' title='bbox 355 2764 572 2819; x_wconf 88' lang='lat' dir='ltr'>aquam</span> <span class='ocrx_word' id='word_1_311' title='bbox 621 2748 1008 2806; x_wconf 90' lang='lat' dir='ltr'>abstulerunt.</span> <span class='ocrx_word' id='word_1_312' title='bbox 1047 2751 1303 2807; x_wconf 85' lang='lat' dir='ltr'>Fuerunt</span> <span class='ocrx_word' id='word_1_313' title='bbox 1332 2752 1528 2824; x_wconf 89' lang='lat' dir='ltr'>itaque</span> <span class='ocrx_word' id='word_1_314' title='bbox 1563 2753 1749 2810; x_wconf 91' lang='lat' dir='ltr'>nostri</span> <span class='ocrx_word' id='word_1_315' title='bbox 1781 2753 1839 2808; x_wconf 93' lang='lat' dir='ltr'>in</span> 
     </span>
    </p>
   </div>
   <div class='ocr_carea' id='block_1_45' title="bbox 192 2835 1843 2912">
    <p class='ocr_par' dir='ltr' id='par_1_45' title="bbox 192 2835 1843 2912">
     <span class='ocr_line' id='line_1_45' title="bbox 192 2835 1843 2912; baseline 0.002 -18"><span class='ocrx_word' id='word_1_316' title='bbox 192 2840 358 2894; x_wconf 83' lang='lat' dir='ltr'>tanta</span> <span class='ocrx_word' id='word_1_317' title='bbox 400 2835 715 2892; x_wconf 86' lang='lat' dir='ltr'>afﬂictione</span> <span class='ocrx_word' id='word_1_318' title='bbox 763 2838 914 2907; x_wconf 91' lang='lat' dir='ltr'>sitis,</span> <span class='ocrx_word' id='word_1_319' title='bbox 949 2840 1103 2912; x_wconf 88' lang='lat' dir='ltr'>quod</span> <span class='ocrx_word' id='word_1_320' title='bbox 1155 2841 1532 2898; x_wconf 82' lang='lat' dir='ltr'>tlebotomare</span> <span class='ocrx_word' id='word_1_321' title='bbox 1586 2843 1843 2898; x_wconf 89' lang='lat' dir='ltr'>facerent</span> 
     </span>
    </p>
   </div>
   <div class='ocr_carea' id='block_1_46' title="bbox 193 2925 1837 3002">
    <p class='ocr_par' dir='ltr' id='par_1_46' title="bbox 193 2925 1837 3002">
     <span class='ocr_line' id='line_1_46' title="bbox 193 2925 1837 3002; baseline 0.002 -19"><span class='ocrx_word' id='word_1_322' title='bbox 193 2942 335 2983; x_wconf 82' lang='lat' dir='ltr'>suos</span> <span class='ocrx_word' id='word_1_323' title='bbox 356 2940 540 2997; x_wconf 89' lang='lat' dir='ltr'>equos</span> <span class='ocrx_word' id='word_1_324' title='bbox 561 2929 618 2981; x_wconf 88' lang='lat' dir='ltr'>et</span> <span class='ocrx_word' id='word_1_325' title='bbox 638 2925 857 2994; x_wconf 87' lang='lat' dir='ltr'>asinos,</span> <span class='ocrx_word' id='word_1_326' title='bbox 883 2945 1134 3000; x_wconf 90' lang='lat' dir='ltr'>quorum</span> <span class='ocrx_word' id='word_1_327' title='bbox 1157 2931 1503 3002; x_wconf 90' lang='lat' dir='ltr'>sanguinem</span> <span class='ocrx_word' id='word_1_328' title='bbox 1526 2931 1837 2999; x_wconf 91' lang='lat' dir='ltr'>bibebant;</span> 
     </span>
    </p>
   </div>
   <div class='ocr_carea' id='block_1_47' title="bbox 193 3013 1841 3093">
    <p class='ocr_par' dir='ltr' id='par_1_47' title="bbox 193 3013 1841 3093">
     <span class='ocr_line' id='line_1_47' title="bbox 193 3013 1841 3093; baseline 0.003 -21"><span class='ocrx_word' id='word_1_329' title='bbox 193 3019 252 3072; x_wconf 88' lang='lat' dir='ltr'>et</span> <span class='ocrx_word' id='word_1_330' title='bbox 281 3013 398 3070; x_wconf 89' lang='lat' dir='ltr'>alia</span> <span class='ocrx_word' id='word_1_331' title='bbox 439 3015 879 3086; x_wconf 88' lang='lat' dir='ltr'>quamplurima</span> <span class='ocrx_word' id='word_1_332' title='bbox 918 3018 1204 3074; x_wconf 86' lang='lat' dir='ltr'>terribilia</span> <span class='ocrx_word' id='word_1_333' title='bbox 1249 3025 1485 3091; x_wconf 91' lang='lat' dir='ltr'>propter</span> <span class='ocrx_word' id='word_1_334' title='bbox 1534 3021 1841 3093; x_wconf 91' lang='lat' dir='ltr'>penuriam</span> 
     </span>
    </p>
   </div>
   <div class='ocr_carea' id='block_1_48' title="bbox 195 3105 1840 3176">
    <p class='ocr_par' dir='ltr' id='par_1_48' title="bbox 195 3105 1840 3176">
     <span class='ocr_line' id='line_1_48' title="bbox 195 3105 1840 3176; baseline 0.002 -16"><span class='ocrx_word' id='word_1_335' title='bbox 195 3121 360 3176; x_wconf 76' lang='lat' dir='ltr'>aquae</span> <span class='ocrx_word' id='word_1_336' title='bbox 395 3108 824 3176; x_wconf 84' lang='lat' dir='ltr'>perpetrarunt.</span> <span class='ocrx_word' id='word_1_337' title='bbox 847 3105 957 3161; x_wconf 87' lang='lat' dir='ltr'>Alii</span> <span class='ocrx_word' id='word_1_338' title='bbox 989 3124 1123 3163; x_wconf 91' lang='lat' dir='ltr'>vero</span> <span class='ocrx_word' id='word_1_339' title='bbox 1156 3107 1466 3165; x_wconf 89' lang='lat' dir='ltr'>mittebant</span> <span class='ocrx_word' id='word_1_340' title='bbox 1496 3109 1754 3165; x_wconf 90' lang='lat' dir='ltr'>cincidas</span> <span class='ocrx_word' id='word_1_341' title='bbox 1783 3111 1840 3164; x_wconf 92' lang='lat' dir='ltr'>in</span> 
     </span>
    </p>
   </div>
   <div class='ocr_carea' id='block_1_49' title="bbox 1942 1855 3586 1929">
    <p class='ocr_par' dir='ltr' id='par_1_49' title="bbox 1942 1855 3586 1929">
     <span class='ocr_line' id='line_1_49' title="bbox 1942 1855 3586 1929; baseline 0 -17"><span class='ocrx_word' id='word_1_342' title='bbox 1942 1857 2002 1912; x_wconf 92' lang='lat' dir='ltr'>in</span> <span class='ocrx_word' id='word_1_343' title='bbox 2042 1874 2244 1912; x_wconf 89' lang='lat' dir='ltr'>mense</span> <span class='ocrx_word' id='word_1_344' title='bbox 2281 1855 2570 1912; x_wconf 88' lang='lat' dir='ltr'>Octobrio.</span> <span class='ocrx_word' id='word_1_345' title='bbox 2602 1855 2859 1910; x_wconf 90' lang='lat' dir='ltr'>Audiens</span> <span class='ocrx_word' id='word_1_346' title='bbox 2907 1855 3016 1910; x_wconf 92' lang='lat' dir='ltr'>hoc</span> <span class='ocrx_word' id='word_1_347' title='bbox 3059 1855 3396 1927; x_wconf 90' lang='lat' dir='ltr'>imperator,</span> <span class='ocrx_word' id='word_1_348' title='bbox 3431 1858 3586 1929; x_wconf 88' lang='lat' dir='ltr'>quod</span> 
     </span>
    </p>
   </div>
   <div class='ocr_carea' id='block_1_50' title="bbox 1944 1945 3584 2018">
    <p class='ocr_par' dir='ltr' id='par_1_50' title="bbox 1944 1945 3584 2018">
     <span class='ocr_line' id='line_1_50' title="bbox 1944 1945 3584 2018; baseline -0.002 -15"><span class='ocrx_word' id='word_1_349' title='bbox 1944 1946 2117 2003; x_wconf 91' lang='lat' dir='ltr'>Turci</span> <span class='ocrx_word' id='word_1_350' title='bbox 2140 1947 2222 2001; x_wconf 91' lang='lat' dir='ltr'>ita</span> <span class='ocrx_word' id='word_1_351' title='bbox 2251 1946 2639 2017; x_wconf 81' lang='lat' dir='ltr'>dissipassent</span> <span class='ocrx_word' id='word_1_352' title='bbox 2671 1949 2918 2012; x_wconf 88' lang='lat' dir='ltr'>nostros,</span> <span class='ocrx_word' id='word_1_353' title='bbox 2940 1945 3106 2000; x_wconf 69' lang='lat' dir='ltr'>laetus</span> <span class='ocrx_word' id='word_1_354' title='bbox 3123 1949 3182 2000; x_wconf 91' lang='lat' dir='ltr'>et</span> <span class='ocrx_word' id='word_1_355' title='bbox 3197 1945 3432 2018; x_wconf 85' lang='lat' dir='ltr'>gavisus</span> <span class='ocrx_word' id='word_1_356' title='bbox 3455 1946 3584 2015; x_wconf 87' lang='lat' dir='ltr'>fuit,</span> 
     </span>
    </p>
   </div>
   <div class='ocr_carea' id='block_1_51' title="bbox 1944 2033 3590 2108">
    <p class='ocr_par' dir='ltr' id='par_1_51' title="bbox 1944 2033 3590 2108">
     <span class='ocr_line' id='line_1_51' title="bbox 1944 2033 3590 2108; baseline -0.001 -17"><span class='ocrx_word' id='word_1_357' title='bbox 1944 2037 2196 2108; x_wconf 88' lang='lat' dir='ltr'>fecitque</span> <span class='ocrx_word' id='word_1_358' title='bbox 2218 2052 2316 2091; x_wconf 92' lang='lat' dir='ltr'>eos</span> <span class='ocrx_word' id='word_1_359' title='bbox 2339 2051 2597 2090; x_wconf 89' lang='lat' dir='ltr'>remeare</span> <span class='ocrx_word' id='word_1_360' title='bbox 2620 2039 2781 2090; x_wconf 90' lang='lat' dir='ltr'>trans</span> <span class='ocrx_word' id='word_1_361' title='bbox 2803 2033 3274 2091; x_wconf 87' lang='lat' dir='ltr'>brachium.Post</span> <span class='ocrx_word' id='word_1_362' title='bbox 3295 2035 3417 2090; x_wconf 66' lang='lat' dir='ltr'>haec</span> <span class='ocrx_word' id='word_1_363' title='bbox 3438 2053 3590 2091; x_wconf 92' lang='lat' dir='ltr'>com-</span> 
     </span>
    </p>
   </div>
   <div class='ocr_carea' id='block_1_52' title="bbox 1946 2123 3590 2199">
    <p class='ocr_par' dir='ltr' id='par_1_52' title="bbox 1946 2123 3590 2199">
     <span class='ocr_line' id='line_1_52' title="bbox 1946 2123 3590 2199; baseline -0.001 -18"><span class='ocrx_word' id='word_1_364' title='bbox 1946 2126 2172 2199; x_wconf 89' lang='lat' dir='ltr'>paravit</span> <span class='ocrx_word' id='word_1_365' title='bbox 2202 2125 2400 2180; x_wconf 91' lang='lat' dir='ltr'>omnia</span> <span class='ocrx_word' id='word_1_366' title='bbox 2431 2141 2593 2180; x_wconf 90' lang='lat' dir='ltr'>arma</span> <span class='ocrx_word' id='word_1_367' title='bbox 2625 2140 2846 2180; x_wconf 88' lang='lat' dir='ltr'>eorum.</span> <span class='ocrx_word' id='word_1_368' title='bbox 2881 2123 3012 2179; x_wconf 64' lang='lat' dir='ltr'>Hinc</span> <span class='ocrx_word' id='word_1_369' title='bbox 3062 2124 3259 2179; x_wconf 91' lang='lat' dir='ltr'>omnia</span> <span class='ocrx_word' id='word_1_370' title='bbox 3306 2125 3387 2180; x_wconf 93' lang='lat' dir='ltr'>ita</span> <span class='ocrx_word' id='word_1_371' title='bbox 3425 2129 3590 2198; x_wconf 90' lang='lat' dir='ltr'>gesta</span> 
     </span>
    </p>
   </div>
   <div class='ocr_carea' id='block_1_53' title="bbox 1946 2221 2103 2270">
    <p class='ocr_par' dir='ltr' id='par_1_53' title="bbox 1946 2221 2103 2270">
     <span class='ocr_line' id='line_1_53' title="bbox 1946 2221 2103 2270; baseline 0 0"><span class='ocrx_word' id='word_1_372' title='bbox 1946 2221 2103 2270; x_wconf 89' lang='lat' dir='ltr'>sunt.</span> 
     </span>
    </p>
   </div>
   <div class='ocr_carea' id='block_1_54' title="bbox 2019 2301 3589 2377">
    <p class='ocr_par' dir='ltr' id='par_1_54' title="bbox 2019 2301 3589 2377">
     <span class='ocr_line' id='line_1_54' title="bbox 2019 2301 3589 2377; baseline -0.003 -16"><span class='ocrx_word' id='word_1_373' title='bbox 2019 2305 2287 2361; x_wconf 90' lang='lat' dir='ltr'>Secunda</span> <span class='ocrx_word' id='word_1_374' title='bbox 2305 2322 2438 2360; x_wconf 92' lang='lat' dir='ltr'>vero</span> <span class='ocrx_word' id='word_1_375' title='bbox 2460 2321 2595 2377; x_wconf 90' lang='lat' dir='ltr'>pars</span> <span class='ocrx_word' id='word_1_376' title='bbox 2627 2303 2864 2360; x_wconf 90' lang='lat' dir='ltr'>intravit</span> <span class='ocrx_word' id='word_1_377' title='bbox 2897 2307 3090 2376; x_wconf 86' lang='lat' dir='ltr'>partes</span> <span class='ocrx_word' id='word_1_378' title='bbox 3121 2301 3443 2370; x_wconf 69' lang='lat' dir='ltr'>Sclaviniaa,</span> <span class='ocrx_word' id='word_1_379' title='bbox 3477 2301 3589 2358; x_wconf 88' lang='lat' dir='ltr'>sci-</span> 
     </span>
    </p>
   </div>
   <div class='ocr_carea' id='block_1_55' title="bbox 1945 2392 3590 2466">
    <p class='ocr_par' dir='ltr' id='par_1_55' title="bbox 1945 2392 3590 2466">
     <span class='ocr_line' id='line_1_55' title="bbox 1945 2392 3590 2466; baseline -0.001 -17"><span class='ocrx_word' id='word_1_380' title='bbox 1945 2392 2083 2450; x_wconf 91' lang='lat' dir='ltr'>licet</span> <span class='ocrx_word' id='word_1_381' title='bbox 2114 2395 2482 2450; x_wconf 83' lang='lat' dir='ltr'>Raimundus</span> <span class='ocrx_word' id='word_1_382' title='bbox 2523 2394 2718 2450; x_wconf 90' lang='lat' dir='ltr'>Sancti</span> <span class='ocrx_word' id='word_1_383' title='bbox 2766 2393 2978 2466; x_wconf 72' lang='lat' dir='ltr'>)Egidii</span> <span class='ocrx_word' id='word_1_384' title='bbox 3027 2409 3242 2459; x_wconf 90' lang='lat' dir='ltr'>comes,</span> <span class='ocrx_word' id='word_1_385' title='bbox 3273 2396 3331 2448; x_wconf 92' lang='lat' dir='ltr'>et</span> <span class='ocrx_word' id='word_1_386' title='bbox 3358 2408 3492 2447; x_wconf 91' lang='lat' dir='ltr'>cum</span> <span class='ocrx_word' id='word_1_387' title='bbox 3523 2408 3590 2447; x_wconf 91' lang='lat' dir='ltr'>eo</span> 
     </span>
    </p>
   </div>
   <div class='ocr_carea' id='block_1_56' title="bbox 1948 2481 3591 2555">
    <p class='ocr_par' dir='ltr' id='par_1_56' title="bbox 1948 2481 3591 2555">
     <span class='ocr_line' id='line_1_56' title="bbox 1948 2481 3591 2555; baseline -0.003 -15"><span class='ocrx_word' id='word_1_388' title='bbox 1948 2483 2308 2541; x_wconf 88' lang='lat' dir='ltr'>honorabilis</span> <span class='ocrx_word' id='word_1_389' title='bbox 2341 2483 2641 2540; x_wconf 90' lang='lat' dir='ltr'>Podiensis</span> <span class='ocrx_word' id='word_1_390' title='bbox 2670 2482 3002 2555; x_wconf 89' lang='lat' dir='ltr'>episcopus.</span> <span class='ocrx_word' id='word_1_391' title='bbox 3019 2481 3215 2538; x_wconf 88' lang='lat' dir='ltr'>Tertia</span> <span class='ocrx_word' id='word_1_392' title='bbox 3235 2485 3430 2538; x_wconf 89' lang='lat' dir='ltr'>autem</span> <span class='ocrx_word' id='word_1_393' title='bbox 3455 2496 3591 2553; x_wconf 88' lang='lat' dir='ltr'>pars</span> 
     </span>
    </p>
   </div>
   <div class='ocr_carea' id='block_1_57' title="bbox 1948 2571 3593 2646">
    <p class='ocr_par' dir='ltr' id='par_1_57' title="bbox 1948 2571 3593 2646">
     <span class='ocr_line' id='line_1_57' title="bbox 1948 2571 3593 2646; baseline -0.003 -17"><span class='ocrx_word' id='word_1_394' title='bbox 1948 2591 2052 2646; x_wconf 92' lang='lat' dir='ltr'>per</span> <span class='ocrx_word' id='word_1_395' title='bbox 2071 2574 2375 2645; x_wconf 90' lang='lat' dir='ltr'>antiquam</span> <span class='ocrx_word' id='word_1_396' title='bbox 2402 2574 2646 2629; x_wconf 85' lang='lat' dir='ltr'>Romam</span> <span class='ocrx_word' id='word_1_397' title='bbox 2675 2571 2852 2628; x_wconf 89' lang='lat' dir='ltr'>venit.</span> <span class='ocrx_word' id='word_1_398' title='bbox 2881 2573 2944 2628; x_wconf 91' lang='lat' dir='ltr'>In</span> <span class='ocrx_word' id='word_1_399' title='bbox 2974 2572 3085 2628; x_wconf 81' lang='lat' dir='ltr'>ista</span> <span class='ocrx_word' id='word_1_400' title='bbox 3114 2575 3278 2644; x_wconf 91' lang='lat' dir='ltr'>parte</span> <span class='ocrx_word' id='word_1_401' title='bbox 3305 2572 3593 2644; x_wconf 63' lang='lat' dir='ltr'>praeerant</span> 
     </span>
    </p>
   </div>
   <div class='ocr_carea' id='block_1_58' title="bbox 1951 2660 3594 2729">
    <p class='ocr_par' dir='ltr' id='par_1_58' title="bbox 1951 2660 3594 2729">
     <span class='ocr_line' id='line_1_58' title="bbox 1951 2660 3594 2729; baseline -0.002 -11"><span class='ocrx_word' id='word_1_402' title='bbox 1951 2663 2326 2719; x_wconf 88' lang='lat' dir='ltr'>Flandrensis</span> <span class='ocrx_word' id='word_1_403' title='bbox 2357 2679 2575 2729; x_wconf 88' lang='lat' dir='ltr'>comes,</span> <span class='ocrx_word' id='word_1_404' title='bbox 2607 2667 2664 2718; x_wconf 91' lang='lat' dir='ltr'>et</span> <span class='ocrx_word' id='word_1_405' title='bbox 2692 2661 3004 2718; x_wconf 84' lang='lat' dir='ltr'>Rotbertus</span> <span class='ocrx_word' id='word_1_406' title='bbox 3039 2660 3507 2728; x_wconf 88' lang='lat' dir='ltr'>Northmannus,</span> <span class='ocrx_word' id='word_1_407' title='bbox 3536 2663 3594 2715; x_wconf 89' lang='lat' dir='ltr'>et</span> 
     </span>
    </p>
   </div>
   <div class='ocr_carea' id='block_1_59' title="bbox 1949 2749 3592 2825">
    <p class='ocr_par' dir='ltr' id='par_1_59' title="bbox 1949 2749 3592 2825">
     <span class='ocr_line' id='line_1_59' title="bbox 1949 2749 3592 2825; baseline -0.002 -16"><span class='ocrx_word' id='word_1_408' title='bbox 1949 2753 2116 2825; x_wconf 90' lang='lat' dir='ltr'>Hugo</span> <span class='ocrx_word' id='word_1_409' title='bbox 2148 2753 2420 2824; x_wconf 88' lang='lat' dir='ltr'>Magnus,</span> <span class='ocrx_word' id='word_1_410' title='bbox 2452 2757 2508 2807; x_wconf 91' lang='lat' dir='ltr'>et</span> <span class='ocrx_word' id='word_1_411' title='bbox 2537 2751 2633 2808; x_wconf 90' lang='lat' dir='ltr'>alii</span> <span class='ocrx_word' id='word_1_412' title='bbox 2675 2751 2892 2823; x_wconf 91' lang='lat' dir='ltr'>plures.</span> <span class='ocrx_word' id='word_1_413' title='bbox 2926 2751 2994 2807; x_wconf 86' lang='lat' dir='ltr'>Hi</span> <span class='ocrx_word' id='word_1_414' title='bbox 3043 2767 3246 2808; x_wconf 91' lang='lat' dir='ltr'>omnes</span> <span class='ocrx_word' id='word_1_415' title='bbox 3297 2749 3592 2824; x_wconf 90' lang='lat' dir='ltr'>applicue-</span> 
     </span>
    </p>
   </div>
   <div class='ocr_carea' id='block_1_60' title="bbox 1951 2839 3594 2913">
    <p class='ocr_par' dir='ltr' id='par_1_60' title="bbox 1951 2839 3594 2913">
     <span class='ocr_line' id='line_1_60' title="bbox 1951 2839 3594 2913; baseline -0.001 -17"><span class='ocrx_word' id='word_1_416' title='bbox 1951 2845 2089 2896; x_wconf 90' lang='lat' dir='ltr'>runt</span> <span class='ocrx_word' id='word_1_417' title='bbox 2144 2842 2215 2897; x_wconf 91' lang='lat' dir='ltr'>ad</span> <span class='ocrx_word' id='word_1_418' title='bbox 2275 2846 2507 2913; x_wconf 91' lang='lat' dir='ltr'>portum</span> <span class='ocrx_word' id='word_1_419' title='bbox 2562 2839 2983 2910; x_wconf 91' lang='lat' dir='ltr'>Brundusium,</span> <span class='ocrx_word' id='word_1_420' title='bbox 3026 2845 3084 2896; x_wconf 89' lang='lat' dir='ltr'>et</span> <span class='ocrx_word' id='word_1_421' title='bbox 3138 2842 3370 2907; x_wconf 90' lang='lat' dir='ltr'>Barum,</span> <span class='ocrx_word' id='word_1_422' title='bbox 3418 2844 3594 2912; x_wconf 88' lang='lat' dir='ltr'>atque</span> 
     </span>
    </p>
   </div>
   <div class='ocr_carea' id='block_1_61' title="bbox 1952 2928 3594 3003">
    <p class='ocr_par' dir='ltr' id='par_1_61' title="bbox 1952 2928 3594 3003">
     <span class='ocr_line' id='line_1_61' title="bbox 1952 2928 3594 3003; baseline -0.001 -18"><span class='ocrx_word' id='word_1_423' title='bbox 1952 2931 2291 2986; x_wconf 89' lang='lat' dir='ltr'>Tarentum.</span> <span class='ocrx_word' id='word_1_424' title='bbox 2326 2931 2456 2986; x_wconf 83' lang='lat' dir='ltr'>Mox</span> <span class='ocrx_word' id='word_1_425' title='bbox 2488 2930 2653 3002; x_wconf 85' lang='lat' dir='ltr'>Hugo</span> <span class='ocrx_word' id='word_1_426' title='bbox 2685 2930 2954 3003; x_wconf 88' lang='lat' dir='ltr'>Magnus,</span> <span class='ocrx_word' id='word_1_427' title='bbox 2979 2934 3037 2985; x_wconf 93' lang='lat' dir='ltr'>et</span> <span class='ocrx_word' id='word_1_428' title='bbox 3067 2928 3416 2986; x_wconf 87' lang='lat' dir='ltr'>Guillelmus</span> <span class='ocrx_word' id='word_1_429' title='bbox 3446 2945 3594 2984; x_wconf 88' lang='lat' dir='ltr'>mar-</span> 
     </span>
    </p>
   </div>
   <div class='ocr_carea' id='block_1_62' title="bbox 1952 3018 3591 3091">
    <p class='ocr_par' dir='ltr' id='par_1_62' title="bbox 1952 3018 3591 3091">
     <span class='ocr_line' id='line_1_62' title="bbox 1952 3018 3591 3091; baseline -0.002 -17"><span class='ocrx_word' id='word_1_430' title='bbox 1952 3019 2099 3075; x_wconf 88' lang='lat' dir='ltr'>chisi</span> <span class='ocrx_word' id='word_1_431' title='bbox 2140 3019 2316 3086; x_wconf 80' lang='lat' dir='ltr'>filius,</span> <span class='ocrx_word' id='word_1_432' title='bbox 2352 3019 2650 3074; x_wconf 86' lang='lat' dir='ltr'>mittentes</span> <span class='ocrx_word' id='word_1_433' title='bbox 2693 3035 2755 3074; x_wconf 91' lang='lat' dir='ltr'>se</span> <span class='ocrx_word' id='word_1_434' title='bbox 2804 3019 2862 3073; x_wconf 90' lang='lat' dir='ltr'>in</span> <span class='ocrx_word' id='word_1_435' title='bbox 2922 3035 3080 3074; x_wconf 91' lang='lat' dir='ltr'>mare</span> <span class='ocrx_word' id='word_1_436' title='bbox 3134 3022 3298 3091; x_wconf 91' lang='lat' dir='ltr'>porto</span> <span class='ocrx_word' id='word_1_437' title='bbox 3355 3018 3591 3084; x_wconf 90' lang='lat' dir='ltr'>Barum,</span> 
     </span>
    </p>
   </div>
   <div class='ocr_carea' id='block_1_63' title="bbox 1951 3105 3597 3172">
    <p class='ocr_par' dir='ltr' id='par_1_63' title="bbox 1951 3105 3597 3172">
     <span class='ocr_line' id='line_1_63' title="bbox 1951 3105 3597 3172; baseline -0.002 -9"><span class='ocrx_word' id='word_1_438' title='bbox 1951 3112 2475 3164; x_wconf 86' lang='lat' dir='ltr'>transt&#39;retaverunt</span> <span class='ocrx_word' id='word_1_439' title='bbox 2510 3106 2840 3162; x_wconf 89' lang='lat' dir='ltr'>Durachim.</span> <span class='ocrx_word' id='word_1_440' title='bbox 2867 3107 3026 3172; x_wconf 86' lang='lat' dir='ltr'>Quod</span> <span class='ocrx_word' id='word_1_441' title='bbox 3051 3107 3299 3162; x_wconf 89' lang='lat' dir='ltr'>audiens</span> <span class='ocrx_word' id='word_1_442' title='bbox 3328 3107 3446 3162; x_wconf 84' lang='lat' dir='ltr'>dux</span> <span class='ocrx_word' id='word_1_443' title='bbox 3466 3105 3597 3161; x_wconf 80' lang='lat' dir='ltr'>civi-</span> 
     </span>
    </p>
   </div>
   <div class='ocr_carea' id='block_1_64' title="bbox 193 3177 3594 3268">
    <p class='ocr_par' dir='ltr' id='par_1_64' title="bbox 193 3177 3594 3268">
     <span class='ocr_line' id='line_1_64' title="bbox 193 3177 3594 3268; baseline 0.001 -20"><span class='ocrx_word' id='word_1_444' title='bbox 193 3192 483 3266; x_wconf 92' lang='lat' dir='ltr'>piscinam</span> <span class='ocrx_word' id='word_1_445' title='bbox 515 3196 571 3248; x_wconf 91' lang='lat' dir='ltr'>et</span> <span class='ocrx_word' id='word_1_446' title='bbox 602 3198 802 3265; x_wconf 90' lang='lat' dir='ltr'>postea</span> <span class='ocrx_word' id='word_1_447' title='bbox 854 3193 1228 3252; x_wconf 91' lang='lat' dir='ltr'>dimittebant</span> <span class='ocrx_word' id='word_1_448' title='bbox 1286 3197 1342 3252; x_wconf 89' lang='lat' dir='ltr'>in</span> <span class='ocrx_word' id='word_1_449' title='bbox 1394 3216 1458 3254; x_wconf 89' lang='lat' dir='ltr'>os</span> <span class='ocrx_word' id='word_1_450' title='bbox 1504 3216 1698 3254; x_wconf 90' lang='lat' dir='ltr'>suum.</span> <span class='ocrx_word' id='word_1_451' title='bbox 1731 3198 1841 3254; x_wconf 81' lang='lat' dir='ltr'>Alii</span> <span class='ocrx_word' id='word_1_452' title='bbox 1872 3177 1915 3244; x_wconf 57' lang='grc' dir='ltr'><strong>(ἶ</strong></span> <span class='ocrx_word' id='word_1_453' title='bbox 1953 3197 2113 3264; x_wconf 87' lang='lat' dir='ltr'>tatis,</span> <span class='ocrx_word' id='word_1_454' title='bbox 2154 3197 2285 3252; x_wconf 90' lang='lat' dir='ltr'>illos</span> <span class='ocrx_word' id='word_1_455' title='bbox 2341 3195 2611 3252; x_wconf 87' lang='lat' dir='ltr'>videlicet</span> <span class='ocrx_word' id='word_1_456' title='bbox 2668 3193 3010 3267; x_wconf 88' lang='lat' dir='ltr'>applicatos,</span> <span class='ocrx_word' id='word_1_457' title='bbox 3061 3194 3336 3251; x_wconf 92' lang='lat' dir='ltr'>continuo</span> <span class='ocrx_word' id='word_1_458' title='bbox 3393 3195 3594 3268; x_wconf 88' lang='lat' dir='ltr'>iniqua</span> 
     </span>
    </p>
   </div>
   <div class='ocr_carea' id='block_1_65' title="bbox 193 3280 1840 3358">
    <p class='ocr_par' dir='ltr' id='par_1_65' title="bbox 193 3280 1840 3358">
     <span class='ocr_line' id='line_1_65' title="bbox 193 3280 1840 3358; baseline 0.004 -21"><span class='ocrx_word' id='word_1_459' title='bbox 193 3280 413 3354; x_wconf 88' lang='lat' dir='ltr'>quippe</span> <span class='ocrx_word' id='word_1_460' title='bbox 431 3281 772 3355; x_wconf 89' lang='lat' dir='ltr'>mingebant</span> <span class='ocrx_word' id='word_1_461' title='bbox 788 3283 844 3338; x_wconf 90' lang='lat' dir='ltr'>in</span> <span class='ocrx_word' id='word_1_462' title='bbox 860 3284 1082 3358; x_wconf 87' lang='lat' dir='ltr'>pugillo</span> <span class='ocrx_word' id='word_1_463' title='bbox 1103 3285 1524 3353; x_wconf 89' lang='lat' dir='ltr'>alterius,etsic</span> <span class='ocrx_word' id='word_1_464' title='bbox 1543 3288 1840 3343; x_wconf 87' lang='lat' dir='ltr'>bibebant.</span> 
     </span>
    </p>
   </div>
   <div class='ocr_carea' id='block_1_66' title="bbox 192 3370 1841 3448">
    <p class='ocr_par' dir='ltr' id='par_1_66' title="bbox 192 3370 1841 3448">
     <span class='ocr_line' id='line_1_66' title="bbox 192 3370 1841 3448; baseline 0.003 -23"><span class='ocrx_word' id='word_1_465' title='bbox 192 3370 302 3426; x_wconf 81' lang='lat' dir='ltr'>Alii</span> <span class='ocrx_word' id='word_1_466' title='bbox 342 3375 539 3426; x_wconf 86' lang='lat' dir='ltr'>autem</span> <span class='ocrx_word' id='word_1_467' title='bbox 587 3371 887 3428; x_wconf 81' lang='lat' dir='ltr'>fodiebant</span> <span class='ocrx_word' id='word_1_468' title='bbox 933 3373 1236 3430; x_wconf 90' lang='lat' dir='ltr'>humidam</span> <span class='ocrx_word' id='word_1_469' title='bbox 1289 3380 1526 3440; x_wconf 87' lang='lat' dir='ltr'>terram,</span> <span class='ocrx_word' id='word_1_470' title='bbox 1559 3382 1616 3432; x_wconf 91' lang='lat' dir='ltr'>et</span> <span class='ocrx_word' id='word_1_471' title='bbox 1647 3377 1841 3448; x_wconf 89' lang='lat' dir='ltr'>supini</span> 
     </span>
    </p>
   </div>
   <div class='ocr_carea' id='block_1_67' title="bbox 182 3459 1844 3536">
    <p class='ocr_par' dir='ltr' id='par_1_67' title="bbox 182 3459 1844 3536">
     <span class='ocr_line' id='line_1_67' title="bbox 182 3459 1844 3536; baseline 0.003 -21"><span class='ocrx_word' id='word_1_472' title='bbox 182 3459 494 3531; x_wconf 84' lang='lat' dir='ltr'>jactabant</span> <span class='ocrx_word' id='word_1_473' title='bbox 511 3477 592 3525; x_wconf 87' lang='lat' dir='ltr'>se,</span> <span class='ocrx_word' id='word_1_474' title='bbox 619 3464 678 3516; x_wconf 93' lang='lat' dir='ltr'>et</span> <span class='ocrx_word' id='word_1_475' title='bbox 700 3461 1012 3518; x_wconf 89' lang='lat' dir='ltr'>mittebant</span> <span class='ocrx_word' id='word_1_476' title='bbox 1031 3480 1157 3518; x_wconf 90' lang='lat' dir='ltr'>eam</span> <span class='ocrx_word' id='word_1_477' title='bbox 1182 3481 1358 3535; x_wconf 90' lang='lat' dir='ltr'>super</span> <span class='ocrx_word' id='word_1_478' title='bbox 1387 3481 1590 3520; x_wconf 90' lang='lat' dir='ltr'>eorum</span> <span class='ocrx_word' id='word_1_479' title='bbox 1611 3471 1844 3536; x_wconf 89' lang='lat' dir='ltr'>pectora</span> 
     </span>
    </p>
   </div>
   <div class='ocr_carea' id='block_1_68' title="bbox 192 3551 1843 3626">
    <p class='ocr_par' dir='ltr' id='par_1_68' title="bbox 192 3551 1843 3626">
     <span class='ocr_line' id='line_1_68' title="bbox 192 3551 1843 3626; baseline 0.002 -20"><span class='ocrx_word' id='word_1_480' title='bbox 192 3553 301 3606; x_wconf 87' lang='lat' dir='ltr'>aut</span> <span class='ocrx_word' id='word_1_481' title='bbox 330 3565 572 3620; x_wconf 87' lang='lat' dir='ltr'>corpora</span> <span class='ocrx_word' id='word_1_482' title='bbox 600 3566 703 3622; x_wconf 92' lang='lat' dir='ltr'>pro</span> <span class='ocrx_word' id='word_1_483' title='bbox 735 3551 920 3606; x_wconf 90' lang='lat' dir='ltr'>nimia</span> <span class='ocrx_word' id='word_1_484' title='bbox 957 3552 1225 3608; x_wconf 87' lang='lat' dir='ltr'>ariditate</span> <span class='ocrx_word' id='word_1_485' title='bbox 1255 3553 1407 3608; x_wconf 88' lang='lat' dir='ltr'>sitis.</span> <span class='ocrx_word' id='word_1_486' title='bbox 1440 3554 1706 3626; x_wconf 90' lang='lat' dir='ltr'>Episcopi</span> <span class='ocrx_word' id='word_1_487' title='bbox 1737 3572 1843 3610; x_wconf 89' lang='lat' dir='ltr'>au-</span> 
     </span>
    </p>
   </div>
   <div class='ocr_carea' id='block_1_69' title="bbox 193 3638 1844 3712">
    <p class='ocr_par' dir='ltr' id='par_1_69' title="bbox 193 3638 1844 3712">
     <span class='ocr_line' id='line_1_69' title="bbox 193 3638 1844 3712; baseline 0.002 -17"><span class='ocrx_word' id='word_1_488' title='bbox 193 3643 314 3695; x_wconf 86' lang='lat' dir='ltr'>tem</span> <span class='ocrx_word' id='word_1_489' title='bbox 343 3643 404 3694; x_wconf 88' lang='lat' dir='ltr'>et</span> <span class='ocrx_word' id='word_1_490' title='bbox 427 3638 768 3711; x_wconf 79' lang='lat' dir='ltr'>presbyteri,</span> <span class='ocrx_word' id='word_1_491' title='bbox 804 3639 903 3712; x_wconf 88' lang='lat' dir='ltr'>qui</span> <span class='ocrx_word' id='word_1_492' title='bbox 933 3639 1051 3696; x_wconf 91' lang='lat' dir='ltr'>illic</span> <span class='ocrx_word' id='word_1_493' title='bbox 1095 3642 1358 3709; x_wconf 88' lang='lat' dir='ltr'>aderant,</span> <span class='ocrx_word' id='word_1_494' title='bbox 1392 3644 1844 3699; x_wconf 88' lang='lat' dir='ltr'>commonebant</span> 
     </span>
    </p>
   </div>
   <div class='ocr_carea' id='block_1_70' title="bbox 195 3727 1843 3798">
    <p class='ocr_par' dir='ltr' id='par_1_70' title="bbox 195 3727 1843 3798">
     <span class='ocr_line' id='line_1_70' title="bbox 195 3727 1843 3798; baseline 0.002 -14"><span class='ocrx_word' id='word_1_495' title='bbox 195 3744 294 3784; x_wconf 89' lang='lat' dir='ltr'>eos</span> <span class='ocrx_word' id='word_1_496' title='bbox 325 3727 586 3782; x_wconf 89' lang='lat' dir='ltr'>dicentes</span> <span class='ocrx_word' id='word_1_497' title='bbox 621 3744 633 3782; x_wconf 95' lang='lat'>:</span> <span class='ocrx_word' id='word_1_498' title='bbox 669 3750 697 3777; x_wconf 75' lang='grc' dir='ltr'>κ</span> <span class='ocrx_word' id='word_1_499' title='bbox 731 3729 928 3784; x_wconf 91' lang='lat' dir='ltr'>Estote</span> <span class='ocrx_word' id='word_1_500' title='bbox 977 3730 1174 3798; x_wconf 82' lang='lat' dir='ltr'>fortes,</span> <span class='ocrx_word' id='word_1_501' title='bbox 1217 3730 1605 3798; x_wconf 88' lang='lat' dir='ltr'>dilectissimi,</span> <span class='ocrx_word' id='word_1_502' title='bbox 1639 3733 1696 3786; x_wconf 93' lang='lat' dir='ltr'>in</span> <span class='ocrx_word' id='word_1_503' title='bbox 1730 3733 1843 3788; x_wconf 86' lang='lat' dir='ltr'>fide</span> 
     </span>
    </p>
   </div>
   <div class='ocr_carea' id='block_1_71' title="bbox 194 3815 1840 3892">
    <p class='ocr_par' dir='ltr' id='par_1_71' title="bbox 194 3815 1840 3892">
     <span class='ocr_line' id='line_1_71' title="bbox 194 3815 1840 3892; baseline 0.002 -20"><span class='ocrx_word' id='word_1_504' title='bbox 194 3815 434 3884; x_wconf 85' lang='lat' dir='ltr'>Christi,</span> <span class='ocrx_word' id='word_1_505' title='bbox 457 3819 516 3871; x_wconf 89' lang='lat' dir='ltr'>et</span> <span class='ocrx_word' id='word_1_506' title='bbox 548 3815 726 3872; x_wconf 90' lang='lat' dir='ltr'>nolite</span> <span class='ocrx_word' id='word_1_507' title='bbox 756 3816 962 3872; x_wconf 91' lang='lat' dir='ltr'>timere</span> <span class='ocrx_word' id='word_1_508' title='bbox 993 3835 1090 3873; x_wconf 92' lang='lat' dir='ltr'>eos</span> <span class='ocrx_word' id='word_1_509' title='bbox 1121 3819 1221 3891; x_wconf 91' lang='lat' dir='ltr'>qui</span> <span class='ocrx_word' id='word_1_510' title='bbox 1253 3837 1355 3875; x_wconf 86' lang='lat' dir='ltr'>vos</span> <span class='ocrx_word' id='word_1_511' title='bbox 1387 3822 1840 3892; x_wconf 68' lang='lat' dir='ltr'>perseQuuntur.</span> 
     </span>
    </p>
   </div>
   <div class='ocr_carea' id='block_1_72' title="bbox 192 3904 1843 3982">
    <p class='ocr_par' dir='ltr' id='par_1_72' title="bbox 192 3904 1843 3982">
     <span class='ocr_line' id='line_1_72' title="bbox 192 3904 1843 3982; baseline 0.002 -22"><span class='ocrx_word' id='word_1_512' title='bbox 192 3904 340 3961; x_wconf 85' lang='lat' dir='ltr'>Nam</span> <span class='ocrx_word' id='word_1_513' title='bbox 371 3904 654 3960; x_wconf 90' lang='lat' dir='ltr'>Dominus</span> <span class='ocrx_word' id='word_1_514' title='bbox 683 3905 863 3962; x_wconf 83' lang='lat' dir='ltr'>dixit:</span> <span class='ocrx_word' id='word_1_515' title='bbox 894 3907 1074 3963; x_wconf 79' lang='lat' dir='ltr'>Nolite</span> <span class='ocrx_word' id='word_1_516' title='bbox 1115 3910 1306 3964; x_wconf 77' lang='lat' dir='ltr'>timere</span> <span class='ocrx_word' id='word_1_517' title='bbox 1354 3925 1442 3964; x_wconf 83' lang='lat' dir='ltr'>eos</span> <span class='ocrx_word' id='word_1_518' title='bbox 1471 3911 1567 3982; x_wconf 83' lang='lat' dir='ltr'>qui</span> <span class='ocrx_word' id='word_1_519' title='bbox 1594 3911 1843 3965; x_wconf 82' lang='lat' dir='ltr'>occidunt</span> 
     </span>
    </p>
   </div>
   <div class='ocr_carea' id='block_1_73' title="bbox 190 3993 1838 4069">
    <p class='ocr_par' dir='ltr' id='par_1_73' title="bbox 190 3993 1838 4069">
     <span class='ocr_line' id='line_1_73' title="bbox 190 3993 1838 4069; baseline 0.004 -22"><span class='ocrx_word' id='word_1_520' title='bbox 190 4007 408 4063; x_wconf 73' lang='lat' dir='ltr'>corpus,</span> <span class='ocrx_word' id='word_1_521' title='bbox 441 3993 688 4047; x_wconf 77' lang='lat' dir='ltr'>animam</span> <span class='ocrx_word' id='word_1_522' title='bbox 724 4001 908 4048; x_wconf 74' lang='lat' dir='ltr'>autem</span> <span class='ocrx_word' id='word_1_523' title='bbox 949 4011 1058 4050; x_wconf 82' lang='lat' dir='ltr'>non</span> <span class='ocrx_word' id='word_1_524' title='bbox 1090 4005 1315 4066; x_wconf 85' lang='lat' dir='ltr'>possunt</span> <span class='ocrx_word' id='word_1_525' title='bbox 1352 3997 1589 4052; x_wconf 80' lang='lat' dir='ltr'>occidere</span> <span class='ocrx_word' id='word_1_526' title='bbox 1621 3997 1838 4069; x_wconf 82' lang='lat' dir='ltr'>(Matth.</span> 
     </span>
    </p>
   </div>
   <div class='ocr_carea' id='block_1_74' title="bbox 189 4077 1844 4150">
    <p class='ocr_par' dir='ltr' id='par_1_74' title="bbox 189 4077 1844 4150">
     <span class='ocr_line' id='line_1_74' title="bbox 189 4077 1844 4150; baseline 0.005 -17"><span class='ocrx_word' id='word_1_527' title='bbox 189 4093 246 4145; x_wconf 72' lang='grc' dir='ltr'>ι,</span> <span class='ocrx_word' id='word_1_528' title='bbox 269 4080 387 4146; x_wconf 83' lang='grc'>28).</span> <span class='ocrx_word' id='word_1_529' title='bbox 419 4077 548 4132; x_wconf 64' lang='lat' dir='ltr'>Haec</span> <span class='ocrx_word' id='word_1_530' title='bbox 580 4079 908 4150; x_wconf 88' lang='lat' dir='ltr'>persecutio</span> <span class='ocrx_word' id='word_1_531' title='bbox 939 4080 1048 4136; x_wconf 90' lang='lat' dir='ltr'>fuit</span> <span class='ocrx_word' id='word_1_532' title='bbox 1083 4081 1291 4138; x_wconf 90' lang='lat' dir='ltr'>diebus</span> <span class='ocrx_word' id='word_1_533' title='bbox 1312 4088 1462 4138; x_wconf 91' lang='lat' dir='ltr'>octo.</span> <span class='ocrx_word' id='word_1_534' title='bbox 1488 4085 1713 4140; x_wconf 88' lang='lat' dir='ltr'>Interea</span> <span class='ocrx_word' id='word_1_535' title='bbox 1739 4087 1844 4141; x_wconf 87' lang='lat' dir='ltr'>do-</span> 
     </span>
    </p>
   </div>
   <div class='ocr_carea' id='block_1_75' title="bbox 192 4165 1841 4241">
    <p class='ocr_par' dir='ltr' id='par_1_75' title="bbox 192 4165 1841 4241">
     <span class='ocr_line' id='line_1_75' title="bbox 192 4165 1841 4241; baseline 0.007 -22"><span class='ocrx_word' id='word_1_536' title='bbox 192 4166 394 4221; x_wconf 92' lang='lat' dir='ltr'>minus</span> <span class='ocrx_word' id='word_1_537' title='bbox 441 4165 896 4223; x_wconf 87' lang='lat' dir='ltr'>Alemannorum</span> <span class='ocrx_word' id='word_1_538' title='bbox 953 4169 1295 4226; x_wconf 90' lang='lat' dir='ltr'>consiliatus</span> <span class='ocrx_word' id='word_1_539' title='bbox 1325 4176 1415 4227; x_wconf 90' lang='lat' dir='ltr'>est</span> <span class='ocrx_word' id='word_1_540' title='bbox 1445 4189 1578 4227; x_wconf 91' lang='lat' dir='ltr'>cum</span> <span class='ocrx_word' id='word_1_541' title='bbox 1613 4174 1841 4241; x_wconf 88' lang='lat' dir='ltr'>Turcis,</span> 
     </span>
    </p>
   </div>
   <div class='ocr_carea' id='block_1_76' title="bbox 190 4253 1842 4333">
    <p class='ocr_par' dir='ltr' id='par_1_76' title="bbox 190 4253 1842 4333">
     <span class='ocr_line' id='line_1_76' title="bbox 190 4253 1842 4333; baseline 0.007 -25"><span class='ocrx_word' id='word_1_542' title='bbox 190 4253 446 4326; x_wconf 87' lang='lat' dir='ltr'>qualiter</span> <span class='ocrx_word' id='word_1_543' title='bbox 495 4255 749 4311; x_wconf 88' lang='lat' dir='ltr'>traderet</span> <span class='ocrx_word' id='word_1_544' title='bbox 795 4255 941 4313; x_wconf 89' lang='lat' dir='ltr'>alios</span> <span class='ocrx_word' id='word_1_545' title='bbox 981 4275 1202 4314; x_wconf 91' lang='lat' dir='ltr'>omnes.</span> <span class='ocrx_word' id='word_1_546' title='bbox 1237 4261 1306 4314; x_wconf 92' lang='lat' dir='ltr'>Et</span> <span class='ocrx_word' id='word_1_547' title='bbox 1340 4260 1565 4333; x_wconf 80' lang='lat' dir='ltr'>ﬁngens</span> <span class='ocrx_word' id='word_1_548' title='bbox 1595 4279 1656 4317; x_wconf 91' lang='lat' dir='ltr'>se</span> <span class='ocrx_word' id='word_1_549' title='bbox 1687 4263 1842 4319; x_wconf 89' lang='lat' dir='ltr'>exire</span> 
     </span>
    </p>
   </div>
   <div class='ocr_carea' id='block_1_77' title="bbox 190 4341 1841 4424">
    <p class='ocr_par' dir='ltr' id='par_1_77' title="bbox 190 4341 1841 4424">
     <span class='ocr_line' id='line_1_77' title="bbox 190 4341 1841 4424; baseline 0.006 -26"><span class='ocrx_word' id='word_1_550' title='bbox 190 4343 263 4398; x_wconf 87' lang='lat' dir='ltr'>ad</span> <span class='ocrx_word' id='word_1_551' title='bbox 284 4341 531 4410; x_wconf 89' lang='lat' dir='ltr'>bellum,</span> <span class='ocrx_word' id='word_1_552' title='bbox 557 4343 729 4417; x_wconf 86' lang='lat' dir='ltr'>fugiit</span> <span class='ocrx_word' id='word_1_553' title='bbox 753 4346 824 4401; x_wconf 89' lang='lat' dir='ltr'>ad</span> <span class='ocrx_word' id='word_1_554' title='bbox 847 4345 979 4403; x_wconf 91' lang='lat' dir='ltr'>illos</span> <span class='ocrx_word' id='word_1_555' title='bbox 1001 4364 1135 4403; x_wconf 89' lang='lat' dir='ltr'>cum</span> <span class='ocrx_word' id='word_1_556' title='bbox 1155 4348 1378 4404; x_wconf 90' lang='lat' dir='ltr'>multis.</span> <span class='ocrx_word' id='word_1_557' title='bbox 1401 4348 1489 4404; x_wconf 88' lang='lat' dir='ltr'>Illi</span> <span class='ocrx_word' id='word_1_558' title='bbox 1507 4356 1724 4418; x_wconf 90' lang='lat' dir='ltr'>autem,</span> <span class='ocrx_word' id='word_1_559' title='bbox 1740 4353 1841 4424; x_wconf 90' lang='lat' dir='ltr'>qui</span> 
     </span>
    </p>
   </div>
   <div class='ocr_carea' id='block_1_78' title="bbox 189 4431 1841 4508">
    <p class='ocr_par' dir='ltr' id='par_1_78' title="bbox 189 4431 1841 4508">
     <span class='ocr_line' id='line_1_78' title="bbox 189 4431 1841 4508; baseline 0.005 -21"><span class='ocrx_word' id='word_1_560' title='bbox 189 4431 508 4487; x_wconf 91' lang='lat' dir='ltr'>Dominum</span> <span class='ocrx_word' id='word_1_561' title='bbox 537 4449 747 4505; x_wconf 87' lang='lat' dir='ltr'>negare</span> <span class='ocrx_word' id='word_1_562' title='bbox 778 4434 1110 4504; x_wconf 90' lang='lat' dir='ltr'>noluerunt,</span> <span class='ocrx_word' id='word_1_563' title='bbox 1145 4437 1454 4508; x_wconf 87' lang='lat' dir='ltr'>capitalem</span> <span class='ocrx_word' id='word_1_564' title='bbox 1486 4441 1841 4496; x_wconf 90' lang='lat' dir='ltr'>sententiam</span> 
     </span>
    </p>
   </div>
   <div class='ocr_carea' id='block_1_79' title="bbox 1952 3283 3598 3360">
    <p class='ocr_par' dir='ltr' id='par_1_79' title="bbox 1952 3283 3598 3360">
     <span class='ocr_line' id='line_1_79' title="bbox 1952 3283 3598 3360; baseline -0.001 -18"><span class='ocrx_word' id='word_1_565' title='bbox 1952 3286 2301 3360; x_wconf 86' lang='lat' dir='ltr'>cogitatione</span> <span class='ocrx_word' id='word_1_566' title='bbox 2352 3301 2671 3340; x_wconf 90' lang='lat' dir='ltr'>succensus</span> <span class='ocrx_word' id='word_1_567' title='bbox 2720 3283 2903 3354; x_wconf 84' lang='lat' dir='ltr'>jussit</span> <span class='ocrx_word' id='word_1_568' title='bbox 2957 3283 3089 3340; x_wconf 89' lang='lat' dir='ltr'>illos</span> <span class='ocrx_word' id='word_1_569' title='bbox 3139 3284 3598 3357; x_wconf 87' lang='lat' dir='ltr'>apprehendi,et</span> 
     </span>
    </p>
   </div>
   <div class='ocr_carea' id='block_1_80' title="bbox 1952 3373 3598 3446">
    <p class='ocr_par' dir='ltr' id='par_1_80' title="bbox 1952 3373 3598 3446">
     <span class='ocr_line' id='line_1_80' title="bbox 1952 3373 3598 3446; baseline -0.001 -14"><span class='ocrx_word' id='word_1_570' title='bbox 1952 3373 2518 3446; x_wconf 90' lang='lat' dir='ltr'>Constantinopolim</span> <span class='ocrx_word' id='word_1_571' title='bbox 2577 3378 2712 3429; x_wconf 90' lang='lat' dir='ltr'>ante</span> <span class='ocrx_word' id='word_1_572' title='bbox 2766 3373 3176 3445; x_wconf 89' lang='lat' dir='ltr'>imperatorem</span> <span class='ocrx_word' id='word_1_573' title='bbox 3243 3374 3470 3439; x_wconf 89' lang='lat' dir='ltr'>deduci,</span> <span class='ocrx_word' id='word_1_574' title='bbox 3531 3379 3598 3430; x_wconf 89' lang='lat' dir='ltr'>ut</span> 
     </span>
    </p>
   </div>
   <div class='ocr_carea' id='block_1_81' title="bbox 1953 3461 3594 3534">
    <p class='ocr_par' dir='ltr' id='par_1_81' title="bbox 1953 3461 3594 3534">
     <span class='ocr_line' id='line_1_81' title="bbox 1953 3461 3594 3534; baseline -0.002 -13"><span class='ocrx_word' id='word_1_575' title='bbox 1953 3466 2004 3522; x_wconf 93' lang='lat' dir='ltr'>ei</span> <span class='ocrx_word' id='word_1_576' title='bbox 2038 3463 2377 3520; x_wconf 84' lang='lat' dir='ltr'>fidelitatem</span> <span class='ocrx_word' id='word_1_577' title='bbox 2410 3464 2682 3518; x_wconf 89' lang='lat' dir='ltr'>facerent.</span> <span class='ocrx_word' id='word_1_578' title='bbox 2708 3467 2830 3517; x_wconf 86' lang='lat' dir='ltr'>Dux</span> <span class='ocrx_word' id='word_1_579' title='bbox 2857 3461 3053 3534; x_wconf 90' lang='lat' dir='ltr'>itaque</span> <span class='ocrx_word' id='word_1_580' title='bbox 3082 3462 3429 3518; x_wconf 85' lang='lat' dir='ltr'>Godefridus</span> <span class='ocrx_word' id='word_1_581' title='bbox 3459 3479 3594 3519; x_wconf 90' lang='lat' dir='ltr'>cum</span> 
     </span>
    </p>
   </div>
   <div class='ocr_carea' id='block_1_82' title="bbox 1951 3549 3598 3624">
    <p class='ocr_par' dir='ltr' id='par_1_82' title="bbox 1951 3549 3598 3624">
     <span class='ocr_line' id='line_1_82' title="bbox 1951 3549 3598 3624; baseline -0.002 -14"><span class='ocrx_word' id='word_1_582' title='bbox 1951 3571 2058 3610; x_wconf 91' lang='lat' dir='ltr'>suo</span> <span class='ocrx_word' id='word_1_583' title='bbox 2116 3552 2370 3609; x_wconf 88' lang='lat' dir='ltr'>exercitu</span> <span class='ocrx_word' id='word_1_584' title='bbox 2430 3549 2994 3622; x_wconf 88' lang='lat' dir='ltr'>Constantinopolim</span> <span class='ocrx_word' id='word_1_585' title='bbox 3051 3551 3364 3607; x_wconf 89' lang='lat' dir='ltr'>adveniens</span> <span class='ocrx_word' id='word_1_586' title='bbox 3411 3551 3598 3624; x_wconf 90' lang='lat' dir='ltr'>pridie</span> 
     </span>
    </p>
   </div>
   <div class='ocr_carea' id='block_1_83' title="bbox 1951 3639 3597 3712">
    <p class='ocr_par' dir='ltr' id='par_1_83' title="bbox 1951 3639 3597 3712">
     <span class='ocr_line' id='line_1_83' title="bbox 1951 3639 3597 3712; baseline -0.004 -13"><span class='ocrx_word' id='word_1_587' title='bbox 1951 3642 2152 3700; x_wconf 90' lang='lat' dir='ltr'>Natale</span> <span class='ocrx_word' id='word_1_588' title='bbox 2175 3640 2426 3708; x_wconf 90' lang='lat' dir='ltr'>Domini,</span> <span class='ocrx_word' id='word_1_589' title='bbox 2450 3640 2781 3712; x_wconf 90' lang='lat' dir='ltr'>hospitatus</span> <span class='ocrx_word' id='word_1_590' title='bbox 2802 3644 2890 3696; x_wconf 91' lang='lat' dir='ltr'>est</span> <span class='ocrx_word' id='word_1_591' title='bbox 2910 3640 3080 3710; x_wconf 86' lang='lat' dir='ltr'>juxta</span> <span class='ocrx_word' id='word_1_592' title='bbox 3107 3639 3419 3708; x_wconf 88' lang='lat' dir='ltr'>civitatem,</span> <span class='ocrx_word' id='word_1_593' title='bbox 3455 3639 3597 3694; x_wconf 87' lang='lat' dir='ltr'>fuit-</span> 
     </span>
    </p>
   </div>
   <div class='ocr_carea' id='block_1_84' title="bbox 1951 3728 3593 3805">
    <p class='ocr_par' dir='ltr' id='par_1_84' title="bbox 1951 3728 3593 3805">
     <span class='ocr_line' id='line_1_84' title="bbox 1951 3728 3593 3805; baseline -0.002 -17"><span class='ocrx_word' id='word_1_594' title='bbox 1951 3750 2066 3805; x_wconf 90' lang='lat' dir='ltr'>que</span> <span class='ocrx_word' id='word_1_595' title='bbox 2088 3732 2187 3799; x_wconf 90' lang='lat' dir='ltr'>ibi,</span> <span class='ocrx_word' id='word_1_596' title='bbox 2212 3733 2394 3788; x_wconf 91' lang='lat' dir='ltr'>donec</span> <span class='ocrx_word' id='word_1_597' title='bbox 2417 3731 2734 3802; x_wconf 67' lang='lat' dir='ltr'>imperator</span> <span class='ocrx_word' id='word_1_598' title='bbox 2749 3729 2931 3801; x_wconf 88' lang='lat' dir='ltr'>jussit</span> <span class='ocrx_word' id='word_1_599' title='bbox 2951 3745 3085 3784; x_wconf 91' lang='lat' dir='ltr'>eum</span> <span class='ocrx_word' id='word_1_600' title='bbox 3109 3729 3168 3784; x_wconf 91' lang='lat' dir='ltr'>in</span> <span class='ocrx_word' id='word_1_601' title='bbox 3191 3729 3376 3802; x_wconf 88' lang='lat' dir='ltr'>burgo</span> <span class='ocrx_word' id='word_1_602' title='bbox 3394 3728 3593 3801; x_wconf 89' lang='lat' dir='ltr'>recipi.</span> 
     </span>
    </p>
   </div>
   <div class='ocr_carea' id='block_1_85' title="bbox 1951 3817 3596 3894">
    <p class='ocr_par' dir='ltr' id='par_1_85' title="bbox 1951 3817 3596 3894">
     <span class='ocr_line' id='line_1_85' title="bbox 1951 3817 3596 3894; baseline -0.003 -16"><span class='ocrx_word' id='word_1_603' title='bbox 1951 3822 2213 3894; x_wconf 90' lang='lat' dir='ltr'>Cumque</span> <span class='ocrx_word' id='word_1_604' title='bbox 2244 3825 2511 3892; x_wconf 88' lang='lat' dir='ltr'>receptus</span> <span class='ocrx_word' id='word_1_605' title='bbox 2554 3819 2780 3885; x_wconf 88' lang='lat' dir='ltr'>fuisset,</span> <span class='ocrx_word' id='word_1_606' title='bbox 2816 3817 3067 3891; x_wconf 89' lang='lat' dir='ltr'>eligebat</span> <span class='ocrx_word' id='word_1_607' title='bbox 3114 3834 3314 3873; x_wconf 90' lang='lat' dir='ltr'>secure</span> <span class='ocrx_word' id='word_1_608' title='bbox 3363 3834 3431 3873; x_wconf 84' lang='lat' dir='ltr'>ex</span> <span class='ocrx_word' id='word_1_609' title='bbox 3469 3817 3596 3873; x_wconf 91' lang='lat' dir='ltr'>suis</span> 
     </span>
    </p>
   </div>
   <div class='ocr_carea' id='block_1_86' title="bbox 1951 3907 3594 3984">
    <p class='ocr_par' dir='ltr' id='par_1_86' title="bbox 1951 3907 3594 3984">
     <span class='ocr_line' id='line_1_86' title="bbox 1951 3907 3594 3984; baseline -0.004 -18"><span class='ocrx_word' id='word_1_610' title='bbox 1951 3929 2099 3984; x_wconf 92' lang='lat' dir='ltr'>quos</span> <span class='ocrx_word' id='word_1_611' title='bbox 2131 3927 2232 3982; x_wconf 93' lang='lat' dir='ltr'>per</span> <span class='ocrx_word' id='word_1_612' title='bbox 2262 3909 2526 3981; x_wconf 84' lang='lat' dir='ltr'>singulos</span> <span class='ocrx_word' id='word_1_613' title='bbox 2554 3908 2678 3963; x_wconf 88' lang='lat' dir='ltr'>dies</span> <span class='ocrx_word' id='word_1_614' title='bbox 2722 3907 3156 3963; x_wconf 89' lang='lat' dir='ltr'>transmittebat</span> <span class='ocrx_word' id='word_1_615' title='bbox 3199 3907 3374 3973; x_wconf 88' lang='lat' dir='ltr'>foras,</span> <span class='ocrx_word' id='word_1_616' title='bbox 3406 3911 3468 3961; x_wconf 90' lang='lat' dir='ltr'>ut</span> <span class='ocrx_word' id='word_1_617' title='bbox 3501 3923 3594 3961; x_wconf 88' lang='lat' dir='ltr'>as-</span> 
     </span>
    </p>
   </div>
   <div class='ocr_carea' id='block_1_87' title="bbox 1952 3995 3594 4073">
    <p class='ocr_par' dir='ltr' id='par_1_87' title="bbox 1952 3995 3594 4073">
     <span class='ocr_line' id='line_1_87' title="bbox 1952 3995 3594 4073; baseline -0.002 -18"><span class='ocrx_word' id='word_1_618' title='bbox 1952 4005 2249 4073; x_wconf 90' lang='lat' dir='ltr'>portarent</span> <span class='ocrx_word' id='word_1_619' title='bbox 2300 3998 2495 4070; x_wconf 88' lang='lat' dir='ltr'>paleas</span> <span class='ocrx_word' id='word_1_620' title='bbox 2540 4003 2597 4053; x_wconf 89' lang='lat' dir='ltr'>et</span> <span class='ocrx_word' id='word_1_621' title='bbox 2643 3996 2756 4052; x_wconf 89' lang='lat' dir='ltr'>alia</span> <span class='ocrx_word' id='word_1_622' title='bbox 2803 3995 3148 4052; x_wconf 90' lang='lat' dir='ltr'>necessaria.</span> <span class='ocrx_word' id='word_1_623' title='bbox 3183 3996 3293 4052; x_wconf 92' lang='lat' dir='ltr'>Sed</span> <span class='ocrx_word' id='word_1_624' title='bbox 3336 3995 3594 4068; x_wconf 82' lang='lat' dir='ltr'>perﬁdus</span> 
     </span>
    </p>
   </div>
   <div class='ocr_carea' id='block_1_88' title="bbox 1951 4083 3697 4160">
    <p class='ocr_par' dir='ltr' id='par_1_88' title="bbox 1951 4083 3697 4160">
     <span class='ocr_line' id='line_1_88' title="bbox 1951 4083 3697 4160; baseline -0.005 -17"><span class='ocrx_word' id='word_1_625' title='bbox 1951 4088 2268 4160; x_wconf 88' lang='lat' dir='ltr'>imperator</span> <span class='ocrx_word' id='word_1_626' title='bbox 2298 4087 2422 4142; x_wconf 87' lang='lat' dir='ltr'>suis</span> <span class='ocrx_word' id='word_1_627' title='bbox 2453 4085 2798 4158; x_wconf 90' lang='lat' dir='ltr'>Turc0polis</span> <span class='ocrx_word' id='word_1_628' title='bbox 2828 4090 2883 4141; x_wconf 93' lang='lat' dir='ltr'>et</span> <span class='ocrx_word' id='word_1_629' title='bbox 2913 4085 3276 4140; x_wconf 89' lang='lat' dir='ltr'>Pincinnatis</span> <span class='ocrx_word' id='word_1_630' title='bbox 3323 4085 3432 4140; x_wconf 88' lang='lat' dir='ltr'>sub</span> <span class='ocrx_word' id='word_1_631' title='bbox 3465 4083 3595 4140; x_wconf 91' lang='lat' dir='ltr'>dole</span> <span class='ocrx_word' id='word_1_632' title='bbox 3687 4127 3697 4134; x_wconf 84' lang='lat'>.</span> 
     </span>
    </p>
   </div>
   <div class='ocr_carea' id='block_1_89' title="bbox 1950 4173 3593 4249">
    <p class='ocr_par' dir='ltr' id='par_1_89' title="bbox 1950 4173 3593 4249">
     <span class='ocr_line' id='line_1_89' title="bbox 1950 4173 3593 4249; baseline -0.002 -17"><span class='ocrx_word' id='word_1_633' title='bbox 1950 4177 2277 4249; x_wconf 90' lang='lat' dir='ltr'>imperabat</span> <span class='ocrx_word' id='word_1_634' title='bbox 2306 4193 2404 4231; x_wconf 92' lang='lat' dir='ltr'>eos</span> <span class='ocrx_word' id='word_1_635' title='bbox 2437 4175 2705 4230; x_wconf 90' lang='lat' dir='ltr'>invadere</span> <span class='ocrx_word' id='word_1_636' title='bbox 2734 4178 2791 4228; x_wconf 88' lang='lat' dir='ltr'>et</span> <span class='ocrx_word' id='word_1_637' title='bbox 2821 4173 3101 4229; x_wconf 90' lang='lat' dir='ltr'>occidere.</span> <span class='ocrx_word' id='word_1_638' title='bbox 3135 4174 3295 4239; x_wconf 88' lang='lat' dir='ltr'>Quod</span> <span class='ocrx_word' id='word_1_639' title='bbox 3329 4173 3593 4228; x_wconf 86' lang='lat' dir='ltr'>animad-</span> 
     </span>
    </p>
   </div>
   <div class='ocr_carea' id='block_1_90' title="bbox 1949 4261 3596 4335">
    <p class='ocr_par' dir='ltr' id='par_1_90' title="bbox 1949 4261 3596 4335">
     <span class='ocr_line' id='line_1_90' title="bbox 1949 4261 3596 4335; baseline -0.004 -13"><span class='ocrx_word' id='word_1_640' title='bbox 1949 4271 2180 4322; x_wconf 88' lang='lat' dir='ltr'>vertens</span> <span class='ocrx_word' id='word_1_641' title='bbox 2202 4265 2536 4320; x_wconf 87' lang='lat' dir='ltr'>Baudoinus</span> <span class='ocrx_word' id='word_1_642' title='bbox 2561 4264 2736 4318; x_wconf 84' lang='lat' dir='ltr'>frater</span> <span class='ocrx_word' id='word_1_643' title='bbox 2760 4261 2946 4329; x_wconf 91' lang='lat' dir='ltr'>ducis,</span> <span class='ocrx_word' id='word_1_644' title='bbox 2971 4279 3102 4318; x_wconf 86' lang='lat' dir='ltr'>mox</span> <span class='ocrx_word' id='word_1_645' title='bbox 3124 4262 3410 4335; x_wconf 87' lang='lat' dir='ltr'>sagaciter</span> <span class='ocrx_word' id='word_1_646' title='bbox 3422 4261 3596 4334; x_wconf 73' lang='lat' dir='ltr'>cmpit</span> 
     </span>
    </p>
   </div>
   <div class='ocr_carea' id='block_1_91' title="bbox 1951 4351 3592 4429">
    <p class='ocr_par' dir='ltr' id='par_1_91' title="bbox 1951 4351 3592 4429">
     <span class='ocr_line' id='line_1_91' title="bbox 1951 4351 3592 4429; baseline -0.002 -18"><span class='ocrx_word' id='word_1_647' title='bbox 1951 4355 2288 4429; x_wconf 88' lang='lat' dir='ltr'>perquirere</span> <span class='ocrx_word' id='word_1_648' title='bbox 2313 4371 2386 4409; x_wconf 89' lang='lat' dir='ltr'>an</span> <span class='ocrx_word' id='word_1_649' title='bbox 2420 4354 2564 4408; x_wconf 88' lang='lat' dir='ltr'>forte</span> <span class='ocrx_word' id='word_1_650' title='bbox 2595 4351 2723 4408; x_wconf 89' lang='lat' dir='ltr'>illos</span> <span class='ocrx_word' id='word_1_651' title='bbox 2755 4355 3053 4423; x_wconf 88' lang='lat' dir='ltr'>utcunque</span> <span class='ocrx_word' id='word_1_652' title='bbox 3083 4351 3341 4408; x_wconf 89' lang='lat' dir='ltr'>invenire</span> <span class='ocrx_word' id='word_1_653' title='bbox 3370 4351 3592 4425; x_wconf 92' lang='lat' dir='ltr'>potuis-</span> 
     </span>
    </p>
   </div>
   <div class='ocr_carea' id='block_1_92' title="bbox 1951 4440 3588 4515">
    <p class='ocr_par' dir='ltr' id='par_1_92' title="bbox 1951 4440 3588 4515">
     <span class='ocr_line' id='line_1_92' title="bbox 1951 4440 3588 4515; baseline -0.002 -16"><span class='ocrx_word' id='word_1_654' title='bbox 1951 4450 2060 4499; x_wconf 87' lang='lat' dir='ltr'>set.</span> <span class='ocrx_word' id='word_1_655' title='bbox 2081 4444 2341 4498; x_wconf 90' lang='lat' dir='ltr'>Tandem</span> <span class='ocrx_word' id='word_1_656' title='bbox 2357 4446 2587 4515; x_wconf 91' lang='lat' dir='ltr'>gentem</span> <span class='ocrx_word' id='word_1_657' title='bbox 2603 4457 2771 4496; x_wconf 90' lang='lat' dir='ltr'>suam</span> <span class='ocrx_word' id='word_1_658' title='bbox 2784 4456 2883 4496; x_wconf 90' lang='lat' dir='ltr'>eos</span> <span class='ocrx_word' id='word_1_659' title='bbox 2896 4441 3264 4496; x_wconf 89' lang='lat' dir='ltr'>devastantes</span> <span class='ocrx_word' id='word_1_660' title='bbox 3277 4440 3588 4512; x_wconf 89' lang='lat' dir='ltr'>reperiens,</span> 
     </span>
    </p>
   </div>
   <div class='ocr_carea' id='block_1_93' title="bbox 188 4522 3594 4613">
    <p class='ocr_par' dir='ltr' id='par_1_93' title="bbox 188 4522 3594 4613">
     <span class='ocr_line' id='line_1_93' title="bbox 188 4522 3594 4613; baseline 0.002 -37"><span class='ocrx_word' id='word_1_661' title='bbox 188 4526 600 4613; x_wconf 83' lang='lat' dir='ltr'>susceperunt.</span> <span class='ocrx_word' id='word_1_662' title='bbox 623 4522 783 4613; x_wconf 82' lang='lat' dir='ltr'>Alios</span> <span class='ocrx_word' id='word_1_663' title='bbox 815 4524 1328 4613; x_wconf 84' lang='lat' dir='ltr'>apprehenderunt</span> <span class='ocrx_word' id='word_1_664' title='bbox 1349 4527 1614 4594; x_wconf 89' lang='lat' dir='ltr'>Turci,et</span> <span class='ocrx_word' id='word_1_665' title='bbox 1635 4529 1842 4584; x_wconf 89' lang='lat' dir='ltr'>divise—</span> <span class='ocrx_word' id='word_1_666' title='bbox 1871 4549 1918 4613; x_wconf 85' lang='lat' dir='ltr'><strong>D</strong></span> <span class='ocrx_word' id='word_1_667' title='bbox 1951 4532 2323 4588; x_wconf 85' lang='lat' dir='ltr'>animositate</span> <span class='ocrx_word' id='word_1_668' title='bbox 2348 4529 2580 4593; x_wconf 88' lang='lat' dir='ltr'>invasit,</span> <span class='ocrx_word' id='word_1_669' title='bbox 2608 4533 2664 4584; x_wconf 89' lang='lat' dir='ltr'>et</span> <span class='ocrx_word' id='word_1_670' title='bbox 2693 4529 2808 4584; x_wconf 89' lang='lat' dir='ltr'>Deo</span> <span class='ocrx_word' id='word_1_671' title='bbox 2839 4528 3152 4599; x_wconf 80' lang='lat' dir='ltr'>adjuvante</span> <span class='ocrx_word' id='word_1_672' title='bbox 3181 4528 3491 4600; x_wconf 88' lang='lat' dir='ltr'>superavit.</span> <span class='ocrx_word' id='word_1_673' title='bbox 3524 4529 3594 4584; x_wconf 86' lang='lat' dir='ltr'>Et</span> 
     </span>
    </p>
   </div>
   <div class='ocr_carea' id='block_1_94' title="bbox 187 4609 1838 4683">
    <p class='ocr_par' dir='ltr' id='par_1_94' title="bbox 187 4609 1838 4683">
     <span class='ocr_line' id='line_1_94' title="bbox 187 4609 1838 4683; baseline 0.005 -18"><span class='ocrx_word' id='word_1_674' title='bbox 187 4613 331 4665; x_wconf 86' lang='lat' dir='ltr'>runt</span> <span class='ocrx_word' id='word_1_675' title='bbox 359 4609 515 4664; x_wconf 91' lang='lat' dir='ltr'>inter</span> <span class='ocrx_word' id='word_1_676' title='bbox 545 4626 606 4665; x_wconf 91' lang='lat' dir='ltr'>se</span> <span class='ocrx_word' id='word_1_677' title='bbox 635 4611 790 4666; x_wconf 89' lang='lat' dir='ltr'>sicut</span> <span class='ocrx_word' id='word_1_678' title='bbox 821 4612 1094 4683; x_wconf 71' lang='lat' dir='ltr'>quaelibet</span> <span class='ocrx_word' id='word_1_679' title='bbox 1141 4613 1439 4670; x_wconf 89' lang='lat' dir='ltr'>animalia.</span> <span class='ocrx_word' id='word_1_680' title='bbox 1472 4615 1630 4672; x_wconf 87' lang='lat' dir='ltr'>Alios</span> <span class='ocrx_word' id='word_1_681' title='bbox 1664 4618 1838 4673; x_wconf 91' lang='lat' dir='ltr'>mise-</span> 
     </span>
    </p>
   </div>
   <div class='ocr_carea' id='block_1_95' title="bbox 187 4697 1841 4773">
    <p class='ocr_par' dir='ltr' id='par_1_95' title="bbox 187 4697 1841 4773">
     <span class='ocr_line' id='line_1_95' title="bbox 187 4697 1841 4773; baseline 0.005 -19"><span class='ocrx_word' id='word_1_682' title='bbox 187 4703 330 4754; x_wconf 89' lang='lat' dir='ltr'>runt</span> <span class='ocrx_word' id='word_1_683' title='bbox 354 4698 427 4753; x_wconf 90' lang='lat' dir='ltr'>ad</span> <span class='ocrx_word' id='word_1_684' title='bbox 450 4697 708 4771; x_wconf 89' lang='lat' dir='ltr'>signum,</span> <span class='ocrx_word' id='word_1_685' title='bbox 734 4705 792 4755; x_wconf 88' lang='lat' dir='ltr'>et</span> <span class='ocrx_word' id='word_1_686' title='bbox 813 4701 1171 4773; x_wconf 88' lang='lat' dir='ltr'>sagittabant</span> <span class='ocrx_word' id='word_1_687' title='bbox 1191 4720 1288 4759; x_wconf 91' lang='lat' dir='ltr'>eos</span> <span class='ocrx_word' id='word_1_688' title='bbox 1306 4721 1319 4772; x_wconf 89' lang='lat'><strong>;</strong></span> <span class='ocrx_word' id='word_1_689' title='bbox 1336 4703 1483 4760; x_wconf 90' lang='lat' dir='ltr'>alios</span> <span class='ocrx_word' id='word_1_690' title='bbox 1513 4707 1841 4764; x_wconf 87' lang='lat' dir='ltr'>vendebant</span> 
     </span>
    </p>
   </div>
   <div class='ocr_carea' id='block_1_96' title="bbox 186 4787 1840 4868">
    <p class='ocr_par' dir='ltr' id='par_1_96' title="bbox 186 4787 1840 4868">
     <span class='ocr_line' id='line_1_96' title="bbox 186 4787 1840 4868; baseline 0.005 -25"><span class='ocrx_word' id='word_1_691' title='bbox 186 4792 246 4843; x_wconf 89' lang='lat' dir='ltr'>et</span> <span class='ocrx_word' id='word_1_692' title='bbox 269 4787 590 4858; x_wconf 88' lang='lat' dir='ltr'>donabant,</span> <span class='ocrx_word' id='word_1_693' title='bbox 614 4793 788 4860; x_wconf 91' lang='lat' dir='ltr'>prout</span> <span class='ocrx_word' id='word_1_694' title='bbox 807 4788 926 4846; x_wconf 89' lang='lat' dir='ltr'>illis</span> <span class='ocrx_word' id='word_1_695' title='bbox 955 4796 1078 4845; x_wconf 88' lang='lat' dir='ltr'>erat</span> <span class='ocrx_word' id='word_1_696' title='bbox 1107 4791 1398 4847; x_wconf 89' lang='lat' dir='ltr'>voluntas.</span> <span class='ocrx_word' id='word_1_697' title='bbox 1423 4793 1840 4868; x_wconf 91' lang='lat' dir='ltr'>Unusquisque</span> 
     </span>
    </p>
   </div>
   <div class='ocr_carea' id='block_1_97' title="bbox 184 4876 1840 4950">
    <p class='ocr_par' dir='ltr' id='par_1_97' title="bbox 184 4876 1840 4950">
     <span class='ocr_line' id='line_1_97' title="bbox 184 4876 1840 4950; baseline 0.005 -19"><span class='ocrx_word' id='word_1_698' title='bbox 184 4876 513 4931; x_wconf 86' lang='lat' dir='ltr'>deducebat</span> <span class='ocrx_word' id='word_1_699' title='bbox 542 4893 682 4932; x_wconf 90' lang='lat' dir='ltr'>suos</span> <span class='ocrx_word' id='word_1_700' title='bbox 711 4876 814 4932; x_wconf 91' lang='lat' dir='ltr'>ubi</span> <span class='ocrx_word' id='word_1_701' title='bbox 847 4878 958 4950; x_wconf 89' lang='lat' dir='ltr'>ipsi</span> <span class='ocrx_word' id='word_1_702' title='bbox 985 4880 1322 4948; x_wconf 89' lang='lat' dir='ltr'>manebant,</span> <span class='ocrx_word' id='word_1_703' title='bbox 1358 4881 1454 4935; x_wconf 90' lang='lat' dir='ltr'>alii</span> <span class='ocrx_word' id='word_1_704' title='bbox 1499 4881 1558 4936; x_wconf 93' lang='lat' dir='ltr'>in</span> <span class='ocrx_word' id='word_1_705' title='bbox 1605 4886 1840 4939; x_wconf 86' lang='lat' dir='ltr'>Carosa—</span> 
     </span>
    </p>
   </div>
   <div class='ocr_carea' id='block_1_98' title="bbox 185 4963 1837 5043">
    <p class='ocr_par' dir='ltr' id='par_1_98' title="bbox 185 4963 1837 5043">
     <span class='ocr_line' id='line_1_98' title="bbox 185 4963 1837 5043; baseline 0.005 -23"><span class='ocrx_word' id='word_1_706' title='bbox 185 4981 353 5033; x_wconf 86' lang='lat' dir='ltr'>num,</span> <span class='ocrx_word' id='word_1_707' title='bbox 385 4963 483 5020; x_wconf 87' lang='lat' dir='ltr'>alii</span> <span class='ocrx_word' id='word_1_708' title='bbox 516 4963 578 5020; x_wconf 91' lang='lat' dir='ltr'>in</span> <span class='ocrx_word' id='word_1_709' title='bbox 607 4965 998 5034; x_wconf 88' lang='lat' dir='ltr'>Antiochiam,</span> <span class='ocrx_word' id='word_1_710' title='bbox 1033 4967 1132 5023; x_wconf 92' lang='lat' dir='ltr'>alii</span> <span class='ocrx_word' id='word_1_711' title='bbox 1165 4968 1362 5040; x_wconf 89' lang='lat' dir='ltr'>Aleph.</span> <span class='ocrx_word' id='word_1_712' title='bbox 1402 4970 1502 5026; x_wconf 89' lang='lat' dir='ltr'>Isti</span> <span class='ocrx_word' id='word_1_713' title='bbox 1537 4971 1711 5043; x_wconf 91' lang='lat' dir='ltr'>primi</span> <span class='ocrx_word' id='word_1_714' title='bbox 1743 4990 1837 5028; x_wconf 89' lang='lat' dir='ltr'>ac-</span> 
     </span>
    </p>
   </div>
   <div class='ocr_carea' id='block_1_99' title="bbox 183 5052 1837 5130">
    <p class='ocr_par' dir='ltr' id='par_1_99' title="bbox 183 5052 1837 5130">
     <span class='ocr_line' id='line_1_99' title="bbox 183 5052 1837 5130; baseline 0.007 -23"><span class='ocrx_word' id='word_1_715' title='bbox 183 5057 467 5125; x_wconf 88' lang='lat' dir='ltr'>ceperunt</span> <span class='ocrx_word' id='word_1_716' title='bbox 513 5052 760 5110; x_wconf 88' lang='lat' dir='ltr'>feliciter</span> <span class='ocrx_word' id='word_1_717' title='bbox 815 5055 1183 5130; x_wconf 81' lang='lat' dir='ltr'>martyrium.</span> <span class='ocrx_word' id='word_1_718' title='bbox 1219 5057 1354 5113; x_wconf 90' lang='lat' dir='ltr'>Post</span> <span class='ocrx_word' id='word_1_719' title='bbox 1379 5058 1499 5114; x_wconf 75' lang='lat' dir='ltr'>haec</span> <span class='ocrx_word' id='word_1_720' title='bbox 1535 5061 1837 5118; x_wconf 89' lang='lat' dir='ltr'>audientes</span> 
     </span>
    </p>
   </div>
   <div class='ocr_carea' id='block_1_100' title="bbox 181 5142 1834 5214">
    <p class='ocr_par' dir='ltr' id='par_1_100' title="bbox 181 5142 1834 5214">
     <span class='ocr_line' id='line_1_100' title="bbox 181 5142 1834 5214; baseline 0.005 -15"><span class='ocrx_word' id='word_1_721' title='bbox 181 5142 358 5199; x_wconf 88' lang='lat' dir='ltr'>Turci</span> <span class='ocrx_word' id='word_1_722' title='bbox 391 5143 549 5214; x_wconf 90' lang='lat' dir='ltr'>quod</span> <span class='ocrx_word' id='word_1_723' title='bbox 583 5143 788 5200; x_wconf 81' lang='lat' dir='ltr'>Petrus</span> <span class='ocrx_word' id='word_1_724' title='bbox 818 5146 1072 5202; x_wconf 88' lang='lat' dir='ltr'>Eremita</span> <span class='ocrx_word' id='word_1_725' title='bbox 1095 5153 1150 5201; x_wconf 92' lang='lat' dir='ltr'>et</span> <span class='ocrx_word' id='word_1_726' title='bbox 1172 5149 1479 5204; x_wconf 88' lang='lat' dir='ltr'>Gauterius</span> <span class='ocrx_word' id='word_1_727' title='bbox 1508 5149 1834 5207; x_wconf 83' lang='lat' dir='ltr'>fuissentin</span> 
     </span>
    </p>
   </div>
   <div class='ocr_carea' id='block_1_101' title="bbox 183 5230 1834 5306">
    <p class='ocr_par' dir='ltr' id='par_1_101' title="bbox 183 5230 1834 5306">
     <span class='ocr_line' id='line_1_101' title="bbox 183 5230 1834 5306; baseline 0.005 -20"><span class='ocrx_word' id='word_1_728' title='bbox 183 5230 460 5298; x_wconf 88' lang='lat' dir='ltr'>Civitoth,</span> <span class='ocrx_word' id='word_1_729' title='bbox 495 5232 649 5303; x_wconf 89' lang='lat' dir='ltr'>quod</span> <span class='ocrx_word' id='word_1_730' title='bbox 682 5238 772 5288; x_wconf 89' lang='lat' dir='ltr'>est</span> <span class='ocrx_word' id='word_1_731' title='bbox 800 5251 980 5306; x_wconf 88' lang='lat' dir='ltr'>supra</span> <span class='ocrx_word' id='word_1_732' title='bbox 1009 5236 1300 5291; x_wconf 75' lang='lat' dir='ltr'>Niczenam</span> <span class='ocrx_word' id='word_1_733' title='bbox 1351 5237 1666 5306; x_wconf 89' lang='lat' dir='ltr'>civitatem,</span> <span class='ocrx_word' id='word_1_734' title='bbox 1698 5257 1834 5295; x_wconf 88' lang='lat' dir='ltr'>con-</span> 
     </span>
    </p>
   </div>
   <div class='ocr_carea' id='block_1_102' title="bbox 183 5319 1835 5398">
    <p class='ocr_par' dir='ltr' id='par_1_102' title="bbox 183 5319 1835 5398">
     <span class='ocr_line' id='line_1_102' title="bbox 183 5319 1835 5398; baseline 0.005 -23"><span class='ocrx_word' id='word_1_735' title='bbox 183 5324 497 5375; x_wconf 88' lang='lat' dir='ltr'>currerunt</span> <span class='ocrx_word' id='word_1_736' title='bbox 526 5319 664 5376; x_wconf 92' lang='lat' dir='ltr'>illuc</span> <span class='ocrx_word' id='word_1_737' title='bbox 695 5339 830 5378; x_wconf 89' lang='lat' dir='ltr'>cum</span> <span class='ocrx_word' id='word_1_738' title='bbox 883 5340 1096 5397; x_wconf 87' lang='lat' dir='ltr'>magno</span> <span class='ocrx_word' id='word_1_739' title='bbox 1145 5325 1378 5398; x_wconf 90' lang='lat' dir='ltr'>gaudio,</span> <span class='ocrx_word' id='word_1_740' title='bbox 1411 5327 1704 5382; x_wconf 89' lang='lat' dir='ltr'>trucidare</span> <span class='ocrx_word' id='word_1_741' title='bbox 1736 5346 1835 5384; x_wconf 91' lang='lat' dir='ltr'>eos</span> 
     </span>
    </p>
   </div>
   <div class='ocr_carea' id='block_1_103' title="bbox 182 5407 1834 5481">
    <p class='ocr_par' dir='ltr' id='par_1_103' title="bbox 182 5407 1834 5481">
     <span class='ocr_line' id='line_1_103' title="bbox 182 5407 1834 5481; baseline 0.006 -18"><span class='ocrx_word' id='word_1_742' title='bbox 182 5407 512 5481; x_wconf 87' lang='lat' dir='ltr'>cupientes.</span> <span class='ocrx_word' id='word_1_743' title='bbox 535 5409 606 5465; x_wconf 91' lang='lat' dir='ltr'>Et</span> <span class='ocrx_word' id='word_1_744' title='bbox 636 5428 772 5466; x_wconf 92' lang='lat' dir='ltr'>cum</span> <span class='ocrx_word' id='word_1_745' title='bbox 804 5412 1162 5469; x_wconf 89' lang='lat' dir='ltr'>invenissent</span> <span class='ocrx_word' id='word_1_746' title='bbox 1188 5415 1526 5470; x_wconf 81' lang='lat' dir='ltr'>Cauterium</span> <span class='ocrx_word' id='word_1_747' title='bbox 1549 5432 1682 5471; x_wconf 90' lang='lat' dir='ltr'>cum</span> <span class='ocrx_word' id='word_1_748' title='bbox 1711 5417 1834 5473; x_wconf 88' lang='lat' dir='ltr'>suis</span> 
     </span>
    </p>
   </div>
   <div class='ocr_carea' id='block_1_104' title="bbox 181 5497 1833 5566">
    <p class='ocr_par' dir='ltr' id='par_1_104' title="bbox 181 5497 1833 5566">
     <span class='ocr_line' id='line_1_104' title="bbox 181 5497 1833 5566; baseline 0.006 -15"><span class='ocrx_word' id='word_1_749' title='bbox 181 5497 500 5566; x_wconf 88' lang='lat' dir='ltr'>militibus,</span> <span class='ocrx_word' id='word_1_750' title='bbox 516 5514 719 5555; x_wconf 88' lang='lat' dir='ltr'>omnes</span> <span class='ocrx_word' id='word_1_751' title='bbox 733 5502 1038 5557; x_wconf 84' lang='lat' dir='ltr'>confestim</span> <span class='ocrx_word' id='word_1_752' title='bbox 1054 5503 1624 5560; x_wconf 87' lang='lat' dir='ltr'>occiderunt.Petrus</span> <span class='ocrx_word' id='word_1_753' title='bbox 1640 5511 1833 5561; x_wconf 85' lang='lat' dir='ltr'>autem</span> 
     </span>
    </p>
   </div>
   <div class='ocr_carea' id='block_1_105' title="bbox 179 5587 1834 5665">
    <p class='ocr_par' dir='ltr' id='par_1_105' title="bbox 179 5587 1834 5665">
     <span class='ocr_line' id='line_1_105' title="bbox 179 5587 1834 5665; baseline 0.005 -23"><span class='ocrx_word' id='word_1_754' title='bbox 179 5587 445 5643; x_wconf 87' lang='lat' dir='ltr'>Eremita</span> <span class='ocrx_word' id='word_1_755' title='bbox 476 5587 652 5658; x_wconf 90' lang='lat' dir='ltr'>paulo</span> <span class='ocrx_word' id='word_1_756' title='bbox 685 5595 817 5646; x_wconf 89' lang='lat' dir='ltr'>ante</span> <span class='ocrx_word' id='word_1_757' title='bbox 865 5597 1098 5647; x_wconf 85' lang='lat' dir='ltr'>venerat</span> <span class='ocrx_word' id='word_1_758' title='bbox 1146 5592 1735 5665; x_wconf 81' lang='lat' dir='ltr'>Constantinopolim,</span> <span class='ocrx_word' id='word_1_759' title='bbox 1769 5612 1834 5650; x_wconf 88' lang='lat' dir='ltr'>eo</span> 
     </span>
    </p>
   </div>
   <div class='ocr_carea' id='block_1_106' title="bbox 1951 4617 3591 4694">
    <p class='ocr_par' dir='ltr' id='par_1_106' title="bbox 1951 4617 3591 4694">
     <span class='ocr_line' id='line_1_106' title="bbox 1951 4617 3591 4694; baseline -0.003 -16"><span class='ocrx_word' id='word_1_760' title='bbox 1951 4621 2394 4694; x_wconf 89' lang='lat' dir='ltr'>apprehendens</span> <span class='ocrx_word' id='word_1_761' title='bbox 2419 4637 2485 4674; x_wconf 91' lang='lat' dir='ltr'>ex</span> <span class='ocrx_word' id='word_1_762' title='bbox 2507 4619 2593 4674; x_wconf 89' lang='lat' dir='ltr'>eis</span> <span class='ocrx_word' id='word_1_763' title='bbox 2617 4617 2934 4690; x_wconf 81' lang='lat' dir='ltr'>sexaginta,</span> <span class='ocrx_word' id='word_1_764' title='bbox 2959 4617 3105 4673; x_wconf 91' lang='lat' dir='ltr'>alios</span> <span class='ocrx_word' id='word_1_765' title='bbox 3126 4617 3591 4687; x_wconf 71' lang='lat' dir='ltr'>interfecit,alios</span> 
     </span>
    </p>
   </div>
   <div class='ocr_carea' id='block_1_107' title="bbox 1951 4705 3590 4780">
    <p class='ocr_par' dir='ltr' id='par_1_107' title="bbox 1951 4705 3590 4780">
     <span class='ocr_line' id='line_1_107' title="bbox 1951 4705 3590 4780; baseline -0.004 -13"><span class='ocrx_word' id='word_1_766' title='bbox 1951 4716 2083 4767; x_wconf 92' lang='lat' dir='ltr'>ante</span> <span class='ocrx_word' id='word_1_767' title='bbox 2116 4709 2281 4766; x_wconf 90' lang='lat' dir='ltr'>ducis</span> <span class='ocrx_word' id='word_1_768' title='bbox 2313 4711 2688 4780; x_wconf 89' lang='lat' dir='ltr'>conspectum</span> <span class='ocrx_word' id='word_1_769' title='bbox 2722 4705 2980 4761; x_wconf 88' lang='lat' dir='ltr'>deduxit.</span> <span class='ocrx_word' id='word_1_770' title='bbox 3015 4707 3176 4772; x_wconf 90' lang='lat' dir='ltr'>Quod</span> <span class='ocrx_word' id='word_1_771' title='bbox 3207 4705 3450 4761; x_wconf 90' lang='lat' dir='ltr'>audiens</span> <span class='ocrx_word' id='word_1_772' title='bbox 3480 4705 3590 4761; x_wconf 88' lang='lat' dir='ltr'>im-</span> 
     </span>
    </p>
   </div>
   <div class='ocr_carea' id='block_1_108' title="bbox 1950 4795 3588 4872">
    <p class='ocr_par' dir='ltr' id='par_1_108' title="bbox 1950 4795 3588 4872">
     <span class='ocr_line' id='line_1_108' title="bbox 1950 4795 3588 4872; baseline -0.004 -16"><span class='ocrx_word' id='word_1_773' title='bbox 1950 4804 2202 4872; x_wconf 88' lang='lat' dir='ltr'>perator,</span> <span class='ocrx_word' id='word_1_774' title='bbox 2238 4795 2423 4852; x_wconf 90' lang='lat' dir='ltr'>tristis</span> <span class='ocrx_word' id='word_1_775' title='bbox 2456 4795 2633 4850; x_wconf 90' lang='lat' dir='ltr'>nimis</span> <span class='ocrx_word' id='word_1_776' title='bbox 2664 4795 2903 4850; x_wconf 74' lang='lat' dir='ltr'>effectus</span> <span class='ocrx_word' id='word_1_777' title='bbox 2933 4798 3039 4850; x_wconf 91' lang='lat' dir='ltr'>est.</span> <span class='ocrx_word' id='word_1_778' title='bbox 3074 4795 3201 4850; x_wconf 88' lang='lat' dir='ltr'>Dux</span> <span class='ocrx_word' id='word_1_779' title='bbox 3232 4799 3425 4850; x_wconf 88' lang='lat' dir='ltr'>autem</span> <span class='ocrx_word' id='word_1_780' title='bbox 3457 4811 3588 4850; x_wconf 89' lang='lat' dir='ltr'>sen-</span> 
     </span>
    </p>
   </div>
   <div class='ocr_carea' id='block_1_109' title="bbox 1949 4882 3590 4957">
    <p class='ocr_par' dir='ltr' id='par_1_109' title="bbox 1949 4882 3590 4957">
     <span class='ocr_line' id='line_1_109' title="bbox 1949 4882 3590 4957; baseline -0.001 -17"><span class='ocrx_word' id='word_1_781' title='bbox 1949 4887 2100 4942; x_wconf 89' lang='lat' dir='ltr'>tiens</span> <span class='ocrx_word' id='word_1_782' title='bbox 2120 4883 2489 4957; x_wconf 89' lang='lat' dir='ltr'>imperatoris</span> <span class='ocrx_word' id='word_1_783' title='bbox 2520 4886 2668 4937; x_wconf 88' lang='lat' dir='ltr'>stom</span> <span class='ocrx_word' id='word_1_784' title='bbox 2678 4882 3063 4951; x_wconf 89' lang='lat' dir='ltr'>achationem,</span> <span class='ocrx_word' id='word_1_785' title='bbox 3081 4883 3263 4954; x_wconf 87' lang='lat' dir='ltr'>jussit</span> <span class='ocrx_word' id='word_1_786' title='bbox 3281 4899 3419 4938; x_wconf 91' lang='lat' dir='ltr'>suos</span> <span class='ocrx_word' id='word_1_787' title='bbox 3435 4899 3590 4939; x_wconf 87' lang='lat' dir='ltr'>com-</span> 
     </span>
    </p>
   </div>
   <div class='ocr_carea' id='block_1_110' title="bbox 1947 4971 3592 5045">
    <p class='ocr_par' dir='ltr' id='par_1_110' title="bbox 1947 4971 3592 5045">
     <span class='ocr_line' id='line_1_110' title="bbox 1947 4971 3592 5045; baseline -0.001 -15"><span class='ocrx_word' id='word_1_788' title='bbox 1947 4975 2245 5030; x_wconf 89' lang='lat' dir='ltr'>militones</span> <span class='ocrx_word' id='word_1_789' title='bbox 2291 4973 2360 5028; x_wconf 93' lang='lat' dir='ltr'>de</span> <span class='ocrx_word' id='word_1_790' title='bbox 2406 4973 2590 5045; x_wconf 87' lang='lat' dir='ltr'>burgo</span> <span class='ocrx_word' id='word_1_791' title='bbox 2634 4971 2808 5041; x_wconf 85' lang='lat' dir='ltr'>exire,</span> <span class='ocrx_word' id='word_1_792' title='bbox 2841 4975 2896 5026; x_wconf 93' lang='lat' dir='ltr'>et</span> <span class='ocrx_word' id='word_1_793' title='bbox 2925 4975 3084 5027; x_wconf 85' lang='lat' dir='ltr'>extra</span> <span class='ocrx_word' id='word_1_794' title='bbox 3114 4971 3406 5028; x_wconf 90' lang='lat' dir='ltr'>civitatem</span> <span class='ocrx_word' id='word_1_795' title='bbox 3439 4972 3592 5028; x_wconf 87' lang='lat' dir='ltr'>sicut</span> 
     </span>
    </p>
   </div>
   <div class='ocr_carea' id='block_1_111' title="bbox 1946 5062 3586 5137">
    <p class='ocr_par' dir='ltr' id='par_1_111' title="bbox 1946 5062 3586 5137">
     <span class='ocr_line' id='line_1_111' title="bbox 1946 5062 3586 5137; baseline -0.001 -18"><span class='ocrx_word' id='word_1_796' title='bbox 1946 5063 2110 5137; x_wconf 90' lang='lat' dir='ltr'>prius</span> <span class='ocrx_word' id='word_1_797' title='bbox 2143 5067 2335 5119; x_wconf 90' lang='lat' dir='ltr'>castra</span> <span class='ocrx_word' id='word_1_798' title='bbox 2365 5078 2598 5135; x_wconf 91' lang='lat' dir='ltr'>ponere.</span> <span class='ocrx_word' id='word_1_799' title='bbox 2643 5062 2964 5133; x_wconf 88' lang='lat' dir='ltr'>Imperator</span> <span class='ocrx_word' id='word_1_800' title='bbox 2987 5077 3120 5117; x_wconf 89' lang='lat' dir='ltr'>vero</span> <span class='ocrx_word' id='word_1_801' title='bbox 3152 5078 3280 5117; x_wconf 89' lang='lat' dir='ltr'>sero</span> <span class='ocrx_word' id='word_1_802' title='bbox 3312 5078 3586 5135; x_wconf 87' lang='lat' dir='ltr'>superve-</span> 
     </span>
    </p>
   </div>
   <div class='ocr_carea' id='block_1_112' title="bbox 1945 5149 3586 5225">
    <p class='ocr_par' dir='ltr' id='par_1_112' title="bbox 1945 5149 3586 5225">
     <span class='ocr_line' id='line_1_112' title="bbox 1945 5149 3586 5225; baseline 0 -17"><span class='ocrx_word' id='word_1_803' title='bbox 1945 5154 2140 5208; x_wconf 90' lang='lat' dir='ltr'>niente</span> <span class='ocrx_word' id='word_1_804' title='bbox 2187 5152 2368 5207; x_wconf 91' lang='lat' dir='ltr'>misso</span> <span class='ocrx_word' id='word_1_805' title='bbox 2419 5150 2669 5206; x_wconf 89' lang='lat' dir='ltr'>exercitu</span> <span class='ocrx_word' id='word_1_806' title='bbox 2720 5149 2854 5206; x_wconf 88' lang='lat' dir='ltr'>fecit</span> <span class='ocrx_word' id='word_1_807' title='bbox 2901 5150 3172 5207; x_wconf 91' lang='lat' dir='ltr'>invadere</span> <span class='ocrx_word' id='word_1_808' title='bbox 3209 5152 3437 5220; x_wconf 90' lang='lat' dir='ltr'>ducem,</span> <span class='ocrx_word' id='word_1_809' title='bbox 3467 5151 3586 5225; x_wconf 86' lang='lat' dir='ltr'>ple-</span> 
     </span>
    </p>
   </div>
   <div class='ocr_carea' id='block_1_113' title="bbox 1945 5233 3588 5313">
    <p class='ocr_par' dir='ltr' id='par_1_113' title="bbox 1945 5233 3588 5313">
     <span class='ocr_line' id='line_1_113' title="bbox 1945 5233 3588 5313; baseline 0.001 -16"><span class='ocrx_word' id='word_1_810' title='bbox 1945 5243 2195 5313; x_wconf 89' lang='lat' dir='ltr'>bemque</span> <span class='ocrx_word' id='word_1_811' title='bbox 2243 5246 2527 5296; x_wconf 87' lang='lat' dir='ltr'>sanctam.</span> <span class='ocrx_word' id='word_1_812' title='bbox 2570 5243 2723 5306; x_wconf 89' lang='lat' dir='ltr'>Quos</span> <span class='ocrx_word' id='word_1_813' title='bbox 2774 5257 3129 5312; x_wconf 88' lang='lat' dir='ltr'>persequens</span> <span class='ocrx_word' id='word_1_814' title='bbox 3173 5241 3422 5298; x_wconf 88' lang='lat' dir='ltr'>invictus</span> <span class='ocrx_word' id='word_1_815' title='bbox 3471 5233 3588 5298; x_wconf 85' lang='lat' dir='ltr'>dux</span> 
     </span>
    </p>
   </div>
   <div class='ocr_carea' id='block_1_114' title="bbox 1944 5328 3584 5404">
    <p class='ocr_par' dir='ltr' id='par_1_114' title="bbox 1944 5328 3584 5404">
     <span class='ocr_line' id='line_1_114' title="bbox 1944 5328 3584 5404; baseline 0.001 -18"><span class='ocrx_word' id='word_1_816' title='bbox 1944 5347 2077 5386; x_wconf 91' lang='lat' dir='ltr'>cum</span> <span class='ocrx_word' id='word_1_817' title='bbox 2129 5329 2474 5384; x_wconf 86' lang='lat' dir='ltr'>Christianis</span> <span class='ocrx_word' id='word_1_818' title='bbox 2518 5328 2824 5397; x_wconf 88' lang='lat' dir='ltr'>militibus,</span> <span class='ocrx_word' id='word_1_819' title='bbox 2860 5330 3070 5384; x_wconf 89' lang='lat' dir='ltr'>occidit</span> <span class='ocrx_word' id='word_1_820' title='bbox 3099 5335 3321 5404; x_wconf 88' lang='lat' dir='ltr'>septem</span> <span class='ocrx_word' id='word_1_821' title='bbox 3353 5348 3420 5386; x_wconf 85' lang='lat' dir='ltr'>ex</span> <span class='ocrx_word' id='word_1_822' title='bbox 3447 5331 3584 5398; x_wconf 89' lang='lat' dir='ltr'>illis,</span> 
     </span>
    </p>
   </div>
   <div class='ocr_carea' id='block_1_115' title="bbox 1943 5417 3585 5492">
    <p class='ocr_par' dir='ltr' id='par_1_115' title="bbox 1943 5417 3585 5492">
     <span class='ocr_line' id='line_1_115' title="bbox 1943 5417 3585 5492; baseline 0.001 -17"><span class='ocrx_word' id='word_1_823' title='bbox 1943 5419 2346 5492; x_wconf 85' lang='lat' dir='ltr'>persequendo</span> <span class='ocrx_word' id='word_1_824' title='bbox 2369 5417 2513 5474; x_wconf 88' lang='lat' dir='ltr'>alios</span> <span class='ocrx_word' id='word_1_825' title='bbox 2538 5435 2719 5490; x_wconf 88' lang='lat' dir='ltr'>usque</span> <span class='ocrx_word' id='word_1_826' title='bbox 2743 5419 2813 5474; x_wconf 88' lang='lat' dir='ltr'>ad</span> <span class='ocrx_word' id='word_1_827' title='bbox 2835 5423 3064 5491; x_wconf 92' lang='lat' dir='ltr'>portam</span> <span class='ocrx_word' id='word_1_828' title='bbox 3086 5418 3353 5475; x_wconf 89' lang='lat' dir='ltr'>civitatis.</span> <span class='ocrx_word' id='word_1_829' title='bbox 3371 5420 3585 5476; x_wconf 91' lang='lat' dir='ltr'>Dehinc</span> 
     </span>
    </p>
   </div>
   <div class='ocr_carea' id='block_1_116' title="bbox 1944 5505 3581 5580">
    <p class='ocr_par' dir='ltr' id='par_1_116' title="bbox 1944 5505 3581 5580">
     <span class='ocr_line' id='line_1_116' title="bbox 1944 5505 3581 5580; baseline 0.001 -18"><span class='ocrx_word' id='word_1_830' title='bbox 1944 5526 2212 5564; x_wconf 88' lang='lat' dir='ltr'>reversus</span> <span class='ocrx_word' id='word_1_831' title='bbox 2234 5508 2305 5562; x_wconf 90' lang='lat' dir='ltr'>ad</span> <span class='ocrx_word' id='word_1_832' title='bbox 2333 5505 2601 5576; x_wconf 88' lang='lat' dir='ltr'>tentoria,</span> <span class='ocrx_word' id='word_1_833' title='bbox 2627 5507 2845 5562; x_wconf 85' lang='lat' dir='ltr'>mansit</span> <span class='ocrx_word' id='word_1_834' title='bbox 2865 5507 3007 5563; x_wconf 89' lang='lat' dir='ltr'>inibi</span> <span class='ocrx_word' id='word_1_835' title='bbox 3034 5525 3136 5580; x_wconf 91' lang='lat' dir='ltr'>per</span> <span class='ocrx_word' id='word_1_836' title='bbox 3156 5509 3414 5580; x_wconf 88' lang='lat' dir='ltr'>quinque</span> <span class='ocrx_word' id='word_1_837' title='bbox 3437 5509 3581 5564; x_wconf 93' lang='lat' dir='ltr'>dies.</span> 
     </span>
    </p>
   </div>
   <div class='ocr_carea' id='block_1_117' title="bbox 1945 5594 3582 5671">
    <p class='ocr_par' dir='ltr' id='par_1_117' title="bbox 1945 5594 3582 5671">
     <span class='ocr_line' id='line_1_117' title="bbox 1945 5594 3582 5671; baseline 0.001 -19"><span class='ocrx_word' id='word_1_838' title='bbox 1945 5598 2079 5653; x_wconf 84' lang='lat' dir='ltr'>Post</span> <span class='ocrx_word' id='word_1_839' title='bbox 2100 5597 2219 5652; x_wconf 66' lang='lat' dir='ltr'>haec</span> <span class='ocrx_word' id='word_1_840' title='bbox 2243 5594 2634 5651; x_wconf 86' lang='lat' dir='ltr'>transfretavit</span> <span class='ocrx_word' id='word_1_841' title='bbox 2655 5597 2768 5650; x_wconf 89' lang='lat' dir='ltr'>dux</span> <span class='ocrx_word' id='word_1_842' title='bbox 2793 5596 3093 5651; x_wconf 89' lang='lat' dir='ltr'>brachium</span> <span class='ocrx_word' id='word_1_843' title='bbox 3128 5597 3320 5652; x_wconf 88' lang='lat' dir='ltr'>Sancti</span> <span class='ocrx_word' id='word_1_844' title='bbox 3355 5597 3582 5671; x_wconf 88' lang='lat' dir='ltr'>Georgii</span> 
     </span>
    </p>
   </div>
  </div>
