3996 6096
227 269 358 331 Ἲῦ9

936 267 1006 329 Β.
1054 263 1448 332 TUDEBODI
1494 263 1693 332 HIST.
1743 273 1842 332 DE
1883 272 2301 336 ‘l‘lIEBOSOL.
2349 269 2533 336 lTlN.
2568 275 2817 335 --LIB.
2865 275 2941 336 Il.

3527 277 3648 340 ἾἾο

238 399 460 458 merint
490 416 599 457 sua
627 399 868 474 gavisus
897 401 1232 475 spopondit.
1254 402 1412 458 infra
1437 401 1613 459 istam
1637 420 1890 477 namque
1917 405 1973 472 Α
2003 403 2147 462 alios
2179 406 2791 479 principes,mandans
2812 405 3295 479 imperatori,c‘ur
3314 424 3491 465 causa
3509 421 3644 484 pro-

233 489 538 557 ﬁdueiam,
565 507 751 562 quam
779 489 868 546 eis
915 491 1069 546 done
1115 490 1428 560 concessit,
1455 492 1584 563 ejus
1610 492 1884 550 "homines

229 578 643 634 hariolentur
697 597 766 634 ex
821 579 1039 636 nostris
1088 579 1514 637 interfecerunt
1570 583 1883 654 quemdam

229 669 541 742 egregium
575 666 849 740 militem,
879 669 976 724 cui
1030 685 1242 725 nomen
1293 670 1535 726 Pontius
1566 671 1886 728 Rainaldus

229 760 380 812 erat.
407 757 668 814 Fratrem
692 772 922 829 quoque
943 773 1119 814 suum
1141 758 1592 815 vulneraverunt
1613 759 1884 833 graviter.

231 846 370 902 lux
397 845 484 901 illi
509 845 628 902 iter
655 845 1024 919 arripientes,
1058 847 1406 903 invenerunt
1433 849 1675 906 nun-tios
1701 849 1888 923 impe-

225 935 447 991 ratoris
479 938 777 1007 portantes
804 934 1028 992 litteras
1068 937 1140 993 de
1170 953 1310 1009 pace
1339 941 1398 992 et
1447 937 1720 994 ﬁrmitate
1751 955 1885 994 cum

225 1023 359 1080 illis
390 1021 665 1092 tenenda,
697 1025 848 1080 sicut
879 1041 1014 1080 cum
1046 1024 1630 1099 ﬁliispropriislnter
1648 1027 1771 1084 haec
1790 1045 1890 1083 au-

231 1117 355 1170 tem
388 1113 583 1180 Turci,
611 1118 676 1170 et
723 1113 1076 1181 Pincinnati,
1109 1119 1164 1170 et
1205 1115 1449 1184 Comati,
1482 1119 1539 1171 et
1589 1115 1799 1184 Sclavi,
1831 1121 1890 1172 et

233 1201 362 1268 Usi,
393 1207 450 1258 et
479 1202 757 1258 Athenaei
787 1203 1218 1260 insidirbantur
1237 1203 1677 1271 Christianis,ut
1699 1205 1755 1260 in
1790 1203 1886 1260 ali-

229 1307 359 1364 qua
387 1297 554 1364 parte
579 1309 682 1348 eos
703 1291 908 1348 laedere
932 1292 1552 1364 potuissent.0uadam
1573 1294 1772 1366 itaque
1794 1293 1889 1349 die

231 1381 383 1436 dum
417 1378 716 1436 Podiensis
741 1381 1052 1453 episcopus
1083 1381 1414 1454 hospitatus
1443 1386 1621 1447 esset,
1646 1381 1891 1456 contigit

227 1475 302 1532 ut
335 1487 370 1525 a
393 1467 756 1525 Pincinnatis
787 1473 1112 1542 caperetur.
1148 1461 1252 1537 Qui
1293 1469 1724 1544 praecipitantes
1753 1487 1888 1526 eum

229 1559 312 1616 de
339 1558 503 1614 mula
533 1575 662 1624 sua,
701 1557 1189 1630 exspoliaverunt,
1220 1563 1278 1614 et
1331 1558 1391 1615 in
1443 1560 1653 1615 vertice
1683 1559 1891 1633 capitis

234 1648 492 1721 graviter
507 1645 1097 1706 vulneraverunt.Sed
1121 1649 1258 1719 quia
1277 1651 1481 1704 tantus
1506 1648 1600 1704 Dei
1635 1649 1892 1722 pontifex

233 1736 434 1792 adhuc
467 1735 683 1809 populo
713 1735 813 1792 Dei
847 1739 972 1792 erat
1002 1737 1387 1804 necessarius,
1421 1754 1524 1809 per
1551 1739 1679 1816 ejus
1711 1737 1890 1793 mise-

235 1825 548 1884 ricordiam
577 1825 708 1880 vitae
731 1829 1058 1882 reservatus
1081 1828 1424 1882 estinter-ea
1449 1844 1631 1883 sonus
1651 1827 1890 1882 auditur

231 1915 298 1971 in
329 1913 618 1985 tentoriis,
651 1917 1075 1970 concurrerunt
1117 1931 1322 1971 omnes
1381 1917 1451 1971 ad
1481 1932 1642 1983 eum,
1678 1920 1734 1971 et
1763 1915 1888 1972 sine

238 2021 408 2060 mora
436 2002 784 2076 eripuerunt
813 2019 949 2058 eum
982 1999 1053 2059 de
1082 2003 1319 2060 illorum
1352 2005 1627 2060 manibus
1672 2003 1892 2060 Taliter

237 2093 442 2166 itaque
471 2093 870 2164 pervenientes
901 2093 974 2147 ad
1005 2093 1300 2165 quoddam
1329 2094 1774 2166 castrum,quod
1791 2110 1888 2149 vo-

234 2188 410 2239 catur
439 2181 778 2248 Buinatb,et
807 2181 1028 2236 dictum
1049 2185 1141 2238 est
1157 2181 1356 2238 comiti
1379 2183 1531 2255 quod
1559 2182 1886 2238 Pincinnati

237 2270 675 2328 insidiabantur
711 2274 770 2326 et
798 2270 858 2325 in
887 2275 1142 2344 augusta
1178 2271 1272 2326 via
1308 2273 1616 2343 cujusdam
1651 2271 1887 2328 montis.

237 2360 350 2428 Qui
379 2359 663 2416 remansit
692 2363 848 2418 retro
877 2375 1013 2415 cum
1045 2359 1316 2433 pluribus
1340 2360 1708 2428 mil'itibus,et
1741 2361 1893 2417 inve-

239 2450 332 2506 nit
361 2449 736 2505 Pincinnatos
768 2466 782 2516 ;
816 2465 994 2504 unam
1047 2453 1272 2522 partem
1305 2448 1540 2505 illorum
1572 2450 1802 2519 occidit,
1835 2455 1893 2506 et

241 2538 502 2611 reliquos
535 2537 1008 2611 fugavit.lnterea
1039 2537 1356 2610 imperator
1378 2539 1647 2594 mittebat
1665 2538 1892 2596 litteras

235 2641 384 2685 suas
410 2628 480 2683 ad
513 2627 647 2683 illos
669 2627 947 2699 paciﬁca;
983 2644 1051 2683 ex
1099 2626 1212 2682 alia
1247 2644 1380 2683 vero
1413 2632 1574 2700 parte
1603 2627 1803 2684 hostes
1831 2629 1894 2684 il-

239 2717 366 2772 lius
389 2715 652 2789 undique
681 2715 1290 2772 insidiabanturiilos.
1324 2717 1584 2772 Tandem
1616 2733 1891 2790 pervene-

239 2811 382 2862 runt
409 2806 482 2861 ad
511 2804 800 2860 civitatem
831 2805 1418 2877 quamdam,nomine
1451 2805 1892 2863 Reusam.Cives

237 2899 443 2951 autem
455 2894 618 2950 illius
629 2893 882 2950 civitatis
899 2899 1096 2967 aperte
1109 2893 1396 2966 quidquid
1413 2899 1678 2967 poterant
1690 2899 1894 2952 contra

237 2979 380 3040 illos
405 2983 720 3039 faciebant.
755 2983 873 3039 Hoc
910 2999 1045 3038 cum
1077 2983 1317 3039 vidisset
1341 3001 1556 3053 comes,
1587 2984 1774 3040 iratus
1805 2987 1889 3040 ni-

244 3073 364 3128 mis
385 3073 571 3144 jussit
597 3072 856 3144 arripere
887 3077 1142 3136 arma,et
1170 3071 1390 3145 impetu
1413 3073 1668 3129 maxime
1698 3073 1892 3130 debel-

1994 493 2233 550 ditionis
2263 512 2396 550 cum
2456 494 3025 568 Constantinopolim
3075 497 3270 551 venire
3303 497 3554 565 fecisset,
3581 505 3647 556 ‘et

1995 601 2167 639 suum
2201 585 2518 640 exercitum
2553 585 2759 641 lzedere
2811 585 3222 641 consensisset.
3259 587 3365 654 Qui
3408 587 3644 645 omnino

1993 687 2128 727 cum
2162 673 2532 729 attestatione
2580 673 2907 747 denegavit,
2960 673 3199 730 dicens:
3237 697 3263 723 ‹‹
3297 675 3411 730 Hoc
3461 675 3521 731 in
3561 676 3645 732 rei

1991 760 2295 817 veritatem
2328 779 2444 818 non
2477 767 2566 818 est
2613 763 2830 818 factum
2893 779 3020 818 meo
3078 762 3343 832 consilio,
3375 764 3646 836 quamvis

1995 849 2318 906 certissime
2337 851 2519 907 sciam
2543 852 2696 923 quod
2719 855 2860 907 tuus
2885 851 3171 906 exercitus
3195 852 3477 908 damnum
3501 852 3645 909 mibi

1997 939 2318 995 maximum
2352 940 2634 1006 intulerit,
2670 939 2908 996 castella
2954 939 3220 996 videlicet
3271 944 3329 996 et
3386 941 3647 998 civitates

1995 1029 2262 1100 proprias
2295 1027 2870 1100 depopulando.Tibi
2903 1032 3096 1083 autem
3130 1027 3381 1083 ﬁdeliter
3411 1029 3647 1085 satisfa-

1997 1117 2248 1173 ctionem
2280 1118 2549 1174 concedo.
2588 1139 2615 1168 ι»
2652 1117 2910 1172 Posthac
2943 1121 3481 1189 autem,antequam
3515 1134 3648 1174 con-

1995 1205 2260 1261 venirent
2291 1207 2359 1262 ad
2385 1206 2904 1276 judicium,comes
2932 1206 3180 1262 absolvit
3209 1207 3504 1262 ﬁduciam.
3529 1209 3644 1264 Ab-

1997 1294 2306 1367 solutaque
2335 1295 2569 1362 ﬁducia,
2588 1295 2876 1350 exercitus
2906 1296 3034 1363 ejus
3056 1294 3214 1350 venit
3234 1295 3647 1353 Constantino-

1999 1382 2199 1455 polim.
2234 1385 2399 1440 Tunc
2433 1385 2754 1455 imperator
2782 1383 3084 1439 mandavit
3115 1383 3335 1450 comiti,
3370 1385 3523 1441 sicut
3547 1401 3646 1442 su-

1999 1472 2198 1544 perius
2227 1472 2505 1538 diximus,
2537 1477 2602 1528 ut
2644 1473 2853 1528 faceret
2883 1473 2934 1529 ei
2968 1472 3322 1543 hominium,
3357 1471 3648 1546 quemad-

2000 1563 2241 1616 modum
2274 1561 2370 1617 alii
2403 1562 2658 1617 latrones
2689 1562 2963 1616 fecerant.
2996 1561 3202 1618 Comes
3231 1579 3365 1618 vero
3396 1562 3648 1620 medita-

2000 1651 2174 1706 batur
2197 1649 2449 1722 qualiter
2473 1667 2535 1706 se
2567 1652 2638 1706 de
2665 1649 3038 1722 imperatoris
3068 1651 3320 1707 exercitu
3351 1651 3648 1709 vindicare

2000 1739 2306 1811 potuisset.
2341 1739 2452 1796 Sed
2486 1741 2605 1794 dux
2645 1739 3016 1806 Godefridus,
3053 1744 3110 1794 et
3146 1738 3520 1796 Fland‘rensi's
3551 1749 3648 1796 co-

1997 1846 2142 1896 mes,
2176 1833 2232 1884 et
2261 1828 2358 1884 alii
2409 1829 2705 1900 principes
2762 1827 3152 1900 prohibebont
3197 1846 3356 1895 eum,
3388 1829 3650 1886 dicentes

1997 1934 2128 1974 esse
2156 1918 2445 1989 injustum
2479 1933 2740 1990 pugnare
2772 1922 2974 1972 contra
3003 1917 3467 1973 Christianos.Et
3496 1919 3651 1974 Boa-

1999 2007 2258 2062 mundus
2285 2005 2430 2062 dixit
2459 2007 2612 2078 quod
2641 2007 2692 2062 si
2724 2006 2958 2079 aliquod
2990 2006 3278 2079 injustam
3312 2011 3515 2063 contra
3543 2006 3650 2064 im-

1998 2100 2323 2168 peratorem
2357 2096 2592 2162 faceret,
2623 2099 2680 2150 et
2708 2095 2986 2150 ﬁduciam
3012 2095 3064 2150 ei
3098 2095 3283 2151 facere
3337 2095 3644 2164 noluisset,

1997 2184 2123 2256 ipse
2155 2185 2300 2239 foret
2330 2200 2399 2238 ex
2429 2183 2799 2256 imperatoris
2837 2188 3021 2256 parte.
3071 2183 3256 2256 Igitur
3303 2199 3520 2250 comes,
3551 2200 3650 2240 ac-

1999 2279 2165 2345 cepto
2197 2272 2439 2330 consilio
2473 2289 2506 2328 a
2533 2272 2678 2340 suis,
2713 2272 2908 2328 Alexio
2939 2273 3114 2328 vitam
3156 2278 3214 2328 et
3243 2272 3524 2328 honorem
3548 2273 3648 2345 ju-

2000 2361 2168 2430 ravit,
2201 2363 2354 2434 quod
2388 2378 2494 2417 nec
2523 2377 2626 2433 per
2657 2379 2718 2417 se
2749 2378 2854 2417 nec
2877 2378 2978 2434 per
3007 2361 3189 2417 alium
3215 2361 3266 2418 ei
3297 2367 3513 2418 terram
3545 2377 3650 2418 au-

1997 2452 2194 2516 ferret.
2229 2451 2492 2524 Cumque
2523 2452 2594 2506 de
2624 2450 2882 2506 hominio
2915 2437 3323 2522 appellaretur,
3349 2450 3652 2522 respondit

2002 2557 2062 2596 se
2095 2557 2200 2595 nec
2232 2539 2407 2594 etiam
2443 2555 2544 2611 pro
2568 2537 2697 2594 vitae
2729 2538 2986 2610 periculo
3024 2539 3082 2594 id
3138 2539 3452 2594 facturum.
3505 2540 3650 2595 Boa-

2002 2629 2224 2684 mundo
2255 2629 2454 2700 itaque
2484 2627 2628 2682 dixit
2657 2627 3175 2700 imperator,quem
3205 2628 3372 2684 valde
3401 2628 3652 2684 timebat

2002 2719 2160 2791 (nam
2193 2735 2344 2790 saepe
2373 2734 2507 2772 eum
2539 2734 2674 2772 cum
2725 2733 2830 2772 suo
2869 2715 3120 2772 exercitu
3151 2717 3460 2790 devicerat)
3493 2717 3649 2789 quod

2003 2807 2051 2863 sl
2085 2807 2332 2862 libenter
2353 2807 2632 2878 jurasset,
2667 2809 2725 2861 et
2780 2805 3118 2877 quindecim
3163 2806 3349 2862 dictas
3388 2811 3554 2862 terrai
3581 2807 3645 2861 in

2003 2896 2337 2952 extensione
2366 2896 2438 2950 ab
2467 2893 2774 2950 Antiochia
2803 2895 3051 2963 daret,et
3071 2899 3200 2949 octo
3221 2894 3282 2949 in
3313 2893 3647 2951 latitudine.

2003 2985 2184 3057 Eique
2215 2985 2312 3040 tali
2335 2989 2500 3056 pacto
2523 2983 2835 3054 juravit,ut
2857 2983 2909 3038 si
2929 2982 3025 3039 ille
3061 2983 3411 3038 ﬁducialiter
3431 2983 3652 3039 tenuis-

2004 3081 2092 3130 set
2121 3074 2264 3129 illud
2287 3071 2873 3144 sacramentum,ipse
2894 3088 3070 3126 suum
3098 3087 3400 3143 nunquam
3425 3077 3654 3144 praeter-

245 3161 438 3218 lantes
467 3160 879 3228 civitatem,cui
910 3178 1123 3217 nomen
1158 3162 1408 3218 Rodesto
1435 3167 1542 3218 est.
1579 3162 1676 3218 Die
1699 3167 1892 3218 autem
1924 3166 1967 3230 C
2007 3163 2134 3218 iret.
2169 3164 2332 3219 Tunc
2354 3178 2498 3235 gens
2519 3160 2839 3217 Boamundi
2861 3160 3352 3234 appropinquavit
3372 3161 3652 3217 Constan-

243 3250 350 3306 illo
363 3249 580 3306 milites
593 3250 968 3323 imperatoris
982 3250 1323 3306 invaserunt
1335 3267 1434 3307 eos
1446 3255 1598 3307 retro
1612 3251 1670 3306 in
1687 3252 1894 3308 cauda.

237 3339 395 3395 θείω
421 3339 641 3412 quibus
672 3355 868 3396 comes
897 3338 1216 3412 preliutus,
1249 3339 1540 3396 interfecit
1567 3356 1635 3396 ex
1664 3339 1781 3396 illis
1802 3340 1900 3396 tri-

241 3427 438 3501 ginta,
470 3431 527 3484 et
557 3429 856 3501 sexaginia
881 3445 1066 3501 equos
1085 3429 1591 3484 retinuit.lnterim
1612 3435 1899 3486 venerunt

248 3517 428 3590 legati
459 3518 530 3572 ab
559 3517 909 3589 imperatore
928 3517 1384 3586 missi,dicentes
1405 3519 1558 3590 quod
1582 3519 1900 3592 imperator

249 3605 617 3680 promitteret
645 3605 843 3662 omnia
872 3606 1098 3678 perdita
1125 3606 1438 3680 diligenter
1467 3607 1896 3681 reintegrare,si

242 3711 448 3751 comes
478 3695 887 3750 tantummodo
918 3712 1052 3751 cum
1082 3696 1286 3769 paucis
1309 3701 1366 3752 et
1394 3696 1519 3752 sine
1541 3697 1720 3753 armis
1742 3698 1898 3754 festi-

235 3799 390 3840 nare
419 3784 984 3856 Constantinopolim
1009 3785 1538 3858 dignaretur.Quod
1569 3790 1625 3842 et
1645 3787 1761 3842 dux
1791 3791 1896 3843 Go-

241 3873 532 3938 defridus,
566 3877 622 3929 et
654 3875 1054 3940 Boamundus,
1085 3878 1144 3930 et
1175 3875 1548 3931 Flandrensis
1589 3893 1806 3944 comes,
1840 3882 1896 3934 et

243 3979 454 4018 omnes
485 3962 582 4018 alii
615 3962 906 4036 principes
937 3965 1422 4036 deprecabantur.
1447 3964 1696 4020 Aiebant
1714 3966 1892 4022 etiam

241 4053 400 4124 quod
435 4052 752 4123 imperator
771 4057 1078 4124 assumpta
1107 4069 1276 4108 cruce
1323 4054 1636 4127 spopondit
1682 4071 1744 4110 se
1763 4073 1896 4111 ven-

241 4147 448 4195 turum
483 4140 961 4214 Hierosolymam,
996 4141 1252 4198 existens
1282 4143 1400 4197 dux
1447 4146 1503 4198 et
1533 4148 1708 4216 caput
1732 4143 1899 4201 Chri-

231 4229 601 4285 stianorum.
635 4229 752 4285 Hoc
783 4247 980 4286 comes
1012 4230 1440 4298 audiens,illico
1469 4230 1714 4288 dimisso
1733 4250 1894 4290 exer-

231 4319 366 4374 citu
400 4319 728 4391 properavit
756 4319 1322 4392 Constantinopolim
1353 4320 1512 4393 loqui
1546 4338 1676 4377 cum
1710 4321 1893 4395 impe-

241 4411 456 4464 ratore.
489 4407 590 4464 Cui
623 4408 771 4464 dixit
800 4408 1120 4482 imperator
1151 4413 1214 4464 ut
1250 4411 1378 4482 ejus
1423 4411 1601 4466 homo
1623 4411 1805 4484 ﬁeret,
1838 4418 1896 4470 et

242 4496 520 4552 ﬁduciam
553 4497 604 4553 ei
635 4498 870 4565 faceret,
902 4499 1404 4570 quemadmodum
1435 4499 1816 4558 Boamundus
1838 4507 1893 4558 et

235 4583 343 4640 alii
375 4585 668 4658 principes
693 4586 966 4643 fecerant.
1005 4587 1442 4660 Responditque
1465 4606 1696 4646 comes:
1723 4613 1750 4641 «
1779 4593 1892 4647 Ab-

241 4673 340 4740 sit,
374 4677 441 4730 ut
468 4674 527 4730 in
558 4674 666 4730 hac
697 4676 790 4732 via
807 4676 1062 4749 aliquem
1095 4676 1401 4733 dominum
1419 4679 1773 4735 constituam
1799 4698 1892 4737 su-

235 4779 350 4835 per
379 4780 492 4828 me,
526 4764 636 4820 nisi
667 4764 836 4821 illum
865 4767 1278 4822 tantummodo
1303 4784 1477 4838 quem
1509 4767 1892 4842 habeo,cujus

233 4867 444 4906 amore
475 4851 591 4907 huc
621 4867 810 4924 usque
835 4854 986 4911 veni.
1019 4857 1091 4911 At
1134 4855 1184 4911 si
1229 4872 1463 4911 crucem
1491 4856 1724 4912 Domini
1756 4857 1892 4913 dili-

237 4945 452 5012 genter
477 4940 743 5014 bajulare
767 4943 877 5014 vis,
902 4948 959 5000 et
987 4944 1295 5001 nobiscum
1323 4944 1780 5018 Hierosolymam
1801 4964 1893 5004 ve-

237 5029 388 5096 nire,
423 5045 530 5102 ego
559 5034 619 5087 et
647 5047 853 5088 omnes
882 5032 1100 5090 subditi
1116 5034 1262 5090 mibi
1283 5039 1386 5090 tuo
1405 5035 1653 5108 imperio
1675 5037 1894 5093 obtem-

237 5117 638 5190 perabimus.»
665 5121 829 5178 'lnter
855 5120 975 5178 haec
995 5123 1142 5179 dum
1166 5139 1362 5180 comes
1382 5128 1536 5179 esset
1557 5124 1888 5182 Constanti-

231 5207 525 5280 nopolim,
555 5211 847 5267 exercitus
889 5212 1261 5285 imperatoris
1318 5213 1566 5270 insidias
1610 5215 1888 5272 exercitui

229 5297 475 5354 comitis
515 5302 835 5368 struentes,
869 5317 936 5356 ex
965 5301 1282 5375 improviso
1311 5301 1676 5374 invaserunt,
1699 5303 1886 5376 pluri-

223 5401 488 5458 mosque
517 5401 584 5443 cx
613 5387 702 5446 eis
725 5389 1406 5447 vulneraverunt.Comes
1422 5394 1618 5447 autem
1640 5391 1887 5452 audiens

234 5475 329 5532 sui
361 5477 654 5534 exercitus
688 5477 1026 5548 haesionem,
1046 5479 1357 5554 ingemuit,
1380 5479 1675 5553 nimisque
1699 5481 1885 5542 tristis

233 5565 478 5624 etl'ectus
507 5569 615 5624 est.
650 5567 978 5644 Statimque
1034 5567 1320 5626 invocavit
1362 5567 1793 5642 Boamnndum,
1827 5579 1886 5636 et

2005 3251 2269 3324 tinopoli.
2417 3307 2422 3312 .
3445 3311 3450 3316 ,

2077 3341 2292 3397 Omnes
2305 3341 2500 3413 itaque
2514 3339 2851 3396 Christianas
2877 3337 3175 3412 religionis
3191 3338 3367 3395 simul
3387 3339 3445 3394 in
3468 3353 3652 3396 unum

2005 3431 2339 3504 congregati
2391 3433 2778 3502 pervenerunt
2828 3429 2900 3484 ad
2959 3432 3218 3500 portum,
3275 3428 3477 3500 sicque
3534 3445 3654 3485 una

2004 3519 2529 3576 transfretaverunt
2565 3517 2896 3584 brachium,
2925 3523 2983 3573 et
3031 3517 3442 3590 applicuerunt
3483 3518 3652 3574 Nico-

2004 3609 2207 3678 miam,
2239 3609 2593 3680 fueruntque
2624 3606 2700 3662 ibi
2736 3623 2839 3679 per
2856 3606 3132 3662 tresdies.
3167 3607 3293 3662 Dux
3324 3606 3520 3679 itaque
3539 3606 3653 3663 Go-

2004 3699 2284 3764 defridus,
2318 3702 2374 3753 et
2406 3695 2778 3752 Flandrensis
2799 3695 3382 3764 comes,obsederunt
3400 3695 3652 3752 Nicaeam

2003 3789 2316 3852 civitatem,
2347 3804 2474 3859 qua:
2505 3791 2595 3842 est
2623 3786 2803 3840 totius
2834 3789 3009 3856 caput
3040 3785 3498 3856 Romanize,cum
3521 3784 3650 3842 suis

2004 3876 2373 3934 exercitibus.
2406 3877 2582 3931 Juxta
2609 3892 2757 3946 quos
2785 3874 2941 3929 venit
2981 3875 3376 3944 Boamundus,
3406 3891 3654 3946 eamque

2003 3966 2230 4024 obsedit
2260 3983 2292 4021 a
2323 3963 2715 4037 septentrione
2745 3963 2805 4018 in
2838 3969 2997 4019 sexto
3029 3962 3122 4018 die
3153 3961 3214 4018 in
3245 3962 3395 4018 Malo
3416 3980 3429 4030 ;
3452 3961 3651 4034 ibique

2003 4054 2395 4112 castrametati
2427 4053 2681 4109 fuerunt.
2710 4054 2775 4107 in
2793 4051 2886 4108 die
2915 4057 3109 4106 autem
3143 4051 3524 4108 Ascensionis
3547 4050 3655 4108 Do-

2005 4145 2148 4200 mini
2181 4146 2478 4216 coeperunt
2519 4141 2805 4197 civitatem
2863 4140 3317 4214 circumquaque
3357 4139 3650 4208 invadere,

2004 4240 2059 4291 et
2089 4233 2373 4290 aediﬁcare
2403 4232 2795 4287 instrumenta
2843 4228 3135 4302 lignorum
3169 4236 3331 4286 extra
3361 4234 3559 4286 turres
3579 4228 3652 4284 li-

2003 4322 2427 4397 gneas,quibus
2453 4317 2958 4393 possentmurales
2979 4323 3170 4375 turres
3201 4323 3480 4375 sternere.
3505 4319 3651 4375 Tum

2003 4413 2228 4470 fortiter
2256 4415 2311 4468 et
2331 4416 2451 4466 tam
2486 4409 2697 4464 acriter
2727 4406 3150 4480 aggrediuntur
3181 4407 3474 4463 civitatem
3499 4424 3653 4464 una-

1926 4523 1971 4591 D
2005 4502 2242 4559 nimiter
2273 4517 2376 4573 per
2404 4499 2552 4555 duos
2575 4497 2883 4591 dies,quod
2911 4496 3106 4591 fodere
3129 4514 3358 4591 quoque
3382 4497 3654 4591 fecerunt

2003 4591 2254 4648 civitatis
2285 4605 2542 4644 murum.
2577 4585 2752 4642 Turci
2779 4585 3176 4658 quoque,licet
3206 4602 3348 4658 gens
3380 4586 3648 4655 barbara,

2001 4682 2291 4737 miserunt
2319 4675 2558 4734 nuntios
2589 4675 2845 4748 aliis,qui
2867 4679 3146 4730 venerant
3168 4673 3389 4730 civitati
3423 4673 3651 4745 adjuto-

2001 4771 2152 4826 rium
2187 4769 2346 4835 dare,
2381 4767 2439 4822 in
2472 4765 2629 4820 hunc
2665 4765 2936 4820 modum:
2961 4763 3156 4829 «Quod
3181 4763 3459 4819 audacter
3481 4777 3650 4817 secu-

2001 4875 2176 4931 reque
2207 4854 2632 4930 approximent,
2663 4857 2722 4909 et
2763 4869 2866 4925 per
2921 4852 3306 4908 meridianam
3357 4851 3651 4907 introeant

2001 4953 2250 5022 portam,
2267 4946 2546 5018 quoniam
2564 4960 2634 4998 ex
2658 4940 2761 4996 illa
2781 4946 2945 5014 parte
2971 4957 3143 4998 nemo
3163 4943 3248 4999 eis
3263 4941 3372 4998 erit
3393 4939 3647 5010 obviam,

1999 5055 2107 5093 nec
2137 5032 2526 5092 contristabit.
2559 5035 2694 5096 Quae
2717 5034 2882 5104 porta
2899 5030 3027 5104 ipsa
3050 5031 3143 5087 die
3169 5049 3203 5087 a
3224 5030 3436 5088 comite
3451 5029 3650 5086 Sancti

1998 5125 2208 5201 [Egidii
2241 5129 2299 5181 et
2328 5121 2597 5180 Podiensi
2629 5119 2899 5193 episcopo
2931 5121 3130 5177 statim
3155 5135 3429 5194 prospere
3457 5118 3654 5192 hospi-

1998 5220 2120 5272 tata
2149 5219 2256 5271 est.
2293 5235 2320 5262 »
2351 5209 2457 5278 Qui
2489 5226 2684 5266 comes
2715 5209 2956 5266 veniens
3005 5227 3073 5266 ex
3126 5208 3227 5265 illa
3258 5212 3650 5283 parte,prote~-

1997 5309 2125 5361 ctus
2156 5301 2351 5360 divina
2371 5300 2602 5368 virtute,
2634 5302 2810 5370 atque
2859 5300 3110 5358 terrenis
3167 5299 3430 5376 fulgebat
3462 5297 3646 5355 armis

1996 5411 2128 5452 cum
2161 5409 2270 5450 suo
2298 5388 2620 5446 fortissimo
2651 5387 2928 5445 exemita.
2961 5389 3066 5446 Hic
3111 5389 3314 5461 itaque
3344 5387 3650 5444 inveniens

1995 5487 2218 5542 Turcos
2243 5479 2544 5538 venientes
2565 5475 3025 5554 undique,signo
3056 5476 3249 5537 crucis
3281 5482 3546 5535 armatus
3564 5487 3657 5530 ve-

1994 5575 2300 5634 hementer
2318 5569 2494 5628 irruit
2520 5581 2699 5647 super
2722 5561 2882 5641 tiles,
2911 5572 2972 5629 et
2999 5565 3260 5648 superati
3279 5565 3442 5634 sunt,
3474 5569 3532 5626 et
3553 5562 3657 5620 de-
