3996 6096
397 309 506 369 771

903 305 1004 366 AD
1051 304 1566 369 GODEFRIDUM
1607 305 1940 366 APPEND.
1990 305 2066 368 ll.
2099 340 2176 350 —
2208 305 2522 372 MONUM.
2568 311 2670 372 DE
2713 309 2965 374 BELLO
3009 312 3288 376 SACRO.

3691 313 3820 374 772

398 440 611 496 derunt
638 439 860 512 fugam,
894 437 1120 510 fuitque
1164 443 1393 494 mortua
1440 439 1694 493 maxima
1743 457 1879 510 pars
1910 439 2035 494 illo-
2066 443 2122 508 Α
2150 439 2280 496 lites
2311 447 2444 496 eant
2477 441 2592 497 illis
2623 444 2853 499 obviam
2874 443 3202 515 viriliter,et
3218 444 3440 518 pedites
3461 445 3813 518 prudenter,

397 545 550 584 rum.
585 527 690 594 Qui
725 544 960 583 rursum
1019 527 1314 582 venientes
1367 526 1570 582 nuntio
1623 526 1870 582 aliorum
1903 544 2042 600 gau-

399 618 600 674 dentes
629 621 686 673 et
715 615 1070 674 exsuliantes
1093 617 1162 671 ad
1189 619 1412 671 certum
1435 615 1676 681 bellum,
1706 616 2044 672 deferebant

398 723 597 764 secum
630 707 798 762 funes
829 707 982 761 unde
1001 722 1108 760 nos
1128 704 1411 778 ligatosin
1445 704 1840 777 captivitatem
1867 706 2042 761 duce-
2071 714 2073 717 '

398 801 526 851 rent
556 797 934 851 Corosanum.
969 793 1032 847 Vt
1054 793 1280 848 nientes
1333 796 1527 847 autem
1562 791 1824 848 laetantes
1855 791 1911 846 in
1946 810 2042 847 ca-

397 884 630 940 cumine
686 883 922 949 montis,
978 887 1276 954 coeperunt
1327 881 1608 953 paulatim
1669 881 2038 938 descendere.

397 976 688 1046 Quotquot
715 989 848 1027 vero
881 973 1309 1027 descenderunt
1355 972 1412 1024 in
1466 969 1615 1026 valle
1669 969 1788 1037 illa,
1824 971 1975 1043 capti
2009 987 2044 1026 a

397 1064 753 1118 Francorum
785 1060 1078 1134 manibus,
1098 1064 1509 1115 remanserunt
1530 1058 1588 1113 in
1620 1060 1887 1115 custodia
1908 1059 2043 1114 civi-

393 1151 547 1207 tatis.
587 1149 761 1206 Cmsis
783 1150 978 1222 itaque
1001 1166 1201 1205 eorum
1225 1148 1917 1221 capitibus,projecerunt
1942 1147 2042 1203 illa

391 1241 451 1296 in
486 1241 665 1296 fundo
695 1240 1001 1311 cujusdam
1039 1238 1415 1294 instrumenti
1447 1237 1504 1292 in
1538 1238 1850 1303 civitatem,
1885 1237 2040 1293 unde

397 1333 587 1405 magis
617 1329 899 1384 dolerent.
933 1329 1140 1383 Comes
1184 1344 1440 1398 namque
1497 1327 1692 1382 Sancti
1741 1326 1949 1398 .‘Egidii
1983 1330 2042 1382 et

393 1419 691 1478 Podiensis
725 1418 1032 1490 episcopus
1063 1415 1350 1471 consiliati
1383 1419 1521 1471 sunt
1551 1415 1607 1468 in
1645 1414 2040 1486 unum,quali-

391 1516 479 1567 ter
510 1509 782 1565 fecissent
803 1507 996 1561 fodere
1019 1509 1325 1570 turrem,et
1354 1504 1644 1560 arbalista:
1668 1508 1724 1558 et
1747 1503 2034 1575 sagittarii

391 1600 490 1672 qui
524 1615 620 1653 eos
652 1596 1027 1651 defenderent
1048 1593 1573 1666 utique.Foderuut
1597 1609 1849 1664 namque
1874 1591 2034 1647 illam

391 1705 578 1761 usque
608 1687 678 1741 ad
715 1685 937 1740 radices
983 1682 1156 1748 muri,
1191 1683 1711 1754 submiseruntque
1760 1686 1956 1752 postes
1981 1685 2037 1736 et

389 1779 569 1851 ligna,
604 1792 670 1831 ac
693 1774 903 1829 deinde
927 1771 1212 1826 miserunt
1234 1771 1596 1844 ignem,Sero
1615 1773 1808 1825 autem
1836 1787 2032 1842 super-

386 1868 676 1931 veniente,
727 1862 936 1919 cecidit
979 1861 1160 1916 turris
1210 1865 1396 1926 nocte,
1431 1864 1486 1916 et
1540 1859 1678 1932 quia
1730 1876 1842 1913 nox
1889 1863 2030 1926 erat,

389 1949 1048 2028 nequiveruntpraaliari
1079 1967 1213 2005 cum
1267 1948 1407 2004 illis.
1441 1948 1613 2004 Turci
1673 1965 1807 2003 vero
1867 1953 2033 2002 nocte

388 2045 591 2101 eadem
623 2044 1024 2107 surrexerunt,
1059 2043 1115 2095 et
1137 2042 1612 2093 restauraverunt
1645 2054 1879 2091 murum
1911 2041 2031 2090 tam

388 2135 616 2196 fortem,
648 2131 802 2203 quod
833 2147 902 2184 ex
931 2128 1031 2184 illa
1053 2132 1214 2200 parte
1249 2144 1419 2182 nemo
1453 2144 1550 2181 eos
1581 2125 1784 2180 lmdere
1816 2125 2034 2196 potuis-

388 2228 491 2278 set.
529 2221 803 2276 Videntes
835 2222 1030 2272 autem
1064 2217 1238 2272 Turci
1269 2217 1424 2288 quod
1451 2215 1787 2270 nullatenus
1819 2214 2031 2268 habere

387 2307 746 2380 adjutorium
779 2306 1125 2377 potuissent,
1162 2321 1262 2376 per
1309 2302 1662 2376 legationem
1695 2301 2031 2374 imperatori

388 2395 994 2466 mandaverunt,quod
1031 2393 1324 2448 civitatem
1357 2392 1440 2447 eis
1472 2397 1677 2463 sponte
1703 2391 2027 2458 redderent,

387 2487 436 2542 si
463 2484 868 2542 tantummodo
891 2500 989 2538 eos
1011 2482 1170 2537 abire
1191 2481 1350 2536 vivos
1373 2481 1731 2553 permitteret
1752 2497 1884 2534 cum
1910 2497 2033 2534 mu-

386 2575 628 2632 lieribus
651 2578 708 2628 et
740 2573 895 2640 ﬁliis,
929 2576 986 2627 et
1017 2569 1292 2626 omnibus
1324 2570 1446 2625 suis
1497 2569 1864 2624 utensilibus.
1901 2569 2030 2624 Mox

385 2665 705 2738 imperator
735 2661 943 2735 plenus
965 2660 1169 2732 iniqua
1188 2658 1737 2731 cogitatione,jussit
1768 2657 1897 2712 illos
1919 2657 2029 2712 im-

385 2755 623 2828 punitos
653 2753 874 2823 absque
909 2749 1024 2804 ullo
1055 2749 1262 2803 timore
1289 2747 1400 2802 sibi
1421 2765 1520 2803 eos
1551 2747 2032 2818 Constantinopo-

385 2844 488 2898 lim
523 2841 756 2899 addnci.
791 2839 954 2906 Quod
994 2841 1326 2893 annuerunt
1364 2835 1672 2891 Christiani
1701 2835 1888 2907 gratia
1919 2835 2028 2890 im-

383 2932 690 3007 peratoris.
723 2931 981 2986 Fuerunt
1024 2943 1157 2982 vero
1199 2925 1256 2980 in
1307 2925 1405 2980 illa
1455 2925 1756 2980 obsidione
1803 2927 2026 2995 septem

383 3019 935 3085 hebdomadibus,et
953 3015 1122 3072 multi
1153 3034 1220 3071 ex
1251 3015 1467 3070 nostris
1490 3018 1873 3086 percererunt
1895 3012 2028 3068 felix

383 3110 729 3184 martyrium
762 3100 864 3180 pro
895 3105 1109 3162 Christi
1144 3105 1400 3160 nomine.

651 3200 785 3255 Cum
814 3197 1135 3252 Soliman-no
1168 3194 1478 3248 Christiani
1500 3200 1766 3265 pugnant.

454 3292 530 3364 (2)
564 3291 788 3344 Interea
819 3285 1044 3341 reddita
1082 3284 1333 3349 civitate,
1387 3283 1709 3354 Turcisque
1759 3279 2023 3336 deductis

381 3369 966 3448 Constantinopolim,
999 3374 1318 3445 imperator
1339 3371 1528 3444 magis
1551 3371 1853 3443 magisque
1873 3367 2025 3442 gavi-

378 3488 502 3536 sus,
533 3485 599 3524 eo
629 3467 784 3539 quod
817 3464 1018 3519 civitas
1049 3463 1406 3533 redigeretur
1435 3459 1496 3516 in
1546 3477 1713 3515 suam
1765 3463 2022 3531 potesta-

377 3556 706 3628 tdm,jussit
723 3553 1021 3626 copiosam
1045 3550 1385 3605 alimoniam
1405 3547 1762 3621 pauperibus
1774 3547 2017 3621 erogari.

378 3647 494 3703 Nos
523 3661 656 3700 vero
689 3647 996 3716 postquam
1033 3640 1381 3695 recessimus
1403 3656 1436 3694 a
1465 3637 1911 3709 civitate,prima
1929 3637 2021 3693 die

375 3735 643 3790 venimus
677 3733 746 3788 ad
799 3730 1113 3804 quemdam
1164 3732 1421 3800 pontem,
1454 3726 1652 3798 ibique
1692 3726 2022 3781 mansimus

377 3823 606 3879 duobus
639 3821 869 3876 diebus.
904 3817 1098 3874 Tertia
1127 3822 1323 3872 autem
1347 3817 1718 3871 illucescente
1746 3817 1856 3881 die,
1892 3833 2020 3870 sur-

377 3915 649 3968 rexerunt
680 3909 886 3979 nostri,
919 3913 972 3963 et
1005 3925 1120 3962 non
1154 3907 1418 3962 videntes
1449 3910 1641 3960 tenere
1669 3903 2021 3971 vium,divisi

377 4005 517 4057 sunt
544 4000 615 4054 ab
649 3999 914 4053 invicem.
946 3997 1091 4052 Nam
1125 4012 1260 4068 pars
1289 3992 1864 4058 exercitus,videlicet
1886 3993 2025 4049 Boa-

378 4089 657 4156 muudus,
691 4092 748 4143 et
780 4087 1068 4142 Robertus
1098 4083 1560 4148 Northmannus,
1591 4088 1649 4138 et
1681 4083 2020 4138 Tancredus

376 4178 593 4250 aliique
621 4175 1022 4249 quamplures,
1052 4174 1111 4229 in
1143 4174 1372 4230 diversa
1411 4173 1699 4228 abierunt.
1732 4172 1859 4227 Alia
1889 4189 2020 4228 vero

377 4285 532 4341 pars,
563 4266 783 4322 scilicet
814 4263 1180 4320 Raimundus
1227 4262 1424 4318 Sancti
1472 4261 1682 4334 [Egidii
1718 4277 1932 4327 comes,
1965 4265 2021 4316 et

375 4357 495 4412 dux
524 4355 896 4424 Godefridus,
929 4359 982 4408 et
1026 4352 1327 4407 Podiensis
1376 4351 1706 4423 episcopus,
1739 4355 1794 4404 et
1825 4367 2019 4406 comes

378 4443 751 4502 Flandrensis
781 4447 840 4498 et
870 4443 1069 4514 plures
1099 4440 1195 4496 alii
1241 4457 1344 4512 per
1388 4439 1561 4494 aliam
1591 4438 1743 4494 viam
1776 4439 2020 4494 devene-

377 4539 534 4590 runt.
567 4535 764 4589 Tertia
791 4548 923 4587 vero
955 4531 1047 4586 die
1095 4529 1413 4584 irruerunt.
1448 4527 1618 4584 Turci
1651 4527 2022 4584 vehementer

377 4641 554 4696 super
582 4623 1082 4687 Boamuudum,et
1114 4636 1290 4691 super
1319 4635 1416 4673 eos
1441 4616 1539 4689 qui
1572 4634 1705 4672 cum
1737 4634 1801 4672 eo
1833 4622 2018 4686 erant,

377 4713 696 4769 clamantes
740 4710 1006 4767 videlicet
1053 4714 1228 4780 atque
1275 4707 1586 4762 stridentes
1636 4706 1858 4762 excelso
1902 4707 2018 4762 cla-

377 4819 559 4871 more,
593 4806 768 4874 atque
811 4799 1070 4854 dicentes
1121 4797 1315 4852 nescio
1372 4795 1513 4867 quid
1573 4794 1928 4850 diabolicum
1961 4794 2019 4849 in

377 4892 626 4948 barbara
642 4890 862 4961 lingua.
889 4889 1014 4943 Mox
1049 4886 1424 4942 Boamuudus
1446 4883 1916 4956 sapientissimus
1936 4883 2024 4938 vir

376 4980 578 5036 videns
603 4977 1060 5033 innumerabiles
1082 4976 1302 5031 Turcos
1321 4974 1520 5046 procul
1544 4973 1796 5029 clamare
1818 4979 1874 5029 et
1896 4972 2024 5030 stri-

378 5069 532 5134 dere,
559 5066 742 5137 jussit
769 5064 1030 5120 celeriter
1076 5081 1282 5120 omnes
1314 5063 1529 5118 milites
1561 5064 1932 5131 descendere,
1964 5067 2022 5119 et

379 5155 627 5212 tentoria
657 5154 982 5208 extendere.
1017 5153 1128 5208 Sed
1161 5157 1476 5224 antequam
1511 5152 1756 5208 tentoria
1787 5156 2024 5208 extensa

379 5241 801 5310 fuissent,dixit
831 5239 1121 5295 militibus
1146 5239 1258 5295 :«O
1293 5240 1598 5296 fortissimi
1633 5239 1848 5294 milites
1869 5239 2026 5294 Chri-

380 5333 478 5404 sti,
510 5348 640 5389 ecce
665 5329 885 5385 bellum
915 5330 973 5385 in
1001 5333 1157 5385 arcto
1189 5329 1369 5384 situm
1419 5335 1526 5397 est,
1552 5330 1795 5402 jamque
1827 5328 2025 5385 hostes

382 5421 644 5493 undique
655 5418 824 5476 nobis
841 5418 1668 5492 supereminent.Quapropter
1690 5434 1895 5475 omnes
1921 5418 2028 5476 mi-

454 5600 531 5680 (2)
562 5598 626 5658 In
657 5598 797 5662 edit.
830 5599 926 5661 hic
955 5597 1164 5677 incipit
1192 5597 1341 5656 liber
1370 5614 1456 5660 ιιι.

2152 534 2326 601 atque
2357 530 2528 585 citius
2561 532 2809 587 tentoria
2837 533 3216 589 extendant.»
3248 533 3398 589 Dum
3416 533 3537 590 haec
3564 551 3816 607 ageren-

2148 620 2262 684 tur,
2296 619 2464 674 Turci
2497 620 2756 692 undique
2785 621 2910 692 jam
2967 621 3342 677 imminentes
3373 621 3813 679 circumcinxe-

2150 711 2290 762 runt
2323 725 2445 776 nos,
2483 708 2836 773 dimicando,
2861 709 3202 780 jaculando,
3237 710 3604 783 spiculando,
3626 711 3810 786 longe

2151 793 2381 868 lateque
2413 797 2891 869 sagittando.Nos
2919 815 3052 854 vero
3077 805 3388 871 postquam
3421 799 3805 872 nequivimus

2150 883 2440 950 resistere,
2457 902 2645 957 neque
2677 885 2918 942 sufferre
2940 887 3172 958 pondus
3193 892 3489 944 tantorum
3514 888 3804 960 hostium,

2149 973 2522 1044 persistimus
2555 973 2936 1030 immobiliter
2959 974 3019 1030 in
3044 993 3228 1031 unum
3261 977 3802 1049 gradum.Femine

2148 1077 2379 1133 quoque
2402 1067 2612 1118 nostrae
2631 1063 2688 1118 in
2715 1062 2816 1118 illa
2837 1063 2928 1119 die
2951 1064 3185 1120 fuerunt
3207 1066 3376 1122 nobis
3397 1066 3456 1120 in
3478 1065 3799 1139 refugium,

2148 1167 2275 1221 quae
2308 1151 2624 1207 efferebant
2655 1151 2823 1208 nobis
2855 1155 3501 1224 aquam,confortantes
3519 1172 3649 1222 nos,
3681 1156 3802 1212 for-

2147 1239 2285 1294 titer
2315 1246 2666 1314 pugnantes,
2701 1246 2758 1296 et
2802 1241 2959 1297 viros
3007 1247 3398 1314 protegentes.
3447 1243 3552 1298 Vir
3599 1243 3801 1317 itaque

2147 1329 2623 1399 sapientissimus
2656 1331 3034 1386 Boamuudus
3068 1331 3336 1403 protinus
3369 1333 3668 1388 mandavit
3698 1349 3800 1389 co-

2147 1416 2274 1471 miti
2307 1418 2377 1472 de
2409 1419 2620 1474 Sancto
2651 1419 2896 1491 Egidio,
2931 1423 2989 1475 et
3028 1420 3240 1493 inclyte
3289 1421 3423 1476 duci
3457 1421 3792 1492 Godefrido,

2143 1512 2200 1562 et
2231 1508 2456 1579 Hugoni
2479 1509 2771 1580 Magno,et
2792 1509 3209 1566 honestissimo
3234 1509 3500 1566 Podiensi
3520 1510 3796 1584 episcopo

2143 1600 2196 1651 et
2228 1595 2359 1652 aliis
2391 1597 2666 1652 omnibus
2699 1598 2988 1654 militibus
3019 1603 3084 1654 ut
3113 1599 3458 1654 festinanter
3477 1599 3549 1654 ad
3571 1598 3793 1656 bellum

2143 1685 2632 1757 approximarent.
2667 1687 2773 1753 Qui
2819 1687 2938 1743 haec
2988 1687 3312 1754 audientes,
3345 1687 3600 1760 primum
3633 1688 3795 1745 hunc

2143 1791 2270 1830 esse
2302 1774 2684 1831 falsissimum
2717 1781 3086 1848 putaverunt.
3117 1777 3243 1832 Non
3291 1776 3446 1833 enim
3478 1778 3794 1833 credebant

2143 1864 2300 1934 quod
2330 1863 2411 1918 illi
2442 1864 2620 1920 semel
2651 1865 2862 1920 devicti
2891 1865 3149 1938 amplius
3175 1866 3456 1922 adderent
3474 1865 3695 1939 erigere
3727 1883 3793 1924 se

2142 1952 2212 2006 ad
2247 1952 2650 2024 praeliandum.
2687 1954 2813 2008 Dux
2842 1953 3023 2026 igitur
3051 1954 3404 2012 Godefridus
3433 1971 3565 2011 mox
3587 1955 3790 2011 audito

2142 2041 2433 2107 nuntio,et
2462 2042 2626 2114 Hugo
2659 2042 3296 2114 Magnus,advenerunt
3325 2061 3462 2099 cum
3486 2044 3612 2100 suis
3633 2061 3792 2101 exer-

2141 2130 2376 2185 citibus.
2413 2131 2527 2186 Hos
2559 2135 2752 2187 autem
2776 2131 3195 2203 insequebatur
3213 2132 3524 2206 episcopus
3547 2133 3792 2189 Podien-

2146 2220 2248 2287 sis,
2285 2225 2342 2274 et
2375 2221 2742 2276 Raimundus
2799 2238 2995 2276 comes
3043 2238 3176 2276 cum
3237 2238 3452 2294 magna
3493 2227 3684 2295 gente.
3721 2223 3792 2280 Hi

2141 2325 2274 2363 cum
2308 2308 2568 2365 viderent
2596 2314 2714 2364 tam
2766 2305 3258 2366 innumerabilem
3317 2315 3546 2383 gentem
3569 2313 3791 2367 Turco-

2141 2398 2741 2464 rum,multitudinem
2762 2404 2818 2455 et
2832 2399 3088 2455 Arabum
3112 2405 3288 2471 atque
3306 2400 3786 2468 Sarracenorum,

2139 2484 2501 2556 aliorumque
2533 2502 2679 2557 quos
2710 2503 3053 2542 enumerare
3083 2487 3324 2560 longum
3355 2489 3785 2561 est,obstupue—

2140 2573 2520 2645 runt,quippe
2543 2573 2681 2644 quia
2711 2591 2914 2630 omnes
2945 2580 3259 2642 montes,et
3289 2575 3550 2641 colles,et
3576 2576 3781 2647 valles,

2139 2667 2196 2716 et
2226 2662 2422 2717 omnia
2453 2661 2627 2734 plana
2654 2662 2816 2719 intus
2864 2668 2920 2720 et
2950 2664 3101 2720 infra
3133 2665 3390 2738 undique
3421 2667 3658 2722 stabant
3686 2684 3783 2723 co-

2139 2757 2340 2822 operta
2355 2752 3050 2808 deillaexcommunicata
3079 2759 3250 2825 gente
3269 2753 3356 2809 vel
3384 2755 3782 2827 generatione.

2139 2841 2349 2896 Factus
2379 2845 2466 2896 est
2512 2841 2708 2912 itaque
2757 2858 2948 2897 sermo
2997 2848 3256 2898 secretus
3319 2844 3466 2898 inter
3493 2861 3620 2911 nos,
3657 2844 3784 2901 lau-

2137 2930 2344 2986 dantes
2371 2935 2430 2985 et
2457 2930 2849 2996 consulentes,
2882 2935 3056 3002 atque
3086 2931 3372 2988 dicentes:
3403 2933 3634 2988 «Estote
3651 2951 3780 2990 om-

2137 3020 2275 3074 nino
2307 3020 2616 3074 unanimcs
2675 3019 2735 3074 in
2785 3019 2897 3074 ﬁde
2943 3019 3179 3090 Christi,
3213 3025 3270 3076 et
3327 3026 3539 3077 sanctae
3587 3022 3781 3080 crucis

2135 3108 2324 3164 vexilli
2354 3109 2612 3174 victoria,
2661 3108 2800 3180 quia
2847 3109 3016 3164 hodie
3068 3127 3273 3166 omnes
3321 3110 3550 3176 divites,
3584 3112 3632 3166 si
3669 3116 3779 3168 Deo

2057 3185 2100 3251 C
2139 3197 2346 3269 placet,
2377 3199 2563 3253 etfecti
2595 3197 2774 3252 eritis.
2813 3220 2840 3246 ››
2871 3197 3158 3254 Continuo
3187 3215 3324 3270 ergo
3373 3199 3602 3267 fueram
3627 3200 3781 3256 ordi-

2133 3291 2278 3341 natae
2311 3286 2554 3342 acies.ln
2579 3285 2817 3342 sinistra
2839 3285 3034 3358 itaque
3057 3293 3220 3359 parte
3244 3288 3352 3342 fuit
3374 3289 3776 3355 Boamuudus,

2131 3382 2187 3431 et
2219 3377 2527 3432 Rotbertus
2559 3376 3019 3440 Northmannus,
3054 3381 3112 3431 et
3129 3377 3386 3448 prudens
3406 3377 3772 3448 Tancredus,

2130 3469 2186 3519 et
2217 3465 2528 3520 Rotbertus
2558 3465 2628 3520 de
2656 3466 2834 3530 Ansa,
2865 3469 2922 3520 et
2953 3463 3280 3520 Richardus
3310 3465 3380 3520 de
3406 3465 3766 3538 Principatu.

2131 3553 2452 3625 Episc0pus
2473 3570 2726 3625 namque
2741 3553 3040 3609 Podiensis
3062 3553 3219 3609 venit
3231 3570 3333 3626 per
3349 3553 3594 3610 alteram
3617 3572 3782 3611 mon-

2129 3647 2382 3709 taneam,
2412 3642 2671 3713 undique
2703 3640 3516 3714 circumcingensincredulos
3533 3644 3776 3700 Turcos.

2133 3733 2195 3786 In
2227 3732 2463 3786 dextera
2490 3747 2622 3786 vero
2668 3734 2829 3802 parte
2887 3729 2998 3785 fuit
3056 3730 3555 3802 prudentissimus
3606 3731 3780 3788 miles

2133 3819 2502 3875 Raimundus
2532 3836 2727 3874 comes
2759 3819 2830 3874 de
2871 3820 3080 3875 Sancto
3111 3818 3358 3892 zEgidio,
3393 3825 3448 3874 et
3473 3821 3776 3877 venerabi-

2134 3909 2205 3964 lis
2236 3909 2353 3964 dux
2377 3908 2726 3963 Godefridus
2751 3913 2827 3976 ;et
2857 3907 3179 3964 acerrimus
3201 3907 3369 3964 miles
3402 3908 3780 3966 Flandrensis

2130 4015 2346 4065 comes,
2380 4003 2436 4052 et
2466 3997 2629 4070 Hugo
2664 3997 2935 4070 Magnus,
2965 4001 3023 4052 et
3052 3997 3148 4052 alii
3177 3997 3374 4069 plures
3398 4015 3648 4070 quorum
3683 4016 3784 4055 no-

2131 4087 2290 4142 mina
2319 4086 2542 4159 ignoro.
2580 4087 2793 4142 Statim
2824 4091 3020 4142 autem
3071 4085 3441 4143 venientibus
3491 4086 3781 4144 militibus

2131 4176 2365 4242 nostris,
2395 4176 2589 4241 Turci,
2621 4181 2677 4229 et
2705 4176 2945 4240 Arabes,
2981 4180 3038 4231 et
3063 4175 3389 4241 Sarraceni,
3422 4179 3478 4231 et
3503 4175 3780 4248 Agulani,

2129 4270 2184 4321 et
2213 4282 2417 4320 omnes
2449 4265 2708 4320 barbarae
2741 4264 3010 4320 nationes
3056 4265 3347 4320 dederunt
3395 4264 3668 4321 velociter
3688 4266 3784 4323 fu-

2127 4371 2284 4426 gam,
2319 4370 2421 4424 per
2451 4352 2795 4424 compendia
2827 4352 3043 4408 montis
3073 4358 3130 4408 et
3159 4351 3336 4424 plana
3365 4352 3653 4410 loca.Erat
3675 4371 3782 4410 au-

2127 4447 2244 4497 tem
2279 4458 2559 4497 numerus
2589 4442 2938 4508 Turcorum,
2972 4445 3029 4497 et
3072 4441 3548 4508 Sarracenorum,
3584 4443 3784 4499 Publi-

2050 4552 2098 4618 D
2129 4547 2432 4600 canorum,
2466 4535 2521 4586 et
2561 4533 2894 4597 Persarum,
2952 4529 3375 4602 Agnlanorum,
3426 4535 3484 4587 et
3528 4530 3782 4588 aliorum

2131 4636 2513 4693 paganorum,
2539 4623 2798 4674 treeenta
2826 4619 3126 4691 sexaginta
3149 4619 3523 4686 millia,extra
3543 4621 3782 4690 Arabes,

2129 4724 2378 4779 quorum
2413 4723 2724 4761 numerum
2756 4723 2926 4761 nemo
2948 4707 3057 4762 scit
3079 4706 3190 4762 nisi
3213 4707 3786 4780 Deus.Fugientibus

2129 4801 2323 4851 autem
2354 4795 2471 4850 illis
2492 4795 2670 4850 nimis
2693 4794 2963 4850 velociter
2983 4812 3170 4866 usque
3190 4796 3261 4850 ad
3285 4813 3485 4851 eorum
3509 4797 3781 4867 tentoria,

2130 4885 2209 4940 ibi
2241 4885 2342 4939 diu
2375 4885 2588 4938 morari
2621 4900 2737 4938 non
2769 4883 2954 4938 licuit.
2991 4884 3208 4939 lterum
3237 4900 3371 4940 vero
3405 4885 3786 4957 arripuerunt

2130 4974 2353 5045 fugam,
2387 4989 2610 5045 nosque
2644 4971 2932 5044 persecuti
2965 4989 3172 5027 sumus
3202 4989 3301 5028 eos
3330 4971 3660 5029 occidentes
3680 4990 3787 5047 per

2130 5066 2317 5118 totum
2351 5061 2529 5116 diem.
2564 5061 2633 5116 Et
2663 5059 2993 5132 accepimus
3028 5060 3215 5132 spolia
3246 5059 3451 5128 multa,
3485 5079 3696 5118 aurum
3727 5067 3787 5119 et

2134 5156 2464 5224 argentum,
2500 5167 2682 5222 equos
2711 5155 2768 5204 et
2797 5149 3018 5217 asinos,
3050 5149 3469 5217 camelos,oves
3499 5154 3555 5205 et
3585 5150 3784 5220 boves,

2133 5245 2189 5296 et
2219 5241 2474 5312 plurima
2505 5239 2619 5294 alia
2648 5256 2774 5310 quae
2806 5238 3167 5311 ignoramus.
3198 5238 3267 5292 Et
3305 5243 3501 5294 tamen
3535 5238 3648 5294 nisi
3672 5240 3788 5296 Do-

2135 5330 2332 5384 minus
2365 5329 2512 5384 foret
2543 5328 2600 5383 in
2633 5327 2806 5395 bello,
2839 5332 2898 5382 et
2929 5326 3102 5382 aliam
3137 5325 3251 5382 cito
3281 5326 3542 5383 mitteret
3572 5327 3784 5395 aciem,

2136 5417 2334 5475 nullus
2364 5422 2699 5475 nostrorum
2738 5416 2973 5490 penitus
3028 5415 3318 5474 evaderet.
3351 5415 3463 5474 Sed
3512 5417 3790 5493 omnipo-
