3996 6096
133 252 260 315 7'73

844 251 912 312 P.
959 248 1357 314 TUDEBODI
1404 247 1612 311 HIST.
1657 247 1760 311 DE
1803 247 2215 313 HlEROSOL.
2262 249 2444 311 I'l‘IN.
2479 283 2556 294 —
2585 246 2734 310 LIB.
2779 249 2856 309 II.

3433 251 3554 312 774

135 391 269 442 tens
298 385 473 450 Deus,
506 383 564 438 et
592 382 745 454 pius,
781 381 881 455 qui
915 400 1026 438 non
1069 382 1335 456 permisit
1383 399 1522 438 suos
1571 381 1791 439 milites
1820 385 1876 450 Α
1903 381 2271 438 solummodo
2296 381 2547 454 poterint
2563 382 2903 448 scire,unus
2924 397 2992 436 ex
3013 380 3174 437 vobis
3196 380 3285 437 vix
3302 383 3556 455 amplius

135 475 348 550 perire,
382 489 488 529 nec
519 472 578 527 in
612 489 825 528 manus
873 471 1248 527 inimicorum
1282 472 1557 539 incidere,
1594 472 1800 527 festiue

138 563 258 619 illis
291 560 652 632 adjutorium
684 559 862 616 misit.
896 559 1036 626 Quis
1086 577 1348 632 unquam
1393 564 1513 615 tam
1566 559 1801 632 sapiens

137 654 241 706 aut
270 650 479 704 doctus
509 647 597 701 vir
642 646 880 702 audebit
921 646 1247 702 describere
1279 651 1380 702 aut
1411 647 1797 719 prmmeditari

137 736 535 813 prudentiam,
569 737 628 791 et
677 734 946 791 militiam
994 740 1051 791 et
1102 735 1502 811 fortitudinem
1553 739 1802 793 eorum?

136 829 246 896 Qui
280 825 570 900 putabant
598 829 819 880 terrore
849 828 1082 896 gentem
1113 825 1465 880 Francorum
1499 823 1677 880 minis
1709 841 1800 880 sa-

134 917 422 990 gittarum
456 912 882 981 illarum,sicut
903 917 1234 969 terruerunt
1265 913 1578 980 Arabes,et
1610 913 1805 970 Sarra-

133 1023 340 1072 cenos,
374 1008 431 1060 et
475 1001 838 1069 Hermenius,
871 1007 928 1058 et
975 1001 1256 1058 Surianos
1306 1006 1363 1058 et
1409 1005 1655 1058 Grmcos.
1690 1003 1802 1059 Sed

132 1096 270 1162 hoc,
305 1093 355 1150 si
388 1093 503 1148 Deo
534 1091 742 1164 placet,
777 1108 1036 1164 unquam
1071 1109 1183 1146 non
1211 1090 1320 1147 erit
1349 1091 1565 1156 visum,
1591 1107 1696 1147 nec
1727 1091 1806 1146 fa.

132 1190 327 1252 ctum,
351 1199 456 1238 nec
487 1181 734 1249 dictum,
756 1197 862 1236 nec
892 1182 1213 1254 cogitatum
1248 1181 1400 1254 quod
1434 1180 1545 1253 ipsi
1577 1185 1804 1236 tantum

129 1273 390 1330 valeant.
409 1270 825 1326 Verumtamen
858 1270 1063 1324 dicunt
1094 1287 1156 1324 se
1186 1287 1314 1325 esse
1347 1270 1416 1324 de
1450 1271 1803 1325 Francorum

131 1361 534 1436 generatione,
569 1364 626 1415 et
656 1357 859 1414 dicunt
891 1359 1044 1431 quod
1095 1358 1293 1414 nullus
1344 1359 1517 1414 homo
1565 1363 1808 1414 natura-

132 1453 270 1508 liter
302 1451 478 1506 debet
507 1466 634 1505 esse
661 1447 852 1513 miles,
879 1448 989 1503 nisi
1028 1448 1230 1503 Franci
1261 1452 1317 1504 et
1348 1447 1452 1502 illi.
1484 1448 1802 1504 Veritatem

132 1557 377 1615 quoque
409 1538 598 1594 dicam
631 1555 733 1610 per
763 1537 980 1605 omnia,
1003 1554 1180 1610 quam
1213 1554 1384 1592 nemo
1415 1537 1653 1593 audebit
1683 1553 1810 1608 pro-

131 1631 366 1687 bibere.
399 1629 562 1684 Certe
603 1627 649 1683 si
703 1627 762 1681 in
813 1627 926 1682 ﬁde
976 1626 1210 1692 Christi,
1263 1632 1321 1682 et
1371 1626 1808 1682 Christianitate

136 1724 352 1776 sancta
381 1717 537 1773 ﬁrmi
572 1715 840 1783 fuissent,
874 1719 929 1772 et
961 1733 1143 1771 unum
1174 1715 1235 1771 in
1258 1715 1541 1772 Trinitate
1565 1733 1807 1770 manen-

137 1814 258 1864 tem
295 1812 504 1863 natum
536 1807 609 1862 de
635 1805 877 1879 Virgine
919 1810 1126 1873 matre,
1159 1809 1218 1862 et
1246 1822 1487 1878 passum
1519 1809 1576 1860 et
1608 1821 1805 1860 resur-

138 1902 400 1971 gentem,
434 1913 500 1951 ac
547 1894 757 1951 deinde
807 1893 1265 1950 consolationem
1319 1894 1506 1950 sancti
1551 1893 1807 1966 Spiritus

139 1987 396 2060 perfecte
429 1985 780 2052 mittentem,
815 1983 873 2038 in
907 1983 1049 2040 caalo
1095 1988 1152 2040 et
1201 1984 1259 2039 in
1309 1988 1462 2040 terra
1511 1983 1810 2056 zequaliter

141 2079 513 2150 regnantem,
546 2078 704 2130 recta
735 2078 929 2130 mente
959 2078 1016 2129 et
1046 2074 1157 2130 fide
1188 2073 1593 2139 credidissent,
1620 2071 1806 2146 magis

135 2165 577 2239 prudentiores,
597 2169 697 2219 aut
718 2163 1005 2230 fortiores,
1026 2167 1130 2218 aut
1151 2162 1438 2219 bellorum
1465 2162 1808 2234 ingeniosis-

133 2256 350 2323 simos,
381 2253 599 2326 aliquis
629 2252 888 2308 invenire
924 2251 1166 2308 minime
1193 2252 1465 2325 potuerit.
1497 2251 1695 2323 Ibique
1724 2250 1808 2305 in-

134 2343 367 2400 terfecti
417 2347 560 2399 sunt
611 2343 727 2398 duo
771 2341 1144 2398 honorabiles
1193 2341 1324 2406 viri,
1365 2341 1692 2396 Gaufredus
1736 2341 1806 2395 de

134 2431 730 2499 Monte-scabioso,et
751 2429 1099 2486 Guillelmus
1131 2429 1408 2485 marchisi
1443 2429 1600 2484 filius
1633 2431 1808 2484 frater

133 2521 454 2590 Tancredi,
475 2525 532 2577 et
563 2519 660 2575 alii
693 2519 908 2575 milites
939 2523 994 2574 et
1025 2519 1536 2592 pedites,quorum
1567 2519 1806 2598 nomina

131 2610 467 2686 ignoro.De
489 2609 802 2683 prudentia
831 2625 962 2664 vero
993 2613 1050 2664 et
1079 2608 1452 2664 animositate
1481 2609 1804 2662 Turcorum

135 2701 282 2774 quid
321 2699 495 2772 plura
527 2701 771 2755 referam
793 2699 820 2754 ?
851 2699 1000 2754 Sunt
1026 2714 1280 2770 namque
1315 2696 1678 2763 ferocissimi,
1704 2696 1806 2751 hu-

135 2790 324 2846 meris
357 2793 415 2844 et
443 2787 692 2862 sagittis
722 2791 779 2843 et
801 2787 1106 2860 pharetras
1126 2786 1394 2842 toxicatis
1417 2786 1659 2842 refertas
1682 2803 1808 2858 por-

132 2884 360 2946 tantes,
396 2876 749 2933 naturaliter
779 2875 1238 2944 bellicosissimi,
1261 2875 1598 2949 gloriantes,
1624 2879 1687 2930 ut
1719 2875 1807 2930 di-

132 2969 362 3036 ximus,
383 2967 455 3022 de
487 2967 843 3022 Francorum
875 2965 1270 3038 generatione.
1292 2965 1402 3020 Sed
1435 2964 1806 3036 omnipotens

133 3059 298 3114 Deus
329 3055 670 3130 superbiam
700 3053 935 3110 illorum
977 3059 1150 3110 antea
1179 3053 1530 3109 indomitam
1561 3052 1808 3108 debella-

1837 1763 1884 1826 B

1907 471 2079 527 vivet.
2119 495 2144 521 »
2175 474 2246 526 At
2276 471 2358 526 illi
2387 472 2690 528 audientes
2719 470 2880 539 talia,
2913 475 3210 542 coeperunt
3236 475 3555 529 retrorsum

1907 564 2126 616 vertere
2158 560 2446 633 scapulas,
2482 565 2537 615 et
2574 577 2635 616 se
2663 560 3065 632 cxpanderunt
3093 577 3193 632 per
3223 561 3555 616 universam

1911 649 2277 716 Romaniam,
2311 650 2526 704 sed.....
2563 649 2848 705 exercitus
2880 654 3074 704 noster
3103 651 3562 722 persequebatur

1908 737 2317 810 iniquissimos
2349 739 2569 794 Turcos
2613 737 2874 810 quotidie
2926 738 3211 808 fugientes
3241 743 3374 795 ante
3406 739 3557 796 illos.

1909 828 1982 882 At
2013 827 2094 882 illi
2125 828 2424 883 venientes
2447 828 2517 882 ad
2549 832 2754 883 cuncta
2789 832 2998 890 castra,
3021 827 3139 883 sive
3171 828 3564 898 civitates,fin-

1910 922 2114 989 gentes
2146 922 2202 972 et
2231 917 2572 972 deludentes
2593 917 2951 971 habitatores
2974 915 3229 986 illorum,
3255 918 3560 978 dicebant:

1913 1027 1942 1054 «
1975 1007 2090 1061 Nos
2122 1005 2442 1061 devicimus
2473 1005 2833 1061 Christianos
2863 1022 3088 1072 omnes,
3119 1010 3294 1078 atque
3324 1023 3562 1080 supera-

1910 1095 2103 1150 vimus
2137 1095 2289 1161 illos,
2322 1112 2386 1150 eo
2417 1099 2617 1150 tenore
2652 1095 2804 1166 quod
2839 1093 3035 1150 nullus
3066 1111 3266 1150 eorum
3290 1097 3416 1166 jam
3447 1113 3564 1152 un-

1913 1201 2091 1256 quam
2110 1185 2322 1239 audeat
2349 1201 2409 1240 se
2431 1185 2650 1256 erigere
2672 1188 2806 1238 ante
2829 1201 2954 1240 nos.
2972 1185 3224 1240 Tantum
3247 1185 3566 1256 permittite

1915 1291 2021 1329 nos
2052 1273 2210 1328 intus
2243 1273 2474 1328 intrare.
2510 1295 2536 1322 ››
2578 1272 2682 1337 Qui
2717 1271 3000 1328 intrantes
3033 1273 3361 1344 spoliabant
3390 1273 3568 1330 eccle-

1916 1363 2054 1434 sias,
2087 1367 2144 1418 et
2175 1364 2400 1426 domos,
2434 1366 2492 1418 et
2521 1362 2634 1417 alia
2663 1361 2878 1428 omnia,
2923 1366 2978 1417 et
3027 1363 3320 1418 ducebant
3364 1379 3564 1420 secum

1914 1469 2097 1524 equos
2130 1456 2186 1508 et
2219 1452 2437 1516 asinos,
2473 1455 2530 1506 et
2561 1468 2770 1506 aurum
2803 1457 2860 1506 et
2900 1455 3230 1524 argentum,
3263 1457 3318 1507 et
3348 1452 3562 1521 mulos,

1916 1546 1972 1596 et
2001 1559 2068 1597 ea
2099 1559 2226 1613 quae
2260 1541 2509 1612 reperire
2543 1544 2826 1612 poterant.
2848 1540 3050 1596 Adhuc
3073 1557 3303 1613 quoque
3325 1545 3381 1596 et
3409 1541 3568 1597 Chri-

1917 1631 2240 1686 stianorum
2276 1630 2424 1685 lilios
2453 1646 2650 1685 secum
2684 1629 3068 1695 ducebant,et
3092 1629 3374 1686 ardebant
3393 1635 3449 1686 et
3473 1631 3568 1688 de-

1913 1721 2222 1775 vastabant
2250 1718 2448 1774 omnia
2476 1717 2879 1774 convenientia
2907 1718 3027 1774 sive
3056 1718 3242 1785 utilia,
3277 1718 3566 1792 fugientes

1916 1815 1973 1866 et
2003 1813 2278 1882 paventes
2307 1806 2474 1863 valde
2505 1811 2638 1863 ante
2669 1807 2874 1863 faciem
2920 1811 3200 1864 nostram.
3233 1808 3427 1864 Nostri
3457 1808 3568 1864 ita-

1916 1915 2028 1971 que
2059 1897 2560 1970 persequebantur
2589 1913 2691 1968 per
2719 1897 2948 1952 deserta
2976 1901 3032 1952 et
3061 1896 3367 1969 inaquosa,
3399 1902 3456 1954 et
3481 1897 3570 1954 in-

1915 1986 2295 2043 babitabilem
2330 1989 2568 2056 terram,
2601 2001 2669 2040 ex
2706 2001 2822 2057 qua
2849 1984 2943 2040 vix
2969 1985 3080 2040 vivi
3112 1986 3422 2043 evasimus.
3462 1988 3567 2043 Fa-

1915 2093 2041 2132 mes
2071 2092 2202 2131 vero
2242 2080 2298 2130 et
2329 2074 2459 2130 sitis
2491 2075 2749 2146 undique
2781 2075 3112 2130 coarctabat
3141 2091 3270 2141 nos,
3304 2075 3570 2148 nihilque

1917 2165 2151 2237 penitus
2183 2163 2350 2219 nobis
2374 2167 2495 2219 erat
2525 2164 2596 2218 ad
2629 2163 2943 2231 edendum,
2969 2163 3080 2218 nisi
3115 2164 3261 2218 forte
3288 2163 3569 2220 vellentes

1915 2259 1971 2310 et
1988 2254 2260 2310 fricantes
2279 2252 2470 2325 spicas
2489 2253 2762 2307 manibus
2785 2252 3022 2318 nostris,
3039 2253 3108 2307 de
3125 2251 3227 2307 tali
3245 2251 3372 2309 cibo
3391 2269 3568 2325 quam

1915 2343 2241 2399 miserrime
2271 2341 2732 2398 vivebamus.lbi
2757 2340 2862 2396 fuit
2885 2345 3116 2397 mortua
3146 2341 3403 2398 maxima
3432 2358 3567 2415 pars

1916 2437 2249 2487 nostrorum
2284 2447 2593 2504 equorum,
2617 2433 2852 2502 propter
2872 2429 3027 2501 quod
3061 2429 3228 2485 multi
3251 2447 3321 2486 ex
3351 2429 3567 2486 nostris

1916 2516 2202 2577 militibus
2245 2525 2654 2576 remanserunt
2685 2519 2926 2591 pedites,
2978 2522 3034 2573 et
3076 2535 3180 2590 pro
3229 2523 3569 2592 paupertate

1914 2627 2197 2683 equorum
2219 2613 2386 2664 erant
2416 2608 2586 2664 nobis
2609 2609 2780 2663 boves
2804 2607 2861 2661 in
2884 2607 3086 2663 ordine
3107 2607 3486 2676 caballorum,
3512 2611 3570 2663 et

1915 2717 2017 2772 pro
2049 2699 2232 2754 nimia
2277 2698 2620 2754 necessitate
2647 2696 3013 2752 sufficiebant
3044 2697 3212 2752 nobis
3241 2713 3480 2769 caprea,
3513 2699 3571 2752 et

1915 2789 2126 2843 arietes
2157 2791 2214 2842 et
2243 2802 2417 2841 canes
2441 2785 2512 2840 ad
2535 2784 2889 2856 portandum
2913 2787 3134 2838 nostra.
3157 2785 3381 2838 Interea
3401 2780 3574 2855 caspi-

1917 2895 2050 2932 mus
2083 2876 2298 2931 intrare
2330 2873 2612 2946 optimam
2637 2879 2872 2938 terram,
2894 2869 3124 2943 plenam
3149 2871 3570 2944 temporalibus

1916 2965 2087 3021 bonis
2117 2969 2173 3020 et
2205 2963 2336 3019 aliis
2381 2961 2626 3029 deliciis,
2680 2959 2900 3016 scilicet
2947 2961 3222 3016 omnibus
3264 2959 3453 3025 bonis,
3503 2975 3570 3016 ac

1919 3055 2192 3125 deinceps
2253 3049 2788 3123 adproximavimus
2859 3048 3144 3104 Iconium.
3205 3048 3570 3105 Habitatores

129 3147 219 3203 vit
251 3162 359 3220 per
385 3128 780 3200 humilitatem
813 3143 1300 3199 Christianorum.
1323 3143 1409 3197 Ab
1433 3142 1576 3197 hora
1604 3145 1802 3197 autem
1833 3128 1876 3193 C
1916 3143 2071 3200 enim
2103 3141 2264 3196 illius
2295 3140 2606 3196 suadentes
2637 3137 3033 3194 admonebant
3064 3155 3190 3205 nos,
3216 3138 3464 3192 ferentes
3491 3136 3568 3193 si-

130 3236 316 3293 tertia
347 3251 536 3307 usque
565 3234 637 3289 ad
667 3233 872 3289 horam
904 3249 1119 3289 nonam
1153 3231 1491 3304 perduravit
1519 3230 1628 3286 hoc
1660 3248 1802 3302 prae-

131 3327 312 3381 lium.
345 3325 585 3380 Factum
615 3327 705 3379 est
734 3321 954 3378 bellum
987 3321 1096 3377 hoc
1127 3321 1316 3394 primo
1349 3319 1441 3376 die
1469 3319 1610 3375 Julii
1641 3337 1805 3374 men-

131 3417 245 3471 sis.
279 3413 448 3469 Unde
476 3412 819 3468 benedictus
849 3411 1001 3468 Deus
1033 3428 1136 3484 per
1165 3410 1383 3478 omnia,
1414 3409 1514 3482 qui
1563 3409 1806 3464 tradidit

129 3503 380 3577 impios.
411 3504 618 3558 Amen.

398 3592 494 3647 Hic
524 3591 879 3647 Solimannus
908 3597 1205 3662 superatur
1233 3606 1267 3645 a
1297 3590 1545 3645 Francis.

210 3682 292 3753 (3)
327 3681 645 3753 Postquam
674 3696 807 3734 vero
856 3678 1077 3734 inimici
1129 3678 1228 3734 Dei
1275 3682 1331 3734 et
1374 3681 1588 3733 sancta:
1637 3676 1798 3732 Chri-

133 3769 438 3829 tianitatis
468 3769 706 3825 omnino
737 3767 942 3825 devicti
998 3767 1267 3834 fuissent,
1301 3771 1357 3824 et
1407 3784 1508 3840 per
1556 3771 1808 3839 quatuor

135 3862 270 3916 dies
302 3863 363 3915 et
391 3863 591 3914 noctes
637 3856 925 3930 fugientes
956 3857 1069 3912 huc
1100 3861 1156 3912 et
1201 3855 1358 3924 illuc,
1391 3855 1634 3928 contigit
1664 3857 1805 3911 dum

133 3946 524 4003 Solimannus
555 3947 672 4000 dux
707 3943 962 4010 illorum,
1012 3943 1170 3999 filius
1202 3943 1526 4000 Solimanni
1574 3943 1804 4012 veteris,

135 4039 214 4092 de
245 4035 442 4091 Nicaaa
489 4034 720 4090 civitate
769 4034 1015 4106 fugeret,
1049 4033 1305 4106 quadam
1337 4033 1429 4089 die
1459 4032 1680 4090 invenit
1709 4035 1807 4089 de-

136 4144 268 4182 cem
303 4123 496 4180 millia
525 4123 806 4189 Arabum,
831 4122 932 4194 qui
963 4122 1238 4180 dixerunt
1268 4122 1317 4177 ei
1345 4139 1357 4177 :
1392 4145 1419 4172 «
1455 4123 1498 4178 Ο
1530 4122 1730 4179 infelix
1752 4128 1809 4179 et

135 4214 328 4271 miser
356 4212 622 4269 omnium
652 4211 982 4285 gentilium,
1043 4229 1147 4266 cur
1193 4213 1568 4268 tremefactus
1618 4213 1808 4268 adhuc

135 4303 354 4378 fugis?
387 4326 409 4352 ι
474 4301 698 4370 Quibus
752 4300 1131 4358 Solimannus
1178 4300 1634 4375 lacrymabiliter
1678 4302 1804 4358 ait:

136 4418 164 4444 ‹‹
190 4393 616 4448 Verumtamen
641 4389 778 4445 olim
805 4407 938 4446 cum
964 4389 1308 4446 habuissem
1332 4407 1536 4446 omnes
1559 4391 1809 4446 Francos

1913 3231 2034 3288 mul
2059 3229 2365 3287 nobiscum
2389 3235 2549 3284 utres
2571 3227 2774 3300 plenos
2791 3244 2962 3300 aqua,
2984 3227 3122 3299 quia
3142 3225 3260 3282 illic
3282 3226 3339 3281 in
3365 3225 3570 3282 itinere

1913 3322 2026 3378 diei
2058 3321 2236 3376 unius
2284 3319 2394 3374 fuit
2444 3317 2701 3373 maxima
2732 3321 3045 3389 paupertas
3074 3333 3255 3388 aquas.
3292 3315 3408 3371 Nos
3436 3331 3569 3371 vero

1913 3411 2193 3466 facientes
2235 3409 2332 3475 ita,
2368 3407 2774 3463 consensimus
2805 3405 3040 3461 illorum
3072 3403 3354 3470 consiliis,
3387 3405 3570 3460 donec

1912 3499 2285 3573 pervenimus
2319 3497 2387 3552 ad
2421 3495 2715 3568 quoddam
2739 3495 2979 3561 ﬂumen,
3004 3493 3202 3566 ibique
3224 3493 3432 3549 morati
3465 3491 3574 3548 fui-

1913 3607 2048 3646 mus
2078 3605 2181 3660 per
2211 3588 2358 3642 duos
2389 3586 2533 3642 dies.
2569 3584 2882 3656 Cmperunt
2920 3583 3078 3638 enim
3124 3583 3438 3638 curritores
3465 3597 3569 3637 no-

1914 3679 2020 3735 stri
2052 3677 2270 3733 anteire
2301 3676 2484 3731 donec
2515 3675 2904 3746 pervenerunt
2934 3672 3004 3726 ad
3028 3669 3348 3742 Eracleam,
3371 3670 3432 3725 in
3454 3687 3572 3743 qua

1915 3772 2038 3824 erat
2061 3767 2244 3822 nimia
2263 3767 2587 3821 Turcorum
2615 3761 3008 3834 congregatio,
3034 3765 3376 3832 exspectans
3397 3763 3572 3832 atque
3645 3791 3650 3794 -

1917 3856 2224 3921 insidians,
2249 3853 2541 3926 quomodo
2565 3850 2774 3906 Christi
2802 3847 3090 3904 militibus
3125 3865 3331 3904 nocere
3353 3848 3574 3921 potuis-

1916 3949 2062 4000 sent.
2099 3946 2252 4010 Quos
2283 3943 2504 3996 Turcos
2554 3939 2770 3995 milites
2819 3938 2918 3994 Dei
2959 3937 3378 4010 omnipotentis
3407 3937 3570 3992 inve-

1916 4035 2165 4100 nientes,
2201 4031 2478 4087 audacter
2505 4030 2864 4084 invaserunt.
2900 4027 3166 4100 Superati
3204 4027 3399 4098 itaque
3431 4029 3573 4082 sunt

1917 4125 2032 4180 Deo
2063 4125 2355 4177 annuente
2377 4117 2601 4173 inimici
2625 4116 2810 4173 nostri
2833 4115 2890 4170 in
2913 4115 3012 4171 illa
3032 4116 3144 4183 die,
3169 4115 3573 4188 fugientesque

1917 4210 2188 4286 scapulas
2218 4209 2523 4264 dederunt.
2547 4205 2740 4262 Nostri
2771 4205 2951 4278 igitur
2979 4205 3342 4260 intraverunt
3373 4203 3570 4260 statim

1918 4301 2232 4367 civitatem,
2266 4302 2443 4370 atque
2475 4300 2822 4351 manserunt
2853 4293 2972 4349 illic
3001 4298 3252 4366 quatuor
3283 4294 3429 4348 dies.
3462 4290 3572 4359 Qui

1915 4408 2048 4446 vero
2079 4389 2407 4445 diviserunt
2439 4403 2500 4442 se
2532 4385 2602 4440 ab
2636 4384 2786 4452 aliis,
2829 4383 3164 4439 Tancredus
3214 4380 3574 4438 honorabilis

135 4481 426 4547 devictos,
446 4495 662 4551 eosque
691 4479 971 4550 putabam
1000 4479 1120 4548 jam
1154 4478 1370 4535 habere
1391 4479 1450 4534 in
1475 4479 1810 4552 captivitate
1840 4502 1885 4566 υ
1916 4485 1973 4536 et
1999 4479 2319 4535 acerrimus
2351 4475 2520 4532 miles
2552 4473 2829 4530 marchisi
2853 4472 3029 4540 filius,
3055 4476 3112 4566 et
3133 4471 3454 4566 Balduinus
3483 4486 3574 4526 co-

137 4571 382 4644 ligatus,
406 4569 549 4623 dum
579 4566 862 4641 paulatim
892 4567 1211 4623 voluissem
1235 4567 1417 4641 ligare
1442 4569 1512 4623 ad
1536 4567 1805 4635 invicem,

137 4664 289 4715 tunc
323 4656 641 4730 respiciens
672 4655 981 4725 retro,vidi
1010 4661 1131 4712 tam
1165 4657 1650 4713 innumerabilem
1672 4674 1806 4730 gen-

139 4753 266 4804 tem
301 4762 506 4802 eorum
539 4762 717 4818 quam
761 4744 809 4801 si
841 4763 964 4812 vos,
997 4749 1098 4800 aut
1125 4745 1276 4802 alius
1321 4745 1534 4818 aliquis
1578 4748 1806 4803 adesset

137 4835 288 4903 illic,
303 4838 540 4908 putaret
559 4834 714 4906 quod
736 4850 940 4890 omnes
963 4838 1213 4900 montes,
1237 4839 1293 4890 et
1314 4833 1512 4901 colles,
1531 4839 1586 4891 et
1605 4835 1804 4904 valles,

141 4929 199 4981 et
232 4925 440 4981 omnia
469 4922 642 4996 plana
675 4923 799 4979 loca
829 4921 1000 4996 plena
1027 4927 1225 4979 essent
1272 4921 1503 4980 illorum
1537 4924 1809 4981 multitu-

142 5015 306 5070 dine.
343 5013 462 5069 Nos
489 5011 670 5085 igitur
720 5011 853 5068 illos
900 5017 1224 5082 cernentes,
1277 5013 1471 5069 statim
1523 5014 1808 5086 coepimus

142 5119 359 5176 capere
387 5101 763 5158 subitaneum
799 5101 929 5168 iter,
961 5102 1235 5158 timentes
1265 5106 1385 5157 tam
1434 5103 1802 5172 mirabiliter,

143 5192 306 5265 quod
361 5207 508 5259 pene
554 5191 850 5247 evasimus
895 5191 965 5247 de
1013 5191 1252 5248 illorum
1300 5191 1594 5247 manibus.
1647 5192 1808 5248 Unde

141 5281 344 5338 adhuc
370 5281 432 5336 in
464 5279 647 5336 nimio
677 5285 896 5337 terrore
937 5298 1165 5338 sumus.
1199 5281 1270 5336 Et
1301 5279 1349 5336 si
1382 5280 1526 5336 mihi
1557 5285 1615 5338 et
1665 5281 1810 5338 meis

139 5369 339 5429 verbis
359 5368 540 5427 vultis
559 5370 1044 5439 eredere,auferte
1063 5387 1166 5427 vos
1187 5368 1494 5443 hinc,quia
1509 5370 1558 5428 si
1581 5369 1694 5446 ipsi
1709 5387 1812 5428 vos

215 5551 294 5627 (3)
323 5550 570 5611 Initium
601 5547 738 5610 libri
771 5565 830 5611 ιν
857 5547 920 5610 in
950 5548 1088 5612 edit.

1917 4585 2041 4624 mes
2068 4567 2337 4641 egregius
2370 4567 2548 4621 frater
2577 4563 2744 4619 ducis
2775 4559 3090 4628 Godefridi,
3115 4565 3173 4616 et
3205 4559 3447 4615 insimul
3477 4559 3570 4615 in-

1918 4661 2217 4714 traverunt
2247 4657 2304 4710 in
2336 4654 2545 4710 vallem
2591 4653 2661 4708 de
2712 4653 3005 4708 Borentot.
3059 4648 3268 4704 Divisit
3313 4647 3469 4704 enim
3509 4663 3573 4703 se

1915 4747 2273 4812 Tancredus,
2307 4748 2364 4800 et
2392 4744 2550 4800 venit
2599 4741 2824 4798 Tharso
2873 4739 3243 4796 solummodo
3281 4754 3414 4794 cum
3447 4736 3571 4793 suis

1917 4835 2225 4892 militibus.
2249 4835 2528 4890 Exierunt
2559 4847 2812 4904 namque
2843 4828 3016 4886 Turci
3039 4829 3108 4884 de
3139 4827 3386 4894 civitate,
3409 4830 3465 4882 et
3483 4841 3575 4890 ve.

1917 4931 2129 4986 nerunt
2161 4924 2389 4981 obviam
2423 4922 2526 4989 eis,
2562 4926 2737 4992 atque
2769 4921 2828 4975 in
2852 4935 3037 4974 unum
3069 4921 3207 4973 sunt
3235 4917 3571 4991 congregati

1916 5026 1970 5074 et
2000 5016 2473 5090 praeparaverunt
2504 5029 2565 5066 se
2597 5011 2668 5065 ad
2702 5008 2920 5065 bellum
2953 5013 3156 5063 contra
3184 5005 3568 5064 Christianos.

1914 5105 2462 5180 Appropinquantes
2487 5101 2681 5173 itaque
2704 5098 2887 5154 nostri
2911 5103 3085 5170 atque
3107 5100 3434 5170 pugnantes
3456 5113 3577 5152 om-

1919 5214 2042 5264 nes,
2077 5195 2360 5250 dederunt
2391 5190 2612 5246 inimici
2661 5187 2845 5244 nostri
2878 5188 3101 5261 fugam,
3134 5188 3484 5242 revertentes
3512 5185 3574 5242 in

1919 5285 2211 5342 civitatem
2231 5279 2398 5338 celeri
2421 5296 2650 5352 gressu.
2674 5278 3016 5335 Tancredus
3036 5293 3169 5333 vero
3184 5273 3272 5330 vir
3295 5274 3575 5347 prudens,

1922 5379 2097 5452 atque
2126 5368 2486 5430 honorabilis
2516 5366 2733 5427 Christi
2765 5365 2958 5438 miles,
2977 5363 3237 5443 pervenit
3263 5361 3473 5421 laxatis
3493 5359 3578 5420 lo-
