3994 6082
394 295 429 350 7
901 288 1004 349 AD
1049 289 1562 352 GODEFRIDUM
1606 289 1939 352 A‘PPEND.
1988 287 2062 348 ii.
2108 321 2185 330 —
2229 287 2540 352 MONUM.
2587 289 2688 350 DE
2733 289 2980 352 BELLO
3024 289 3294 350 SMIRO.

3685 286 3808 348 7'76

392 421 473 480 ris
547 423 580 478 d
611 425 803 478 castra
833 425 964 478 ante
994 421 1245 478 civitatis
1294 426 1541 495 portam.
1575 423 1656 477 Ex
1703 419 1817 476 alia
1863 419 2044 493 igitur
2071 421 2126 488 Α
2155 421 2286 477 illos
2317 420 2620 478 dimicaret
2649 419 2950 493 undique;
2987 439 3135 494 quos
3180 420 3354 478 etiam
3402 419 3661 477 invenire
3689 437 3807 479 non

394 531 486 586 μαι
527 513 738 568 :evenit
753 512 841 566 vir
857 510 1331 584 sapientissimus
1349 528 1542 567 comes
1565 509 1888 566 Balduinus
1912 526 2042 565 cum

394 621 498 659 suo
530 602 805 672 exercitu,
856 600 1162 673 postulans
1206 605 1263 656 et
1310 601 1627 672 deprecans
1677 601 2044 654 Tancredum

392 691 740 747 acerrimum
763 689 1030 758 militem,
1048 694 1336 761 quatenus
1358 706 1489 745 eum
1511 688 1867 744 amicissime
1887 687 1945 742 in
1970 688 2047 742 ci-

389 780 583 836 vitatis
639 779 972 836 societatem
1033 778 1330 850 suscipere
1388 777 1745 850 dignaretur.
1805 775 1906 831 Cui
1965 777 2046 832 ait

391 870 730 925 Tancredus
763 885 777 923 :
811 890 837 917 «
873 868 951 922 Te
983 866 1220 922 omnino
1252 866 1309 921 in
1337 866 1444 922 hac
1477 867 1705 922 civitate
1736 866 1977 937 denego.
2010 888 2039 916 ››

390 959 566 1014 Nocte
597 959 791 1029 itaque
813 955 1274 1027 superveniente,
1299 955 1623 1011 tremefacti
1647 971 1850 1010 omnes
1870 953 2041 1010 Turci

389 1066 508 1103 una
527 1047 899 1118 arripuerunt
919 1045 1137 1117 fugam.
1155 1046 1432 1100 Exierunt
1455 1045 1668 1117 quippe
1685 1043 2043 1100 habitatores

388 1139 498 1193 sub
530 1136 657 1208 ipsa
689 1135 875 1190 noctis
900 1134 1274 1201 obscuritate,
1295 1133 1635 1199 clamantes,
1657 1138 1830 1204 atque
1853 1133 2043 1188 dicen-

387 1232 476 1284 tes
520 1225 744 1281 excelsa
789 1240 924 1278 voce
961 1239 973 1278 :
1012 1245 1038 1272 «
1093 1223 1344 1289 Currite,
1392 1223 1759 1278 invictissimi
1815 1221 2039 1289 Franci,

385 1314 618 1380 currite,
639 1313 778 1384 quia
797 1311 969 1366 Turci
993 1311 1376 1384 expergefacti
1399 1316 1588 1366 vestro
1610 1311 1816 1366 timore
1838 1327 2040 1366 omnes

386 1404 609 1476 pariter
657 1402 954 1456 recedunt.
1010 1422 1036 1448 »
1082 1401 1405 1456 Recedente
1455 1405 1650 1455 autem
1705 1403 1890 1466 nocte,
1942 1399 2044 1456 lux

383 1493 556 1565 coepit
571 1490 852 1564 paulatim
879 1489 1201 1561 insurgere,
1218 1494 1500 1544 venerunt
1521 1506 1634 1560 que
1655 1489 1906 1544 civitatis
1926 1505 2044 1544 ma-

375 1585 536 1654 jores
568 1587 624 1636 et
657 1580 1037 1635 reddiderunt
1069 1582 1274 1650 sponte
1303 1578 1616 1646 civitatem,
1642 1579 1901 1633 dicentes
1922 1577 2040 1632 illis

383 1672 482 1744 qui
516 1671 585 1726 ad
629 1669 875 1724 invicem
929 1668 1239 1740 litigabant
1273 1684 1286 1722 :
1323 1667 1505 1723 Sinite
1556 1684 1710 1723 nunc
1761 1667 2039 1734 seniores,

382 1761 556 1817 sinite
585 1760 782 1828 modo,
815 1756 952 1829 quia
983 1774 1087 1812 nos
1120 1756 1284 1811 illum
1320 1756 1674 1829 ﬂagitamus,
1704 1761 1760 1812 et
1787 1755 2040 1828 petimus

383 1848 669 1906 dominari
703 1853 760 1902 et
790 1863 1029 1919 regnare
1060 1863 1237 1918 super
1265 1863 1391 1913 nos,
1425 1846 1524 1917 qui
1558 1844 1681 1902 heri
1711 1850 1830 1901 tam
1862 1844 2034 1900 virili-

380 1944 469 1996 ter
489 1936 769 2012 pugnavit
791 1953 928 1992 cum
946 1935 1171 1990 Turcis.
1193 1935 1513 1991 Balduinus
1532 1935 1729 2006 itaque
1751 1934 2034 1990 mirificus

382 2045 577 2084 comes
609 2026 896 2082 altercans
919 2028 976 2080 et
997 2024 1234 2096 litigans
1256 2041 1388 2078 cum
1412 2023 1866 2095 prudentissimo
1890 2025 2038 2079 Tan-

380 2118 572 2183 credo,
595 2116 860 2170 dicebat:
893 2136 920 2165 «
951 2114 1240 2169 Intremus
1271 2113 1533 2179 insimul,
1557 2119 1612 2169 et
1643 2113 2035 2184 exspoliemus

381 2207 708 2270 civitatem;
745 2204 842 2274 qui
878 2202 1011 2275 plus
1042 2203 1250 2274 poterit
1292 2203 1524 2268 habere,
1562 2199 1810 2270 habeat;
1843 2208 1901 2258 et
1933 2202 2034 2274 qui

383 2299 573 2368 potest
628 2309 854 2364 capere,
912 2291 1121 2363 capiat.
1157 2313 1185 2340 ››
1217 2291 1317 2346 Cui
1377 2293 1616 2347 obstans
1673 2293 2030 2359 Tancredus,

382 2384 562 2439 dixit:
590 2406 618 2434 α
649 2381 815 2438 Absit
844 2381 950 2436 hoc
975 2398 1009 2436 a
1036 2397 1126 2435 me
1152 2379 1163 2434 !
1192 2380 1305 2452 Ego
1326 2380 1482 2435 enim
1515 2380 1878 2436 Christianos
1901 2381 2032 2436 nolo

380 2471 720 2544 exspoliare.
775 2470 1050 2526 Homines
1100 2469 1271 2524 istius
1317 2469 1570 2525 civitatis
1613 2469 1917 2542 elegerunt
1943 2487 2034 2526 me

383 2562 616 2617 illorum
641 2577 767 2616 esse
787 2558 1124 2624 Dominum,
1145 2575 1352 2629 meque
1381 2558 1596 2614 habere
1625 2559 1974 2614 desiderant.
2005 2582 2033 2608 υ

381 2649 705 2707 Novissime
735 2665 867 2704 vero
899 2647 1158 2719 nequivit
1178 2648 1514 2702 Tancredus
1535 2647 1635 2702 diu
1659 2647 1864 2704 luctari
1897 2665 2031 2703 cum

381 2739 665 2796 Balduino
696 2737 1037 2793 doctissimo
1069 2735 1454 2808 comite,quia
1485 2737 1774 2792 maximus
1798 2737 1880 2791 illi
1912 2741 2037 2793 erat

383 2829 692 2885 exercitus.
723 2829 942 2883 Tamen
970 2825 1168 2881 volens
1197 2824 1517 2898 nolensque
1542 2825 1767 2882 dimisit
1796 2843 1952 2894 eum,
1977 2830 2036 2883 et

380 2917 623 2973 viriliter
653 2915 893 2972 recessit
923 2931 1056 2970 cum
1079 2932 1186 2969 suo
1208 2915 1483 2970 exercitu.
1502 2916 1758 2970 Fuerunt
1779 2932 1890 2987 que
1913 2916 2038 2972 red-

385 3008 518 3063 ditae
545 3007 672 3061 duis
702 3005 934 3078 optimae
965 3003 1262 3060 civitates:
1291 3003 1558 3059 videlicet
1587 3004 1810 3060 Athena
1839 3009 1896 3059 et
1926 3008 2037 3061 Ma-

381 3097 553 3152 mistr
571 3117 608 3163 i,
633 3099 690 3151 et
721 3093 976 3167 plurima
1003 3097 1216 3148 castra.
1243 3093 1426 3162 Major
1446 3110 1577 3148 vero
1602 3093 1910 3160 exercitus,
1930 3095 2036 3150 sci-

2157 512 2367 582 potuit.
2402 511 2687 584 Deinceps
2717 511 2986 568 venimus
3029 513 3099 566 ad
3132 511 3446 584 quamdam
3489 509 3806 578 civitatem,

2155 600 2392 657 nomine
2423 603 2633 668 Coxan,
2668 600 2726 656 in
2777 619 2892 674 qua
2932 605 3056 656 erat
3084 599 3340 656 maxima
3370 599 3609 654 ubertas
3633 603 3811 670 atque

2155 689 2370 762 stipata
2401 691 2676 746 omnibus
2708 691 3042 763 bonis,qum
3065 689 3232 745 nobis
3261 693 3427 745 erant
3455 687 3808 744 necessaria.

2154 779 2466 834 Christiani
2498 779 2695 852 igitur,
2742 779 3008 836 videlicet
3052 777 3275 834 alumni
3327 777 3485 834 illius
3535 776 3808 848 civitatis,

2153 869 2535 924 reddiderunt
2564 885 2626 926 se
2665 869 2883 938 statim,
2917 885 3139 941 nosque
3168 867 3390 924 fuimus
3419 867 3498 922 ibi
3530 866 3676 924 sitis
3707 883 3812 938 op-

2152 958 2294 1014 time
2326 975 2429 1030 per
2455 963 2573 1013 tres
2605 957 2750 1024 dies,
2771 963 2944 1030 atque
2976 958 3094 1013 illic
3121 956 3375 1013 maxime
3403 961 3542 1012 sunt
3573 971 3813 1028 recupe-

2153 1047 2262 1102 rati
2295 1047 2498 1103 nostri.
2550 1048 2800 1103 Audiens
2852 1048 3049 1119 itaque
3105 1046 3471 1102 Raimundus
3513 1062 3709 1101 comes
3731 1045 3809 1100 de

2151 1137 2364 1192 Sancto
2386 1136 2610 1208 Egidio
2633 1137 2785 1208 quod
2813 1136 3008 1200 Turci,
3024 1136 3123 1208 qui
3149 1141 3315 1191 erant
3333 1135 3392 1189 in
3417 1133 3680 1190 custodia
3699 1135 3811 1189 Au.

2152 1225 2402 1291 tiochize,
2437 1225 2869 1293 discessissent,
2905 1225 2963 1280 in
2997 1242 3102 1280 suo
3133 1223 3352 1279 invenit
3379 1223 3625 1279 consilio
3670 1233 3805 1278 cum

2153 1313 2277 1369 suis
2311 1313 2669 1381 hominibus,
2691 1314 2967 1385 quoniam
2991 1314 3250 1369 misisset
3273 1312 3388 1368 illic
3411 1312 3508 1384 qui
3532 1327 3658 1367 eam
3681 1311 3809 1367 dili-

2151 1407 2355 1475 genter
2381 1403 2762 1458 custodirent.
2785 1403 3041 1458 Tandem
3071 1402 3244 1475 elegit
3276 1401 3407 1457 illos
3439 1418 3586 1474 quos
3617 1400 3808 1473 legare

2150 1491 2351 1558 voluit,
2369 1491 2637 1547 videlicet
2662 1492 2892 1547 Petrum
2919 1493 2988 1546 de
3010 1491 3357 1548 Castellione
3385 1490 3806 1557 vicecomitem,

2151 1585 2208 1637 et
2233 1580 2609 1636 Guillelmum
2645 1581 2716 1636 de
2748 1581 3201 1653 Montepislerio,
3223 1585 3280 1636 et
3309 1579 3568 1635 Aralium
3600 1579 3814 1634 vicem»

2152 1671 2377 1736 mitem,
2397 1675 2453 1725 et
2486 1670 2717 1725 Petrum
2752 1671 2823 1725 de
2855 1669 3048 1736 Boias,
3071 1675 3128 1725 et
3157 1670 3389 1724 Petrum
3415 1668 3813 1724 Raimundum

2153 1759 2422 1832 d'Alphul
2461 1759 2560 1831 (4),
2615 1775 2748 1814 cum
2792 1759 3129 1831 quingentis
3175 1758 3485 1814 militibus.
3522 1757 3818 1812 Venerunt

2147 1866 2282 1921 ergo
2318 1849 2376 1903 in
2430 1848 2638 1904 vallem
2671 1865 2850 1920 prOpe
2883 1848 3242 1904 Antiochiam
3276 1848 3349 1903 ad
3381 1847 3674 1920 quoddam
3709 1863 3818 1902 ca-

2143 1943 2330 1993 strum
2355 1937 3082 2010 Publicanorum,illicque
3106 1937 3420 1993 audierunt
3444 1937 3668 1992 Turcos
3693 1935 3818 1990 fore

2139 2028 2197 2082 in
2229 2027 2480 2092 civitate,
2504 2043 2752 2098 eamque
2784 2026 3011 2081 fortiter
3040 2027 3349 2082 defendere
3379 2024 3807 2098 praeparabant-

2145 2118 2350 2173 Petrus
2382 2117 2451 2171 de
2486 2115 2660 2171 Boias
2684 2115 2884 2170 divisit
2905 2133 2967 2170 se
2999 2116 3072 2170 ab
3103 2115 3319 2182 aliis,et
3345 2113 3612 2187 proxima
3644 2117 3816 2169 nocte

2143 2205 2412 2262 transivit
2450 2221 2625 2276 prope
2655 2203 3044 2271 Antiochiam,
3079 2209 3136 2259 et
3165 2203 3404 2258 intravit
3455 2202 3703 2258 feliciter
3748 2201 3811 2258 in

2142 2295 2349 2351 vallem
2381 2295 2450 2349 de
2484 2292 2692 2365 Rugia,
2725 2297 2783 2348 et
2813 2293 3035 2349 invenit
3071 2294 3291 2349 Turcos
3323 2297 3381 2348 et
3428 2293 3804 2358 Sarracenos,

2143 2389 2200 2440 et
2248 2382 2545 2455 praeliatus
2575 2387 2664 2438 est
2695 2399 2826 2437 cum
2859 2382 2964 2449 eis,
2997 2387 3054 2437 et
3083 2382 3294 2437 occidit
3326 2381 3542 2437 multos
3591 2398 3658 2436 ex
3689 2380 3799 2448 eis,

2139 2479 2195 2530 et
2223 2472 2368 2528 alios
2389 2474 2731 2544 persecutus
2779 2475 2868 2527 est
2895 2469 3082 2528 valde.
3103 2471 3376 2544 Misitque
3409 2470 3640 2543 plenam
3671 2470 3810 2525 bas-

2141 2568 2260 2618 tam
2295 2563 2365 2617 de
2396 2561 2566 2616 labiis
2599 2565 2654 2616 et
2684 2561 2929 2616 nasibus
2976 2561 3297 2616 Turcorum
3341 2559 3668 2616 Raimundo
3701 2576 3804 2614 co-

2143 2651 2292 2707 miti.
2324 2650 2604 2705 Videntes
2651 2649 2759 2706 hoc
2805 2649 3118 2716 Hermenii,
3173 2649 3395 2705 scilicet
3442 2648 3805 2705 habitatores

2143 2745 2309 2796 terrai
2342 2738 2524 2808 illius,
2557 2738 2722 2794 illum
2758 2739 2982 2795 fortiter
3012 2755 3321 2811 superasse
3349 2754 3808 2811 paganos,~con-

2142 2831 2306 2886 tinuo
2340 2828 2424 2883 illi
2456 2829 2834 2884 reddiderunt
2865 2844 3012 2885 sese.
3038 2828 3165 2900 Ipse
3195 2845 3328 2884 vero
3361 2827 3558 2884 statim
3591 2843 3806 2900 appro.-

2141 2918 2345 2975 hendit
2366 2917 2640 2974 Rursiam
2659 2917 2973 2982 civitatem,
2989 2922 3045 2973 et
3061 2917 3317 2990 plurima
3338 2921 3549 2972 castra.
3567 2916 3685 2973 Nos
3711 2933 3815 2972 an-

2144 3013 2284 3074 tem,
2319 3007 2418 3080 qui
2453 3007 2848 3064 remansimus
2880 3010 3343 3073 retro,excuntes
3371 3005 3506 3062 inde
3534 3004 3812 3061 transivi-

2147 3115 2281 3154 mus
2311 3114 2414 3169 per
2441 3095 2790 3152 diabolicam
2829 3101 3226 3166 montaneam,
3281 3113 3408 3168 quae
3457 3099 3578 3162 tam
3627 3094 3809 3151 nimis

381 3186 515 3242 lic-et
554 3166 922 3242 Bai-mundus
953 3199 1148 3238 comes
1179 3183 1251 3237 de
1283 3182 1496 3237 Sancto
1533 3182 1774 3254 Aigidio,
1803 3188 1861 3238 et
1895 3185 2030 3239 Boa-
2065 3166 2108 3233 (ἶ
2146 3192 2269 3244 erat
2299 3166 2414 3242 alta
2440 3189 2497 3240 et
2518 3189 2767 3257 angusta
2789 3185 2941 3257 quod
2967 3185 3165 3240 nullus
3194 3166 3527 3240 nostrorum
3550 3184 3808 3240 audebat

381 3275 660 3339 mundus,
680 3277 735 3328 et
765 3273 883 3327 dux
906 3271 1275 3338 Godefridus,
1298 3277 1355 3326 et
1375 3271 1474 3326 alii
1498 3270 1695 3342 plures
1717 3271 2032 3344 principes,

378 3363 439 3420 in
462 3362 902 3419 Hermeniorum
930 3361 1288 3415 intraverunt
1312 3365 1548 3425 terram,
1571 3361 1835 3416 sitientes
1857 3366 2034 3432 atque

377 3456 692 3510 metuentes
743 3451 1064 3505 Turcorum
1118 3448 1486 3520 sanguinem.
1533 3450 1792 3504 Tandem
1837 3465 2032 3521 perve-

378 3541 550 3596 niunt
579 3541 648 3595 ad
682 3539 979 3610 quoddam
1012 3543 1294 3605 castrum,
1328 3538 1480 3609 quod
1529 3542 1649 3592 tam
1701 3538 1844 3593 forte
1888 3543 2032 3604 erat,

379 3629 532 3702 quod
568 3628 617 3682 ei
649 3627 790 3682 nihil
827 3631 1142 3699 potuerunt
1175 3627 1378 3682 facere.
1405 3627 1542 3680 Erat
1572 3633 1766 3682 autem
1803 3626 1881 3682 ibi
1913 3627 2037 3699 qui-

380 3721 514 3774 dam
547 3717 741 3781 homo,
771 3716 1007 3770 nomine
1039 3716 1295 3780 Simeon,
1330 3715 1429 3786 qui
1461 3715 1518 3769 in
1552 3733 1620 3770 ea
1649 3721 1812 3771 ortus
1846 3717 2035 3772 fuerat

378 3806 633 3879 regione,
666 3805 883 3877 quique
934 3804 1083 3860 hanc
1113 3803 1281 3876 petiit
1317 3810 1551 3875 terram,
1584 3809 1871 3877 quatenus
1902 3823 2033 3861 eam

379 3896 715 3951 defenderet
745 3895 816 3949 de
869 3893 1145 3948 manibus
1197 3894 1542 3948 Turcorum.
1577 3894 1677 3948 Cui
1711 3899 1917 3966 sponte
1948 3894 2032 3950 illi

379 3985 664 4040 dederunt
695 3989 933 4051 terram,
985 3981 1204 4054 quique
1255 3981 1538 4037 remansit
1567 3983 1647 4038 ibi
1681 3999 1815 4038 cum
1863 3988 2034 4056 gente

379 4091 504 4132 sua.
539 4073 654 4128 Nos
686 4089 817 4128 vero
848 4078 1123 4128 exeuntes
1163 4071 1317 4138 inde,
1367 4071 1740 4142 pervenimus
1793 4072 2034 4128 feliciter

380 4179 566 4234 usque
585 4162 906 4217 Caesaream
929 4159 1322 4232 Cappadociae.
1342 4162 1388 4214 A
1408 4161 1770 4232 Cappadocia
1790 4161 2029 4234 egressi,

377 4251 646 4308 venimus
669 4251 738 4306 ad
773 4251 1089 4322 quamdam
1122 4249 1412 4304 civitatem
1445 4248 1608 4305 valde
1641 4249 1945 4322 pulchram
1979 4255 2036 4306 et

380 4340 556 4398 nimis
589 4339 970 4409 uberrimam,
1002 4354 1180 4410 quam
1230 4337 1537 4410 paululum
1581 4343 1716 4394 ante
1764 4345 2032 4397 nostrum

380 4430 692 4486 adventum
725 4429 1073 4484 obsederant
1102 4428 1275 4483 Turci
1310 4444 1411 4499 per
1439 4432 1558 4484 tres
1608 4427 2030 4499 hebdomadas,

2144 3294 2246 3348 per
2275 3275 2574 3330 tramitem
2605 3274 2784 3339 illius,
2805 3279 2906 3328 aut
2935 3290 3037 3346 per
3064 3274 3501 3344 semitamque
3525 3272 3581 3327 in
3605 3277 3810 3329 monte

2143 3365 2396 3437 patebat,
2420 3367 2552 3418 ante
2582 3361 2763 3418 alium
2798 3362 3020 3435 praeire.
3047 3363 3170 3418 Illic
3202 3362 3644 3435 praecipitabant
3672 3377 3804 3418 sese

2142 3453 2370 3525 equi,et
2399 3469 2554 3508 unus
2585 3452 2916 3524 sagmarius
2941 3452 3338 3524 praecipitabat
3368 3450 3570 3506 alium.
3589 3449 3805 3507 Milites

2142 3560 2277 3616 ergo
2309 3542 2545 3597 stabant
2576 3541 2837 3612 undique
2868 3541 3089 3609 tristes,
3125 3541 3483 3613 plaudebant
3529 3539 3805 3595 manibus

2144 3649 2256 3704 prae
2291 3630 2473 3685 nimia
2502 3629 2742 3685 tristitia
2787 3634 2963 3701 atque
3015 3629 3230 3696 dolore,
3275 3628 3613 3685 dubitantes
3659 3628 3802 3700 quid

2145 3721 2330 3776 facere
2361 3718 2705 3775 debuissent
2735 3719 2804 3773 de
2856 3718 3208 3790 semetipsis,
3235 3722 3292 3773 et
3324 3719 3394 3773 de
3426 3716 3549 3773 suis
3598 3717 3804 3783 armis,

2141 3810 2456 3865 vendentes
2489 3824 2628 3864 suos
2653 3807 2908 3879 clypeos,
2932 3812 2988 3863 et
3008 3807 3218 3862 loricas
3247 3806 3424 3862 nimis
3457 3806 3809 3879 optimas,et

2141 3898 2358 3971 galeas,
2393 3896 2762 3952 solummodo
2797 3912 2898 3968 per
2928 3900 3046 3952 tres
3077 3895 3347 3951 denarios
3379 3899 3481 3950 aut
3511 3895 3799 3967 quinque,

2142 3987 2260 4042 sive
2295 4003 2396 4059 per
2430 3986 2486 4040 id
2517 3986 2672 4057 quod
2707 3985 2838 4057 plus
2870 3989 3140 4058 poterant
3180 3985 3413 4040 habere.
3447 3983 3556 4050 Qui
3604 3989 3802 4040 autem

2139 4076 2386 4131 vendere
2419 4074 2762 4146 nequibant,
2793 4074 2976 4147 gratis
3009 4078 3065 4128 et
3095 4074 3154 4129 in
3188 4084 3429 4128 numere
3472 4073 3803 4144 jactabant,

2140 4169 2197 4220 et
2230 4165 2412 4220 ibant.
2445 4165 2739 4218 Exeuntes
2783 4162 2961 4234 igitur
3005 4163 3077 4218 de
3126 4166 3425 4218 exsecrata
3468 4165 3802 4232 montanea,

2141 4253 2515 4326 pervenimus
2559 4253 2630 4308 ad
2680 4253 2999 4324 quamdam
3051 4251 3342 4307 civitatem
3390 4267 3516 4322 qua
3565 4255 3808 4308 vocatur

2139 4342 2415 4399 Marusim
2451 4342 2545 4414 (5).
2580 4339 2846 4397 Cultores
2874 4357 3008 4396 vero
3040 4341 3199 4396 illius
3238 4339 3488 4396 civitatis
3539 4339 3808 4396 exierunt

2140 4432 2369 4488 obviam
2401 4429 2569 4487 nobis
2589 4429 2875 4495 laetantes,
2890 4430 3214 4485 deferentes
3236 4429 3557 4483 maximum
3580 4445 3806 4483 merca-

379 4536 624 4591 eamque
655 4517 896 4573 minime
936 4522 1378 4590 superaverunt.
1414 4516 1542 4571 Mox
1575 4515 1692 4572 illic
1724 4517 2032 4574 advenien-
2063 4538 2111 4603 Β
2141 4519 2551 4591 tum:illicque
2570 4519 2716 4574 satis
2733 4517 3052 4573 habuimus
3066 4535 3300 4574 omnem
3321 4517 3809 4589 copiam,.exspeco

379 4608 538 4664 tibus
570 4607 758 4674 nobis,
795 4606 1070 4662 continuo
1105 4622 1166 4661 se
1207 4605 1450 4660 tradidit
1496 4605 1555 4660 in
1609 4622 1786 4660 manu
1837 4611 2038 4663 nostra

382 4713 514 4752 cum
539 4713 751 4769 magna
772 4695 990 4751 laetitia.
1011 4695 1167 4750 Hanc
1193 4694 1374 4766 igitur
1396 4693 1562 4766 petiit
1584 4694 1818 4765 quidam
1844 4695 2031 4765 miles,

381 4785 474 4843 cui
508 4803 718 4842 nomen
745 4785 944 4840 Petrus
970 4785 1040 4840 de
1067 4782 1363 4855 Aluph,ab
1385 4783 1657 4838 omnibus
1681 4783 2032 4852 senioribus,

382 4879 672 4948 quatenus
699 4891 826 4930 eam
859 4874 1193 4930 defenderet
1222 4871 1278 4926 in
1312 4871 1585 4927 fidelitate
1612 4871 1733 4939 Dei,
1766 4877 1822 4928 et
1851 4873 1907 4929 S.
1943 4874 2038 4931 Se-

383 4963 591 5037 pulcri,
612 4969 668 5019 et
697 4963 1016 5026 seniorum,
1037 4969 1211 5033 atque
1233 4960 1621 5033 imperatoris.
1641 4961 1744 5016 Cui
1778 4963 2035 5018 seniores

383 5070 517 5110 cum
549 5051 728 5108 nimio
760 5068 956 5107 amore
1006 5051 1188 5123 gratis
1233 5056 1648 5106 concesserunt
1676 5067 1826 5106 eam.
1863 5052 2035 5107 Rece-

385 5143 554 5198 dente
581 5143 777 5196 autem
801 5140 914 5205 die,
933 5145 1101 5194 nocte
1120 5155 1252 5195 vero
1276 5140 1798 5211 appropinquante,
1814 5141 2038 5198 audivit

385 5229 757 5286 Boamundus
789 5228 944 5300 quod
977 5227 1172 5294 Turci,
1205 5227 1304 5300 qui
1347 5232 1578 5284 fuerant
1609 5228 1666 5283 in
1699 5229 2036 5286 obsessione

384 5318 654 5383 civitatis,
717 5318 1048 5389 frequenter
1110 5317 1498 5388 praecederent
1554 5334 1680 5373 nos.
1735 5318 2036 5392 Extemplo

385 5407 730 5480 praeparavit
759 5421 820 5462 se
850 5405 1219 5462 solummodo
1252 5422 1388 5462 cum
1419 5407 2036 5480 militibus,quatenus

454 5514 532 5587 (4)
562 5515 635 5587 De
670 5513 966 5587 Altoptillo,
1011 5514 1077 5587 Β.
1112 5514 1182 5570 de
1213 5512 1387 5587 Agil.,
1422 5531 1488 5587 p1
1515 5515 1638 5581 150,
1670 5512 1708 5570 l.
1743 5532 1933 5587 xnvm.

458 5585 531 5664 (5)
561 5583 823 5647 Marasin'.
857 5583 978 5645 Bal.
1011 5584 1050 5644 1.
1086 5603 1148 5659 ii,
1177 5603 1234 5662 p.
1267 5583 1368 5644 Ῑο1
1393 5583 1697 5659 [Μαναδίη.
1729 5586 1878 5645 Guib

2146 4609 2322 4664 tando
2344 4609 2528 4663 donec
2559 4606 2716 4662 venit
2741 4607 3139 4662 Boamundus.
3163 4606 3462 4662 Venerunt
3481 4605 3680 4677 itaque
3701 4622 3806 4662 no-

2145 4698 2250 4754 stri
2283 4696 2522 4762 milites,
2552 4701 2609 4751 et
2657 4696 3274 4768 apprOpinquaverunt
3305 4695 3364 4750 in
3394 4694 3541 4750 valle
3583 4695 3644 4749 in
3687 4710 3808 4766 qua

2146 4785 2357 4859 regalis
2387 4785 2594 4841 civitas
2623 4784 2930 4840 Antiochia
2961 4785 3073 4840 sita
3103 4789 3210 4852 est,
3231 4801 3360 4857 quis
3390 4789 3479 4840 est
3509 4788 3685 4855 caput
3711 4788 3810 4839 to-

2144 4875 2261 4931 tius
2296 4873 2510 4947 Syriis;
2547 4891 2723 4946 quam
2761 4873 3041 4928 Dominus
3069 4873 3242 4929 Jesus
3266 4872 3533 4928 Christus
3565 4871 3810 4927 tradidit

2146 4965 2316 5020 beato
2349 4963 2514 5019 Petro
2548 4962 2795 5035 principi
2827 4962 3548 5034 apostolorum,quatenus
3578 4977 3705 5016 eam
3726 4960 3805 5015 ad

2144 5051 2369 5108 cultum
2404 5055 2617 5108 sanctae
2651 5051 2783 5106 ﬁdei
2815 5056 3067 5118 vocaret,
3097 5051 3196 5122 qui
3222 5051 3362 5105 vivit
3389 5054 3447 5106 et
3475 5054 3680 5122 regnat
3706 5048 3812 5104 tri-

2145 5159 2258 5198 nus
2289 5146 2346 5197 et
2378 5158 2532 5196 unus
2564 5141 2719 5196 Deus
2751 5157 2854 5212 per
2883 5145 3095 5196 cuncta
3126 5139 3356 5195 saecula.
3389 5141 3584 5194 Amen.

2147 5230 2416 5299 Quomodo
2447 5231 2663 5287 obsessa
2710 5237 2785 5285 est
2822 5230 3018 5285 civitas
3064 5229 3352 5284 Antiochia
3382 5245 3418 5283 α
3447 5227 3806 5283 Christianis.

2145 5321 2408 5392 Cumque
2440 5318 2724 5391 cmpimus
2756 5319 2825 5374 ad
2874 5318 3112 5374 Pontem
3165 5319 3439 5373 Ferreum
3490 5314 3811 5389 appropin-

2146 5425 2346 5481 quare,
2363 5407 2677 5465 curritores
2701 5407 3022 5480 nostri,.qui
3047 5406 3314 5464 solebant
3333 5405 3659 5481 praecedere
3677 5419 3808 5475 nos,

2147 5515 2186 5573 l.
2211 5534 2287 5574 ιγ.
2321 5533 2379 5590 p.
2413 5515 2536 5574 499.
