3998 6088
174 223 292 290 ’1⁸77

874 229 944 287 Ρ.
991 227 1388 291 TUDEBODI
1435 221 1636 290 HlS'l‘.
1680 227 1782 289 DE
1826 217 2238 292 HIEROSOL.
2287 231 2470 292 l'l‘lN.
2506 266 2579 274 —
2609 230 2754 291 LIB.
2801 230 2878 290 Π.

3464 233 3580 291 778

170 362 522 418 invenerunt
551 362 773 416 't‘u-roos
803 361 1264 416 innumerabiles
1301 367 1685 434 congregatos
1715 362 1817 417 ob-
1849 364 1902 429 Α
1929 369 2138 418 verunt
2178 363 2513 434 consilium,
2547 366 2806 419 dicentes
2841 379 2852 418 :
2888 385 2916 410 «
2945 362 3248 417 Faciamus
3283 362 3457 433 igitur
3485 380 3578 418 ea-

167 449 452 519 viam-eis,
468 449 568 521 qui
581 449 720 504 dare
745 449 1099 520 adjutorium
1119 449 1426 505 Antiochiae
1441 451 1815 506 festinabant.

171 540 467 594 Irruentes
495 538 674 610 igitur
703 539 883 594 nostri
914 555 1028 594 uno
1080 541 1251 593 corde
1299 545 1355 594 et
1403 545 1596 595 mente
1645 557 1822 610 super

171 627 312 683 illos
359 626 672 698 sapienter,
705 627 880 682 Turci
930 626 1300 682 vehementer
1349 627 1609 698 superati
1656 632 1814 684 sunt.

165 716 546 773 Consternati
575 721 719 771 sunt
749 732 953 772 omnes
984 716 1237 782 barbari,
1272 722 1328 771 et
1355 716 1643 771 dederunt
1671 716 1819 772 cele-

167 805 298 860 rius
331 805 554 876 fugam,
577 809 635 860 et
665 803 835 859 multi
869 805 1085 860 mortui
1119 810 1257 859 sunt
1285 820 1347 860 ex
1383 805 1466 860 eis
1497 804 1554 858 in
1586 804 1684 860 illo
1705 822 1822 860 cer-

166 893 416 948 tamine.
445 893 639 948 Nostri
669 893 867 965 igitur,
903 899 1249 965 superantes
1301 894 1451 960 illos,
1488 894 1603 948 Deo
1651 895 1820 966 adiu—

167 987 364 1048 vante,
407 986 757 1054 acceperunt
801 982 988 1054 spolia
1035 982 1240 1048 multa,
1276 999 1457 1054 equos
1503 988 1560 1037 et
1604 982 1816 1051 mulos,

165 1070 428 1126 camelos
457 1075 514 1126 et
541 1070 740 1127 asinos
785 1077 1028 1126 onustos
1075 1071 1368 1126 frumento
1415 1077 1470 1126 et
1521 1071 1672 1127 vino.
1707 1077 1819 1128 Ve-

167 1161 400 1216 nientes
431 1159 628 1232 itaque
659 1161 842 1216 nostri
875 1161 1268 1216 castrametati
1287 1165 1425 1216 sunt
1441 1177 1619 1234 super
1632 1162 1819 1234 ripam

167 1249 457 1305 ﬂuminis.
492 1249 764 1304 Protinus
793 1249 1074 1321 equitavit
1103 1250 1481 1306 Boamundus
1511 1267 1645 1306 cum
1675 1269 1820 1323 qua-

163 1343 306 1394 tuor
361 1337 623 1394 millibus
681 1338 957 1405 militum,
990 1344 1048 1393 et
1078 1339 1235 1394 venit
1266 1344 1400 1394 ante
1429 1344 1656 1412 portam
1689 1340 1822 1395 civi-

162 1427 308 1484 tatis
339 1427 596 1500 vigilare,
621 1443 694 1482 an
724 1429 870 1483 forte
901 1427 1116 1499 aliquis
1143 1433 1310 1484 nocte
1341 1428 1591 1484 latenter
1618 1429 1816 1496 exiret,

163 1523 270 1572 aut
289 1517 538 1572 intraret
555 1517 868 1572 civitatem.
889 1517 1158 1573 Crastina
1172 1535 1305 1572 vero
1323 1518 1416 1572 die
1434 1522 1819 1589 pervenerunt

161 1622 359 1678 usque
388 1606 752 1661 Antiochiam
789 1605 1078 1661 civitatem
1111 1607 1184 1660 ad
1217 1607 1588 1662 medietatem
1607 1607 1816 1673 diei,in

161 1701 381 1767 quarta
403 1694 563 1761 feria,
587 1696 742 1766 quod
778 1700 863 1750 est
893 1713 972 1750 xu
1012 1694 1132 1750 Kal.
1172 1695 1535 1763 Novembris,
1567 1701 1627 1750 et
1657 1697 1818 1751 obse-

163 1785 368 1839 dimus
401 1783 744 1839 mirabiliter
771 1789 888 1839 tres
919 1788 1117 1856 portas
1146 1783 1416 1849 civitatis,
1443 1785 1720 1855 quoniam
1757 1787 1812 1839 in

157 1873 278 1928 alia
313 1877 476 1945 parte
506 1873 706 1927 deerat
735 1871 903 1927 nobis
923 1871 1086 1927 locus
1103 1871 1430 1938 obsidendi,
1456 1872 1596 1943 quia
1637 1873 1814 1928 nimis

161 1961 284 2016 alta
347 1967 661 2016 montanea
711 1977 818 2016 nos
870 1964 1222 2016 coarctabat.
1257 1962 1512 2016 Tantum
1563 1979 1814 2034 namque

159 2050 510 2106 eminebant
531 2049 698 2105 nobis
721 2049 978 2122 undique
1008 2049 1230 2104 inimici
1266 2051 1448 2105 nostri
1482 2051 1679 2117 Turci,
1713 2051 1812 2122 qui

103 2127 110 2133 ’
155 2145 328 2195 erant
357 2139 518 2194 intus
548 2139 606 2194 in
637 2138 888 2206 civitate,
915 2140 1069 2210 quod
1103 2156 1271 2194 nemo
1302 2139 1536 2194 illorum
1564 2141 1815 2195 audebat

153 2231 457 2286 otl'endere
488 2229 741 2302 aliquem
767 2245 835 2284 ex
866 2228 1102 2295 nostris,
1131 2229 1247 2284 fere
1278 2245 1381 2301 per
1408 2229 1664 2301 spatium
1699 2229 1815 2284 die-

155 2337 286 2375 rum
321 2319 683 2390 quindecim.
708 2319 838 2373 Mox
869 2317 1306 2389 hospitantibus
1338 2317 1505 2373 nobis
1536 2319 1690 2374 circa
1706 2320 1815 2373 An-

153 2408 462 2474 tiochiam,
496 2407 820 2480 reperimus
862 2407 1007 2462 satis
1053 2405 1174 2461 illic
1201 2406 1272 2461 de
1303 2423 1430 2461 rore
1461 2406 1588 2461 coeli
1627 2407 1811 2462 abun-

156 2497 451 2562 dantiam,
483 2494 749 2552 videlicet
789 2495 990 2550 vineas
1040 2494 1300 2566 undique
1359 2494 1582 2566 plenas,
1620 2497 1814 2550 foveas

157 2586 370 2658 plenas
400 2586 716 2651 frumento,
748 2586 984 2641 arbores
1017 2585 1256 2639 refertas
1306 2584 1497 2655 pomis
1531 2583 1814 2655 jucundis

157 2677 236 2732 ad
269 2675 590 2744 edendum,
621 2680 679 2729 et
733 2674 848 2728 alia
903 2673 1090 2728 multa
1149 2673 1321 2740 bona,
1356 2690 1484 2744 quae
1517 2672 1814 2728 alimentis

157 2763 462 2837 corporeis
485 2768 622 2819 sunt
641 2762 826 2818 utilia.
847 2761 1140 2817 Hermenii
1163 2768 1219 2816 et
1240 2761 1495 2827 Suriani,
1521 2761 1621 2833 qui
1647 2766 1815 2817 erant

158 2854 330 2909 intus
352 2854 411 2908 in
434 2852 683 2917 civitate,
705 2856 984 2908 exeuntes
1013 2851 1403 2906 ostendebant
1421 2867 1570 2914 sese,
1594 2850 1817 2922 fugien-

157 2950 274 2998 tes.
299 2942 409 3010 Qui
435 2941 695 3014 quotidie
716 2945 884 2997 erant
906 2955 1022 2995 una
1043 2940 1372 3010 nobiscum,
1397 2939 1613 3012 quique
1631 2939 1816 2994 habe-

161 3033 311 3087 bant
351 3039 570 3086 uxores'
592 3047 732 3085 suas
765 3030 922 3086 intus
949 3030 1007 3084 in
1039 3029 1289 3084 civitate.
1321 3027 1406 3083 llli
1441 3045 1695 3100 namque
1726 3028 1812 3082 in-

1931 456 2117 507 strum
2180 454 2236 507 in
2289 455 2497 508 vertice
2548 454 2766 508 montis
2815 453 3125 523 Maregart,
3161 451 3256 522 qui
3293 469 3460 504 mons
3493 457 3582 506 cst

1930 559 2107 613 super
2137 543 2454 597 Boamundi
2485 543 2736 608 hostem,
2773 559 2887 613 quo
2938 541 3126 595 securi
3159 545 3214 596 ct
3247 542 3352 594 tuti
3389 541 3579 610 possi~

1931 647 2064 687 mus
2098 648 2334 687 manere
2366 633 2435 686 de
2467 633 2790 687 Turcorum
2824 631 3236 685 fortitudine.»
3283 629 3452 683 Facto
3486 629 3586 706 ita'

1931 737 2042 792 que
2063 725 2274 786 castro,
2296 726 2351 776 et
2381 721 2628 785 munito,
2663 737 2866 775 omnes
2897 720 3147 789 majores
3183 718 3440 772 studiose
3473 717 3578 771 ad-

1930 810 2176 865 invicem
2208 810 2350 865 illud
2384 810 2810 866 custodiebant.
2843 809 2971 863 Jam
2999 809 3243 878 jamque
3288 810 3584 878 cceperant

1929 899 2292 954 frumentum
2315 904 2371 955 et
2392 900 2587 955 omnia
2608 899 2964 954 nutrimenta
2986 897 3244 967 corporis
3265 896 3438 950 nimis
3451 912 3580 950 esse

1930 1005 2064 1044 cara
2097 993 2228 1044 ante
2265 989 2489 1044 Domini
2523 988 2706 1043 nostri
2740 987 2878 1043 Jesu
2912 986 3124 1041 Christi
3183 984 3576 1040 Nativitatem.

1933 1079 2106 1134 Foras
2139 1078 2282 1133 nihil
2316 1079 2549 1150 penitus
2581 1077 2964 1139 audebamus,
2991 1074 3134 1128 nihil
3159 1074 3214 1128 in
3241 1078 3393 1128 terra
3419 1073 3579 1127 Chri-

1929 1168 2255 1223 stianorum
2287 1169 2358 1223 ad
2392 1167 2683 1223 edendum
2709 1166 2943 1237 penitus
2974 1163 3250 1219 invenire.
3287 1163 3349 1216 In
3375 1162 3575 1217 Sarra-

1930 1274 2204 1313 cenorum
2237 1273 2491 1328 namque
2522 1261 2674 1310 terra
2705 1271 2876 1308 nemo
2907 1254 3125 1307 intrare
3155 1252 3424 1318 audebat,
3460 1251 3573 1306 nisi

1929 1363 2062 1401 cum
2084 1347 2338 1401 maxima
2353 1352 2544 1418 gente.
2569 1345 2643 1398 Ad
2668 1342 2942 1398 ultimum
2969 1344 3298 1397 statuerunt
3317 1340 3576 1395 seniores

1930 1435 2112 1489 nostri
2145 1434 2477 1500 consilium,
2513 1434 2850 1488 ordinantes
2895 1431 3390 1503 quemadmodum
3423 1433 3576 1483 recte

1928 1527 2194 1596 regerent
2225 1523 2329 1578 has
2361 1528 2584 1595 gentes.
2623 1523 2973 1576 Invenerunt
3017 1520 3213 1590 itaque
3245 1518 3300 1571 in
3334 1518 3573 1573 consilio

1929 1618 2218 1684 quatenus
2250 1630 2369 1667 una
2401 1629 2534 1683 pars
2568 1610 2749 1665 nostri
2784 1610 3092 1680 diligenter
3123 1611 3325 1679 pergat
3357 1607 3576 1661 abstra-

1929 1701 2064 1757 here
2088 1702 2466 1774 stipendium,
2495 1699 2754 1772 inibique
2779 1698 3072 1754 custodire
3093 1697 3439 1763 exercitum;
3462 1695 3575 1750 alia

1924 1807 2156 1862 quoque
2175 1807 2308 1862 pars
2329 1788 2678 1844 ﬁducialiter
2693 1791 2992 1843 remaneat
3009 1787 3302 1842 custodire
3323 1785 3571 1842 hostem.

1926 1879 2303 1933 Boamundus
2323 1895 2459 1950 ergo
2483 1878 2626 1932 dixit
2650 1894 2662 1931 :
2696 1901 2721 1926 ‹‹
2747 1875 3016 1932 Seniores
3047 1880 3104 1931 et
3133 1874 3572 1947 prudentissimi

1925 1967 2162 2031 milites,
2196 1968 2243 2021 si
2276 1984 2374 2022 vos
2405 1966 2676 2033 vultis,et
2710 1967 2926 2020 bonum
2961 1965 3393 2036 honestumque
3423 1963 3575 2017 vide—

1923 2060 2021 2110 tur
2049 2055 2233 2121 vobis,
2269 2072 2374 2127 ego
2421 2055 2514 2109 ibo
2557 2072 2689 2110 cum
2740 2053 3196 2126 prudentissimo
3231 2051 3571 2106 Flandrensi

1923 2145 2157 2200 comite.
2194 2143 2568 2199 nCelebratis
2626 2145 2822 2215 itaque
2881 2141 3302 2216 gloriosissime
3360 2139 3572 2196 solem-

1925 2233 2209 2289 nitatibus
2240 2233 2594 2298 Nativitatls,
2615 2233 2707 2287 die
2739 2234 2936 2299 Lunae,
2965 2230 3186 2286 scilicet
3217 2230 3474 2285 secunda
3494 2231 3571 2284 te-

1923 2323 2030 2389 ria,
2061 2324 2277 2395 egressi
2313 2327 2470 2390 sunt,
2505 2327 2562 2377 et
2601 2321 2700 2377 alii
2761 2321 3074 2394 plusquam
3132 2319 3338 2392 viginti
3387 2317 3572 2373 millia

1921 2411 2176 2474 militum
2208 2416 2265 2466 et
2295 2411 2581 2484 peditum,
2614 2415 2670 2466 et
2702 2411 2830 2465 sani
2861 2415 2917 2464 et
2950 2407 3273 2464 incolumes
3321 2407 3572 2462 intrave-

1923 2502 2524 2556 runtSarracenorum
2545 2504 2782 2555 terram.
2799 2497 3144 2570 Congregati
3169 2496 3383 2569 quippe
3409 2498 3574 2550 erant

1923 2589 2092 2644 multi
2153 2589 2347 2655 Turci,
2380 2593 2437 2643 et
2485 2588 2718 2654 Arabes,
2752 2592 2808 2642 et
2846 2585 3171 2652 Sarraceni,
3204 2586 3275 2640 ab
3309 2585 3574 2640 Hierusa-

1923 2677 2057 2745 lem,
2091 2683 2148 2733 et
2181 2679 2484 2746 Damasco,
2506 2681 2562 2732 et
2583 2676 2787 2748 Aleph,
2808 2680 2864 2731 et
2881 2676 2951 2730 ab
2985 2674 3084 2728 illa
3112 2674 3438 2747 regione....
3471 2673 3572 2744 qui

1922 2767 2230 2822 veniebant
2261 2765 2581 2821 Antiochia:
2615 2764 3017 2820 fortitudinem
3061 2763 3223 2818 dare.
3255 2762 3574 2817 Audientes

1921 2855 2118 2927 itaque
2151 2855 2247 2911 isti
2277 2854 2740 2910 Christianorum
2771 2857 3002 2925 gentem
3047 2868 3173 2906 esse
3215 2850 3569 2906 conductam

1923 2943 1981 2996 in
2021 2941 2254 2997 illorum
2303 2946 2542 3011 terram,
2587 2940 2742 2996 illico
2801 2943 3270 3012 praeparaverunt
3317 2954 3445 2994 sese
3497 2937 3567 2992 ad

1923 3029 2139 3086 bellum
2173 3034 2373 3085 contra
2403 3029 2790 3095 Christianos,
2819 3033 2994 3100 atque
3045 3043 3278 3083 summo
3313 3024 3570 3080 diluculo

155 3122 405 3195 geniose
453 3119 887 3192 investigabant
935 3125 1201 3174 nostrum
1253 3134 1403 3183 esse,
1437 3122 1815 3188 nostramque
1845 3108 1889 3176 C
1923 3125 2204 3174 venerunt
2235 3119 2294 3173 in
2329 3117 2521 3173 locum
2555 3134 2669 3190 quo
2714 3123 2916 3172 nostra
2944 3132 3089 3189 gens
3118 3120 3242 3170 erat
3271 3115 3327 3169 in
3361 3130 3567 3168 unum.

155 3209 484 3267 essentiam
513 3213 573 3264 et
600 3208 963 3281 qualitatem,
996 3213 1052 3262 et
1081 3207 1200 3262 illis
1242 3207 1568 3262 referebant
1615 3207 1814 3262 omnia

153 3315 294 3371 qua:
357 3298 636 3354 videbant
683 3297 823 3352 foris
872 3297 1044 3361 facta,
1073 3295 1160 3350 vel
1189 3295 1274 3350 ei
1299 3295 1399 3367 qui
1431 3299 1598 3350 erant
1627 3295 1808 3350 intus.

158 3389 486 3460 Postquam
511 3403 645 3442 vero
666 3385 838 3442 Turci
862 3385 1094 3440 fuerunt
1114 3384 1299 3440 edocti
1317 3385 1385 3440 de
1399 3389 1596 3440 nostra
1610 3383 1814 3440 notitia

151 3484 352 3549 atque
363 3477 841 3547 facto,caaperunt
860 3473 1137 3546 paulatim
1157 3479 1318 3528 extra
1337 3473 1623 3528 civitatem
1635 3474 1810 3542 exire,

155 3571 518 3636 nostrosque
565 3564 900 3636 peregrinos
945 3563 1201 3634 undique
1259 3568 1664 3634 coangustare,
1698 3579 1812 3618 non

153 3653 361 3712 solum
382 3671 452 3709 ex
474 3647 597 3708 una
611 3659 794 3725 parte,
823 3653 925 3708 sed
963 3652 1221 3723 undique
1251 3658 1417 3706 erant
1447 3652 1693 3706 latentes
1711 3653 1811 3706 ob-

152 3745 316 3800 viam
353 3743 524 3798 nobis
554 3743 624 3798 ad
656 3759 814 3797 mare
841 3745 897 3796 et
927 3740 998 3796 ad
1033 3746 1426 3796 montaneam.
1453 3742 1588 3795 Erat
1616 3747 1811 3796 autem

153 3835 236 3890 ab
265 3833 440 3888 hoste
473 3849 588 3887 non
622 3830 792 3903 longe
821 3831 1116 3903 quoddam
1162 3835 1442 3894 castrum,
1475 3830 1568 3884 cui
1601 3847 1811 3886 nomen

151 3922 378 3995 Aregh.
414 3920 538 3976 Illic
585 3919 920 3993 congregati
965 3923 1132 3974 erant
1163 3918 1466 3974 fortissimi
1495 3919 1666 3973 Turci
1698 3935 1812 3974 non

151 4011 360 4085 pauci,
390 4011 492 4066 sed
524 4009 726 4082 plures
755 4009 857 4081 qui
889 4009 1228 4080 frequenter
1257 4007 1692 4063 conturbabant
1719 4023 1817 4063 no-

153 4107 320 4157 stros
340 4099 634 4155 homines.
652 4097 898 4171 Reperto
919 4096 1115 4170 itaque
1146 4097 1271 4152 loco
1298 4096 1396 4152 ubi
1419 4095 1503 4150 illi
1533 4095 1812 4162 latebant,

153 4189 352 4246 nostri
383 4187 599 4245 milites
614 4186 1028 4260 quisubtiliter
1057 4187 1395 4258 querebant
1423 4184 1812 4252 illos,obviam

151 4279 409 4335 veniunt
425 4277 563 4333 illis.
582 4279 655 4332 At
678 4275 894 4332 nostris
927 4275 1210 4348 paulatim
1237 4273 1618 4330 redeuntibus
1637 4279 1811 4342 retro,

153 4368 261 4423 ubi
283 4366 555 4424 sciebant
574 4365 984 4422 Boamundum
1008 4363 1369 4420 reconditum
1393 4379 1526 4418 cum
1541 4379 1646 4418 suo
1664 4379 1817 4419 exer-

1922 3209 2367 3280 Diviseruntque
2408 3224 2470 3263 se
2515 3208 2586 3262 ab
2632 3206 2877 3262 invicem
2924 3205 3177 3272 barbari,
3210 3209 3268 3260 et
3311 3204 3572 3259 fecerunt

1921 3298 2070 3352 duas
2104 3297 2277 3364 acies,
2315 3313 2432 3352 una
2463 3297 2618 3352 acies
2648 3299 2800 3363 ante,
2836 3294 3018 3350 altera
3060 3300 3232 3362 retro,
3267 3293 3567 3364 cupientes

1921 3403 1990 3442 ex
2021 3386 2178 3442 omni
2212 3390 2376 3457 parte
2407 3385 2863 3456 circumcingere
2895 3401 3020 3439 nos.
3054 3381 3336 3454 Egregius
3387 3381 3568 3454 igitur

1922 3491 2116 3530 comes
2150 3473 2814 3544 Flandrensis,undique
2836 3472 3115 3544 regimine
3148 3471 3278 3526 ﬁdei
3311 3487 3375 3526 ac
3398 3470 3566 3542 signo

1923 3565 2135 3630 crucis,
2167 3579 2344 3634 quam
2376 3563 2623 3616 fideliter
2655 3561 2974 3632 bajulabat,
3011 3565 3293 3628 armatus,
3319 3557 3570 3614 occurrit

1921 3653 2040 3707 illis
2072 3670 2189 3707 una
2217 3669 2348 3706 cum
2385 3651 2840 3723 prudentissimo
2874 3649 3572 3705 Boamundo.1rruerunt—

1923 3759 2035 3814 que
2068 3741 2248 3796 nostri
2287 3740 2642 3796 unanimiter
2667 3757 2842 3811 super
2873 3739 3022 3794 illos.
3058 3737 3166 3803 Qui
3198 3737 3394 3792 statim
3431 3735 3569 3791 arri-

1925 3835 2175 3904 puerunt
2221 3832 2441 3903 fugam,
2474 3833 2531 3884 et
2576 3829 2920 3884 festinanter
2960 3831 3256 3882 verterunt
3299 3823 3570 3896 scapulas

1924 3925 2099 3986 retro,
2131 3925 2189 3974 et
2222 3919 2435 3974 mortui
2480 3922 2619 3973 sunt
2658 3916 2828 3971 multi
2860 3934 2928 3971 ex
2958 3915 3111 3983 illis;
3147 3914 3246 3968 alii
3279 3928 3571 3968 remanse-

1925 4014 2065 4064 runt
2093 4009 2228 4076 vivi,
2246 4007 2519 4064 velociter
2548 4007 2855 4078 fugientes.
2885 4007 3080 4060 lerunt
3100 4009 3311 4059 extunc
3334 4007 3389 4057 et
3413 4017 3570 4057 nunc

1923 4099 1983 4154 in
2015 4099 2161 4154 iram
2196 4096 2557 4170 perditionis.
2584 4096 2701 4152 Nos
2726 4101 2919 4151 autem
2954 4093 3165 4150 reversi
3195 4109 3403 4148 sumus
3433 4107 3568 4146 cum

1926 4203 2138 4260 magno
2169 4185 2446 4258 tripudio,
2471 4183 2778 4240 laudantes
2805 4189 2862 4239 et
2883 4181 3327 4256 magniﬁcantes
3348 4180 3568 4235 trinum

1923 4281 1981 4332 et
2013 4291 2197 4331 unum
2241 4275 2424 4330 Deum
2455 4273 2554 4345 qui
2587 4272 2724 4328 vivit
2751 4278 2808 4328 et
2835 4277 3039 4344 regnat
3069 4287 3224 4326 nunc
3255 4274 3311 4324 et
3340 4284 3572 4340 semper

1924 4367 1984 4422 in
2002 4381 2209 4436 savum,
2242 4380 2432 4420 amen.
2466 4362 2638 4418 Turci
2667 4379 2801 4418 vero
2833 4360 3055 4416 inimici
3086 4360 3187 4415 Dei
3217 4358 3484 4414 videlicet
3513 4362 3571 4411 et

151 4457 306 4522 cita,
339 4455 544 4511 statim
599 4456 840 4510 fuerunt
887 4453 1006 4509 illic
1048 4452 1263 4508 mortui
1297 4450 1467 4506 multi
1499 4469 1568 4507 ex
1597 4452 1816 4508 nostris
1839 4475 1892 4543 ιω
1925 4459 2140 4511 sanctae
2157 4451 2629 4517 Christianitatis,
2647 4451 2744 4524 qui
2762 4449 3004 4506 erantin
3021 4446 3291 4504 custodia
3319 4445 3570 4502 civitatis

153 4544 480 4600 militibus.
515 4543 632 4599 Hoc
660 4543 857 4615 itaque
888 4542 1265 4598 Boamundus
1291 4540 1814 4607 audiens,surrexit

153 4633 446 4690 continuo
495 4637 562 4688 ut
611 4631 970 4688 fortissimus
1027 4630 1243 4687 Christi
1303 4629 1539 4686 athleta.
1577 4628 1813 4684 Barbari

151 4739 298 4779 vero
330 4721 455 4778 illic
484 4722 782 4777 irruerunt
819 4726 1038 4789 contra,
1073 4737 1139 4776 eo
1196 4720 1351 4791 quod
1409 4719 1594 4774 nostri
1649 4723 1816 4775 erant

154 4811 334 4884 pauci
357 4828 370 4876 ;
389 4816 584 4866 tamen
605 4810 778 4866 iusim
789 4810 843 4865 ul
853 4809 1046 4882 juncti
1065 4809 1321 4865 inierunt
1337 4808 1574 4864 bellum.
1601 4808 1814 4864 Mortui

155 4917 424 4972 namque
457 4904 594 4955 sunt
625 4900 794 4955 multi
825 4917 894 4956 ex
918 4899 1174 4954 inimicis
1201 4899 1436 4964 nostris,
1455 4903 1510 4954 et
1525 4897 1815 4971 capti,qui

155 4990 408 5045 fuerunt
457 4988 691 5044 deducti
742 4993 875 5044 ante
921 4989 1175 5044 civitatis
1208 4993 1455 5060 portam,
1489 4992 1546 5044 et
1573 4988 1818 5044 decolla-

155 5079 386 5134 bantur
412 5077 518 5148 ibi,
549 5083 615 5132 ut
645 5078 834 5150 magis
890 5079 1087 5132 tristes
1144 5078 1346 5131 ﬁerent
1389 5076 1472 5130 illi
1521 5077 1619 5148 qui
1650 5082 1815 5133 erant

153 5167 218 5221 in
239 5167 499 5222 civitate.
521 5167 805 5223 Exiebant
826 5167 1040 5239 quippe
1063 5165 1158 5222 alii
1183 5167 1253 5220 de
1275 5165 1521 5233 civitate,
1547 5166 1628 5220 ita
1658 5166 1813 5238 quod

153 5255 210 5311 si
243 5255 563 5312 mittebant
592 5255 859 5329 sagittas,
893 5256 1180 5311 cadebant
1229 5254 1289 5308 in
1341 5255 1662 5310 Boamundi
1689 5254 1814 5327 pla-

153 5350 340 5413 team,
367 5349 427 5400 et
457 5361 574 5400 una
603 5345 696 5401 die
723 5345 998 5417 quaedam
1031 5343 1242 5400 mulier
1271 5343 1543 5399 occubuit
1571 5343 1690 5398 ictu
1721 5361 1812 5398 sa-

153 5435 345 5509 gittaa.

227 5523 582 5602 Congregati
612 5523 810 5601 itaque
840 5539 1045 5582 omnes
1085 5521 1269 5580 nostri
1302 5522 1551 5596 majores
1581 5521 1814 5582 ordina-

486 5651 571 5719 ΡΑ
581 5665 756 5720 πίοι..
806 5648 980 5720 CLV.

1923 4543 2262 4608 Antiochiae,
2297 4543 2600 4598 audientes
2628 4540 3036 4596 Boamundum
3069 4541 3125 4592 et
3152 4535 3569 4592 Flandrensem

1923 4633 2196 4690 comitem
2219 4631 2277 4686 in
2304 4630 2608 4687 obsidione
2629 4647 2742 4686 non
2765 4646 2913 4696 esse,
2935 4627 3199 4683 exierunt
3215 4625 3286 4680 de
3315 4624 3566 4691 civitate,

1922 4727 1979 4778 et
1995 4723 2275 4778 audacter
2288 4721 2594 4776 veniebant
2612 4718 2860 4791 prmliari
2876 4717 3204 4782 nobiscum,
3223 4712 3569 4769 insidiantes

1923 4812 2206 4882 undique,
2233 4825 2302 4864 ex
2331 4827 2448 4881 qua
2478 4813 2640 4880 parte
2671 4807 2805 4880 plus
2834 4811 2988 4862 esset
3017 4803 3244 4860 obsidio
3269 4801 3568 4876 languida,

1925 4901 2172 4957 scientes
2204 4899 2335 4954 illos
2364 4897 2857 4972 prudentissimos
2889 4894 3104 4951 milites
3133 4893 3272 4948 foris
3303 4908 3449 4948 esse.
3487 4891 3572 4946 1n-

1922 4993 2322 5060 veneruntquc
2343 4987 2498 5060 quod
2522 4985 2582 5040 in
2615 5003 2734 5041 una
2763 4986 2854 5039 die
2887 4982 3089 5040 Martis
3119 4981 3449 5054 potuissent
3467 4996 3573 5035 nos

1925 5078 2128 5134 laedere
2159 5083 2214 5132 et
2244 5077 2528 5132 obsistere
2563 5074 3179 5144 nobis.\’cneruntque
3212 5069 3572 5141 iniquissimi

1923 5171 2111 5237 caute,
2131 5171 2189 5222 et
2212 5166 2511 5221 irruerunt
2541 5164 2916 5220 vehementer
2931 5180 3107 5234 super
3123 5178 3228 5216 nos
3247 5158 3572 5215 nescientes

1923 5257 2031 5314 hoc
2062 5255 2282 5312 bellum
2310 5261 2484 5326 atque
2505 5255 2865 5328 ignorantes,
2884 5252 3338 5320 occideruntque
3357 5246 3575 5302 multos

1923 5363 1992 5401 ex
2021 5344 2240 5402 nostris
2293 5343 2510 5400 milites
2561 5349 2616 5400 et
2658 5343 2936 5417 pedones.
2971 5341 3296 5414 Episcopus
3323 5351 3578 5406 namque

1924 5432 2228 5494 Podiensis
2260 5434 2483 5490 Sanctae
2524 5434 2718 5492 Mariis
2750 5432 2813 5486 in
2841 5429 2949 5487 illa
2979 5447 3184 5490 amara
3213 5423 3306 5482 die
3335 5422 3588 5494 perdidit

1925 5542 2102 5591 suum
2134 5521 2537 5584 senescalcum
2569 5524 2999 5584 conducentem
3015 5524 3076 5579 et
3098 5515 3397 5596 regentem
3415 5523 3592 5568 suum

3211 5634 3299 5708 ‘25
