3998 6088
395 289 515 350 7'79

911 291 1015 351 AD
1062 289 1575 354 GODEFRIDUM
1617 289 1948 352 APPEND.
1995 290 2072 352 II.
2105 325 2183 338 -—
2217 288 2529 359 MONUM.
2575 296 2676 357 DE
2719 295 2969 360 BELLO
3011 298 3288 361 SACRO.

3680 299 3805 360 780

398 422 695 479 vexillum.
727 423 797 479 Et
825 423 939 480 nisi
968 429 1124 482 esset
1155 426 1394 492 flumen,
1415 426 1569 498 quod
1603 431 1726 482 erat
1752 425 1905 482 inter
1934 442 2040 481 nos
2074 427 2123 494 Α
2155 433 2483 484 unaverunt
2512 428 2693 502 igitur
2723 447 2852 488 sese
2882 447 3088 488 omnes
3135 432 3528 505 Francigenaa,
3559 448 3807 506 rogave-

399 517 458 568 et
488 511 641 582 illos,
686 513 900 585 saepius
943 513 1284 571 invaderent
1326 532 1453 582 nos,
1499 519 1672 587 atque
1726 514 2044 570 maximam

401 599 700 658 laesionem
743 601 804 658 in
854 607 1114 659 nostram
1165 609 1398 677 gentem
1450 605 1722 660 facerent.
1752 604 1958 660 Adhuc
1988 607 2046 659 et

391 689 461 756 jn
493 695 724 748 nostras
754 691 962 748 laxatis
994 693 1175 748 frenis
1205 698 1625 749 concurrerunt
1670 695 1898 750 tendas.
1930 693 2044 748 Re-

401 780 776 852 grediebatur
805 787 1002 838 autem
1035 783 1533 854 prudentissimus
1565 783 1941 838 Boamundus
1965 782 2045 838 si-

402 867 527 924 mul
561 886 694 924 cum
725 870 978 926 exercitu
1008 888 1113 926 suo
1146 873 1216 926 de
1248 873 1702 928 Sarracenorum
1750 877 1923 938 terra,
1953 888 2044 926 ve-

404 958 606 1030 nitque
625 959 682 1014 in
707 959 989 1015 Tancredi
1014 965 1410 1027 montaneam,
1431 961 1739 1034 cogitando
1756 979 1828 1016 an
1851 961 2044 1016 forsan

403 1046 484 1102 ibi
518 1047 801 1104 inveniret
831 1048 1052 1121 aliquid
1086 1051 1238 1121 quod
1271 1051 1580 1106 defendere
1621 1051 1924 1123 potuisset,
1960 1055 2044 1106 to-

405 1140 643 1208 tamque
674 1141 888 1192 terram
920 1138 978 1192 in
1010 1138 1294 1212 expiando
1317 1140 1389 1212 (6)
1414 1139 1719 1195 miserunt.
1744 1139 1851 1194 Alii
1885 1139 2046 1194 inve-

405 1229 638 1293 nerunt,
672 1226 770 1282 alii
824 1244 958 1283 vero
1015 1229 1180 1284 vacui
1243 1233 1623 1284 reverterunt.
1656 1227 1746 1284 Illi
1783 1245 1914 1284 vero
1946 1226 2048 1300 qui

405 1313 663 1371 invenire
694 1333 808 1370 non
841 1320 1130 1388 poterant,
1164 1318 1366 1373 statim
1413 1318 1617 1374 reverti
1670 1318 2045 1373 festinabant.

405 1407 565 1460 Tunc
624 1405 1001 1461 Boamundus
1058 1406 1376 1479 increpavit
1433 1423 1531 1463 eos
1577 1407 1764 1474 valde,
1798 1406 2045 1462 dicens:

408 1516 436 1543 «
472 1493 515 1550 Ο
546 1493 746 1550 infelix
776 1499 831 1550 et
875 1494 1206 1551 miserrima
1252 1513 1397 1569 gens
1423 1496 1435 1551 l
1470 1513 1500 1552 ο
1531 1495 1817 1552 vilissima
1847 1511 1912 1550 ac
1943 1495 2047 1550 do-

408 1581 734 1639 lentissima
753 1584 1018 1639 omnium
1042 1584 1503 1641 Christianorum
1529 1585 1541 1640 ι
1573 1603 1678 1640 cur
1698 1591 1815 1639 tam
1849 1583 2049 1640 celeri-

407 1676 498 1728 ter
524 1671 702 1729 vultis
733 1673 932 1730 abire?
954 1674 1138 1730 Sinite
1169 1675 1362 1743 modo,
1388 1675 1581 1730 sinite.
1605 1675 1918 1748 Usquequo
1939 1673 2046 1729 eri-

409 1778 544 1818 mus
569 1779 771 1818 omnes
794 1765 1126 1836 congregati
1148 1763 1209 1820 in
1233 1765 1459 1820 unum?
1479 1764 1665 1821 Nolite
1686 1780 1877 1820 errare
1897 1763 2052 1818 sicut
2082 1801 2129 1866 Β

410 1867 544 1909 oves
576 1869 691 1908 non
718 1852 1001 1909 habentes
1030 1857 1347 1926 pastorem.
1371 1853 1429 1910 Si
1460 1859 1656 1910 autem
1690 1852 1912 1908 inimici
1947 1868 2054 1906 no-

411 1940 516 1996 stri
547 1942 874 1998 invenerint
896 1960 998 1999 vos
1028 1947 1311 2011 errantes,
1344 1943 1612 1999 occident
1642 1960 1761 2012 vos,
1797 1942 1935 2014 quia
1963 1941 2056 1996 die

413 2036 705 2103 noctuque
734 2031 979 2104 vigilant
1013 2037 1189 2104 atque
1219 2034 1525 2101 excubant,
1561 2038 1626 2088 ut
1653 2049 1754 2088 vos
1780 2032 1906 2088 sine
1936 2030 2054 2087 ullo

413 2120 656 2176 ductore
703 2124 1035 2194 segregatos
1086 2121 1205 2177 sive
1253 2121 1408 2177 solos
1459 2121 1774 2188 inveniant,
1809 2120 1910 2192 qui
1951 2137 2057 2176 nos

415 2208 675 2280 quotidie
704 2209 984 2276 occidere,
1019 2214 1194 2281 atque
1238 2209 1295 2265 in
1342 2209 1739 2282 captivitatem
1789 2208 2058 2264 laborant

415 2299 646 2354 ducere.
671 2299 841 2366 Quid,
867 2297 1088 2366 miseri,
1115 2299 1337 2356 facietis
1362 2317 1374 2354 :
1402 2323 1428 2349 »
1453 2299 1715 2371 Cumque
1747 2299 1882 2355 ﬁnis
1904 2304 2058 2354 esset

416 2387 610 2457 dictis,
637 2387 954 2460 respiciens
976 2406 1037 2444 se
1060 2393 1193 2444 ante
1223 2393 1279 2444 et
1312 2393 1485 2457 retro,
1509 2393 1568 2444 et
1591 2405 1722 2444 cum
1740 2389 1867 2460 jam
1899 2388 2056 2442 inve-

417 2477 601 2533 nisset
624 2477 879 2548 undique
901 2478 1089 2533 solum
1107 2496 1120 2546 ;
1137 2484 1478 2533 tamencum
1504 2477 1618 2532 illis
1641 2495 1787 2550 quos
1809 2477 2058 2549 reperire

416 2567 606 2640 potuit
636 2568 706 2623 ad
741 2585 916 2623 suum
951 2573 1308 2622 reverterunt
1357 2566 1696 2632 exercitum,
1729 2567 1862 2638 plus
1894 2566 2055 2620 vacui

416 2675 592 2731 quam
642 2657 861 2713 onusti.
911 2657 1186 2712 Videntes
1243 2661 1436 2712 autem
1493 2657 1602 2711 hoc
1657 2655 1968 2721 l-lcrmenii,
2002 2661 2059 2710 et

415 2746 741 2814 Sarraceni,
791 2751 848 2802 et
902 2745 1104 2814 Graeci,
1152 2747 1307 2818 quod
1367 2745 1549 2802 nostri
1605 2746 1839 2818 penitus
1893 2745 2053 2799 vacui

415 2837 746 2905 rediissent,
779 2834 1042 2906 nihilque
1087 2852 1285 2890 secum
1331 2835 1641 2901 deferrent,
1675 2833 1966 2889 consiliati
1999 2833 2056 2888 in

415 2943 601 2982 unum
660 2925 900 2981 abibant
955 2941 1058 2998 per
1115 2929 1478 2992 montaneas,
1506 2928 1563 2980 et
1595 2923 1863 2996 prmscita
1909 2923 2055 2992 loca,

416 3015 709 3072 subtiliter
727 3014 1090 3087 inquirentes
1115 3017 1170 3069 et
1192 3017 1452 3070 ementes
1476 3012 1920 3080 frumentum,et
1940 3029 2058 3068 cor-

417 3122 593 3180 porea
615 3104 916 3170 alimenta,
941 3120 1067 3174 quzs
1099 3103 1168 3157 ad
1203 3102 1430 3158 hostem
1464 3101 1821 3171 deferebant,
1853 3101 1912 3156 in
1945 3116 2058 3172 quo

2155 520 2410 588 runtque
2443 516 2746 574 humiliter
2775 520 3209 587 Boamundum,
3243 537 3315 576 ne
3344 520 3602 578 deterius
3631 522 3682 578 ei
3706 521 3810 578 ali-

2155 603 2294 677 quid
2326 605 2512 662 facere
2533 608 2856 679 permittat.
2877 609 2972 664 Ait
2993 626 3126 665 vero
3150 609 3246 665 ille
3273 626 3285 664 :
3331 633 3360 660 «
3382 610 3499 666 Hoc
3522 610 3678 667 enim
3701 627 3806 683 pro

2153 699 2343 750 vestro
2366 712 2562 752 amore
2585 695 2833 754 libenter
2862 699 3094 767 faciam,
3119 699 3168 756 si
3199 699 3372 756 modo
3403 705 3522 756 toto
3552 701 3726 756 corde
3753 705 3811 757 et

2156 788 2350 839 mente
2372 786 2676 855 juraverit,
2711 787 2793 843 ita
2823 789 2976 860 quod
3021 806 3326 862 nunquam
3358 790 3435 844 sit
3465 807 3807 846 reversurus

2155 873 2227 928 ab
2259 872 2465 929 itinere
2497 877 2681 930 sancti
2714 877 2987 948 sepulcri,
3023 878 3141 934 sive
3182 879 3356 948 bono,
3391 879 3508 934 sive
3541 878 3717 947 malo,
3753 885 3811 936 et

2156 961 2455 1016 Tancredo
2480 979 2665 1034 neque
2688 981 2790 1035 per
2810 981 2871 1020 se
2893 981 3082 1037 neque
3109 983 3212 1036 per
3239 965 3384 1021 alios
3417 965 3638 1021 amicos
3667 982 3810 1022 suos

2158 1047 2376 1121 aliquid
2397 1051 2535 1106 mali
2561 1052 2686 1106 fieri
2708 1054 3088 1108 consentiat.»
3112 1053 3220 1118 Qui
3239 1055 3461 1121 statim,
3481 1053 3698 1110 auditis
3714 1054 3808 1111 bis

2157 1139 2551 1208 sermonibus,
2595 1139 2844 1198 libenter
2887 1143 3194 1198 concessit.
3231 1143 3434 1199 Postea
3471 1161 3604 1199 vero
3646 1144 3806 1199 Guil-

2157 1226 2372 1284 lelmus
2401 1229 2838 1300 Carpentarius,
2869 1233 3232 1303 turpitudine
3280 1238 3505 1305 captus,
3540 1251 3656 1289 non
3705 1235 3805 1289 diu

2157 1332 2414 1385 morans,
2436 1319 2637 1374 furtim
2673 1321 2930 1376 recessit.
2956 1324 3110 1378 lianc
3141 1326 3545 1393 paupertatem
3565 1328 3624 1378 et
3641 1323 3808 1379 mise-

2158 1403 2306 1460 riam
2353 1423 2456 1478 pro
2499 1408 2716 1464 nostris
2760 1409 2990 1466 delictis
3035 1411 3325 1466 concessit
3368 1411 3538 1466 nobis
3593 1411 3808 1467 habere

2158 1494 2334 1550 Deus.
2376 1496 2436 1550 In
2467 1500 2586 1552 toto
2620 1514 2874 1570 namque
2904 1499 3158 1555 exercitu
3192 1517 3308 1555 non
3339 1500 3566 1557 valebat
3593 1500 3808 1574 aliquis

2159 1582 2418 1639 invenire
2451 1585 2610 1641 mille
2641 1586 2858 1642 milites
2879 1588 2977 1659 qui
3003 1603 3185 1660 equos
3216 1588 3499 1645 baberent
3529 1590 3804 1662 optimos.

2160 1671 2344 1744 Igitur
2373 1677 2450 1743 (7)
2475 1674 2713 1746 quidam
2745 1675 2912 1731 miles
2944 1681 3002 1732 et
3032 1677 3191 1733 dives
3221 1683 3278 1733 et
3305 1677 3516 1734 nobilis
3547 1679 3618 1734 de
3646 1695 3806 1734 exer-

2160 1761 2278 1816 citu
2338 1762 2728 1834 imperatoris,
2803 1781 2976 1836 quem
3046 1765 3366 1838 imperator
3434 1767 3808 1824 commiserat

2166 1849 2422 1922 Francis,
2457 1856 2518 1906 ut
2546 1851 2671 1923 ipse
2702 1852 2944 1924 pulchre
2973 1855 3321 1910 conduceret
3351 1854 3502 1922 illos,
3523 1860 3578 1911 et
3594 1861 3806 1912 terram

2163 1937 2468 1995 liberatam
2486 1941 2556 1996 de
2573 1942 2898 1998 Turcorum
2928 1943 3204 1998 manibus
3236 1944 3294 1998 in
3325 1943 3603 2000 fidelitate
3631 1944 3810 2017 impe-

2166 2028 2374 2084 ratoris
2423 2029 2738 2101 reciperet;
2775 2030 2892 2098 ille,
2943 2031 3041 2088 ille
3091 2032 3290 2089 infelix
3346 2033 3592 2089 audiens
3651 2035 3804 2106 quod

2165 2117 2452 2174 exercitus
2485 2119 2810 2174 Turcorum
2839 2120 3097 2177 venisset
3127 2139 3304 2194 super
3338 2139 3464 2187 nos,
3498 2122 3804 2194 ingemuit,

2167 2205 2574 2280 arbitransque
2624 2225 2827 2264 omnes
2887 2209 3130 2281 perisse,
3179 2217 3354 2282 atque
3413 2211 3687 2268 incidisse
3745 2211 3805 2267 in

2166 2295 2759 2352 manusinimicorum
2774 2302 3365 2372 nostrorum,tingens
3377 2305 3435 2356 et
3449 2316 3807 2373 componens

2166 2384 2364 2439 omnia
2419 2385 2648 2442 fallacia
2705 2403 2832 2458 quae
2879 2387 3102 2460 jugiter
3158 2389 3480 2444 machinari
3559 2396 3804 2462 poterat,

2167 2473 2313 2528 dixit
2343 2473 2459 2529 illis
2487 2492 2500 2530 :
2535 2476 2868 2543 «Seniores,
2901 2483 2958 2531 et
2987 2477 3431 2550 prudentissimi
3464 2478 3590 2546 viri,
3623 2479 3810 2535 videte

2166 2563 2305 2634 quia
2323 2579 2428 2617 nos
2459 2581 2666 2618 sumus
2693 2564 2784 2622 hic
2803 2564 2861 2619 in
2881 2565 2988 2620 hac
3019 2565 3202 2621 nimia
3232 2567 3575 2622 necessitate
3603 2569 3808 2638 coacti,

2167 2656 2223 2706 et
2249 2669 2316 2706 ex
2347 2651 2508 2706 nulla
2539 2659 2702 2725 parte
2745 2653 2912 2710 nobis
2957 2655 3314 2726 adjutorium
3361 2657 3638 2712 succedit.
3668 2657 3812 2712 Ecce

2168 2741 2340 2796 modo
2366 2740 2538 2796 sinite
2557 2759 2724 2797 mem
2745 2743 3037 2804 Romaniae
3055 2745 3258 2799 reverti
3290 2745 3569 2817 patriam;
3591 2745 3814 2818 absque

2170 2829 2290 2886 ulla
2311 2830 2670 2887 dubitatione
2687 2837 2941 2888 revertar
2955 2833 3026 2888 ad
3043 2851 3163 2890 vos.
3185 2834 3300 2907 Ego
3319 2851 3451 2890 vero
3468 2833 3584 2889 huc
3603 2834 3814 2890 faciam

2169 2918 2386 2975 multas
2435 2937 2610 2976 naves
2653 2920 2847 2976 venire
2877 2939 2980 2994 per
3008 2939 3188 2990 mare,
3222 2927 3466 2978 onustas
3497 2925 3812 2992 frumento,

2166 3009 2324 3076 vino,
2359 3009 2591 3076 hordeo,
2621 3027 2813 3080 carne,
2847 3011 3055 3078 farina,
3087 3017 3144 3068 et
3192 3011 3397 3080 caseis,
3433 3017 3490 3067 et
3536 3013 3815 3070 omnibus

2167 3097 2338 3154 bonis
2367 3097 2662 3155 alimentis
2693 3116 2819 3171 quas
2851 3100 3181 3156 necessaria
3210 3106 3367 3156 sunt.
3387 3101 3591 3156 Adhuc
3617 3107 3815 3158 autem

419 3173 604 3251 fames
626 3197 747 3250 erat
769 3173 1078 3255 immensa,
1101 3196 1158 3247 et
1177 3191 1506 3247 vendebant
1531 3189 1705 3246 unius
1734 3188 1883 3246 asini
1910 3206 2059 3244 onus
2090 3173 2132 3238 (ἶ
2172 3191 2230 3242 et
2253 3204 2433 3259 equos
2465 3187 2670 3244 faciam
2705 3189 3026 3245 conducere
3059 3190 3129 3245 ad
3162 3190 3553 3258 vendendum,
3573 3196 3630 3245 et
3661 3208 3814 3246 mer-

420 3291 547 3341 octo
567 3283 926 3356 purpuratis,
945 3281 1044 3352 qui
1065 3280 1374 3352 appretiati
1408 3283 1574 3335 erant
1603 3283 1836 3335 centum
1855 3276 2062 3351 viginti

423 3373 795 3430 denariorum
814 3369 1038 3425 solidis.
1056 3369 1138 3424 lbi
1156 3369 1392 3440 quidem
1408 3369 1622 3424 mortui
1644 3369 1880 3422 fuerunt
1894 3365 2062 3422 multi

418 3484 489 3523 ex
505 3463 722 3521 nostris
739 3459 1048 3526 militibus,
1064 3477 1177 3514 non
1197 3457 1477 3514 habentes
1497 3458 1750 3530 pretium
1770 3458 1924 3513 unde
1940 3462 2060 3512 tam

419 3571 620 3610 earum
654 3566 846 3607 emere
875 3548 1224 3622 potuissent.

487 3639 821 3696 \Villelmus
879 3638 1060 3710 igitur
1115 3635 1546 3708 Carpentarius,
1579 3640 1636 3692 et
1676 3636 1877 3691 Petrus
1926 3636 2060 3691 Ere-

417 3731 583 3797 mita,
615 3746 718 3802 pro
765 3726 1038 3783 immensi
1087 3725 1425 3781 infelicitate
1456 3743 1522 3782 ac
1553 3725 1788 3782 miseria
1827 3742 1974 3798 quas
1999 3723 2060 3778 in

417 3837 480 3876 se
501 3818 780 3886 sciebant,
803 3813 1042 3872 insimul
1069 3813 1380 3883 consiliati,
1403 3813 1650 3870 latenter
1672 3817 2056 3870 recesserunt.

417 3911 572 3975 Quos
589 3906 926 3962 Tancredus
941 3920 1318 3977 persequens,
1338 3903 1719 3975 apprehendit
1746 3919 2060 3974 secumque

417 3995 582 4052 duxit
635 4011 769 4050 cum
829 4009 1041 4066 magno
1099 3992 1398 4059 dedecore,
1442 3995 1499 4047 et
1545 3991 1720 4047 ﬁdem
1769 3991 1854 4046 illi
1902 3990 2062 4046 dedit

414 4083 770 4150 Willelmus,
803 4083 959 4155 quod
991 4081 1240 4138 libenter
1269 4080 1516 4137 redisset
1544 4080 1614 4135 ad
1649 4080 2060 4150 exercitum,et

417 4171 878 4230 satisfactionem
937 4171 1266 4228 senioribus
1324 4171 1555 4225 faceret.
1609 4170 1754 4225 Tota
1806 4185 2059 4240 namque

417 4267 605 4331 nocte,
641 4263 726 4318 uti
775 4259 932 4318 mala
985 4277 1098 4329 res,
1130 4259 1189 4314 in
1246 4259 1422 4315 tenda
1475 4257 1796 4314 Boamundi
1847 4257 2056 4329 jacuit.

415 4351 680 4410 Crastina
720 4355 916 4407 autem
965 4350 1059 4405 die
1101 4365 1334 4404 summo
1378 4346 1636 4402 diluculo
1677 4346 1830 4403 venit
1859 4346 2059 4402 erube-

416 4443 628 4500 scendo
647 4445 778 4498 ante
801 4438 1124 4496 Boamundi
1143 4437 1534 4510 praesentiam.
1550 4439 1732 4503 Quem
1754 4435 2058 4508 alloquens

2172 3281 2366 3331 catum
2387 3293 2488 3348 per
2507 3282 2720 3332 terram
2740 3277 3108 3350 imperatoris
3121 3279 3234 3334 huc
3246 3279 3439 3335 venire
3451 3280 3564 3335 cito
3579 3280 3811 3337 faciam.

2171 3365 2315 3421 Ecce
2337 3365 2456 3421 haec
2483 3366 2680 3422 omnia
2699 3367 2864 3423 vobis
2885 3367 3354 3440 fideliterjurabo
3374 3370 3445 3424 ad
3467 3370 3813 3426 tenendum.

2167 3455 2371 3510 Adhuc
2384 3471 2617 3527 quoque
2641 3456 2945 3512 domestici
2970 3456 3104 3523 mei,
3119 3462 3174 3512 et
3185 3457 3400 3530 papilio
3413 3475 3579 3514 meus
3589 3459 3818 3531 jugiter

2171 3545 2230 3598 in
2262 3560 2468 3616 campo
2498 3544 2626 3600 erit.
2645 3545 2715 3600 Et
2744 3544 2902 3600 nullo
2935 3547 3107 3602 modo
3139 3545 3316 3602 nolite
3345 3546 3630 3602 increduli
3662 3564 3814 3614 esse,

2170 3633 2270 3687 sed
2319 3633 2562 3688 ﬁrmiter
2618 3633 2834 3688 credite
2877 3635 3018 3705 quia
3061 3651 3167 3708 ego
3218 3637 3566 3707 quantocius
3611 3637 3684 3692 ad
3713 3654 3816 3694 vos

2170 3727 2480 3778 revertar.»
2512 3721 2617 3777 lvit
2648 3722 2744 3778 ille
2777 3723 3074 3792 inimicus,
3108 3724 3423 3796 omniaque
3453 3742 3563 3780 sua
3592 3724 3820 3782 dimisit

2169 3810 2228 3865 in
2261 3827 2488 3883 campo,
2508 3828 2573 3867 eo
2607 3817 2805 3868 tenore
2836 3815 2990 3884 quod
3023 3818 3182 3882 tunc,
3203 3819 3260 3869 et
3284 3814 3478 3880 modo,
3497 3819 3554 3869 et
3585 3831 3820 3888 semper

2169 3901 2499 3971 perjuratus
2531 3901 2660 3956 erit.
2693 3901 2786 3957 Sic
2817 3901 3013 3974 itaque
3043 3901 3142 3957 tali
3174 3903 3345 3958 modo
3375 3909 3610 3959 venerat
3645 3903 3818 3960 nobis

2169 4005 2383 4062 magna
2421 3991 2738 4046 necessitas
2783 3993 2940 4062 quod
2985 3991 3158 4048 Turci
3207 3992 3464 4064 undique
3515 3993 3817 4048 constrin-

2167 4078 2383 4150 gebant
2411 4096 2537 4148 nos,
2573 4080 2727 4152 quod
2776 4079 2974 4136 nullus
3025 4086 3357 4137 nostrorum
3406 4082 3657 4137 audebat
3684 4083 3816 4154 jam

2167 4166 2321 4223 exire
2353 4173 2513 4224 extra
2541 4168 2815 4236 tentoria;
2849 4174 3048 4226 tantus
3088 4174 3210 4226 erat
3257 4171 3582 4226 Turcorum
3613 4170 3814 4227 timor.

2169 4254 2256 4312 Illi
2290 4274 2542 4330 namque
2572 4259 3050 4332 constringebant
3079 4277 3190 4315 nos
3209 4258 3266 4316 in
3287 4276 3404 4316 una
3435 4263 3619 4332 parte,
3641 4275 3818 4316 coan-

2166 4345 2442 4417 gustabat
2490 4364 2596 4403 nos
2645 4347 2899 4404 crudelis
2952 4348 3138 4404 fames
3169 4347 3228 4403 in
3260 4347 3394 4404 alia.
3427 4349 3676 4404 Eramus
3707 4366 3818 4405 nos

2167 4434 2364 4490 miseri
2395 4435 2562 4491 valde
2593 4453 2658 4491 ac
2689 4436 2968 4494 dolentes.
2995 4438 3245 4508 Majores
3276 4437 3460 4493 nostri
3492 4438 3810 4509 quoquein

417 4531 816 4597 Boamundus,
873 4528 1019 4584 dixit
1064 4543 1078 4582 :
1147 4547 1168 4576 ι
1221 4526 1264 4582 0
1325 4525 1523 4582 infelix
1577 4525 1820 4582 infamia
1877 4525 2058 4581 totius
2087 4542 2134 4608 Ι)
2166 4523 2348 4579 nimio
2381 4541 2590 4596 pavore
2621 4529 2808 4581 erant.
2830 4527 3158 4582 Succursus
3189 4525 3426 4598 quidem
3454 4531 3556 4581 aut
3589 4527 3822 4598 adjuto-

416 4618 699 4676 Francia}!
725 4635 756 4674 ο
778 4618 1032 4674 dedecus
1063 4620 1120 4673 et
1145 4615 1338 4672 scelus
1371 4614 1690 4671 Galliarum
1717 4613 2052 4686 provinciae!

414 4714 471 4766 et
499 4727 531 4766 ο
563 4706 937 4781 iniquissime
976 4705 1243 4762 omnium
1291 4721 1438 4776 quos
1481 4708 1636 4760 terra
1679 4702 1920 4759 suffert!
1955 4720 2060 4758 cur

411 4803 534 4854 tam
565 4797 816 4870 turpiter
837 4795 1080 4869 fugisti?
1108 4794 1373 4852 Forsitan
1405 4799 1638 4866 propter
1665 4793 1774 4849 hoc
1803 4808 2056 4864 nequam

411 4887 648 4943 voluisti
698 4886 926 4941 tradere
973 4885 1083 4940 hos
1115 4883 1354 4950 milites,
1387 4887 1445 4938 et
1473 4881 1788 4938 exercitum
1819 4880 2056 4950 Christi,

385 4975 567 5047 _,sic.ut
605 4973 899 5029 tradidisti
960 4973 1106 5029 alios
1148 4973 1208 5028 in
1250 4972 1620 5044 Hispania?»
1667 4971 1772 5037 Qui
1819 4969 2058 5026 omnino

411 5064 615 5131 tacuit,
649 5068 706 5119 et
736 5061 936 5120 nullus
988 5080 1178 5118 sermo
1226 5079 1295 5118 ex
1325 5061 1452 5134 ejus
1482 5078 1579 5118 ore
1611 5059 1912 5134 processit.
1943 5060 2058 5116 Ad-

483 5241 673 5313 (6)15»
699 5243 888 5313 épian-t
915 5248 966 5298 et
994 5239 1286 5313 cltm‘chant
1321 5240 1387 5313 de
1429 5247 1546 5296 ιον-,ς
1575 5241 1734 5308 εσῑέις,
1779 5239 1933 5311 quod
1964 5237 2059 5293 in-

409 5311 739 5369 ternOlator'
759 5313 872 5368 non
906 5311 1208 5368 intellexit.
1239 5311 1522 5367 Gallicum
1555 5316 1664 5366 est.

485 5331 499 5367 Γ
543 5330 729 5368 οιαιοι·
759 5330 872 5368 non
906 5330 1208 5368 Intellexn.
1239 5330 1522 5367 uaulcum
1555 5330 1664 5366 εει.

485 5330 560 5460 ὅ)
598 5385 826 5457 Tetigus.
877 5387 998 5462 Tyr.
1047 5385 1144 5442 lib.
1195 5401 1256 5460 ιι,
1301 5400 1348 5441 c.
1390 5385 1496 5454 ult,
1530 5399 1586 5458 p.
1617 5383 1744 5453 664,
1777 5381 1880 5440 ubi
1915 5383 2060 5438 Tati-

2169 4611 2321 4668 rium
2352 4613 2520 4669 nobis
2552 4613 2786 4686 penitus
2817 4615 3032 4671 deerat.
3054 4617 3205 4672 Gens
3235 4615 3465 4670 minuta
3496 4620 3551 4670 et
3567 4632 3820 4687 pauper-

2167 4704 2318 4758 rima
2348 4703 2666 4775 fugiebant,
2715 4703 2812 4760 alii
2841 4704 3047 4778 Cypro,
3095 4704 3192 4760 alii
3225 4705 3283 4760 in
3314 4705 3685 4771 Romaniam,
3715 4703 3819 4760 alii

2167 4790 2227 4846 in
2255 4791 2602 4848 montaneis.
2636 4793 2717 4847 Ad
2751 4809 2910 4850 mare
2957 4793 3160 4866 utiqu'e
3189 4810 3304 4849 non
3339 4793 3704 4849 audebamus
3739 4793 3825 4850 ire

2167 4898 2282 4953 prae
2302 4881 2510 4938 timore
2541 4883 2933 4954 pessimorum
2957 4884 3310 4950 Turcorum;
3332 4881 3670 4938 nullatenus
3694 4887 3826 4940 erat

2169 4970 2336 5026 nobis
2365 4970 2458 5026 via
2487 4971 2792 5043 patefacta.

2166 5257 2271 5295 nus
2326 5248 2545 5296 vocatur
2600 5247 2653 5296 et
2705 5240 2770 5296 de
2826 5240 2924 5297 hoc
2985 5241 3118 5308 loco,
3169 5258 3246 5309 IV,
3314 5257 3363 5297 ε.
3421 5242 3513 5306 2|,
3575 5259 3632 5309 p.
3695 5242 3827 5298 694.

2174 5313 2368 5440 Taqu3
2390 5313 2568 5368 Raz'm.
2609 5311 2674 5368 de
2704 5313 2876 5383 Agil.,
2908 5329 2966 5385 p.
3001 5314 3125 5369 145.
3170 5315 3452 5384 Tatingus,
3486 5311 3648 5370 Bald.
3685 5315 3727 5369 ι.
3760 5332 3825 5382 ιι,

2174 5399 2227 5440 n.
2376 5426 2388 5439 .

2169 5399 2227 5457 p.
2264 5399 2388 5440 ιυδ.
