3998 6088
163 281 276 340 781

845 283 918 342 Ρ.
965 282 1362 344 TUDEBODI
1407 282 1607 343 HIS'I‘.
1658 280 1756 341 DE
1801 281 2214 341 HlEltOSOL.
2262 281 2447 341 I'l‘IN.
2478 316 2554 324 —
2587 281 2736 340 LIB.
2784 282 2886 341 Ill.

3452 280 3570 342 782

1180 585 1589 674 INCIPIT
1651 586 1964 673 LIBER
2030 583 2554 670 TERTIUS.

385 764 515 818 Item
541 761 848 820 Christiani
876 772 1198 836 pugnarunt
1223 780 1351 840 cum.
1374 764 1576 818 Turcis.

229 855 460 906 Interea
481 851 662 906 nostri
681 851 975 925 principes
997 852 1299 907 audientes
1319 849 1808 906 innumerabilem

149 944 393 1012 gentem
423 940 744 996 Turcorum
775 941 1004 996 venisse
1042 958 1218 1013 super
1247 944 1658 1013 nos,eeperunt
1679 957 1810 995 con-

151 1028 649 1096 silium,dicentes
683 1046 696 1085 :
731 1053 758 1079 (ι
783 1030 926 1084 Ecce
948 1029 1463 1085 innumerabilium
1485 1030 1807 1084 Turcorum

152 1117 448 1173 exercitus
505 1118 665 1173 venit
707 1135 884 1191 super
939 1135 1065 1185 nos,
1127 1117 1266 1191 quid
1325 1118 1644 1174 faciemus?
1693 1117 1808 1174 Nos

151 1206 397 1278 quidem
429 1207 576 1262 tanti
609 1224 723 1262 non
759 1208 1149 1278 sumus,quod
1190 1206 1246 1261 in
1281 1207 1510 1262 duabus
1543 1207 1808 1279 partibus

152 1312 423 1368 pugnare
473 1295 772 1352 valeamus
828 1313 962 1352 cum
1009 1295 1143 1352 illis.
1199 1297 1507 1352 Faciamus
1556 1313 1692 1368 ergo
1740 1313 1808 1351 ex

150 1385 328 1439 nobis
358 1385 506 1439 duas
536 1385 910 1457 partes.Pars
943 1401 1193 1458 namque
1221 1384 1478 1440 militum
1511 1389 1808 1440 remaneat

139 1473 376 1546 jugiter
406 1473 698 1528 custodire
719 1473 1046 1546 papiliones
1063 1478 1316 1542 nostros,
1333 1478 1390 1528 et
1411 1474 1692 1529 obsistere
1714 1473 1805 1527 his

146 1563 256 1635 qui
287 1562 347 1616 in
398 1562 626 1618 civitate
674 1567 832 1619 sunt.
867 1563 936 1617 Et
978 1562 1092 1618 alia
1111 1580 1280 1635 -pars
1324 1561 1581 1618 militum
1627 1561 1804 1618 simul

146 1651 377 1724 equitet
405 1651 632 1706 obviam
682 1651 942 1707 inimicis
992 1652 1228 1718 nosiris,
1261 1651 1361 1723 qui
1401 1650 1495 1706 hic
1527 1651 1804 1723 hospitati

145 1745 295 1796 sunt
325 1756 501 1812 prope
533 1757 640 1796 nos
669 1739 727 1796 in
751 1740 986 1796 castello
1015 1741 1171 1812 quod
1202 1745 1439 1796 vocatur
1467 1741 1634 1812 Areg,
1653 1739 1806 1794 ultra

144 1829 721 1886 Pontem-Ferreum.
761 1851 786 1878 »
821 1829 959 1885 Sero
1004 1835 1199 1884 autem
1235 1829 1406 1894 facto,
1439 1828 1704 1883 exierunt
1732 1829 1804 1884 de

141 1918 502 1986 tentoriis,et
533 1917 845 1974 consilium
880 1919 1159 1983 fecerunt,
1193 1918 1453 1973 dicentes
1488 1933 1500 1972 :
1537 1939 1564 1966 »
1589 1917 1804 1974 Omnes

143 2024 359 2064 eamus
389 2010 590 2062 contra
639 2005 912 2062 inimicos
968 2011 1220 2073 nostros,
1255 2006 1355 2079 qui
1411 2012 1551 2062 sunt
1596 2006 1802 2078 viginti

145 2097 415 2168 quinque
447 2093 815 2162 millia,sicut
845 2100 1117 2151 narratur
1143 2095 1332 2150 nobis.
1359 2095 1468 2149 Sed
1503 2095 1802 2150 Podiensis

145 2185 550 2257 cpiscopus,et
580 2185 867 2240 Robertus
885 2184 1346 2250 Northmannus,
1371 2189 1428 2238 et
1455 2183 1802 2239 Eustachius

142 2290 367 2341 comes,
401 2277 740 2328 remaneant
769 2273 1063 2329 custodire
1093 2273 1166 2328 ab
1200 2272 1318 2328 illis
1348 2273 1446 2345 qui
1479 2272 1536 2327 in
1571 2273 1802 2328 civitate

139 2367 308 2419 sunt.
347 2385 374 2411 ››
407 2362 648 2418 Summo
671 2366 867 2418 autem
897 2361 1154 2417 diluculo
1186 2362 1539 2418 remiserunt
1569 2377 1636 2416 ex
1655 2361 1802 2416 mili-

139 2453 306 2507 tibus
338 2450 590 2524 suis,qui
614 2450 880 2506 exierunt
896 2451 1089 2506 videre
1114 2450 1428 2507 exercitum
1453 2451 1797 2519 Turborum,

138 2546 201 2596 et
232 2540 334 2595 ubi
367 2545 526 2605 sunt,
573 2545 629 2596 et
672 2541 814 2613 quid
864 2545 1016 2595 certe
1057 2544 1250 2613 agant.
1288 2539 1559 2594 Exierunt
1604 2539 1801 2612 itaque

137 2629 250 2696 illi,
313 2633 371 2684 et
427 2633 722 2701 coeperunt
781 2627 1076 2685 subtiliter
1143 2629 1436 2700 inquirere
1494 2627 1592 2683 ubi
1646 2628 1800 2684 acies

135 2735 362 2776 eorum.
399 2722 720 2773 Turcorum
763 2722 903 2772 sunt
955 2717 1281 2773 reconditae.
1329 2717 1487 2772 Illico
1531 2717 1802 2772 viderunt

135 2811 486 2881 segregatos
510 2807 704 2862 venire
736 2824 803 2862 ex
823 2810 986 2878 parte
1014 2806 1273 2862 ﬂuminis
1293 2805 1508 2862 divisos
1531 2822 1632 2878 per
1653 2807 1800 2862 duas

134 2897 321 2966 acies,
356 2895 611 2951 maxima
660 2912 795 2951 vero
846 2894 1080 2950 illorum
1111 2895 1298 2950 virtus
1328 2895 1595 2950 veniebat
1623 2898 1796 2950 retro.

136 2985 384 3042 Reversi
418 2989 558 3040 sunt
586 3001 724 3058 ergo
745 2983 1009 3039 celeriter
1030 2983 1502 3051 nostri,dicentes
1535 3001 1548 3040 :
1582 3007 1609 3034 «
1634 2985 1796 3050 Ecce,

130 3091 276 3130 ecce
319 3075 449 3135 jam
502 3073 763 3130 veniunt.
799 3074 990 3128 Estote
1037 3072 1238 3144 itaque
1288 3089 1490 3128 omnes
1539 3071 1801 3145 undique

130 3162 356 3237 parati,
391 3163 528 3235 quia
548 3164 676 3234 jam
719 3179 897 3234 prope
943 3167 1084 3217 sunt
1141 3161 1330 3227 nobis,
1364 3161 1519 3216 sicut
1558 3161 1800 3233 potestis

127 3253 357 3307 videre.
395 3274 423 3301 »
459 3251 845 3306 Decreverunt
891 3250 1074 3306 nostri
1109 3267 1171 3306 se
1202 3253 1266 3304 ut
1293 3249 1701 3322 unusquisque
1732 3267 1801 3305 ex

129 3341 472 3412 majoribus
489 3356 592 3412 per
609 3356 671 3395 se
702 3339 997 3394 ordinaret
1015 3356 1182 3394 suam
1206 3337 1550 3393 aciem.Mox
1571 3338 1800 3394 ordina-

127 3433 358 3486 verunt
387 3445 489 3485 sex
518 3428 690 3485 acies.
726 3427 992 3500 Quinque
1042 3433 1237 3483 autem
1288 3426 1442 3483 acies
1473 3427 1667 3482 ierunt
1697 3427 1798 3483 ad-

1837 761 1892 829 Α
1923 759 2121 814 omnia
2151 776 2276 831 qua:
2310 759 2391 814 ibi
2441 759 2691 832 reperire
2722 763 3056 831 potuerunt,
3089 763 3276 815 totum
3309 762 3569 815 castrum

1918 847 2405 920 exspoliaverunt,
2454 848 2860 920 miseruntque
2908 847 3101 921 ignem
3157 853 3213 903 et
3270 849 3565 920 fugerunt.

1920 937 2233 1006 Hermenii,
2284 942 2340 992 et
2389 937 2425 991 S
2477 937 2646 1002 riani,
2688 941 2744 992 et
2791 937 2972 993 Graeci
3021 937 3273 993 scientes
3329 936 3568 992 omnino

1918 1026 2140 1081 Turcos
2159 1026 2480 1098 perdidisse
2502 1025 2744 1093 bellum,
2777 1025 3043 1081 exierunt
3064 1029 3120 1081 et
3140 1025 3570 1081 cxcubaverunt

1917 1129 2021 1188 per
2052 1120 2211 1169 arcta
2257 1114 2402 1180 loca,
2437 1119 2493 1170 et
2541 1114 2898 1180 occiderunt,
2949 1119 3006 1170 et
3055 1114 3569 1186 apprehenderunt

1917 1201 2135 1258 multos
2168 1219 2236 1258 ex
2258 1202 2362 1258 eis.
2389 1203 2656 1275 Superati
2679 1209 2819 1258 sunt
2841 1204 3035 1275 itaque
3057 1203 3170 1258 Deo
3193 1207 3484 1258 annuente
3509 1203 3566 1258 in

1917 1290 2018 1347 illa
2049 1292 2142 1346 die
2171 1291 2392 1346 inimici
2425 1292 2793 1347 nostri.Satis
2825 1309 2956 1347 vero
2987 1291 3306 1364 recuperati
3331 1297 3467 1346 sunt
3497 1292 3567 1347 de

1916 1380 2104 1453 equis,
2137 1384 2194 1436 et
2223 1381 2353 1436 aliis
2407 1382 2580 1436 rebus
2629 1381 2855 1449 multis,
2890 1398 3015 1454 qua:
3061 1385 3225 1436 erant
3255 1380 3370 1436 illis
3400 1379 3566 1436 valde

1916 1469 2275 1525 necessariis.
2319 1470 2682 1542 Accipientes
2730 1469 2927 1541 itaque
2976 1469 3160 1525 rrulta
3209 1469 3413 1542 spolia,
3465 1470 3565 1524 de-

1915 1558 2211 1614 duxerunt
2241 1558 2457 1614 multos
2504 1576 2572 1614 ex
2613 1557 2732 1614 illis
2783 1558 3038 1614 inimicis
3071 1559 3228 1614 vivos
3259 1575 3477 1624 secum,
3510 1561 3568 1614 et

1914 1645 2170 1719 plurima
2199 1647 2390 1720 capita
2422 1651 2786 1703 mortuorum
2819 1647 3152 1703 detulerunt
3182 1651 3314 1704 ante
3336 1651 3562 1720 portam

1914 1735 2184 1808 civitatis,
2235 1736 2336 1791 ubi
2384 1736 2558 1809 legati
2606 1736 2914 1792 Ammirati
2965 1735 3290 1809 Babyloniae
3344 1739 3562 1793 castra-

1914 1824 2113 1880 metati
2147 1825 2396 1890 fuerant,
2432 1841 2558 1896 qua:
2607 1825 2988 1882 mittebantur
3017 1825 3216 1880 comiti
3250 1826 3319 1880 de
3351 1826 3561 1881 Sancto

1912 1913 2136 1984 IEgidio
2171 1918 2228 1968 et
2257 1913 2388 1969 aliis
2421 1913 2769 1970 senioribus.
2805 1914 2912 1982 Illi,
2939 1914 3039 1986 qui
3073 1917 3482 1969 remanserunt
3503 1913 3560 1968 in

1913 2001 2199 2070 tentoriis,
2231 2007 2353 2057 tota
2403 2001 2496 2058 die
2546 2002 2787 2074 praeliati
2839 2008 2978 2058 sunt
3025 2018 3159 2058 cum
3208 2002 3328 2058 illis
3370 2001 3561 2074 quiin

1912 2089 2142 2145 civitate
2163 2093 2348 2157 erant,
2369 2095 2501 2145 ante
2528 2095 2646 2146 tres
2678 2096 2874 2163 portas
2906 2090 3177 2146 civitatis.
3205 2092 3444 2146 Factum
3474 2095 3564 2146 cst

1912 2177 2020 2234 hoc
2050 2178 2267 2234 bellum
2301 2179 2358 2233 in
2390 2179 2481 2234 die
2507 2179 2710 2234 Martis
2731 2185 2866 2235 ante
2887 2180 3074 2252 Caput
3094 2181 3333 2251 Jejunii,
3367 2198 3402 2234 v
3423 2180 3562 2236 Idus

1912 2267 2232 2333 Februarii,
2265 2268 2492 2323 favente
2549 2268 2796 2325 Domino
2855 2273 3055 2324 nostro
3110 2269 3249 2324 Jesu
3308 2267 3558 2335 Christo,

1911 2355 2176 2428 quicum
2209 2356 2376 2413 Patre
2425 2362 2483 2413 et
2532 2357 2752 2430 Spiritu
2807 2362 3006 2424 sancto
3055 2357 3195 2413 vivit
3241 2363 3297 2414 et
3334 2361 3558 2430 regnat,

1909 2461 2102 2524 amen.

1981 2532 2213 2590 Reversi
2245 2539 2383 2590 sunt
2413 2534 2610 2606 itaque
2641 2535 2846 2604 nostri,
2869 2535 2979 2591 hoc
3011 2539 3216 2608 agente
3247 2535 3384 2606 Deo,
3417 2551 3558 2608 gau-

1908 2623 2112 2694 dentes,
2143 2623 2213 2678 de
2244 2623 2744 2695 triumpho,quem
2780 2624 2837 2678 in
2867 2624 2958 2679 die
2989 2623 3086 2678 illo
3128 2624 3460 2679 habuerunt
3489 2624 3558 2679 de

1910 2710 2293 2784 inimicis,qui
2331 2717 2470 2768 sunt
2517 2730 2620 2785 per
2657 2713 2856 2768 omnia
2903 2729 3136 2785 semper
3178 2713 3436 2784 superati
3468 2714 3559 2768 fu-

1909 2799 2154 2871 gientes,
2189 2799 2303 2856 huc
2353 2806 2409 2855 et
2448 2801 2587 2856 illuc
2616 2807 2916 2874 vagantes,
2951 2807 3005 2856 et
3033 2807 3332 2869 errantes;
3368 2801 3466 2858 alii
3499 2802 3557 2857 in

1909 2888 2290 2956 Corosanum,
2323 2888 2423 2945 alii
2453 2907 2586 2946 vero
2619 2890 2678 2944 in
2711 2890 3165 2945 Sarracenorum
3196 2889 3562 2945 intraverunt

1909 2980 2145 3032 terram.
2177 2976 2456 3034 Videntes
2485 2982 2678 3034 autem
2703 2977 2886 3033 nostri
2910 2978 3162 3048 majores
3191 2994 3258 3033 ac
3279 2977 3556 3046 seniores,

1910 3065 2066 3136 quod
2098 3063 2251 3121 male
2281 3071 2598 3122 tractarent
2626 3084 2734 3122 nos
2758 3071 2813 3122 et
2843 3066 3312 3140 constringerent
3334 3065 3559 3120 inimici

1911 3152 2115 3220 nostri,
2165 3153 2264 3226 qui
2312 3159 2479 3210 erant
2529 3155 2587 3209 in
2637 3154 2870 3210 civitate
2911 3155 3024 3226 (die
3077 3154 3232 3209 enim
3283 3170 3347 3210 ac
3392 3157 3560 3210 nocte

1901 3241 2124 3315 jugiter
2180 3241 2502 3315 vigilabant
2571 3248 2628 3298 et
2693 3243 3144 3313 insidiabantur,
3216 3261 3332 3316 qua
3397 3247 3559 3315 parte

1910 3347 2016 3387 nos
2072 3329 2278 3388 laedere
2336 3348 2402 3387 ac
2459 3331 2758 3406 angustari
2816 3333 3188 3404 potuissent),
3224 3331 3557 3404 congregati

1909 3419 1969 3474 in
2001 3437 2186 3476 unum
2231 3418 2543 3476 consilium
2593 3421 2905 3493 petierunt,
2959 3419 3216 3476 dicentes
3251 3437 3264 3474 :
3299 3443 3326 3470 «
3359 3420 3556 3476 Prius-

129 3517 377 3575 unatim
409 3517 681 3574 invadere
730 3516 884 3573 illos.
918 3515 1293 3572 Flandrensis
1341 3531 1537 3572 comes
1587 3515 1695 3570 fuit
1737 3515 1796 3570 in
1827 3494 1870 3561 ί]
1910 3525 2087 3580 quam
2147 3508 2461 3580 perdamus
2525 3514 2755 3582 gentem
2820 3509 2919 3565 Dei
2987 3513 3044 3565 et
3111 3513 3394 3578 nostram,
3472 3510 3562 3565 fa-

126 3607 336 3681 primo
386 3607 598 3679 capite.
652 3606 1028 3662 Boamundus
1085 3604 1367 3678 paulatim
1426 3603 1801 3678 gradiebatur

125 3701 298 3752 retro
352 3711 487 3750 cum
520 3712 627 3750 sua
657 3695 798 3751 acie.
830 3694 1027 3751 Juncti
1077 3694 1256 3767 igitur
1303 3710 1576 3765 prospere
1617 3693 1800 3749 nostri

129 3801 280 3840 cum
314 3784 542 3852 Turcis,
565 3783 974 3856 unusquisque
1005 3781 1536 3839 sternebatalium.
1570 3780 1802 3837 Clamor

129 3891 276 3930 vero
331 3889 533 3928 eorum
565 3873 876 3928 resonabat
922 3871 992 3926 ad
1025 3871 1253 3926 ccelum.
1291 3870 1512 3926 Imbres
1549 3869 1799 3925 telorum

137 3960 580 4016 obnubilabant
599 3977 814 4016 aerem.
831 3960 1146 4032 Postquam
1163 3959 1319 4014 venit
1340 3959 1490 4014 mavi
1503 3976 1597 4014 ma
1616 3959 1802 4015 virtus

137 4066 511 4122 eorum,quze
557 4053 682 4105 erat
729 4049 1122 4117 retro,acritcr
1169 4047 1383 4103 invasit
1426 4053 1680 4114 nostros,
1721 4047 1804 4102 ita

138 4144 208 4195 ut
239 4137 431 4194 nostri
455 4139 582 4209 jam
615 4137 924 4211 paululum
957 4137 1293 4193 recederent
1325 4142 1496 4192 retro.
1530 4136 1646 4192 Hoc
1667 4153 1801 4191 cum

139 4227 296 4283 vidit
331 4227 724 4293 Boamundus,
759 4225 1348 4300 ingemuit.Praecepit
1373 4241 1507 4298 ergo
1538 4229 1806 4279 conesta~

135 4316 246 4373 bili
303 4333 436 4384 suo,
490 4315 715 4372 scilicet
763 4316 1040 4371 Rotberto
1091 4313 1210 4368 filio
1256 4313 1504 4380 Girardi,
1550 4312 1799 4368 dicens:

139 4429 168 4457 ‹‹
209 4405 540 4461 Recordare
572 4404 950 4478 prudentium
982 4403 1362 4474 antiquorum
1385 4406 1442 4457 et
1468 4405 1804 4457 nostrorum

143 4494 395 4549 fortium
431 4498 760 4564 parentum,
794 4491 995 4565 quales
1045 4492 1280 4546 fuerunt
1327 4494 1383 4546 et
1429 4490 1624 4560 qualia
1655 4489 1806 4545 bella

141 4583 439 4637 fecerunt.
472 4604 500 4632 »
540 4581 664 4637 Fuit
693 4581 891 4653 itaque
921 4580 1017 4635 ille
1041 4580 1209 4652 signo
1241 4579 1428 4634 crucis
1458 4582 1720 4634 armatus
1741 4583 1807 4633 ut

141 4670 514 4727 fortissimus
573 4669 812 4738 athleta,
855 4674 915 4724 et
959 4670 1112 4724 sicut
1154 4667 1389 4740 sapiens
1433 4672 1489 4722 et
1547 4668 1806 4739 prudens

147 4757 374 4813 invasit
407 4757 558 4824 illos,
589 4759 857 4814 deferens
877 4757 1150 4812 vexillum
1181 4755 1806 4811 Boamundi.Videntes

148 4852 357 4903 autem
389 4844 515 4901 aliae
539 4847 694 4903 acies
715 4847 871 4919 quod
893 4845 1166 4902 vexillum
1191 4844 1512 4899 Boamundi
1536 4849 1654 4898 tam
1679 4861 1811 4915 pru-
1838 4863 1883 4927 D

147 4935 508 4992 dentissime
552 4935 703 4991 foret
750 4939 883 4990 ante
929 4933 1074 4990 alios
1119 4932 1398 5000 delatum,
1431 4932 1643 4987 reversi
1670 4935 1810 4988 sunt

149 5027 508 5094 retrorsum,
559 5027 614 5079 et
656 5024 818 5096 ipsos
866 5021 1224 5078 unanimiter
1271 5020 1632 5076 invaserunt.
1665 5021 1809 5075 Fue-

152 5115 420 5182 runtque
459 5111 644 5168 nostri
685 5127 930 5168 numero
978 5108 1351 5182 septingenti,
1391 5107 1560 5163 Turci
1607 5107 1811 5180 viginti

154 5199 426 5270 quinque
466 5197 672 5255 millia.
705 5199 818 5256 Sed
867 5197 1056 5273 gratia
1105 5194 1208 5252 Dei
1259 5211 1465 5252 omnes
1506 5193 1813 5268 stupefacti

154 5286 541 5358 arripuerunt
590 5287 818 5362 fugam,
849 5291 908 5344 et
952 5286 1251 5342 verterunt
1297 5283 1494 5339 statim
1543 5282 1812 5355 scapulas

154 5377 338 5431 retro.
370 5373 567 5431 Nostrl
599 5376 783 5449 igitur
811 5373 1099 5448 persecuti
1131 5374 1274 5427 sunt
1303 5369 1816 5442 illos,superantes

157 5479 226 5520 ac
255 5462 940 5522 detruncantes.Reversi
961 5463 1100 5518 sunt
1113 5472 1249 5514 vero
1279 5457 1451 5513 Turci
1475 5457 1820 5516 festinanter

161 5550 223 5616 in
251 5566 436 5616 suum
463 5556 746 5615 castrum.
778 5551 888 5625 Qui
907 5549 1021 5610 vivi
1037 5547 1822 5628 remanserunt,aeceperuut

1908 3597 2135 3653 ciamus
2162 3601 2419 3654 castrum
2439 3598 2510 3653 ad
2540 3597 2976 3664 Macomariam,
3010 3615 3137 3670 quae
3162 3602 3250 3654 est
3272 3601 3406 3653 ante
3428 3615 3560 3670 por-

1909 3689 2028 3741 tam
2060 3685 2158 3741 ubi
2186 3703 2334 3758 pons
2366 3690 2476 3756 est,
2505 3686 2704 3758 ibique
2737 3687 2984 3743 forsitan
3019 3686 3343 3759 poterimus
3373 3685 3565 3742 inimi-

1909 3791 2008 3830 cos
2039 3778 2270 3830 nostros
2300 3774 2720 3848 constringere.
2751 3797 2779 3825 »
2815 3777 3170 3832 Consensere
3201 3792 3406 3831 omnes
3429 3791 3566 3831 con-

1909 3863 2062 3930 silio,
2097 3867 2154 3917 et
2199 3862 2588 3919 laudaverunt
2625 3865 2780 3935 quod
2809 3863 3028 3920 bonum
3061 3868 3216 3920 esset
3247 3865 3320 3920 ad
3354 3864 3568 3919 facien-

1910 3952 2074 4007 dum.
2098 3955 2302 4008 Comes
2324 3953 2396 4008 de
2417 3953 2628 4008 Sancto
2641 3953 2862 4025 Egidio
2877 3952 3022 4008 dixit
3044 3953 3301 4025 primus:
3320 3976 3346 4003 «
3371 3953 3566 4009 Estote

1911 4039 2056 4095 mihi
2086 4040 2146 4094 in
2183 4041 2539 4112 adjutorium
2574 4041 2644 4096 ad
2690 4040 3023 4096 faciendum
3055 4045 3334 4108 castrum,
3369 4045 3427 4097 et
3458 4057 3564 4114 ego

1911 4128 2176 4184 muniam
2207 4134 2260 4184 et
2291 4129 2554 4185 servabo.
2591 4152 2618 4178 »
2652 4129 2973 4201 Respondit
3015 4129 3096 4184 illi
3130 4130 3510 4186 Boamundus
3547 4147 3560 4186 :

1915 4239 1943 4268 «
1975 4217 2031 4274 Si
2061 4234 2164 4273 vos
2191 4217 2388 4282 vultis,
2421 4221 2477 4272 et
2508 4217 2605 4272 alii
2639 4217 2895 4273 seniores
2927 4216 3312 4287 laudaverint,
3344 4217 3438 4274 ibo
3469 4235 3564 4274 vo-

1911 4307 2141 4362 biscum
2174 4307 2244 4361 ad
2278 4312 2512 4377 portum
2545 4305 2741 4362 Sancti
2775 4305 3404 4379 Simeonis,diligcnter
3424 4323 3559 4361 con-

1913 4396 2124 4450 ducere
2155 4393 2285 4448 illos
2315 4394 2414 4465 qui
2445 4393 2564 4448 illic
2595 4399 2735 4450 sunt
2762 4394 3156 4467 homines,qni
3180 4394 3289 4450 hoc
3311 4393 3562 4450 fideliter

1913 4487 2194 4557 peragant
2233 4500 2400 4554 opus.
2441 4482 2551 4538 Alii
2585 4483 2685 4555 qui
2732 4487 2874 4539 sunt
2921 4483 3249 4540 remansuri
3301 4483 3560 4556 undique

1914 4572 2188 4627 muniant
2217 4587 2343 4626 sese
2373 4571 2444 4628 ad
2475 4571 2925 4639 defendendum,
2947 4572 2995 4627 si
3029 4572 3173 4628 forte
3203 4570 3427 4626 inimici
3456 4588 3560 4626 no-

1915 4660 2020 4716 stri
2052 4664 2108 4715 et
2137 4660 2236 4715 Dei
2269 4659 2515 4714 exierint
2565 4660 2636 4716 de
2681 4659 2932 4726 civitate,
2966 4665 3022 4714 et
3052 4660 3110 4714 in
3161 4659 3286 4716 loco
3314 4659 3413 4714 illo
3443 4659 3564 4715 sint

1915 4765 2119 4804 omnes
2149 4748 2480 4820 congregati
2514 4748 2571 4801 in
2604 4765 2810 4815 unum,
2837 4748 3058 4804 scilicet
3079 4748 3181 4804 ubi
3201 4765 3306 4803 nos
3330 4748 3566 4803 demon-

1915 4837 2255 4892 strabimus.
2291 4859 2318 4885 »
2354 4837 2710 4907 Factumque
2759 4841 2848 4891 est
2891 4837 2990 4891 ita.
3025 4837 3229 4892 Comes
3277 4835 3458 4907 igitur
3507 4839 3565 4891 et

1917 4924 2290 4981 Boamundus
2340 4929 2715 4996 perrexerunt
2763 4925 2834 4979 ad
2869 4923 3066 4980 Sancti
3109 4923 3396 4980 Simeonis
3425 4941 3566 4996 por-

1916 5018 2066 5069 tum.
2116 5013 2233 5068 Nos
2281 5012 2501 5082 itaque,
2536 5011 2636 5083 qui
2681 5011 3076 5067 remansimus
3119 5011 3456 5085 congregati
3503 5011 3566 5068 in

1918 5098 2235 5167 unum,ubi
2264 5103 2523 5156 castrum
2547 5099 2800 5172 incipere
2823 5099 3403 5168 debuissemus,tunc
3425 5101 3573 5156 Tur-

1920 5189 1972 5245 ci
2003 5189 2263 5244 videntes
2291 5187 2401 5243 hoc
2429 5193 2905 5259 praeparaverunt
2935 5205 3017 5254 se,
3052 5192 3110 5243 et
3140 5187 3292 5244 illico
3305 5187 3574 5244 exierunt

1921 5282 2082 5332 extra
2110 5274 2405 5335 civitatem
2436 5274 2666 5331 obviam
2697 5273 2869 5331 nobis
2910 5275 2982 5333 ad
3015 5274 3303 5346 praelium.
3338 5273 3432 5330 Sic
3462 5275 3574 5331 ita-

1923 5380 2038 5438 que
2069 5363 2368 5419 irruerunt
2389 5377 2567 5433 super
2588 5364 2784 5429 nos,et
2811 5364 3105 5420 miserunt
3131 5379 3237 5418 nos
3265 5363 3326 5416 in
3356 5361 3578 5434 fugam,

1924 5458 1984 5513 et
2015 5449 2356 5510 occiderunt
2383 5447 2581 5522 plures
2611 5467 2681 5507 ex
2712 5452 2938 5508 nostris
2957 5448 3264 5506 militibus.
3292 5449 3459 5505 Unde
3481 5465 3590 5508 nos

1921 5543 2128 5608 tristes
2160 5537 2546 5620 dolentesque
2561 5537 3089 5602 fuimus.Crastino
3119 5539 3312 5600 autem
3327 5535 3592 5626 videntes
