3994 6082
157 299 282 368 785

848 300 919 365 P.
967 301 1367 367 'I‘UDEBODI
1410 302 1612 366 HIS'l‘.
1659 303 1760 364 DE
1805 301 2219 366 HIEBOSOL.
2272 302 2452 366 ITIN.
2487 335 2565 348 —
2598 302 2743 365 LIB.
2789 301 2896 364 III.

3461 301 3578 366 786

155 435 386 512 bylonis
416 434 627 493 delata.
660 435 822 503 Quod
853 435 1116 493 videntes
1146 436 1338 505 Turci,
1373 436 1552 493 nimis
1582 437 1818 492 fuerunt
1845 437 1900 503 Α
1929 435 2176 501 eidistis,
2206 434 2473 492 videlicet
2503 435 2809 492 duodecim
2824 433 3155 504 Amiralios,
3175 437 3229 491 et
3243 433 3399 492 mille
3413 436 3581 509 quin-

155 527 378 598 tristes,
413 530 469 581 et
499 525 759 582 dolentes
790 543 980 598 usque
1011 527 1083 582 ad
1125 543 1349 582 necem.
1398 527 1506 593 Qui
1561 525 1820 598 quotidie

153 617 472 689 plorantes,
507 615 586 670 nil
618 616 779 671 aliud
833 615 1079 688 quibant
1131 615 1318 672 facere
1351 617 1463 672 nisi
1508 616 1734 688 plorare
1767 620 1822 671 et

151 706 397 762 ululare.
431 705 624 760 Tertia
653 710 850 760 autem
884 705 979 760 die
1013 706 1302 772 veniente,
1325 710 1626 778 coeperunt
1675 722 1817 778 gau-

157 796 366 852 dentes
397 799 456 850 et
485 793 812 850 exultantes
835 795 1025 865 juncti
1049 794 1590 850 insimulzediﬁcare
1613 795 1815 850 eodem

153 885 243 942 die
274 889 540 939 castrum
572 882 715 938 illud
740 885 866 953 jam
900 885 1337 955 supradictum,
1389 885 1459 940 de
1492 884 1696 940 iisdem
1729 883 1813 938 la-

152 973 392 1047 pidibus
441 990 588 1045 quos
619 973 1012 1028 abstraximus
1043 974 1302 1046 desuper
1331 973 1816 1029 humatisTurco-

153 1080 284 1118 rum
319 1063 684 1134 corporibus.
722 1061 962 1116 Peracto
994 1061 1192 1134 itaque
1223 1067 1437 1127 castro,
1469 1080 1603 1117 mox
1634 1062 1811 1134 ccepi-

155 1169 290 1208 mus
315 1169 384 1207 ex
415 1151 574 1206 omni
610 1154 773 1223 parte
804 1155 1188 1223 coangustare
1206 1151 1811 1222 prudenterinimieos

155 1245 408 1307 nostros,
435 1257 687 1312 quorum
716 1239 1107 1295 tumidacoila
1129 1240 1199 1295 ad
1216 1239 1468 1295 nihilum
1493 1242 1620 1312 jam
1647 1245 1810 1296 erant

154 1331 412 1385 redacta.
447 1329 608 1394 Quod
641 1333 898 1384 castrum
933 1328 1341 1401 unusquisque
1372 1330 1668 1385 seniorum
1707 1346 1807 1384 no-

154 1425 411 1474 strorum
443 1418 576 1473 fecit
603 1434 706 1490 per
736 1422 960 1489 partem
992 1419 1280 1474 immenso
1311 1435 1520 1491 aggere
1550 1423 1806 1487 etmuro,

153 1514 210 1565 et
237 1508 674 1563 ediﬁcaverunt
704 1507 760 1560 in
795 1523 860 1561 eo
891 1507 1039 1562 duas
1071 1511 1261 1562 turres
1294 1507 1351 1562 in
1396 1508 1806 1564 Machomaria.

153 1598 271 1653 Nos
302 1601 500 1652 autem
535 1613 737 1651 secure
781 1595 1234 1651 ambulabamus
1283 1597 1398 1652 huc
1458 1603 1514 1652 et
1563 1597 1702 1652 illuc
1735 1599 1805 1652 ad

153 1692 412 1760 portum,
445 1690 503 1740 et
532 1687 604 1740 ad
637 1685 1345 1753 montaneam,laudantes
1378 1691 1434 1741 et
1465 1685 1805 1757 gloriﬁcam-

154 1782 242 1832 tes
263 1775 546 1847 jocunda,
579 1775 709 1829 laeta
740 1779 796 1830 et
817 1791 1073 1830 consona
1092 1792 1248 1843 voce,
1275 1776 1588 1830 Dominum
1622 1776 1803 1830 Deum
1837 1811 1898 1877 BI.

156 1871 454 1928 nostrum,
476 1862 571 1918 cui
603 1869 692 1918 est
721 1863 909 1919 honor
941 1868 996 1919 et
1025 1863 1210 1934 gloria
1241 1882 1342 1936 per
1371 1869 1584 1919 cuncta
1629 1881 1805 1919 saecu-

155 1954 352 2010 lorum
384 1952 616 2019 saecula,
651 1970 842 2008 amen.

189 2043 535 2100 Raimundus
563 2044 750 2098 erexit
767 2049 1006 2097 castrum
1033 2060 1197 2098 suum
1249 2051 1437 2098 contra
1467 2045 1766 2099 civitatem.

225 2133 443 2188 Omnes
475 2148 606 2186 vero
636 2130 895 2187 seniores
927 2132 1109 2186 nostri
1143 2136 1198 2186 et
1248 2133 1539 2205 principes
1571 2132 1808 2188 commi-

152 2225 360 2277 serunt
388 2220 530 2276 illud
562 2226 822 2276 castrum
857 2220 1183 2276 Raimundo
1233 2222 1429 2276 Sancti
1478 2221 1686 2294 {Egidii
1734 2223 1804 2276 ad

153 2309 624 2375 custodiendum,
657 2327 724 2365 eo
755 2310 910 2381 quod
941 2310 1066 2381 ipse
1087 2311 1328 2365 haberet
1349 2310 1481 2382 plus
1507 2310 1720 2365 milites
1747 2310 1805 2364 in

155 2417 263 2456 sua
292 2399 516 2455 familia
545 2415 722 2471 quam
755 2399 874 2466 alii,
907 2399 1106 2471 etplus
1128 2404 1352 2471 poterat
1381 2399 1648 2454 dare.llle
1670 2416 1808 2471 quo-

154 2506 268 2562 que
297 2488 659 2544 conservavit
688 2493 948 2543 castrum
981 2505 1116 2543 cum
1147 2505 1253 2544 suo
1285 2489 1562 2555 exercitu,
1589 2493 1644 2543 et
1672 2506 1804 2544 cum

155 2595 218 2634 eo
251 2579 362 2633 fuit
411 2579 620 2633 Gastos
667 2577 736 2632 de
788 2577 946 2632 Biart
991 2595 1124 2632 cum
1174 2577 1300 2634 suis
1347 2577 1706 2644 hominibus,
1751 2581 1809 2632 et

153 2667 359 2723 Petrus
382 2666 703 2721 vicecomes
735 2667 804 2721 de
836 2665 1145 2736 Castellsn,
1177 2671 1234 2720 et
1269 2666 1631 2738 Raimunpus
1660 2667 1808 2722 vice-

152 2773 348 2813 comes
380 2757 451 2811 de
480 2757 724 2821 Torena,
757 2760 814 2811 et
844 2754 1172 2811 Guillemus
1215 2756 1286 2810 de
1337 2755 1802 2828 Montepeslerio,

149 2851 207 2902 et
235 2845 570 2909 Gotl'rddus,
606 2849 664 2899 et
695 2845 900 2900 Petrus
932 2844 1630 2917 Raimundusd’Alpoz,et
1651 2843 1808 2900 Guil-

153 2933 368 2991 lelmus
401 2935 470 2988 de
501 2934 702 2988 Sabra.
737 2934 952 2988 Omnes
981 2932 1099 2998 isti,
1131 2937 1188 2988 et
1215 2932 1312 2988 alii
1333 2933 1529 3005 plures
1561 2933 1808 2988 cumho-

152 3023 418 3080 minibus
448 3023 592 3086 suis,
627 3023 866 3077 fuerunt
897 3039 1032 3077 cum
1063 3039 1148 3078 eo.
1185 3023 1552 3077 Raimundus
1574 3038 1805 3094 quoque

150 3112 353 3169 Sancti
391 3111 591 3183 ;Egidii
627 3130 774 3183 quos
806 3111 1041 3177 milites,
1075 3111 1338 3166 videlicet
1369 3111 1628 3177 clientes,
1649 3111 1804 3166 inve-

152 3202 278 3256 nire
312 3219 418 3273 per
445 3217 686 3255 censum
721 3201 928 3272 potuit,
965 3201 1036 3255 ad
1069 3206 1326 3256 castrum
1359 3200 1806 3256 custodiendum
1839 3180 1884 3248 C

151 3309 252 3363 per
283 3289 724 3345 conventionem
751 3290 1151 3345 retinuit.Una
1183 3290 1276 3344 die
1294 3290 1558 3344 exierunt
1587 3289 1807 3344 decivi-

151 3385 294 3446 tate,
329 3384 387 3434 et
415 3383 695 3434 venerunt
723 3380 794 3433 ad
826 3380 1266 3450 castrum,quod
1298 3379 1814 3451 undiquecircum-

150 3469 444 3524 dederunt
471 3467 779 3522 clamando
803 3472 861 3522 et
891 3467 1596 3540 sagittando,nostrosque
1611 3468 1809 3524 vulne-

151 3558 337 3614 rando
367 3561 424 3612 et
453 3557 793 3622 occidendo,
825 3557 907 3611 ita
937 3557 1089 3628 quod
1124 3557 1298 3611 etiam
1330 3557 1814 3612 tentorianostro-

147 3663 284 3702 rum
315 3651 485 3701 erant
514 3650 784 3717 cooperta
811 3645 1008 3700 inﬁxis
1044 3645 1165 3716 sagi
1177 3645 1493 3709 ttis,etnisi
1516 3651 1811 3700 essetsuc-

147 3751 364 3790 cursus
395 3735 495 3808 qui
524 3734 684 3789 venit
714 3736 784 3790 de
818 3734 930 3789 alio
961 3735 1239 3798 exercitu,
1292 3735 1613 3789 maximum
1646 3736 1811 3789 dam-

146 3840 295 3879 num
326 3823 386 3878 in
417 3822 500 3878 eis
530 3823 824 3878 fecissent.
875 3824 993 3878 Hoc
1042 3823 1224 3878 nostri
1275 3823 1557 3889 videntes,
1612 3823 1810 3878 statim

147 3912 568 3968 ordinaverunt
615 3916 680 3966 ut
727 3914 988 3967 facerent
1038 3911 1354 3967 maximam
1404 3912 1642 3983 talpam,
1677 3928 1810 3967 cum

147 4019 268 4073 qua
321 4001 651 4072 potuissent
709 4001 1005 4072 perforare
1064 4005 1342 4072 pontem;
1415 4005 1471 4055 et
1529 4002 1810 4056 fecerunt.

149 4091 416 4156 Quadam
465 4090 558 4144 die
610 4089 807 4161 prmlia
863 4093 1160 4144 verterunt
1213 4106 1389 4160 super
1443 4093 1698 4160 pontem,
1760 4093 1816 4144 et

153 4179 452 4234 duxerunt
482 4177 725 4249 talpam,
762 4179 998 4234 fuerunt
1028 4195 1141 4250 que
1170 4178 1344 4233 Turci
1395 4178 1609 4232 mortui
1659 4177 1815 4234 mul-

153 4268 219 4334 ti,
254 4273 314 4323 et
342 4283 490 4340 pons
521 4268 846 4337 perforatus
877 4270 985 4322 est.
1021 4267 1198 4322 Nocte
1229 4283 1363 4321 vero
1390 4266 1816 4322 dormientibus

156 4355 350 4423 nobis,
386 4356 653 4410 exierunt
681 4356 937 4411 Turcide
950 4355 1181 4410 civitate
1194 4361 1249 4410 et
1275 4360 1547 4411 arserunt
1576 4355 1815 4427 talpam,

157 4451 216 4502 et
263 4449 738 4499 restauraverunt
789 4450 1048 4516 pontem,
1103 4445 1257 4500 unde
1308 4444 1486 4499 nimis
1535 4443 1817 4498 exercitus

1934 532 2141 599 gentos
2173 526 2480 592 nobilium,
2516 525 2829 596 nullusque
2859 525 3143 580 remansit
3180 526 3280 596 qui
3329 526 3576 596 praaliari

1930 616 2234 671 vobiscum
2268 616 2478 671 audeat
2536 631 2721 686 neque
2755 615 3045 670 civitatem
3079 614 3406 670 defendere.
3432 637 3457 665 ››
3480 617 3574 672 In-

1931 708 2365 778 terrogaverunt
2397 708 2590 760 autem
2623 703 2792 758 Turci
2822 704 3250 775 drogmandum
3275 704 3411 775 quid
3449 704 3575 760 Rai-

1927 793 2136 849 naldus
2168 795 2416 849 dicebat.
2451 794 2559 858 Qui
2591 792 2734 847 dixit
2766 792 2953 848 illis:«
2978 792 3131 848 Nihil
3163 792 3572 864 loquiturboni
3615 833 3618 835 λ

1924 883 1994 938 de
2025 883 2212 939 nobis.
2237 905 2264 932 »
2297 885 2461 938 Tunc
2490 883 2805 938 Cassianus
2825 881 3142 937 Amiralius
3159 882 3571 954 continuojus-

1923 975 2000 1029 sit
2030 990 2164 1028 eum
2195 973 2544 1028 descendere
2575 973 2645 1026 de
2694 988 2883 1039 muro,
2931 970 3189 1043 dixitque
3220 972 3271 1026 ei
3303 989 3406 1043 per
3435 973 3566 1027 dro-

1921 1063 2272 1136 gmandum:
2309 1083 2336 1112 ‹‹
2367 1059 2708 1125 Bainaldus,
2741 1060 2827 1114 vis
2860 1060 3166 1115 nobiseum
3215 1059 3456 1115 honeste
3484 1060 3566 1115 vi-

1918 1168 2070 1218 vere,
2104 1157 2159 1207 et
2185 1151 2438 1223 gaudere
2458 1150 2485 1205 ‘I
2520 1171 2546 1198 ‹‹
2579 1149 2899 1204 Rainaldus
2923 1149 3249 1220 respondit:
3271 1172 3298 1199 «
3324 1151 3569 1216 Quomo-

1921 1243 1992 1298 do
2023 1241 2326 1296 vobiscum
2359 1239 2600 1294 honeste
2632 1238 2756 1294 sine
2789 1242 3021 1310 peccato
3053 1236 3238 1293 vivere
3267 1243 3464 1310 potero
3487 1240 3514 1293 ?
3536 1261 3564 1289 ››

1919 1331 2186 1403 Dixitque
2216 1328 2532 1385 Amiralius
2563 1345 2575 1381 :
2612 1349 2639 1378 ‹‹
2671 1328 2908 1399 Abnega
2938 1327 3123 1382 Deum
3155 1331 3346 1394 tuum,
3395 1344 3568 1399 quem

1920 1420 2108 1476 credis
2138 1424 2193 1475 et
2225 1418 2390 1486 colis,
2425 1422 2479 1473 et
2512 1417 2678 1472 crede
2711 1415 3055 1489 Malphium,
3099 1420 3156 1471 et
3206 1415 3424 1472 nostris
3455 1417 3568 1473 diis

1919 1510 2070 1566 aliis.
2105 1509 2266 1575 Quod
2297 1508 2347 1563 si
2379 1507 2603 1574 feceris,
2639 1506 2911 1561 dabimus
2941 1505 3047 1561 tibi
3079 1504 3276 1560 omnia
3305 1522 3430 1578 qum
3462 1522 3567 1578 pe-

1919 1597 2378 1663 tieris,videlicet
2407 1612 2617 1651 aurum
2649 1600 3244 1667 etargentum,equos
3273 1599 3330 1650 et
3352 1594 3564 1662 mulos,

1917 1693 1975 1744 et
2007 1687 2119 1743 alia
2150 1686 2405 1759 plurima
2433 1688 2793 1748 ornamenta,
2829 1701 2955 1760 qua:
2988 1683 3562 1753 volueris,etuxores,

1917 1782 1974 1832 et
2003 1775 2392 1841 hzereditates,
2425 1779 2480 1829 et
2511 1773 2764 1828 maxime
2796 1772 3011 1827 honore
3054 1772 3374 1828 ditabimus
3423 1779 3497 1829 te.
3535 1797 3562 1824 »

1889 1866 2017 1920 ‘Cui
2052 1863 2370 1920 Rainaldus
2400 1862 2701 1935 respondit
2728 1878 2739 1915 :
2768 1861 2952 1916 «Date
2985 1860 3129 1916 mihi
3162 1861 3562 1934 spatium,quo

1915 1954 2136 2027 possim
2169 1951 2854 2008 eonciliarimecum.»Et
2889 1949 3206 2005 Amiralius
3244 1950 3560 2022 respondit.

1915 2049 1972 2100 et
2000 2042 2204 2098 libenti
2239 2042 2437 2097 animo
2469 2039 2773 2096 concessit.
2802 2040 2964 2094 Tnnc
2989 2038 3307 2094 Railnadus
3324 2040 3568 2110 projecit

1917 2151 1980 2189 se
2009 2133 2066 2186 in
2102 2131 2467 2186 orationibus
2490 2127 2716 2200 junctis
2746 2127 3019 2183 manibus
3052 2128 3110 2182 in
3154 2133 3310 2183 terra
3362 2132 3565 2183 contra

1917 2221 2237 2287 orientem;
2272 2219 2576 2274 humiliter
2604 2218 2787 2272 Deum
2820 2221 3126 2287 rogans,ut
3158 2217 3207 2270 ei
3241 2216 3565 2288 subveniat,

1918 2326 2206 2381 suamque
2237 2308 2494 2364 animam
2528 2306 2587 2359 in
2619 2306 2752 2361 sinu
2783 2305 3024 2360 Abrahae
3057 2305 3368 2376 dignanter
3386 2305 3570 2362 susci-

1918 2400 2059 2471 piat.
2089 2398 2254 2464 Quod
2276 2413 2410 2452 cum
2423 2394 2666 2450 vidiaset
2679 2393 3568 2467 Amirialus,vocavitdrogman-

1919 2490 2082 2558 dum,
2118 2493 2174 2542 ct
2203 2485 2348 2541 dixit
2377 2485 2458 2539 ei:
2485 2506 2504 2531 α
2542 2482 2688 2549 Quid
2725 2483 2804 2538 ait
2838 2482 3218 2538 Rainaldus?»
3243 2483 3565 2555 Drogmau-

1918 2579 2028 2632 dus
2061 2574 2386 2648 respondit:
2407 2595 2433 2621 «
2467 2573 2783 2627 Dominum
2815 2573 2999 2627 Deum
3022 2589 3195 2627 suum
3220 2571 3565 2627 nullomodo

1919 2666 2166 2738 negavit.
2203 2687 2230 2713 ››
2279 2663 2441 2729 Quod
2487 2662 2731 2718 audiens
2768 2661 3104 2726 Amiralius,
3161 2660 3338 2716 nimis
3378 2659 3564 2717 iratus

1918 2756 2046 2811 fuit.
2083 2753 2242 2809 Illico
2264 2752 2448 2824 jussit
2477 2768 2609 2806 eum
2635 2749 3337 2817 decollari,etTurcicum
3352 2766 3565 2823 magno

1917 2844 2130 2918 gaudio
2163 2841 2594 2898 decollaverunt
2630 2857 2786 2895 eum.
2837 2839 3018 2910 Cujus
3062 2838 3320 2894 animam
3370 2840 3567 2895 confe-

1918 2933 2052 2990 stim
2087 2931 2473 3003 suscipientes
2504 2928 2715 3002 angeli,
2752 2932 2884 2983 ante
2917 2932 3290 2999 conspectum
3311 2927 3562 2996 Domini,

1916 3040 2017 3096 pro
2049 3023 2218 3093 cujus
2249 3036 2444 3075 amore
2475 3017 2815 3090 martyrium
2849 3016 3455 3088 suscepit,gaudentes
3469 3017 3566 3070 de-

1914 3111 2364 3167 tulerunt.Tunc
2393 3106 2709 3162 Amiralius
2724 3105 3027 3161 iratusfuit
3043 3104 3566 3173 vehementer,ideo

1920 3201 2070 3274 quod
2109 3198 2458 3254 Rainaldum
2491 3197 2562 3251 ad
2578 3213 2716 3250 suos
2730 3212 2843 3250 non
2861 3194 3564 3267 potuiteonverteredeos.

1921 3290 2126 3347 Statim
2152 3286 2334 3358 jussit
2363 3287 2433 3340 ad
2466 3302 2527 3340 se
2558 3301 2762 3340 omnes
2812 3283 3147 3355 peregrinos
3197 3281 3430 3348 adduci,
3464 3281 3565 3352 qui

1919 3383 2083 3436 erant
2111 3377 2172 3432 in
2202 3375 2448 3442 civitate,
2482 3373 2677 3447 ligatis
2707 3376 2839 3446 post
2861 3377 3087 3444 tergum
3103 3371 3568 3426 manibus.Cum-

1920 3485 2033 3540 que
2064 3470 2199 3522 ante
2228 3482 2363 3520 eum
2393 3463 2705 3530 venissent,
2738 3462 3043 3534 imperavit
3096 3464 3159 3514 ut
3191 3460 3331 3515 nudi
3363 3476 3568 3530 exspo-

1917 3557 2202 3612 liarentur
2232 3570 2454 3608 omnes.
2491 3553 2632 3606 Cum
2667 3568 2801 3622 ergo
2833 3549 3133 3622 exspoliati
3161 3547 3570 3614 fuisseni,fccit

1920 3644 2230 3701 constricte
2262 3639 2599 3713 congregari
2633 3641 2688 3694 in
2725 3657 2931 3705 unum,
2965 3644 3021 3694 et
3049 3654 3182 3692 eum
3218 3637 3354 3692 fune
3398 3636 3568 3708 ligari

1921 3749 2126 3790 omnes
2161 3731 2221 3786 in
2253 3747 2482 3804 gyrum.
2516 3734 2573 3784 et
2606 3727 2740 3784 fecit
2771 3728 2948 3800 ligna,
2966 3726 3350 3798 etpaleam,et
3368 3726 3567 3781 fenum

1923 3825 2076 3880 circa
2104 3839 2202 3878 eos
2251 3819 2509 3874 ordinari
2561 3835 2625 3872 ac
2671 3817 2878 3873 deinde
2934 3833 3000 3870 ac
3051 3815 3098 3870 si
3149 3813 3424 3869 inimicus
3468 3813 3570 3869 Dei

1923 3913 2116 3985 ignem
2149 3910 2282 3964 fecit
2314 3905 2895 3962 immittiChristiani
2929 3903 3108 3976 igitur
3127 3902 3570 3958 videlicetGhri-

1925 4001 1996 4056 sti
2032 3998 2267 4063 milites,
2293 3996 2460 4052 valde
2491 3996 2815 4051 stridebant
2845 3998 2900 4048 et
2929 3993 3263 4047 clamabant
3290 4007 3570 4062 ;quorum

1925 4105 2093 4143 voces
2139 4087 2491 4142 resonabant
2534 4085 2605 4138 ad
2655 4082 2864 4138 coelum
2918 4082 2987 4137 ad
3035 4082 3219 4136 Deum
3270 4096 3372 4151 pro
3404 4080 3574 4150 cujus

1926 4194 2123 4233 amore
2153 4193 2345 4231 eorem
2379 4190 2582 4229 carnes
2601 4176 2802 4228 etesse.
2831 4170 2893 4225 in
2924 4171 3120 4243 ignem
3138 4169 3572 4236 cremabantur,

1925 4268 1995 4323 Et
2026 4265 2110 4321 sic
2150 4262 2506 4335 martyrisati
2557 4263 2794 4316 fuerunt
2823 4276 3026 4314 omnes
3074 4258 3170 4313 isti
3210 4257 3268 4312 in
3303 4275 3421 4312 una
3461 4256 3571 4325 die,

1929 4358 2226 4428 portantes
2259 4352 2314 4405 in
2349 4350 2557 4406 coelum
2589 4349 2869 4405 candidas
2901 4348 3080 4403 stoias
3111 4351 3243 4402 ante
3260 4345 3576 4417 Deum,pro

1928 4445 2098 4516 cujus
2132 4457 2330 4496 amore
2361 4439 2609 4494 ﬁdeliter
2635 4439 2752 4493 haec
2786 4436 2942 4508 passi
2975 4439 3132 4502 sunt,
3157 4437 3434 4506 regnante
3465 4434 3576 4489 Do-

156 4533 374 4590 Christi
407 4533 593 4588 iratus
624 4533 753 4589 fuit.
789 4533 910 4589 Alia
941 4533 1034 4588 die
1056 4534 1425 4589 adduxerunt
1452 4533 1621 4587 Turci
1646 4547 1822 4603 super
1852 4553 1897 4613 D
1929 4532 2088 4587 mino
2118 4531 2234 4586 Deo
2267 4533 2489 4593 nostro,
2523 4529 2616 4582 cui
2648 4531 2735 4582 est
2767 4526 2951 4581 honor
2981 4528 3038 4580 et
3067 4522 3253 4595 gloria
3276 4521 3336 4577 in
3367 4521 3579 4578 saecula

161 4637 407 4678 murum
439 4622 691 4678 civitatis
721 4622 1038 4694 quemdam
1071 4622 1315 4677 militem
1349 4626 1681 4677 nostrorum
1716 4637 1818 4675 no-

158 4711 365 4776 bilem,
402 4711 638 4765 nem-inve
666 4711 1017 4766 Rainaldum
1072 4710 1438 4777 Porchctum,
1490 4726 1664 4782 quem
1714 4707 1815 4763 diu

159 4805 474 4856 tenuerant
503 4799 561 4853 in
598 4799 766 4855 malis
815 4800 1148 4855 carceribus
1198 4800 1586 4870 dixeruntque
1636 4802 1700 4852 ut
1741 4796 1820 4852 lo-

160 4893 450 4960 queretur
473 4905 608 4944 cum
641 4888 857 4944 Christi
889 4888 1232 4960 peregrinis,
1269 4893 1559 4960 quatenus
1591 4904 1724 4942 eum
1740 4904 1822 4942 re-

163 4977 462 5032 dimerent
495 4977 748 5033 maxime
781 4981 1302 5049 censu,antequam
1316 4977 1820 5049 caputamisisset.

165 5065 274 5133 Qui
306 5082 442 5120 cum
475 5072 629 5121 esset
650 5083 828 5139 super
855 5066 1352 5131 murum,locutus
1367 5071 1455 5121 est
1471 5065 1820 5120 senioribus.

166 5155 372 5211 dicens
405 5155 622 5210 nostris
655 5171 668 5210 :
701 5178 729 5203 ‹‹
772 5156 1062 5222 Seniores,
1116 5158 1344 5210 tantum
1396 5155 1630 5226 quidem
1680 5153 1831 5208 valet

168 5243 490 5315 quasijam
519 5261 655 5316 ergo
688 5249 956 5300 mortuus
973 5261 1186 5300 essem.
1213 5244 1278 5299 Et
1298 5243 1427 5298 ideo
1443 5245 1831 5316 deprccorvos

170 5333 346 5388 sicuti
379 5349 542 5388 meos
577 5334 806 5400 fratres,
835 5339 897 5389 ut
930 5351 1030 5405 per
1061 5350 1154 5388 me
1186 5333 1606 5388 nullumfunus
1636 5334 1835 5388 oil‘era-

169 5421 265 5476 tis.
300 5421 414 5477 Sed
446 5426 630 5476 estote
663 5423 853 5478 securi
886 5423 945 5476 in
979 5424 1091 5477 fide
1121 5422 1419 5487 Christi,et
1442 5422 1624 5477 sancti
1640 5420 1833 5492 sepul-

171 5509 275 5577 eri,
301 5510 447 5582 quia
478 5511 634 5565 Deus
664 5511 968 5566 vobiscum
1022 5515 1109 5566 est
1151 5517 1207 5566 et
1252 5529 1482 5582 semper
1535 5510 1660 5565 erit.
1696 5512 1836 5565 0m-

177 5616 284 5657 nes
313 5599 571 5671 majores
601 5599 798 5672 itaque
827 5605 886 5656 et
909 5600 1250 5656 audaciores
1280 5600 1455 5670 hujus
1486 5600 1837 5655 civilatisoc-

1928 4619 2277 4677 saeculorum
2290 4661 2302 4684 ,
2345 4633 2536 4673 amen.

1995 4710 2139 4764 Cum
2154 4709 2401 4780 jamjam
2417 4715 2622 4761 omnes
2639 4704 2859 4760 semita:
2874 4700 3177 4776 prohibita:
3195 4702 3419 4755 starent
3441 4699 3580 4755 Tur-

1927 4798 2030 4864 cis,
2063 4798 2174 4852 nisi
2205 4814 2273 4851 ex
2305 4796 2403 4850 illa
2431 4799 2594 4867 parte
2629 4793 2913 4857 ﬂumints,
2966 4791 3022 4846 in
3079 4806 3192 4862 quo
3233 4793 3358 4844 erat
3387 4788 3573 4860 quod-

1930 4888 2065 4942 dam
2109 4891 2364 4940 castrum
2421 4885 2478 4938 in
2559 4883 2812 4955 qnodam
2863 4878 3239 4943 monasterio,
3320 4878 3474 4948 quod
3531 4876 3582 4932 si

1931 4976 2178 5048 perfecte
2235 4973 2397 5028 ﬁeret
2446 4973 2905 5037 corroboratum,
2949 4971 3075 5041 jam
3118 4967 3317 5023 nullus
3348 4966 3588 5022 auderet

1936 5069 2094 5119 extra
2125 5062 2376 5123 civitatis
2406 5066 2633 5134 portam
2662 5061 2837 5124 exire,
2871 5057 3160 5116 consiliati
3181 5060 3321 5112 sunt
3342 5054 3588 5110 fideliter

1940 5152 2145 5221 nostri,
2179 5150 2510 5207 concordali
2543 5167 2660 5205 una
2688 5167 2823 5204 voce
2869 5149 3130 5204 dicentes
3163 5163 3175 5200 :
3229 5168 3254 5194 ‹‹
3292 5143 3590 5216 Eligamus

1943 5258 2127 5298 unum
2159 5241 2496 5312 quempiam
2529 5257 2596 5294 cx
2626 5239 2816 5303 nobis,
2847 5237 2946 5310 qui
2969 5237 3204 5292 robuste
3236 5233 3381 5288 illud
3397 5236 3594 5288 teneat

1943 5336 2223 5395 castrum,
2257 5335 2314 5383 et
2345 5330 2559 5383 nostris
2583 5328 2838 5383 inimicis
2856 5322 3593 5399 prohibeatvirilitermon-

1945 5426 2166 5486 taneas,
2201 5417 2320 5472 sive
2352 5417 2613 5487 planum,
2648 5421 2703 5472 et
2732 5416 3034 5471 introitum
3069 5419 3126 5469 et
3156 5413 3373 5468 exitum
3394 5411 3593 5466 civita-

1948 5509 2042 5564 tis.
2080 5531 2106 5555 ››
2139 5506 2339 5560 Plures
2366 5523 2499 5560 vero
2531 5523 2598 5559 ex
2631 5505 2746 5559 illis
2779 5504 3166 5577 prohibebant
3213 5518 3274 5557 se
3313 5500 3460 5557 illud
3492 5499 3596 5555 ho-

1955 5595 2179 5669 spitari,
2214 5594 2322 5651 nisi
2354 5595 2498 5649 forte
2531 5593 2696 5649 multi
2731 5595 2980 5650 fuissent
3009 5593 3068 5648 in
3102 5608 3307 5648 unum.
3349 5591 3598 5646 Tancre-
