3998 6088
440 309 558 377 787

947 314 1050 376 AD
1096 312 1609 377 GODEFRIDUM
1653 313 1987 376 APPEND.
2031 312 2111 374 Ῑῐ.
2145 346 2216 358 --
2251 311 2562 376 MONUM.
2609 311 2714 374 DE
2756 310 3009 376 BELLO
3053 311 3328 376 SACRO.

3729 306 3846 371 788

440 449 552 507 das
582 447 764 522 igitur
792 445 1021 522 primus
1052 447 1292 522 protulit
1340 465 1401 504 se
1432 451 1567 503 anto
1618 446 1784 516 alios,
1835 447 2036 504 dicens
2068 463 2082 503 :
2115 447 2168 515 Α
2199 447 2498 516 mitarum,
2533 451 2591 503 et
2619 445 2866 503 aliarum
2894 445 3280 520 plurimarum
3312 442 3616 502 nationum
3657 441 3847 518 genti-

441 561 468 587 ‹‹
502 543 940 605 Verumtamen,
975 539 1022 594 si
1053 539 1264 594 scirem
1298 538 1437 610 quid
1471 536 1716 610 proﬁcui
1775 537 1922 592 mihi
1955 537 2090 593 atti-

436 629 606 701 gerit,
635 645 771 700 ergo
803 627 1006 683 sedulo
1037 627 1406 684 solummodo
1433 643 1565 682 cum
1582 627 1729 682 meis
1753 626 2092 682 hominibus

437 717 821 773 corroborabo
852 722 1135 783 castrum,
1170 722 1226 771 et
1264 716 1440 780 viam,
1491 732 1593 787 per
1639 732 1816 787 quam
1868 715 2094 778 inimici

437 807 622 863 nostri
655 806 842 862 solent
873 808 1204 878 frequenter
1234 803 1840 872 szevire,viriliterillis
1854 804 2092 860 omnino

438 897 734 952 devetabo.
774 919 795 944 ι»
832 896 937 962 Qui
972 895 1250 950 continuo
1283 893 1722 966 spoponderunt
1751 893 1800 949 ei
1819 893 2092 965 quadrin-

437 990 642 1058 gentos
675 1001 902 1040 marcos
923 984 1166 1056 argenti.
1222 983 1347 1038 Non
1399 981 1686 1053 acquievit
1729 983 2088 1049 Tancredus,

438 1091 776 1148 quanquam
791 1072 952 1129 solus
964 1076 1145 1128 esset:
1162 1076 1357 1127 tamen
1373 1071 1624 1142 perrexit
1644 1088 1777 1126 cum
1806 1071 2091 1126 honestis-

440 1165 608 1220 simis
641 1163 926 1218 militibus
959 1166 1016 1216 et
1044 1160 1821 1231 servientibus,etextemplo
1848 1159 2090 1216 abstulit

439 1253 699 1325 undique
729 1252 883 1306 viam
930 1255 986 1306 et
1025 1249 1297 1306 semitam
1343 1249 1570 1316 Turcis,
1621 1265 1810 1320 neque
1855 1253 2090 1322 propter

437 1343 700 1408 herbam,
749 1357 937 1412 neque
969 1344 1203 1411 pr0pter
1234 1339 1413 1411 ligna,
1468 1355 1655 1410 neque
1704 1344 1939 1410 propter
1969 1337 2089 1394 ulla

436 1431 766 1488 necessaria
795 1429 1052 1485 recessit.
1087 1427 1392 1483 Remansit
1421 1433 1615 1482 autem
1649 1426 1728 1482 ibi
1750 1428 2088 1483 Tancredus

437 1539 570 1578 cum
602 1519 725 1576 suis
755 1518 1115 1584 hominibus,
1151 1521 1206 1572 et
1239 1516 1407 1588 cazpit
1447 1515 1822 1572 vehementer
1870 1517 2086 1590 ubique

434 1614 819 1682 coangustare
873 1607 1187 1662 civitatem.
1250 1609 1385 1677 Ipsa
1415 1609 1610 1660 autem
1670 1605 1761 1660 die
1819 1605 2087 1662 veniebat

433 1700 688 1755 maxima
718 1715 851 1771 pars
882 1695 1326 1751 Hermeniorum
1357 1699 1414 1749 et
1456 1693 1837 1749 Surianorum
1884 1712 2085 1750 secure

433 1790 504 1844 de
536 1786 884 1852 montaneis,
917 1785 1018 1857 qui
1046 1784 1308 1840 ferebant
1339 1782 1617 1839 alimenta
1645 1783 1850 1839 Turcis
1890 1785 1946 1838 in
1981 1785 2082 1839 ad-

426 1878 712 1950 jutorium
745 1874 1014 1930 civitatis.
1047 1871 1509 1939 Quibusobviam
1533 1871 1690 1926 venit
1721 1873 2080 1945 Tancredus,

432 1970 488 2022 et
519 1965 822 2021 confestim
856 1960 1242 2035 apprehendit
1271 1966 1329 2016 et
1359 1960 1556 2016 omnia
1585 1978 1712 2032 quea
1726 1961 2080 2029 deferebant,

429 2053 699 2110 videlicet
728 2054 1111 2119 frumentum,
1146 2050 1345 2104 vinum
1379 2053 1436 2105 et
1453 2049 1727 2114 oleum,et
1749 2050 1863 2105 alia
1883 2050 2083 2122 hujus-

433 2144 613 2198 modi.
650 2141 743 2198 Sic
773 2141 972 2212 itaque
1002 2155 1275 2212 prospere
1297 2139 1654 2210 robusteque
1684 2139 1790 2193 ded
1803 2139 2083 2195 ucebatse

433 2231 794 2298 Tancredus,
826 2228 1000 2284 etiam
1033 2244 1265 2300 quoque
1298 2227 1549 2282 habebat
1578 2226 1903 2300 prohibitas
1924 2233 1981 2283 et
2002 2228 2083 2283 in-

430 2321 582 2377 cisas
608 2335 811 2376 omnes
842 2317 1085 2373 semitas
1115 2315 1343 2384 Turcis,
1378 2332 1566 2387 usque
1605 2316 1746 2370 dum
1778 2316 2084 2374 Antiochia

430 2411 594 2466 ﬁeret
623 2412 810 2480 capta.
843 2406 1054 2462 Omnia
1083 2423 1210 2478 quae
1243 2404 1490 2460 fecimus
1535 2408 1850 2476 antequam
1884 2406 2079 2463 Antio-

427 2498 561 2554 chia
590 2502 759 2570 capta
787 2495 1245 2566 fuisset,nequeo
1278 2495 1716 2561 enarrare,Quce
1750 2495 1900 2550 facta
1919 2499 2076 2565 sunt,

423 2587 514 2643 vel
545 2586 836 2659 quomodo
869 2582 1085 2640 fuerint
1113 2587 1336 2655 postea,
1371 2581 1803 2654 aliquantulum
1835 2583 1962 2639 volo
1992 2601 2082 2640 ex-

426 2677 662 2750 plicare.
698 2675 828 2730 Ideo
859 2671 1290 2744 aliquantulum
1318 2671 1466 2740 dico,
1501 2671 1639 2744 quia
1689 2689 1859 2728 nemo
1899 2678 1988 2728 est
2019 2673 2076 2728 in

425 2766 520 2822 his
550 2764 838 2838 partibus,
873 2761 972 2834 qui
1003 2760 1260 2827 omnino,
1297 2760 1414 2816 sive
1446 2759 1692 2817 clericus
1723 2761 1841 2818 sive
1871 2761 2075 2831 laicus,

427 2855 617 2911 dicere
646 2853 766 2909 sive
796 2867 1032 2907 narrare
1064 2849 1250 2922 possit
1280 2850 1432 2904 sicut
1463 2867 1554 2905 res
1585 2855 1672 2905 est
1702 2855 1850 2906 acta.

499 2944 724 2999 Interea
754 2941 936 3014 igitur
985 2944 1108 2994 erat
1137 2937 1377 3010 quidam
1425 2938 1742 2994 Amiralius
1767 2940 1838 2996 de
1868 2957 2077 3013 genere

427 3034 772 3098 Turcorum,
805 3030 900 3086 cui
929 3045 1138 3085 nomen
1174 3029 1407 3101 Pyrrus,
1441 3028 1539 3101 qui
1575 3029 1892 3084 maximam
1923 3030 2077 3085 ami-

424 3122 620 3179 citiam
653 3122 955 3192 acceperat
984 3135 1118 3174 cum
1151 3117 1509 3173 Boamundo.
1542 3117 1708 3173 Hunc
1739 3134 1890 3190 saepe
1929 3120 2078 3176 Boa-

2203 536 2368 601 lium,
2405 554 2552 609 quas
2581 553 2890 592 numerare
2921 554 3108 608 neque
3138 536 3439 592 nominare
3469 533 3686 590 nescio.
3719 535 3848 590 Sta-

2201 626 2426 698 timque
2455 627 2858 681 adunaverunt
2888 643 3015 682 sese
3044 622 3853 696 omuesinsimulmajores,et

2202 715 2464 770 fecerunt
2493 714 2826 781 consilium,
2883 715 3141 770 dicentes
3174 731 3186 768 :
3239 738 3265 763 «
3307 712 3592 780 Quoniam
3625 713 3673 768 si
3706 713 3852 768 Boa-

2201 806 2460 859 mundus
2492 803 2743 877 potuerit
2773 805 3074 875 acquirere
3104 803 3395 859 civitatem
3420 807 3634 874 autper
3662 806 3854 868 se,aut

2200 911 2302 966 per
2331 893 2496 960 alios,
2529 910 2636 948 nos
2668 911 2785 949 una
2814 893 3019 948 libenti
3050 893 3246 948 animo
3277 891 3430 947 ultro
3452 892 3500 948 ei
3535 893 3848 956 donamus,

2200 983 2493 1037 intantum
2527 983 2680 1054 quod
2713 982 2759 1038 si
2793 981 3519 1054 imperatorveneritnobis
3546 981 3602 1035 in
3628 981 3853 1052 adjuto-

2198 1071 2373 1142 rium,
2407 1078 2463 1128 et
2491 1088 2724 1127 omnem
2755 1071 3215 1138 conventionem,
3249 1070 3403 1126 sicut
3430 1070 3598 1125 nobis
3631 1069 3848 1143 promi-

2198 1159 2274 1216 sit
2306 1165 2477 1234 atque
2500 1161 2740 1233 juravit,
2773 1160 3068 1216 attendere
3097 1159 3362 1226 voluerit,
3395 1159 3564 1214 nosei
3583 1175 3710 1214 eam
3727 1159 3849 1214 red-

2197 1249 2405 1305 demus
2428 1251 2582 1321 jure.
2612 1249 2713 1304 Sin
2744 1256 2964 1314 autem,
2997 1247 3056 1303 in
3080 1265 3247 1304 suam
3274 1252 3620 1320 potestatem
3635 1248 3848 1303 habeat

2197 1338 2596 1393 Boamundus.
2613 1360 2641 1386 ››
2657 1337 2998 1408 Moxitaque
3011 1336 3847 1409 Boamunduscmpitquotidie

2197 1426 2499 1482 humiliter
2527 1443 2666 1481 suos
2696 1424 2995 1498 deprecari
3028 1425 3270 1493 amicos,
3296 1424 3575 1498 petitione
3590 1425 3846 1498 premit-

2194 1515 2367 1571 tendo
2399 1514 2750 1582 humillima,
2776 1519 2951 1586 atque
2983 1513 3138 1569 dulci
3170 1531 3306 1570 voce
3335 1513 3394 1569 in
3427 1514 3584 1570 hunc
3606 1515 3848 1570 dicendo

2195 1605 2435 1660 modum
2471 1622 2484 1660 :
2526 1631 2548 1659 ι
2578 1605 2720 1659 Ecce
2751 1621 2882 1659 vere
2909 1608 3144 1676 tempus
3199 1604 3373 1659 modo
3404 1603 3693 1660 habemus
3724 1603 3849 1659 ido-

2195 1710 2391 1758 neum,
2427 1694 2484 1748 in
2517 1710 2632 1765 quo
2664 1709 2983 1764 possumus
3017 1692 3245 1764 operari
3276 1691 3565 1764 quidquid
3583 1693 3720 1748 boni
3748 1711 3851 1748 vo-

2193 1781 2410 1838 lumus.
2443 1782 2626 1855 Igitur
2670 1783 2904 1853 adjuvet
2953 1798 3046 1836 me
3079 1781 3304 1837 amicus
3336 1798 3502 1838 meus
3550 1783 3782 1854 Pyrrus.
3816 1805 3845 1832 n

2192 1871 2298 1937 Qui
2331 1872 2474 1927 satis
2505 1870 2740 1944 gavisus
2772 1871 2841 1925 de
2875 1869 3104 1935 nuntio,
3137 1870 3218 1925 ait
3246 1888 3306 1926 se
3338 1871 3614 1943 adjuvare
3656 1871 3845 1938 illum,

2191 1961 2342 2016 sicut
2373 1978 2542 2033 agere
2572 1959 2948 2015 debet.N0cte
2981 1960 3178 2031 itaque
3207 1959 3847 2032 venienteinproximo,

2193 2050 2355 2105 misit
2384 2049 2572 2104 tilium
2605 2065 2781 2104 suum
2813 2052 2982 2104 caute
3013 2047 3230 2122 pignus
3263 2048 3846 2124 Boamundo,etquod

2192 2139 2383 2212 mpgis
2415 2140 2577 2194 fieret
2609 2155 2852 2194 securus
2886 2137 3211 2194 deintroitu
3232 2137 3847 2208 civitatis,amodomi-

2191 2228 2268 2284 sit
2299 2227 2349 2284 ei
2381 2228 2554 2284 verba
2584 2227 2694 2282 hoc
2727 2227 2900 2283 modo
2933 2244 2946 2282 :
2985 2249 3012 2276 ‹‹
3046 2227 3206 2283 Buod
3238 2245 3366 2283 cras
3396 2244 3628 2284 omnem
3664 2230 3850 2285 Fran-

2191 2334 2392 2373 corum
2423 2321 2655 2389 gentem
2687 2314 3040 2388 praeconiare
3071 2316 3398 2389 faciat,quo
3420 2317 3477 2372 in
3506 2318 3850 2374 Sarraceno-

2191 2424 2322 2462 rum
2353 2411 2568 2462 terram
2599 2405 2773 2462 vadat
2803 2405 3145 2476 depraadari,
3199 2405 3409 2462 deinde
3457 2405 3722 2463 celeriter
3759 2425 3848 2464 re-

2187 2500 2447 2551 vertatur
2473 2512 2577 2567 per
2607 2493 2910 2550 sinistram
2942 2499 3338 2550 montaneam.
3373 2495 3606 2568 Egoque
3633 2513 3734 2552 ero
3765 2497 3850 2553 in-

2188 2584 2444 2641 tentione
2474 2588 2684 2651 erecta,
2721 2582 3068 2656 prestolans
3098 2582 3198 2639 illa
3229 2583 3678 2658 agmina,eaque
3709 2586 3851 2642 reci-

2189 2674 2346 2746 piam
2395 2673 2453 2728 in
2512 2678 2708 2728 turres
2756 2689 2904 2744 quas
2953 2672 3141 2728 habeo
3188 2673 3247 2728 in
3307 2690 3436 2729 mea
3490 2675 3781 2731 custodia.
3822 2699 3842 2724 -

2187 2761 2406 2818 Deinde
2419 2761 2794 2817 Boamundus
2807 2760 3115 2816 confestim
3138 2762 3207 2817 ad
3231 2779 3293 2818 se
3304 2762 3488 2834 jussit
3507 2765 3698 2820 vocari
3722 2782 3847 2821 ser-

2184 2851 2438 2908 vientem
2471 2851 2784 2924 quemdam
2799 2867 2999 2920 suum,
3022 2850 3843 2923 videlicetMalam-coronam,

2186 2942 2354 3015 eique
2384 2940 2657 3014 praecepit
2702 2944 2765 2994 ut
2811 2939 3190 3012 prmconiaret
3236 2945 3467 3014 gentem
3517 2943 3840 2999 maximam

2187 3031 2561 3098 Francorum,
2597 3029 2749 3101 quod
2783 3028 3034 3084 ﬁdeliter
3061 3036 3412 3102 prmpararet
3441 3048 3504 3086 se
3533 3031 3592 3086 in
3633 3032 3844 3089 Sarra-

2185 3135 2461 3174 cenorum
2493 3117 2670 3174 eundi
2703 3122 2942 3173 terram.
2978 3118 3335 3190 Factumque
3363 3125 3452 3174 est
3472 3119 3844 3178 ita.Credidit

423 3211 684 3268 mundus
714 3191 990 3281 tangebat
1021 3224 1154 3262 cum
1186 3206 1412 3262 nuntiis
1444 3207 1514 3262 ad
1567 3206 1812 3262 invicem
1854 3207 2072 3280 missis,
2104 3191 2147 3259 C
2183 3207 2380 3281 itaque
2412 3207 2789 3264 Boamundus
2819 3207 2929 3262 hoc
2961 3205 3274 3263 consilium
3295 3208 3430 3264 duci
3445 3209 3845 3277 Godefrido,et

421 3317 538 3373 quo
567 3316 700 3356 cum
735 3299 886 3352 infra
915 3296 1204 3352 civitatem
1221 3294 1576 3350 amicissime
1591 3295 2070 3370 reciperet,eique

418 3387 891 3445 Christanitatem
921 3385 1164 3440 liberius
1195 3383 1588 3456 promittebat,
1620 3388 1795 3456 atque
1825 3403 1959 3441 eum
1991 3385 2072 3442 di-

415 3479 593 3534 vitem
626 3475 812 3531 multo
843 3474 1059 3530 honore
1091 3474 1278 3528 facere
1313 3472 1964 3530 mandabat.Consensit
1982 3492 2072 3531 ve-

416 3583 480 3622 ro
513 3565 610 3621 ille
640 3563 810 3620 dictis
841 3561 1329 3635 promissionibus
1355 3560 1582 3616 dicens:
1602 3585 1628 3610 ‹‹
1652 3561 2068 3621 Verumtamen

415 3660 534 3711 tres
565 3659 754 3709 turres
785 3649 1070 3714 custodio,
1104 3667 1317 3722 easque
1347 3649 1596 3705 libenter
1625 3649 1675 3706 ei
1707 3651 2069 3723 promitto,et

415 3757 764 3817 quacunque
794 3740 939 3796 hora
967 3738 1216 3794 voluerit
1263 3737 1321 3793 in
1364 3755 1462 3794 eas
1488 3737 1813 3796 voluntarie
1845 3742 2067 3798 recolli-

416 3849 572 3906 gam.
611 3855 630 3879 »
665 3831 802 3886 Erat
832 3830 1027 3900 itaque
1058 3829 1438 3883 Boamundus
1460 3829 1586 3899 jam
1618 3845 1862 3885 securus
1893 3829 1962 3885 de
1984 3830 2068 3885 in-

414 3920 596 3977 troitu
627 3918 892 3974 civitatis.
947 3917 1074 3973 Una
1119 3933 1254 3988 ergo
1305 3917 1559 3990 gavisus,
1616 3922 1793 3990 atque
1840 3918 2068 3991 placido

417 4009 604 4076 vultu,
639 4024 844 4064 serena
873 4011 1085 4073 mente,
1119 4005 1274 4060 venit
1305 4008 1374 4060 ad
1399 4005 1543 4061 alios
1561 4023 1763 4061 omnes
1785 4008 2064 4077 seniores,

419 4099 619 4170 eisque
645 4097 904 4169 jocunda
934 4095 1108 4150 verba
1137 4093 1377 4166 protulit
1407 4094 1466 4149 in
1500 4095 1608 4150 hoc
1641 4097 1846 4151 modo:
1877 4120 1904 4147 υ
1945 4097 2067 4152 Viri

417 4184 859 4260 prudentissimi
891 4183 1128 4249 milites,
1164 4182 1349 4239 videte
1381 4185 1674 4255 quomodo
1725 4202 1830 4241 nos
1862 4202 2068 4242 omnes

415 4276 475 4331 in
511 4275 692 4331 nimia
720 4276 1062 4348 paupertate
1093 4277 1150 4327 et
1183 4271 1419 4327 miseria
1449 4273 1688 4344 projecti
1713 4290 2067 4342 sumus,ma—

404 4365 566 4437 jores
599 4365 716 4420 sive
749 4363 1027 4426 minores,
1077 4365 1132 4417 et
1181 4361 1522 4434 ignoramus
1572 4361 1806 4433 penitus
1853 4379 1920 4419 ex
1951 4381 2067 4436 qua

407 4457 571 4526 parte
600 4452 812 4508 melius
848 4450 1121 4507 succedat
1152 4450 1417 4505 nobis.Si
1453 4449 1631 4522 igitur
1650 4451 1813 4508 vobis
1845 4452 2064 4509 bonum

2180 3296 2525 3352 Flandrensi
2559 3295 2778 3362 comiti,
2803 3300 2859 3350 et
2881 3295 3163 3351 comitide
3188 3297 3397 3352 Sancto
3412 3297 3843 3372 Aigidio,atque

2178 3384 2445 3442 Podiensi
2473 3385 2764 3458 episcopo.
2811 3408 2838 3434 ‹‹
2887 3385 3174 3450 Quoniam
3232 3385 3281 3440 si
3337 3385 3454 3442 Deo
3483 3385 3695 3459 placet,
3729 3389 3844 3444 erit

2179 3474 2347 3530 nobis
2400 3475 2457 3528 in
2504 3473 2611 3529 hac
2659 3479 2824 3530 nocte
2869 3473 3178 3530 Antiochia
3208 3475 3454 3531 reddita.
3492 3499 3520 3526 ››
3553 3477 3843 3534 Ordinata

2179 3569 2319 3620 sunt
2347 3563 2543 3636 itaque
2575 3563 2695 3618 hec
2724 3563 2942 3618 omnia.
2978 3563 3190 3620 Milites
3221 3569 3539 3620 tenuerunt
3568 3564 3843 3638 plana,et

2178 3652 2405 3724 pedites
2445 3657 2777 3707 montanea.
2812 3653 2959 3706 Tota
2992 3657 3158 3708 nocte
3173 3651 3840 3728 militaveruntetusque

2177 3759 2354 3815 prope
2385 3757 2656 3797 auroram
2687 3740 3498 3814 diei,etdeincepscmperunt
3517 3745 3839 3817 appropin-

2177 3849 2355 3903 qnare
2387 3832 2458 3886 ad
2491 3834 2681 3886 turres
2713 3847 2860 3902 quas
2891 3829 2986 3886 ille
3015 3830 3316 3904 vigilabat.
3376 3833 3691 3888 Confestim
3728 3835 3836 3890 de-

2177 3919 2402 3975 scendit
2433 3919 2834 3987 Boamundus,
2866 3924 2924 3974 et
2954 3918 3230 3992 prmeepit
3255 3921 3550 3986 omnibus,
3583 3921 3837 3980 dicendo

2176 4008 2296 4064 brec
2319 4008 2492 4063 verba
2526 4025 2538 4062 :
2574 4032 2600 4056 «
2639 4008 2717 4063 Ite
2749 4024 2955 4063 securo
2985 4008 3203 4076 animo,
3236 4013 3294 4064 et
3326 4009 3476 4065 felici
3495 4012 3833 4081 concordia,

2176 4102 2232 4152 et
2261 4096 2557 4154 ascendite
2586 4114 2688 4169 per
2717 4097 2908 4152 scalas
2929 4097 2987 4152 in
3018 4098 3390 4154 Antiochiam
3419 4116 3597 4172 quam
3627 4104 3835 4159 statim

2175 4185 2545 4253 habebimus,
2581 4185 2629 4240 si
2671 4185 2785 4241 Deo
2819 4185 3028 4258 placet,
3063 4187 3120 4241 in
3155 4192 3353 4243 nostra
3372 4188 3660 4244 custodia.
3690 4191 3834 4248 »νε-

2175 4281 2504 4347 neruntquc
2534 4273 2616 4328 illi
2651 4291 2835 4346 usque
2868 4275 2940 4330 ad
2975 4274 3217 4343 scalam,
3275 4293 3402 4348 quas
3423 4277 3549 4348 jam
3583 4285 3712 4334 erat
3740 4281 3834 4336 di-

2174 4369 2331 4420 recta
2361 4368 2418 4419 et
2449 4363 2690 4418 ﬁrmiter
2716 4362 2896 4436 ligata
2926 4364 2996 4418 ad
3030 4363 3288 4420 civitatis
3307 4365 3834 4426 mmniaEtascen-

2174 4453 2387 4508 denunt
2418 4469 2520 4524 per
2551 4451 2712 4507 illam
2745 4451 3013 4508 homines
3045 4453 3554 4526 feresexagintaex
3589 4459 3832 4528 nostris,

409 4560 477 4598 ac
507 4543 823 4598 honestum
853 4538 1369 4611 videtur,eligatse
1385 4542 1519 4594 ante
1551 4539 1694 4594 alios
1721 4557 1875 4595 unus
1889 4558 2068 4597 exno-
2097 4559 2142 4623 Ι)
2173 4548 2228 4597 et
2259 4541 2427 4596 divisi
2461 4546 2598 4597 sunt
2631 4558 2732 4613 per
2761 4546 2878 4596 tres
2908 4546 3122 4610 turres,
3142 4559 3288 4614 quas
3317 4542 3832 4617 illevigilabat.Vi-

405 4631 497 4686 bis
527 4631 861 4703 quicunque
893 4627 1089 4690 vultis,
1121 4632 1317 4682 utrum
1352 4644 1414 4682 se
1440 4627 2064 4686 illeullomodoautin-

402 4721 572 4794 genio
603 4720 893 4775 civitatem
926 4716 1247 4789 acquirere,
1279 4715 1366 4772 vel
1397 4716 1822 4788 ingeniare,aut
1845 4735 1947 4790 per
1975 4736 2056 4789 se,

403 4814 505 4866 aut
539 4826 641 4882 per
687 4807 832 4864 alios
877 4807 1168 4862 concorda
1213 4822 1350 4861 voce
1379 4805 1530 4860 dono
1562 4805 1991 4877 permittamus.
2027 4830 2054 4859 »

401 4897 511 4965 Qui
548 4898 788 4952 omnino
817 4895 1194 4968 prohibentes
1242 4900 1298 4949 et
1327 4895 1703 4967 denegantcs,
1737 4895 2006 4952 dixerunt
2039 4915 2052 4954 :

403 5009 424 5036 α
461 4985 691 5040 Nemini
725 5001 986 5056 unquam
1021 4983 1130 5038 erit
1163 4983 1280 5038 haec
1313 4982 1516 5038 civitas
1540 4983 1914 5050 dimissa,sed
1931 5003 2053 5041 om-

347 5115 351 5119 .
393 5089 498 5129 nes
529 5073 806 5145 aequalem
840 5071 999 5126 illam
1033 5071 1381 5127 habebimus
1417 5091 1430 5138 ;
1465 5072 1617 5127 sicut
1647 5073 1928 5144 aequalem
1945 5075 2045 5131 ha-

392 5161 632 5219 buimus
663 5161 947 5224 laborem,
981 5159 1064 5215 sic
1094 5159 1227 5214 inde
1260 5160 1606 5216 habebimus
1637 5161 1916 5234 arqualem
1952 5164 2052 5220 ho-

388 5267 612 5308 norem.
653 5273 677 5298 ››
710 5249 802 5305 Sic
835 5248 1032 5320 itaque
1065 5250 1691 5312 Boamundus,auditis
1715 5250 1806 5306 his
1833 5253 2043 5321 verbis,

387 5338 562 5413 paulo
597 5338 793 5392 minus
826 5337 1138 5393 subridens
1171 5339 1438 5408 protinus
1471 5340 1726 5394 recessit.
1755 5341 1876 5396 Non
1911 5348 2044 5414 post

385 5428 637 5485 multum
669 5444 798 5482 vero
817 5427 1096 5498 temporis
1129 5427 1442 5482 audierunt
1468 5444 1671 5482 omnes
1687 5430 1929 5498 mriores
1943 5447 2038 5486 no-

380 5518 486 5575 stri
520 5516 776 5572 muntios
806 5517 874 5572 de
905 5515 1156 5572 exercitu
1193 5523 1526 5571 nostrorum
1544 5516 2031 5582 hostium,vidcli-

379 5612 469 5664 cet
498 5606 837 5672 Turcorum,
869 5610 925 5662 et
955 5604 2027 5676 Publicanorum,Angulanorum,Azi-

2174 4631 2317 4685 dens
2349 4635 2545 4685 autem
2579 4629 2790 4702 Pyrrus
2822 4631 2974 4702 quod
3009 4635 3130 4686 tam
3145 4631 3313 4704 pauci
3336 4632 3830 4693 fuissentascensi

2169 4735 2236 4774 ex
2268 4719 2506 4784 nostris,
2539 4718 2712 4791 cmpit
2742 4735 2948 4792 pavere
2981 4736 3134 4774 mox.
3187 4719 3426 4777 Timens
3474 4739 3738 4795 namque
3770 4743 3830 4782 se

2166 4812 2224 4864 et
2254 4813 2505 4871 nostros,
2541 4824 2612 4863 ne
2661 4807 2720 4862 in
2771 4807 3046 4864 manibus
3091 4809 3416 4866 Turcorum
3469 4812 3825 4882 evenissent,

2165 4896 2355 4952 dixit:
2420 4897 2582 4953 Illicro
2643 4899 2880 4952 Francos
2938 4897 3201 4966 echomai,
3263 4887 3370 4954 hoc
3434 4905 3541 4968 est,
3604 4918 3826 4973 paucos

2161 4987 2412 5041 Francos
2431 4986 2636 5041 habeo.
2673 4985 2780 5041 Ubi
2812 4991 2902 5042 est
2932 4986 3358 5043 Boamundus?
3388 4987 3498 5044 Ubi
3531 4994 3618 5044 est
3652 4991 3825 5049 miles

2156 5074 2404 5130 invictus
2425 5075 2452 5130 ‘?
2485 5075 2758 5130 nlnterim
2791 5075 3092 5131 descendit
3122 5075 3362 5148 quidam
3394 5078 3651 5135 serviens
3674 5081 3822 5136 Lon-

2164 5165 2458 5238 gobardus
2489 5164 2786 5229 deorsum,
2821 5169 2876 5220 et
2907 5165 3167 5220 cucurrit
3197 5167 3547 5237 quantocius
3569 5169 3640 5224 ad
3677 5170 3821 5225 Boa-

2161 5254 2450 5308 mundum
2485 5252 2714 5308 dicens:
2750 5275 2775 5301 «
2795 5253 2941 5318 Quid
2962 5253 3053 5308 hic
3067 5253 3821 5328 stas,virprudens?quam—

2159 5345 2360 5398 obrcm
2401 5342 2512 5396 huc
2544 5341 2800 5396 venisti?
2833 5343 2969 5396 Ecce
2993 5344 3118 5412 jam
3154 5360 3258 5398 nos
3291 5348 3411 5399 tres
3437 5349 3628 5400 turres
3652 5346 3822 5403 habe-

2159 5448 2376 5486 mus.—»
2411 5431 2606 5485 Motus
2637 5435 2720 5486 est
2759 5437 2952 5485 autem
2979 5430 3068 5485 vir
3094 5431 3189 5487 ille
3222 5449 3354 5487 cum
3376 5432 3816 5500 aliisomnibus,

2145 5537 2350 5576 omnes
2384 5519 2704 5592 gaudentes
2724 5525 2898 5591 atque
2919 5519 3182 5576 laetantes
3207 5528 3599 5593 pervenerunt
3625 5541 3814 5597 usque

2138 5610 2208 5666 ad
2242 5608 2479 5664 scalam.
2503 5608 3392 5682 Videntesitaqueilliquierant
3427 5611 3813 5670 infraturres:
