3998 6088
173 269 300 339 ’189

859 270 930 335 Ρ.
976 269 1375 336 TUDEBODI
1420 268 1623 331 HIST.
1670 268 1770 330 ET
1813 265 2225 331 HIEROSOL.
2273 265 2456 328 lTlN.
2490 299 2566 310 —
2596 265 2744 327 LIB.
2788 263 2891 325 ιν.

3461 259 3582 322 790

175 409 478 482 ceperunt
498 404 759 479 joeunda
787 420 923 463 voce
953 403 1238 461 clamare:
1272 404 1300 452 ὰ
1325 403 1477 459 Deus
1496 400 1606 457 hoc
1621 399 1766 456 vult.
1789 421 1817 451 »
1849 408 1904 476 Α
1933 399 2150 473 pariter
2179 398 2545 472 unsquisque
2575 398 2646 454 ad
2677 413 2844 453 suam
2869 399 3115 469 portam,
3135 400 3191 452 et
3218 394 3582 455 intraverunt

173 498 296 554 Nos
323 514 456 552 vero
485 494 758 552 similiter
787 495 1149 550 dicebamus.
1179 493 1246 548 Et
1267 495 1568 564 coeperunt
1589 489 1828 545 mirabi-

172 584 310 640 liter
339 582 615 639 continuo
648 583 980 649 ascendere,
1003 586 1061 638 et
1091 581 1479 637 ascenderunt
1505 579 1561 634 in
1585 582 1826 645 turrem,

171 678 231 729 et
260 676 648 727 cucurrerunt
679 671 1023 726 festinanter
1051 671 1122 725 ad
1155 669 1299 725 alias
1328 673 1538 724 turres.
1559 670 1832 738 Quosque

171 762 296 817 illic
327 759 1030 827 inveniebant,mortalem
1053 759 1136 815 eis
1161 758 1438 814 continuo
1461 757 1678 812 dabant
1698 773 1830 811 sen-

167 853 448 915 tentiam;
484 849 719 904 fratrem
751 865 982 920 quoque
1012 848 1170 919 Pyrri
1220 847 1576 902 occiderunt.
1609 846 1833 900 Interea

170 939 323 994 forte
355 941 524 1008 rupta
554 942 642 992 est
672 936 850 1000 scala,
884 953 952 991 ex
982 953 1098 1007 qua
1129 940 1327 991 noster
1357 940 1481 990 erat
1511 949 1830 1000 ascensus;

173 1028 333 1082 unde
364 1026 516 1081 inter
548 1042 654 1080 nos
685 1029 772 1080 est
803 1029 928 1080 orta
958 1024 1249 1080 immensa
1279 1023 1573 1096 angustia,
1597 1023 1717 1079 sive
1737 1021 1835 1076 tri-

172 1115 357 1172 stitia.
392 1119 448 1170 et
477 1113 782 1169 confestim
814 1114 1035 1168 fuimus
1067 1129 1269 1168 omnes
1302 1112 1606 1184 stupefacti
1641 1129 1706 1168 ac
1738 1113 1836 1166 do-

169 1203 385 1261 lentes.
407 1205 753 1275 Quanquam
786 1201 992 1258 fuisset
1024 1203 1207 1258 fracta
1238 1200 1414 1268 scala,
1449 1206 1643 1256 tamen
1676 1218 1834 1273 quae-

171 1293 315 1348 dam
350 1295 518 1364 porta
550 1295 674 1346 erat
696 1292 868 1363 juxta
897 1308 1002 1347 nos
1051 1289 1252 1346 clausa
1281 1289 1340 1345 in
1383 1289 1623 1345 sinistra
1651 1293 1834 1361 parte,

170 1399 305 1455 quae
338 1380 701 1453 quibusdam
753 1381 1026 1435 manebat
1073 1377 1394 1451 incognita,
1438 1396 1549 1434 nox
1581 1395 1834 1450 namque

169 1470 444 1527 erat.Sed
476 1475 672 1526 tamen
705 1469 1074 1541 inquirendo,
1103 1473 1161 1523 et
1193 1467 1505 1540 palpando,
1531 1473 1588 1523 et
1613 1467 1836 1522 subtili-

168 1565 262 1616 ter
285 1558 641 1632 inquirendo
671 1558 769 1614 ubi
803 1557 931 1630 ipsa
963 1556 1199 1623 latebat,
1233 1574 1436 1612 omnes
1468 1556 1836 1612 cucurrimus

169 1647 248 1704 ad
277 1663 434 1712 eam,
466 1646 711 1719 ipsaque
744 1647 927 1701 fracta
957 1644 1308 1701 intravimus
1341 1662 1442 1716 per
1490 1644 1673 1700 illam.
1705 1645 1834 1700 Jam

170 1734 628 1791 innumerabilis
654 1735 851 1807 fragor
873 1733 1222 1789 mirabiliter
1243 1734 1553 1789 resonabat
1583 1751 1684 1805 per
1706 1732 1834 1787 uni-

1939 490 1997 544 in
2021 489 2332 556 civitatem,
2365 491 2423 543 et
2456 487 2868 543 interfecerunt
2898 487 3118 541 Turcos
3149 489 3205 541 et
3235 487 3582 544 Sarracenos

1939 595 2087 650 quos
2117 577 2197 632 ibi
2230 575 2696 649 repererunt,qui
2728 577 2963 631 fuerunt
2981 580 3141 630 extra
3175 576 3582 633 castrum.Alii

1937 683 2070 723 vero
2103 683 2170 722 ex
2201 665 2490 721 militibus
2514 666 2837 720 Turcorum
2868 663 3132 718 exierunt
3160 668 3380 736 portas,
3405 668 3462 720 et
3491 665 3586 720 fu-

1939 756 2162 828 gientes
2195 759 2502 811 evaserunt
2531 753 2663 809 vivi.

1941 847 2013 902 De
2040 855 2212 901 morte
2231 845 2498 910 Cassiani,
2520 845 2783 916 quomodo
2806 845 3118 915 interfectus
3156 852 3234 899 cst
3257 861 3288 899 a
3311 843 3586 901 Suriam’s.

2013 935 2327 990 Cassianus
2343 951 2474 990 vero
2497 932 3014 989 dominusillorum
3029 951 3411 1004 expavescens
3423 934 3588 990 valde

1940 1028 2173 1098 gentem
2196 1022 2738 1088 Francorum,dedit
2759 1039 2819 1078 se
2841 1022 3077 1078 omnino
3101 1023 3249 1094 fuga:
3281 1040 3414 1078 cum
3445 1023 3591 1078 mul-

1941 1113 2019 1168 tis
2049 1111 2180 1167 aliis
2213 1111 2308 1184 qui
2343 1116 2506 1167 erant
2537 1129 2669 1167 cum
2704 1129 2790 1176 eo,
2824 1115 2879 1167 et
2922 1111 3196 1184 fugiendo
3239 1112 3498 1184 pervenit
3529 1112 3588 1167 in

1943 1201 2224 1258 Tancredi
2259 1205 2494 1267 terram,
2529 1218 2644 1256 non
2688 1200 2857 1273 longe
2888 1219 2920 1255 a
2951 1201 3195 1256 civitate.
3229 1200 3590 1274 Fatigatique

1943 1294 2110 1347 erant
2123 1288 2257 1362 equi
2275 1306 2500 1355 eorum,
2517 1294 2572 1345 et
2594 1290 2882 1346 miserunt
2899 1290 3029 1346 sein
3058 1291 3352 1362 quoddam
3374 1289 3584 1357 easale,

1942 1383 1998 1435 et
2027 1380 2388 1435 intraverunt
2419 1379 2477 1434 in
2528 1381 2844 1452 quamdam
2880 1380 3142 1436 domum.
3185 1380 3591 1452 Cognoverunt

1943 1485 2079 1541 ergo
2102 1485 2236 1523 eum
2263 1468 2618 1524 habitatores
2641 1473 2803 1524 terra;
2823 1469 2981 1525 illius
3003 1473 3346 1536 montaneaa,
3369 1468 3590 1525 scilicet

1945 1556 2175 1612 Suriani
2208 1561 2265 1613 et
2293 1557 2585 1612 Hermenii
2613 1576 2625 1626 ;
2651 1558 2954 1613 confestim
2989 1558 3497 1630 apprehenderunt
3529 1557 3592 1612 il-

1945 1645 2091 1708 lum,
2124 1648 2181 1701 et
2211 1645 2545 1701 ceciderunt
2575 1650 2751 1718 caput
2780 1647 2927 1717 ejus,
2978 1651 3034 1704 et
3081 1646 3417 1702 obtulerunt
3445 1645 3588 1702 illud

1951 1736 2084 1786 ante
2114 1733 2436 1787 Boamundi
2469 1733 2859 1805 praesentiam,
2885 1738 2950 1790 ut
2973 1739 3337 1790 mererentur
3361 1734 3592 1790 liberta-

171 1783 627 1791 -..--_-..--..-.---
655 1783 840 1807 ---ου
874 1783 1210 1789 ---υτ-.--η-
1243 1783 1551 1789 _-.---___-_-
1586 1783 1672 1805 ι.--
2116 1783 2436 1787 νηηηην
2469 1783 2859 1805 τ---------π---,
2889 1783 2949 1790 _-
2974 1783 3325 1790 --------_--_-
3362 1783 3569 1790 ---νη

169 1841 408 1880 versam
440 1822 754 1879 civitatem.
788 1823 914 1878 Non
951 1821 1240 1893 acquievit
1270 1821 1389 1877 illic
1421 1821 1824 1887 Beamundus,
1867 1783 1912 1848 Β
1955 1824 2068 1876 tem
2116 1820 2366 1892 perfecte
2426 1821 2701 1894 recipere.
2749 1823 3022 1878 Baltheus
3071 1841 3304 1896 quoque
3355 1824 3503 1894 ejus,
3537 1827 3593 1878 et

172 1911 489 1985 imperavit
510 1911 849 1967 honorabile
867 1910 1140 1966 vexillum
1156 1910 1364 1965 deferri
1383 1927 1620 1966 sursum
1642 1926 1837 1965 coram

173 2000 443 2070 castello,
475 1999 534 2055 in
567 2000 824 2072 quodam
854 2003 1070 2055 monte.
1100 1998 1315 2054 Omnes
1343 2015 1479 2071 ergo
1505 1998 1718 2072 pariter
1746 1999 1838 2053 ni-

175 2090 294 2146 mis
327 2091 388 2145 in
422 2089 655 2145 civitate
690 2088 1040 2144 stridebant.
1075 2088 1318 2144 Summo
1350 2093 1548 2143 autem
1583 2085 1838 2143 diluculo

175 2179 489 2236 audientes
521 2176 604 2233 illi
638 2177 736 2249 qui
770 2176 910 2232 foris
941 2181 1108 2232 erant
1138 2176 1208 2232 ad
1242 2176 1510 2243 tentoria,
1538 2176 1840 2232 vehemen-

175 2266 478 2324 tissimum
518 2283 813 2321 rumorem
839 2270 1094 2337 strepere
1117 2281 1218 2337 per
1243 2264 1554 2330 civitatem,
1578 2264 1841 2320 exierunt

177 2357 552 2422 festinantes,
610 2360 667 2410 et
698 2354 968 2410 viderunt
1017 2352 1420 2409 Boamundum
1472 2370 1738 2409 seorsum
1777 2354 1838 2408 in

179 2451 402 2502 monte.
423 2444 607 2501 Celeri
629 2446 1014 2500 cuéurrerunt
1034 2460 1238 2499 omnes
1268 2459 1466 2510 cursu,
1484 2447 1539 2497 et
1560 2448 1840 2498 venerunt

1946 1908 2141 1982 gaina,
2165 1909 2221 1964 id
2255 1915 2343 1965 est
2357 1910 2526 1983 vagin
2539 1929 2586 1978 1,
2611 1909 2846 1967 fuerunt
2868 1913 3174 1984 appretiati
3203 1931 3268 1968 1.x
3289 1914 3587 1985 bysautos.

1947 1999 2162 2054 Omnes
2191 2015 2322 2054 vero
2355 1998 2554 2071 platea:
2587 1998 2972 2072 civitatisjam
2999 2001 3256 2074 undique
3280 2001 3459 2072 plenae
3483 2004 3594 2055 sta-

1947 2088 2089 2142 bant
2113 2086 2492 2142 cadaveribus
2515 2092 2900 2154 mortuorum,
2923 2089 3003 2144 ita
3025 2095 3090 2145 ut
3119 2108 3289 2146 nemo
3321 2090 3410 2145 vix
3443 2094 3596 2161 pote-

1949 2180 2038 2232 rat
2068 2175 2150 2230 ire
2175 2192 2275 2248 per
2290 2175 2529 2231 semitas
2551 2175 2819 2242 civitatis,
2836 2176 2948 2232 nisi
2969 2178 3247 2234 cadavera
3268 2179 3590 2234 Turcorum

1948 2263 2246 2321 calcando.
2279 2264 2407 2320 Haec
2439 2264 2636 2321 omnia
2656 2269 2821 2338 gesta
2852 2270 2992 2322 sunt
3013 2267 3185 2322 tertia
3216 2267 3306 2324 die
3336 2267 3593 2323 intrante

1950 2371 2149 2410 mense
2179 2353 2337 2409 Junii
2365 2353 2422 2408 in
2456 2352 2548 2409 die
2569 2353 2748 2410 Jovis.
2793 2355 2950 2412 Unde
2968 2354 3045 2410 sit
3061 2356 3404 2412 benedictus
3446 2361 3621 2422 Deus,

1949 2459 2052 2516 per
2079 2447 2289 2498 cuncta
2319 2441 2530 2498 saecula
2559 2443 2925 2512 saeculorum,
2957 2461 3147 2501 amen.

1183 2763 1590 2886 INCIPIT
1649 2765 1968 2850 LIBER
2031 2764 2604 2875 QUARTUS.

261 2957 553 3016 Curbalan
589 2962 783 3014 autem
806 2959 1076 3030 princeps
1099 2957 1315 3013 militiae
1348 2957 1585 3014 Soldani
1608 2958 1836 3026 Persian,
1869 2958 1912 3025 C
1952 2962 2244 3030 quatenus
2277 2959 2768 3030 mihisuccurras,
2793 2960 3069 3032 quoniam
3112 2964 3315 3019 Franci
3343 2965 3601 3038 undique

187 3052 336 3108 dum
369 3048 562 3104 adhuc
593 3051 683 3102 est
733 3049 1119 3102 Corrozanum
1169 3046 1480 3103 Cassianus
1513 3046 1842 3120 praedictus,

184 3136 512 3197 Antiochiae
534 3135 883 3209 legationem
911 3135 1235 3204 eimiserat,
1260 3154 1376 3209 quo
1411 3137 1520 3192 sibi
1544 3153 1847 3192 succurre-

188 3233 283 3286 ret
314 3228 373 3282 in
391 3231 635 3298 Opportu
648 3242 718 3280 no
741 3230 1026 3298 tempore,
1051 3225 1328 3296 quoniam
1353 3234 1496 3299 gens
1528 3225 1850 3281 fortissima

190 3323 374 3389 atque
397 3313 806 3372 robustissima
832 3315 1178 3370 Francorum
1197 3331 1329 3371 eum
1353 3315 1700 3387 impeditum
1723 3331 1850 3388 gra-

188 3408 346 3463 viter
375 3403 679 3460 obsidebat
696 3403 1034 3472 Antiochiae,
1058 3407 1115 3458 et.
1145 3403 1192 3460 si
1224 3404 1579 3476 adjutorium
1605 3403 1852 3459 fideliter

192 3494 580 3567 impenderet,
615 3491 976 3547 Antiochiam
1006 3491 1295 3548 civitatem
1329 3493 1387 3548 in
1421 3493 1545 3549 suis
1577 3493 1850 3548 manibus

194 3582 478 3640 continuo
511 3581 781 3647 traderet,
807 3586 905 3635 aut
926 3598 1059 3636 eum
1079 3581 1291 3637 ditaret
1312 3583 1563 3637 maxime
1586 3598 1848 3637 munere.

195 3677 274 3728 Cu
288 3671 601 3743 mquejam
627 3669 928 3724 habuisset
951 3670 1269 3725 maximum
1293 3671 1607 3726 exercitum
1636 3673 1853 3726 Turco-

196 3778 334 3818 rum
364 3778 434 3815 ex
463 3759 635 3832 longo
665 3757 971 3814 collectum
1003 3763 1347 3832 tempore,et
1374 3759 1668 3814 licentiam
1691 3759 1855 3814 Chri-

198 3852 431 3908 stianos
457 3848 756 3904 occidendi
791 3849 1110 3920 accepisset
1138 3867 1171 3904 a
1198 3848 1437 3920 Calipha
1462 3849 1693 3905 illorum
1719 3866 1856 3921 apo-

200 3938 432 4005 stolico,
489 3936 642 3992 illico
675 3935 968 3992 inchoavit
1016 3937 1126 3992 iter
1171 3936 1355 4009 longa:
1385 3936 1488 3992 via:
1519 3937 1856 3993 Antiochiae.

203 4025 778 4098 Hierosolymitanus
804 4024 1185 4081 Ammiralius
1232 4041 1366 4081 cum
1406 4042 1472 4082 eo
1503 4032 1559 4081 et
1588 4043 1719 4081 eum
1755 4043 1861 4081 suo

201 4116 462 4172 exercitu
498 4114 626 4168 fuit.
657 4113 889 4186 Rexque
917 4111 1290 4185 Damascigibi
1322 4113 1552 4168 advenit
1576 4130 1710 4168 cum
1741 4130 1863 4167 ma-

202 4206 366 4262 xima
395 4207 588 4276 gente.
629 4202 818 4257 Isdem
851 4218 980 4257 vero
1030 4202 1400 4274 congregavit
1442 4219 1510 4257 ex
1537 4201 1694 4257 omni
1728 4219 1864 4273 par-

205 4299 262 4350 te
290 4307 656 4366 paganorum
674 4291 1014 4346 innumeras
1035 4294 1257 4363 gentes,
1277 4289 1539 4346 videlicet
1561 4292 1867 4358 Turcos,et

203 4382 451 4448 Arabes,
484 4385 540 4436 et
571 4381 943 4450 Sarracenos,
983 4382 1039 4434 et
1066 4378 1434 4447 Publicanos,
1483 4383 1538 4434 et
1566 4379 1864 4447 Azimitas,

206 4472 280 4527 Et
312 4473 543 4537 Curtos,
586 4473 644 4523 et
675 4468 895 4534 Persas,
948 4472 1005 4523 et
1049 4467 1366 4541 Agulanos,
1391 4473 1446 4524 et
1477 4467 1621 4524 alias
1653 4467 1869 4524 multas

209 4565 438 4634 gentes,
460 4575 608 4631 quos
622 4555 944 4623 nominare,
969 4560 1070 4612 aut
1101 4574 1407 4612 numerare
1432 4573 1600 4612 nemo
1623 4560 1866 4629 poterat.

209 4651 284 4707 Et
314 4646 568 4721 Agulani
599 4647 833 4702 fuerunt
864 4661 1108 4700 numero
1157 4647 1269 4701 tria
1314 4645 1493 4701 milia.
1538 4645 1652 4718 lpsi
1685 4661 1872 4716 neque

212 4737 474 4798 lanceas,
494 4752 679 4808 neque
701 4734 821 4790 ulla
838 4751 1003 4789 arma
1027 4733 1477 4806 timebant,quia
1491 4751 1694 4789 omnes
1709 4738 1874 4790 erant

216 4825 473 4899 cooperti
499 4825 647 4880 ferro
671 4824 952 4896 undique,
977 4827 1034 4879 et
1053 4824 1188 4895 equi
1211 4840 1435 4883 eorum.
1463 4823 1690 4895 ipsique
1714 4822 1872 4878 nole-

217 4917 363 4972 bant
394 4914 454 4969 in
479 4912 697 4969 bellum
731 4913 878 4968 ferre
909 4911 1210 4980 arma,nisi
1234 4911 1602 4968 solummodo
1624 4911 1872 4985 gladios.

219 5003 322 5060 lsti
353 5018 562 5058 omnes
589 5006 869 5057 venerunt
899 5001 958 5056 in
979 5000 1316 5056 obsessione
1344 5000 1660 5056 Antiochiae
1693 5001 1763 5056 ad
1787 5001 1844 5055 di
1865 5031 1879 5041 -

219 5091 618 5166 aspergendum
646 5092 995 5146 Francorum
1041 5089 1371 5162 collegium.
1407 5091 1474 5144 Et
1495 5107 1628 5144 cum
1671 5108 1877 5162 appro-

221 5183 616 5256 pinquassent
645 5179 883 5244 civitati,
905 5178 1064 5234 venit
1085 5179 1312 5234 obviam
1345 5178 1428 5232 eis
1462 5179 1879 5234 Sanzedonafi-

218 5271 338 5327 lius
371 5269 639 5325 Cassiani
670 5267 1352 5333 AmmiraliiAntiochiae,
1385 5272 1441 5321 et
1474 5267 1748 5322 continuo
1779 5284 1878 5322 cu-

221 5359 413 5416 currit
445 5359 515 5413 ad
549 5357 860 5428 Curbalan,
908 5354 1362 5430 lacrymabiliter
1392 5371 1603 5427 rogans
1635 5372 1790 5422 eum,
1826 5361 1881 5411 et

224 5448 410 5505 dixit:
451 5471 480 5499 ‹‹
513 5448 557 5505 Ο
593 5447 978 5503 invictissime
1006 5445 1297 5518 princeps,
1321 5449 1375 5498 te
1399 5446 1742 5514 suppliciter
1779 5447 1880 5501 de-

223 5555 453 5614 precor,
491 5543 652 5594 tuam
687 5535 898 5593 humili
931 5534 1229 5592 devotione
1269 5532 1638 5604 prudentiam
1669 5535 1878 5605 rogito,

1954 3047 2226 3102 obsident
2257 3064 2348 3102 me
2379 3048 2437 3102 in
2461 3047 2816 3104 Antiocheno
2848 3049 3080 3122 oppido,
3108 3051 3520 3126 civitatemque
3540 3054 3600 3110 in

1955 3153 2060 3192 suo
2092 3140 2294 3191 tenent
2326 3136 2589 3209 imperio,
2624 3154 2845 3210 nosque
2875 3137 3127 3196 alienare
3159 3159 3192 3197 a
3224 3142 3456 3214 regione
3489 3144 3600 3200 Ro-

1957 3224 2184 3291 mania},
2219 3225 2338 3280 rive
2368 3225 2565 3297 Syriis,
2619 3226 2810 3282 adhuc
2844 3231 3036 3284 autem
3075 3233 3131 3285 et
3160 3230 3465 3287 Corrozani
3497 3233 3600 3290 de-

1956 3318 2223 3387 poscunt.
2244 3314 2452 3370 Omnia
2473 3332 2607 3371 vero
2630 3316 3015 3388 quaeeupiunt
3033 3323 3350 3390 patravere,
3373 3325 3598 3392 patrem

1957 3419 2190 3474 quoque
2220 3403 2557 3458 occiderunt
2587 3422 2804 3473 meum,
2837 3411 2894 3461 et
2921 3406 3063 3462 nihil
3098 3408 3252 3464 aliud
3285 3415 3373 3466 est
3403 3429 3602 3484 super,

1960 3491 2071 3546 nisi
2106 3496 2169 3546 ut
2200 3509 2290 3547 me
2320 3497 2375 3546 et
2395 3496 2469 3556 te,
2494 3510 2814 3565 omnesque
2835 3511 2903 3550 ex
2925 3512 3134 3568 genere
3165 3503 3364 3554 nostro
3386 3499 3607 3556 interfi-

1961 3580 2119 3636 ciant
2148 3579 2363 3653 gladio.
2387 3581 2505 3654 Ego
2536 3599 2668 3638 vero
2690 3583 3042 3654 jamdudum
3065 3592 3233 3642 tuum
3257 3588 3504 3645 fideliter
3522 3607 3615 3646 ex-

1963 3670 2212 3742 spectavi
2238 3670 2572 3736 adventum,
2596 3676 2788 3726 utrum
2824 3673 2967 3728 mihi
2992 3691 3300 3732 succurras
3321 3677 3381 3732 in
3400 3677 3614 3750 hocpe-

1964 3758 2170 3814 riculo.
2194 3781 2220 3807 ››
2247 3759 2348 3813 Cui
2372 3762 2446 3813 (lu
2459 3759 2658 3815 rbalan
2683 3763 3064 3834 respondens,
3081 3764 3197 3819 ait:
3222 3788 3249 3815 «
3274 3767 3330 3822 Si
3352 3767 3437 3822 vis
3460 3769 3614 3840 quod

1966 3866 2035 3904 ex
2061 3852 2177 3903 toto
2200 3849 2371 3903 corde
2405 3847 2460 3902 in
2484 3854 2583 3904 tuo
2614 3849 2727 3904 sim
2751 3852 3262 3925 proﬁcuo,tibique
3286 3856 3533 3912 ﬁdeliter
3558 3856 3617 3912 in

1966 3937 2081 3993 isto
2113 3953 2420 3992 succuram
2454 3937 2730 4010 periculo,
2773 3938 2914 3995 illud
2963 3940 3020 3996 in
3055 3958 3183 3997 mea
3231 3943 3394 4015 prius
3440 3962 3619 4001 manu

1968 4025 2132 4081 trade
2166 4025 2471 4097 oppidum,
2501 4030 2557 4082 et.
2582 4031 2722 4082 tunc
2751 4027 2974 4085 videbis
3022 4030 3273 4102 qualiter
3301 4049 3396 4088 ero
3430 4032 3487 4088 in
3520 4038 3620 4090 tuo

1973 4115 2253 4188 proﬁcuo,
2287 4113 2462 4186 idque
2492 4113 2731 4188 vigilare
2771 4117 2978 4173 faciam
3020 4119 3166 4175 meis
3198 4119 3555 4179 hominibus.
3593 4146 3621 4173 »

1971 4204 2067 4258 Ait
2097 4219 2331 4274 quoque
2361 4203 2713 4260 Sancedola:
2749 4228 2777 4255 «
2811 4206 2868 4261 Si
2911 4210 3076 4278 potes
3122 4225 3325 4266 omnes
3371 4212 3622 4269 Francos

1975 4291 2255 4358 occidere,
2289 4293 2739 4357 et-detruncarc,
2790 4295 3051 4368 mihique
3082 4298 3274 4370 capita
3314 4299 3623 4373 diligenter

1976 4381 2224 4448 tradere,
2259 4397 2364 4454 ego
2387 4380 2710 4452 predictum
2737 4381 2842 4438 tibi
2867 4384 3016 4440 dabo
3047 4385 3298 4442 ﬁdeliter
3317 4388 3618 4460 oppidum,

1977 4475 2034 4524 et
2063 4469 2273 4525 deinde
2305 4487 2400 4525 ero
2433 4469 2536 4525 tibi
2559 4475 2696 4526 tuus
2718 4472 3167 4543 etl’ectushomo,
3200 4481 3256 4530 et
3281 4476 3340 4531 in
3365 4481 3465 4532 tua
3489 4479 3626 4534 ﬁde-

1977 4558 2141 4614 litate
2188 4558 2297 4614 hoc
2361 4559 2686 4614 custodiam
2752 4561 3054 4632 oppidum.
3118 4585 3145 4612 »
3192 4565 3290 4618 Cui
3333 4565 3623 4621 Curbalan

1982 4647 2101 4703 ait:
2138 4670 2165 4698 ‹‹
2197 4647 2321 4703 Non
2356 4647 2438 4702 ita
2469 4647 2580 4703 erit
2612 4652 2675 4703 ut
2726 4657 2784 4704 tu
2818 4655 2990 4722 putas
3040 4655 3216 4724 atque
3248 4654 3489 4726 cogitas,
3525 4656 3625 4710 sed

1982 4735 2282 4792 committe
2316 4754 2373 4807 in
2407 4753 2534 4791 mea
2565 4754 2741 4793 manu
2775 4743 3037 4795 castrum
3071 4739 3237 4797 illud.
3264 4765 3292 4791 ‹‹
3325 4742 3632 4800 Commisit

1981 4830 2198 4892 tamen,
2218 4823 2442 4890 nolens,
2461 4823 2680 4892 volens,
2695 4827 2743 4882 ei
2760 4826 2910 4883 illico
2928 4831 3409 4887 castrum.Tertia
3437 4835 3630 4888 autem

1989 4915 2082 4969 die
2113 4919 2424 4986 postquam
2445 4913 2736 4971 civitatem
2757 4915 3522 4991 intravimus,przecursores
3545 4937 3636 4977 eo-

1989 5020 2118 5058 rum
2151 5002 2584 5058 antecivitatem
2607 5009 3439 5076 praacucurreruntExercitus
3472 5027 3639 5065 nam-

1989 5109 2101 5162 que
2131 5091 2362 5147 illorum
2397 5091 2467 5146 ad
2499 5092 3034 5150 Pontem-Ferreum
3059 5102 3507 5154 castrametatus
3525 5104 3636 5168 est,

1989 5187 2043 5235 et
2065 5187 2540 5251 expugnaverunt
2563 5188 2778 5239 turrem
2800 5184 2994 5250 Turci,
3019 5189 3073 5239 et
3087 5186 3643 5244 occideruntomnes

1989 5286 2136 5341 quos
2168 5267 2286 5324 illic
2315 5269 2682 5344 invenerunt,
2714 5278 2770 5326 et
2801 5290 2972 5330 nemo
2991 5275 3174 5330 evasit
3201 5274 3386 5343 vivus,
3411 5275 3646 5331 nisido-

1990 5357 2188 5412 minus
2222 5358 2478 5426 illorum,
2514 5377 2689 5432 quem
2724 5365 2929 5432 postea
2962 5363 3206 5436 ligatum
3239 5364 3564 5436 reperimus
3586 5364 3645 5419 in

1991 5444 2244 5502 vinculis
2275 5446 2493 5512 ferreis,
2528 5450 2695 5517 facto,
2732 5451 2955 5520 majore
2983 5451 3134 5508 bello
3166 5453 3225 5507 in
3273 5453 3473 5527 vigilia
3497 5453 3651 5507 beati

1993 5533 2268 5611 apostoli.
2301 5537 2568 5596 Crastina
2599 5545 2796 5596 autem
2827 5539 2924 5597 die
2945 5543 3100 5598 moto
3121 5540 3376 5599 exercitu
3402 5557 3654 5614 pagano-
