3998 6088
337 277 454 340 ’191

849 276 954 340 AD
998 276 1513 343 GODEFRIDUM
1552 276 1895 341 APPEND.
1939 275 2019 340 1L
2048 307 2128 323 -—
2153 273 2466 341 NONUM.
2511 276 2616 340 DE
2658 275 2913 341 BELLO
2955 274 3232 340 SABRO.

3633 274 3785 349 Μ

339 429 496 482 rum,
548 411 1164 486 appropinquaverunt
1211 411 1453 484 civitati,
1491 416 1550 470 et
1595 411 1991 470 castrametati
2019 412 2079 481 Α,
2106 415 2366 469 castrum
2397 409 2458 467 in
2492 427 2623 468 mea
2643 410 2825 468 libera
2851 408 3153 469 voluntate
3181 408 3466 468 teneoJlli
3496 427 3755 484 namque

338 507 480 560 sunt
510 503 664 558 inter
691 502 806 558 duo
859 501 1123 573 ﬂumina,
1168 506 1570 574 steteruntque
1597 500 1680 556 ibi
1710 519 1813 576 per
1842 502 1992 559 duos

340 591 485 648 dies.
512 592 762 664 Recepto
782 590 979 664 itaque
1001 594 1356 658 castro,tunc
1378 590 1665 649 Curbalan
1681 592 1992 648 confestim

345 680 838 737 advocavitunum
862 679 1260 736 Ammiralium
1276 697 1341 736 ex
1364 681 1508 748 suis,
1528 697 1702 753 quem
1725 697 1993 740 sermone

347 770 569 827 sciebat
596 763 879 838 veracem',
928 770 1151 838 mitem,
1202 774 1258 825 et
1287 769 1614 843 pacificum,
1658 774 1715 827 et
1745 770 1826 826 ait
1854 770 1941 827 illi
1974 788 1988 827 :

347 882 375 911 ‹‹
403 859 545 916 Volo
567 863 633 916 ut
652 860 833 917 intres
854 858 913 914 in
935 858 1212 915 ﬁdelitate
1233 876 1362 916 mea
1373 859 1482 916 hoc
1501 864 1762 916 castrum
1793 865 1994 917 custo-

346 949 490 1015 dire,
523 949 677 1021 quod
709 966 777 1004 ex
798 952 1058 1020 tempore
1084 947 1427 1021 longissimo
1445 948 1566 1006 scio
1587 954 1644 1005 te
1667 948 1831 1006 valde
1860 951 1996 1007 ﬁde-

347 1038 663 1104 lissimum,
696 1037 940 1110 ideoque
963 1054 1165 1111 precor
1183 1043 1259 1105 te,
1283 1043 1348 1093 ut
1376 1055 1612 1094 summa
1640 1038 1866 1095 cautela
1884 1039 1995 1095 hoc

345 1126 644 1184 contineas
675 1126 977 1199 oppidum.
1002 1126 1205 1183 Adhuc
1247 1144 1500 1199 namque
1521 1127 1662 1200 quia
1692 1127 1811 1185 scio
1852 1133 1909 1185 te
1932 1129 1993 1184 in

346 1233 516 1289 opere
528 1215 1075 1289 prudentissimum,
1092 1215 1439 1290 nullumque
1460 1216 1649 1292 magis
1664 1234 1925 1274 veracem
1937 1221 1996 1274 et

342 1305 731 1361 fortissimum
762 1305 856 1361 hic
891 1306 1062 1361 modo
1108 1305 1357 1379 reperire
1388 1322 1630 1377 nequeo.
1664 1328 1691 1358 ››
1715 1306 1821 1362 Cui
1852 1314 1996 1363 Am-

344 1393 611 1451 miralius
642 1394 761 1450 ait:
793 1416 821 1444 ‹‹
854 1395 983 1450 Tibi
1012 1412 1272 1468 unquam
1297 1397 1367 1452 de
1396 1395 1499 1451 tali
1526 1395 1732 1454 vellem
1761 1396 1997 1453 obedire

345 1483 555 1551 ofﬁcio,
591 1485 691 1541 sed
722 1484 1068 1557 priusquam
1102 1501 1193 1541 me
1223 1489 1323 1541 tuo
1353 1501 1565 1559 arguas
1593 1485 1854 1554 stimulo,
1887 1485 1997 1542 hoc

344 1573 553 1629 faciam
587 1590 652 1630 eo
682 1578 882 1630 tenore
929 1574 1085 1646 quod
1116 1574 1163 1631 si
1212 1574 1415 1631 Franci
1454 1575 1732 1647 ejecerint
1772 1592 1876 1633 vos
1925 1575 1998 1632 de

345 1662 580 1719 mortali
609 1663 830 1736 praelio,
862 1662 947 1719 eis
967 1662 1243 1720 continuo
1271 1663 1378 1721 hoc
1400 1664 1639 1721 reddam
1662 1669 1939 1722 castrum.
1967 1687 1996 1715 ››

2099 502 2373 558 deorsum
2404 504 2544 558 sunt
2570 499 2629 556 in
2657 499 3043 573 civitate.Ego
3064 503 3259 557 autem
3289 499 3473 557 habeo
3482 500 3759 573 jamilloa

2099 607 2305 647 omnes
2329 590 2387 646 in
2420 606 2551 646 mea
2580 606 2784 662 manu,
2817 594 2920 647 aut
2948 606 3047 646 eos
3079 588 3287 646 faciam
3319 589 3629 664 capitalem
3658 608 3757 649 au-

2100 679 2224 736 bire
2253 680 2628 747 sententiam,
2657 684 2759 736 aut
2779 696 2878 736 eos
2902 679 3189 735 deducam
3221 679 3279 734 in
3304 683 3662 737 Corosanum
3695 681 3757 737 in

2100 768 2432 844 captivitate
2462 769 2667 836 nimia,
2697 786 2764 825 eo
2785 769 2944 842 quod
2964 768 3268 825 minantur
3294 785 3401 826 nos
3429 770 3555 827 suis
3575 770 3761 827 armis

2100 858 2444 932 propulsare
2491 864 2549 915 et
2592 857 2802 930 ejicere
2850 858 3004 915 ultra
3040 857 3315 915 Corosani
3350 858 3625 927 conﬁnia,
3655 864 3763 919 aut.

2101 947 2293 1004 delere
2303 947 2502 1005 omnia
2520 952 2723 1004 nostra
2739 947 2981 1004 nomina
2993 947 3470 1005 ultraAmasonia
3490 950 3759 1017 fiumina,

2102 1042 2204 1097 aut
2222 1037 2432 1109 ejicere
2453 1055 2561 1095 nos
2582 1036 2738 1094 ultra
2758 1036 3122 1110 superiorem
3137 1037 3424 1105 Iudaeam,
3449 1054 3549 1094 seu
3576 1039 3763 1111 ejece-

2104 1132 2241 1183 runt
2261 1144 2466 1183 omnes
2484 1131 2755 1200 parentes
2777 1130 3008 1184 nostros
3020 1127 3091 1182 de
3100 1130 3319 1183 cuncta
3335 1127 3620 1185 Romanis
3638 1129 3765 1187 sive

2102 1215 2287 1290 Syria,
2318 1217 2539 1273 Amodo
2560 1216 2725 1273 vobis
2756 1233 3011 1289 namque
3032 1216 3175 1288 juro
3201 1233 3306 1288 per
3327 1215 3678 1284 Machamet,
3701 1222 3765 1275 et

2104 1322 2208 1378 per
2236 1305 2435 1362 omnia
2464 1306 2707 1363 deorum
2740 1305 3001 1372 nomina,
3032 1304 3312 1377 quoniam
3341 1310 3477 1365 ante
3502 1311 3765 1365 vestram

2104 1412 2221 1451 non
2240 1412 2339 1451 ero
2350 1412 2579 1451 reversu
2588 1412 2689 1451 rus
2698 1394 3087 1468 ,praesentiam
3100 1395 3285 1451 donec
3294 1394 3550 1469 regalem
3560 1397 3771 1455 Antio-

2104 1485 2321 1553 chiam,
2355 1501 2589 1543 omnem
2614 1484 2864 1558 Syriam,
2898 1483 3019 1541 sive
3047 1484 3395 1541 Romaniam
3417 1488 3595 1558 atque
3628 1486 3771 1545 Bul—

2104 1574 2349 1648 gariam,
2383 1591 2570 1647 usque
2592 1574 2650 1629 in
2680 1573 2949 1646 Apuliam
2982 1572 3309 1647 acquisiere
3331 1590 3464 1631 mea
3482 1575 3617 1632 forti
3632 1576 3773 1635 ἁθιο

2104 1667 2247 1734 tera,
2280 1663 2352 1719 ad
2375 1663 2617 1721 deorum
2640 1664 2951 1730 honorem,
2984 1667 3043 1719 et
3059 1666 3345 1735 vestrum,
3377 1664 3773 1739 omniumque

345 1751 615 1825 Dixitque
642 1752 933 1809 Curbalan
958 1770 971 1808 :
1009 1776 1037 1804 ‹‹
1058 1754 1201 1809 Tam
1225 1752 1537 1811 honestum
1562 1759 1621 1810 et
1648 1755 1993 1828 prudentem
2018 1787 2076 1855 ,Β
2105 1757 2439 1809 nostrorum
2470 1753 2852 1811 Turoorum.»
2872 1750 3185 1855 Sic‘itaque
3206 1751 3339 1809 fecit
3362 1753 3539 1811 linem

345 1844 401 1898 te
432 1858 738 1914 cognosco,
772 1846 837 1898 ut
867 1858 1039 1899 omne
1071 1842 1361 1915 quidquid
1393 1843 1529 1900 boni
1576 1843 1663 1900 vis
1694 1860 1864 1917 agere
1891 1860 1996 1917 ego

346 1931 553 2004 utique
584 1932 907 1989 consentio.
944 1954 971 1982 »
1008 1932 1294 1989 Reversus
1322 1937 1413 1989 est
1435 1931 1631 2005 itaque
1662 1933 2006 1990 festinanter

349 2019 640 2077 Curbalan
681 2022 753 2077 ad
787 2038 961 2078 suum
1005 2021 1327 2078 exercitum
1358 2022 1418 2078 in
1447 2021 1598 2079 valle
1628 2022 1730 2080 illa
1750 2024 1850 2080 ubi
1881 2028 2006 2080 erat

349 2113 817 2166 castrametatus.
836 2110 1110 2167 Protinus
1124 2111 1273 2167 turci
1291 2110 1636 2169 deludentes
1649 2113 2003 2169 Francorum

349 2198 687 2272 collegium,
733 2198 1068 2257 detulerunt
1109 2204 1243 2257 ante
1287 2200 1573 2258 Curbalan
1625 2206 2004 2275 conspectum

350 2289 668 2360 quamdam
699 2287 1045 2345 vilissimam
1065 2306 1265 2346 ensem
1290 2290 1560 2363 rubigine
1582 2295 1820 2359 tectam,
1843 2291 2008 2348 etde-

349 2375 681 2445 terrimum,
710 2376 877 2434 valde
908 2395 1109 2434 arcum
1142 2377 1426 2452 ligneum,
1448 2383 1506 2435 et
1531 2378 1792 2437 lanceam
1826 2378 2004 2437 nimis

343 2461 645 2533 Inutilem,
664 2466 1217 2539 quamabstulerunt
1242 2485 1430 2541 nuper
1458 2468 1815 2542 pauperibus
1837 2485 2001 2542 pere-

347 2554 533 2627 grinis
555 2556 833 2612 dicentes.
859 2580 887 2606 κ
920 2557 1064 2613 Ecce
1097 2573 1281 2625 arma,
1308 2574 1435 2630 quas
1457 2557 1777 2614 attulerunt
1799 2559 2003 2617 Franci

346 2644 574 2701 obviam
609 2644 778 2701 nobis
807 2645 877 2701 ad
912 2662 1188 2719 pugnam.
1230 2669 1257 2698 ‹‹
1282 2646 1443 2702 Tunc
1478 2647 1770 2704 Curbalan
1799 2648 2002 2708 videns

344 2733 467 2789 haec
499 2750 682 2800 arma,
716 2736 888 2806 cmpit
933 2734 1235 2791 subridere
1288 2733 1347 2791 in
1382 2736 1713 2809 propatulo,
1753 2737 1999 2797 dicendo

347 2822 624 2879 omnibus
654 2823 752 2896 qui
783 2823 842 2879 in
876 2822 973 2879 illo
1003 2828 1165 2879 erant
1189 2823 1431 2898 collegio
1455 2841 1507 2879 :«
1530 2824 1660 2882 Haec
1676 2832 1815 2882 sunt
1836 2845 2001 2885 arma

352 2910 560 2967 bellica
589 2916 763 2985 atque
784 2912 970 2968 nitida
990 2929 1116 2985 quae
1143 2911 1468 2969 attulerunt
1491 2913 1801 2971 Christiani
1823 2934 2000 2990 super

354 3017 461 3058 nos
493 3002 550 3057 in
583 3001 800 3073 Asiam,
835 3002 944 3058 orti
995 3002 1054 3058 in
1098 3001 1440 3059 occidentali
1480 3007 1654 3073 terra,
1688 3005 1910 3063 scilicet
1934 3007 1993 3063 in

2113 1842 2298 1898 Mater
2326 1847 2522 1899 autem
2555 1842 2819 1914 ejusdem
2851 1840 3139 1898 Curbalan
3185 1858 3315 1914 quis
3342 1846 3467 1901 erat
3494 1843 3554 1901 in
3576 1842 3767 1918 Aleph

2112 1931 2363 1998 civitate,
2394 1932 2593 1989 statim
2624 1930 2874 1989 accessit
2901 1931 2951 1987 ei
2984 1929 3461 2004 lacrymabiliter,
3494 1935 3553 1990 et
3578 1933 3727 1991 dixit
3746 1950 3767 1991 ς
3809 1982 3818 1988 .

2113 2042 2143 2073 ‹‹
2173 2019 2301 2089 Fili,
2334 2025 2548 2078 suntne
2591 2038 2730 2077 vera
2779 2037 2847 2077 ea
2898 2037 3027 2094 quis
3071 2019 3285 2077 audio?
3326 2042 3357 2071 η
3386 2020 3491 2079 Cui
3520 2020 3764 2081 illeait:

2113 2131 2143 2161 α
2177 2110 2353 2177 Quae?
2386 2133 2415 2161 »ι
2445 2111 2515 2167 Et
2544 2109 2691 2167 dixit
2731 2109 2871 2165 illa:
2902 2132 2931 2161 ‹‹
2963 2109 3096 2166 Jam
3127 2109 3322 2167 audivi
3353 2111 3513 2183 quod
3540 2111 3767 2170 bellum

2111 2200 2203 2256 vis
2255 2200 2621 2257 committere
2660 2214 2795 2256 cum
2834 2200 3191 2256 Francorum
3228 2203 3421 2273 gente.
3458 2201 3629 2257 ..01ιί
3666 2201 3767 2260 ille

2113 2289 2222 2347 ait:
2251 2313 2279 2341 «ι
2303 2288 2721 2347 Verumtamen
2742 2305 2943 2345 verum
2974 2288 3085 2347 hoc
3110 2305 3239 2347 esse
3269 2288 3510 2347 omnino
3530 2289 3709 2348 scias.
3732 2314 3764 2344 »ι

2112 2377 2268 2435 Dixit
2296 2377 2434 2435 illa:
2471 2399 2500 2430 «ι
2530 2382 2852 2446 Contestor,
2888 2377 2988 2445 (ili,
3024 2393 3130 2451 per
3155 2378 3397 2435 deorum
3420 2378 3683 2449 nomina,
3704 2386 3766 2439 et

2112 2484 2216 2541 per
2235 2472 2399 2525 tuam
2422 2484 2693 2541 magnam
2719 2467 3022 2525 audaciam
3046 2465 3517 2541 immensamque
3538 2468 3765 2527 bonita-

2111 2561 2252 2625 tem,
2286 2575 2358 2615 ne
2383 2557 2601 2614 bellum
2634 2555 2811 2614 simul
2854 2573 2987 2613 cum
3021 2556 3259 2613 Francis
3288 2557 3652 2615 committere
3688 2558 3761 2615 li-

2109 2646 2261 2716 beat,
2296 2647 2575 2719 quoniam
2606 2651 2669 2703 tu
2702 2664 2763 2703 es
2795 2645 2965 2704 miles
3005 2644 3279 2713 invictus,
3309 2650 3368 2702 et
3392 2646 3613 2704 nullam
3646 2647 3762 2706 im-

2107 2735 2479 2809 prudentiam
2501 2752 2569 2792 ex
2590 2741 2647 2793 te
2676 2740 2780 2792 aut
2810 2740 2912 2792 tuo
2942 2735 3199 2792 exercitu
3230 2751 3491 2808 unquam
3523 2737 3759 2809 penitus

2107 2825 2323 2891 audivi,
2351 2829 2409 2882 et
2430 2830 2488 2882 te
2517 2842 2548 2882 e
2581 2841 2789 2898 campo
2820 2826 2892 2880 ab
2942 2823 3139 2896 aliquo
3185 2822 3401 2880 victore
3431 2823 3753 2898 fugientem

2105 2915 2417 2987 quisquam
2449 2914 2691 2970 minime
2720 2914 2959 2970 invenit.
2986 2913 3295 2969 Ditt‘amata
3313 2919 3404 2970 est
3423 2918 3526 2970 tua
3549 2914 3761 2972 militia

2102 3004 2177 3060 ab
2207 3005 2428 3061 oriente
2446 3020 2635 3077 usque
2658 3005 2715 3060 in
2738 3002 3119 3068 occidentem,
3141 3006 3197 3059 et
3217 3019 3420 3060 omnes
3442 3003 3757 3076 prudentes

351 3091 742 3164 Europa,quw
762 3095 851 3148 est
874 3091 1078 3147 mundi
1099 3107 1235 3164 pars
1256 3092 1678 3166 tortia,quibus
1700 3100 1907 3168 putant
1926 3113 1995 3153 ea
2040 3161 2073 3168 μ
2108 3092 2324 3150 milites
2375 3094 2575 3150 audito
2622 3098 2723 3151 tuo
2779 3091 3016 3148 nomine
3061 3090 3541 3148 contremiscunt.
3599 3092 3756 3151 Satis

346 3161 649 3237 confidunt
668 3199 773 3238 nos
797 3179 1079 3254 expellere
1098 3161 1158 3238 et
1178 3161 1519 3254 propulsare
1548 3161 1999 3243 ultra-Corosani
2028 3161 2074 3230 α
2108 3200 2361 3257 namque
2390 3182 2632 3252 scimus,
2666 3182 2768 3250 fili,
2801 3180 3080 3254 quoniam
3110 3184 3175 3237 tu
3205 3196 3267 3236 es
3298 3179 3666 3254 bellipotens,
3695 3187 3761 3240 et

350 3269 622 3337 confinia,
648 3276 705 3327 et
731 3270 921 3327 delere
950 3269 1150 3327 omnia
1170 3274 1368 3327 nostra
1400 3272 1637 3328 nomina
1660 3272 1816 3331 ultra
1832 3277 2000 3332 Ama-

351 3359 518 3416 sonia
548 3360 812 3427 ﬂumina,
847 3360 944 3432 qui
978 3358 1396 3431 propulserunt
1424 3377 1628 3419 omnes
1650 3368 1880 3422 nostros
1901 3382 1998 3439 pa-

349 3454 542 3505 rentes
572 3466 607 3504 a
638 3449 924 3504 Romania
951 3453 1007 3505 et
1037 3447 1347 3505 Antiochia
1386 3450 1619 3508 civitate
1648 3452 1825 3526 regia,
1865 3471 1994 3527 quae

349 3536 689 3594 honorabile
718 3542 807 3594 est
834 3542 1010 3609 caput
1037 3536 1219 3593 totius
1238 3538 1437 3612 Syriae.
1462 3562 1490 3589 ››
1521 3541 1806 3599 Continuo
1824 3544 1993 3600 advo.

346 3626 499 3682 cavit
516 3642 690 3682 suum
722 3625 951 3683 ﬁdelem
977 3625 1269 3683 notarium
1299 3627 1372 3684 ad
1402 3645 1485 3697 se,
1519 3632 1577 3685 et
1604 3630 1720 3687 ait:

343 3734 443 3790 Hic
468 3735 623 3790 misit
663 3733 940 3790 Curbalan
975 3733 1240 3810 ,ςριάαιιο-
1255 3735 1467 3810 Persian
1511 3739 1786 3810 epistolas,-
1838 3749 1891 3797 ει
1918 3741 1990 3797 ad

817 3806 1173 3878 apostolicum
1202 3805 1504 3879 Catipham.

326 3954 329 3957 _
411 3894 488 3965 (9)
511 3894 710 3950 Scribe
726 3911 862 3968 ergo
888 3895 1001 3950 cito
1022 3893 1217 3967 plures
1240 3894 1492 3966 chartas,
1519 3913 1646 3969 quas
1670 3896 1731 3953 in
1753 3902 1989 3957 Corosa-

340 4001 480 4038 num
513 3982 923 4055 sintlegendce,
949 3983 1058 4039 hoc
1080 3984 1251 4039 modo
1277 4000 1289 4038 :
1320 3984 1608 4057 «Calipbaa
1633 3992 1829 4044 nostro
1851 4006 1986 4063 apo-

335 4071 564 4140 stolico,
596 4076 653 4129 et
690 4076 889 4129 nostro
918 4071 1037 4146 regi
1086 4071 1324 4130 domino
1357 4073 1629 4143 Soldano,
1664 4075 1835 4133 militi
1866 4080 1982 4134 for-

335 4162 586 4230 tissimo,
636 4166 810 4235 atque
856 4162 1133 4218 omnibus
1182 4162 1660 4234 prudentissimis
1708 4168 1981 4224 Corosani

335 4250 643 4317 militibus,
691 4251 852 4307 salns
872 4254 928 4307 et
952 4251 1278 4307 immensus
1308 4250 1512 4307 honor.
1537 4252 1692 4311 Satis
1723 4254 1843 4312 sint
1863 4256 1978 4314 laeti

335 4345 392 4396 et
421 4340 603 4414 gavisi
619 4340 880 4411 joeunda
909 4338 1237 4408 concordia,
1271 4342 1328 4395 ct
1368 4339 1732 4400 satisfaciant
1760 4346 1979 4402 ventri-

336 4430 467 4497 bus,
500 4429 861 4486 voluntatem
892 4428 1200 4500 imperent,
1233 4433 1289 4484 et
1310 4430 1702 4488 sermocinent
1722 4449 1826 4506 per
1854 4435 1981 4491 uni-

2106 3272 2291 3342 fortis,
2325 3278 2382 3329 et
2410 3272 2697 3330 bellorum
2728 3269 3090 3345 ingeniosus,
3121 3268 3400 3342 nullaque
3431 3285 3577 3344 gens
3595 3271 3756 3328 Chri-

2104 3362 2427 3418 stianorum
2460 3378 2565 3418 nec
2595 3376 2959 3435 paganorum
2990 3364 3125 3416 ante
3170 3362 3340 3414 tuum
3372 3364 3751 3433 conspectum

2101 3450 2359 3525 aliquam
2392 3451 2661 3507 virtutem
2693 3449 2909 3506 habere
2940 3448 3268 3522 potuit.Sed
3297 3447 3618 3522 fugiebant,
3651 3466 3747 3506 so-

2101 3539 2404 3597 lummodo
2435 3539 2634 3596 audito
2662 3544 2765 3595 tuo
2794 3537 3054 3603 nomine,
3088 3537 3587 3610 quemadmodum
3612 3554 3753 3596 oves

2099 3634 2233 3687 ante
2264 3629 2449 3687 leonis
2488 3631 2739 3687 furorem
2788 3627 3040 3701 fugiunt.
3088 3626 3338 3699 Ideoque
3383 3626 3624 3683 obsecro
3670 3632 3752 3696 te,

2096 3719 2442 3775 charissime
2472 3736 2539 3775 ac
2570 3717 2951 3774 dilectissime
2988 3714 3090 3784 fili,
3123 3719 3189 3771 ut
3226 3714 3375 3771 meis
3405 3715 3755 3788 acquiescas

2095 3806 2376 3875 consiliis,
2409 3811 2468 3864 et
2496 3824 2569 3863 ne
2596 3822 2857 3879 unquam
2905 3804 2966 3860 in
2992 3803 3352 3859 tuo‘hiesitet
3392 3803 3612 3871 animo,
3646 3811 3752 3861 aut

2093 3896 2150 3952 in
2180 3900 2279 3953 tuo
2320 3896 2651 3953 inveniatur
2697 3892 2962 3959 consilio,
3003 3893 3158 3966 quod
3208 3891 3447 3961 bellum,
3487 3891 3750 3966 incipere

2089 3986 2235 4043 velis
2264 3984 2442 4042 simul
2493 4000 2629 4042 cum
2676 3983 3142 4039 Christianorum
3191 3980 3456 4054 collegio.
3505 4004 3534 4031 ‹‹
3577 3982 3748 4039 Tune

2089 4074 2375 4132 Curbalan
2390 4079 2655 4131 materna
2676 4072 2921 4129 audiens
2940 4069 3365 4138 monita,fereci
3387 4070 3749 4143 quandoque

2089 4164 2386 4238 respondit
2438 4179 2745 4220 sermone:
2782 4184 2809 4214 ‹‹
2841 4160 2988 4228 Quid
3020 4164 3111 4216 est
3152 4159 3282 4228 hoc,
3333 4163 3541 4226 mater,
3582 4159 3743 4232 quod

2089 4252 2235 4310 mihi
2266 4252 2491 4310 refers?
2521 4252 2662 4308 Puto
2695 4264 2955 4324 namque
2980 4248 3133 4322 quod
3174 4247 3423 4315 insanis,
3456 4251 3561 4304 aut
3589 4248 3747 4305 furia

2085 4359 2149 4399 es
2178 4341 2369 4416 plena.
2393 4340 2699 4397 Enimvero
2731 4338 2866 4412 plus
2889 4337 3261 4395 solummodo
3289 4335 3476 4393 habeo
3506 4352 3744 4394 mecum

2085 4430 2464 4488 Ammiralios
2493 4445 2672 4502 quam
2704 4427 2879 4484 iidem
2929 4425 3243 4483 Christiani
3288 4430 3447 4494 sunt,
3482 4426 3759 4498 majores-

333 4536 562 4575 versam
594 4518 890 4591 regionem
939 4516 1125 4583 illam,
1175 4521 1233 4573 et
1280 4518 1519 4575 omnino
1569 4520 1709 4576 dent
1750 4538 1878 4580 sese
1906 4525 1978 4582 ad
2011 4536 2056 4601 ι)
2088 4521 2208 4577 sive
2238 4520 2514 4576 minores.
2566 4539 2595 4568 η
2645 4514 3166 4589 Responditque-ei
3196 4518 3387 4570 mater
3429 4514 3597 4585 ejus:
3622 4536 3653 4565 α
3692 4515 3741 4571 0

334 4607 719 4682 petulantiam
770 4606 1033 4678 luxuriie,
1084 4610 1280 4663 utrum
1310 4607 1528 4664 multos
1577 4608 1726 4665 filios
1752 4617 1981 4684 patrare

332 4696 860 4770 congaudeant,qui
894 4700 1096 4753 contra
1124 4695 1485 4754 Christianos
1515 4697 1730 4755 bellare
1758 4700 1983 4758 fortiter

332 4786 699 4861 praevaleant,
749 4790 807 4842 et
844 4785 1092 4842 libenter
1139 4785 1465 4858 suscipiant
1498 4786 1619 4843 huic
1648 4788 1762 4845 tria
1791 4807 1976 4861 arma,

329 4895 456 4951 quae
486 4876 625 4933 olim
644 4874 998 4932 abstulimus
1020 4893 1053 4929 ει
1070 4875 1421 4931 Francorum
1438 4878 1653 4943 turma,
1673 4882 1731 4933 et
1748 4879 1984 4937 discant

330 4967 503 5023 modo
522 4983 648 5038 quas
665 4981 831 5020 arma
851 4963 1096 5020 adduxit
1117 4981 1294 5037 super
1314 4980 1420 5019 nos
1431 4980 1575 5037 gens
1598 4966 1975 5041 Fraucigena,

326 5055 580 5128 qualiter
608 5057 751 5109 sunt
780 5052 1004 5124 optima
1051 5057 1228 5125 atque
1258 5052 1528 5125 perfecta.
1564 5056 1719 5111 Heu!
1754 5062 1975 5114 certans

323 5144 509 5202 voluit
538 5146 742 5198 contra
764 5144 962 5196 nostra
981 5157 1168 5211 arma,
1193 5157 1320 5213 quae
1342 5147 1481 5198 sunt
1504 5141 1595 5199 bis
1623 5147 1723 5200 aut
1745 5148 1835 5202 ter
1853 5146 1974 5204 sive

324 5239 533 5307 quater
561 5232 808 5303 purgata
837 5228 988 5285 sicut
1017 5234 1344 5303 argentum,
1373 5236 1475 5287 aut
1503 5248 1709 5288 aurum
1733 5235 1976 5306 purissi-

323 5338 509 5377 mum.
548 5318 743 5374 Adhuc
774 5334 1007 5390 quoque
1054 5319 1245 5374 sciant
1291 5337 1490 5377 smnes
1538 5322 1815 5394 quoniam
1865 5339 1971 5397 ego

320 5424 527 5468 omnes
559 5408 808 5464 Francos
828 5406 987 5464 intus
1010 5407 1379 5466 Antiochiam
1405 5410 1588 5467 habeo
1616 5411 1973 5483 inclusos,et

391 5586 469 5655 (9)
501 5584 782 5645 Robertus
812 5604 995 5655 mon.,
1027 5587 1130 5648 lib.
1166 5602 1243 5655 νι,
1276 5603 1332 5661 p.
1363 5588 1435 5645 57
1464 5590 1522 5645 et
1551 5605 1674 5663 seq.

2089 4609 2429 4666 dulcissime
2461 4607 2564 4675 liii,
2612 4605 2925 4663 Christiani
2957 4608 3261 4677 nequeunt
3288 4602 3593 4659 vobiscum
3625 4603 3746 4661 bel—

2086 4698 2226 4755 lare.
2259 4699 2378 4755 Hoc
2405 4697 2561 4753 enim
2593 4695 2712 4752 scio
2741 4694 2886 4751 satis
2912 4694 3068 4767 quod
3099 4693 3211 4767 ipsi
3242 4709 3358 4748 non
3405 4690 3600 4749 valent
3627 4706 3751 4765 μιν

2087 4804 2264 4862 gnam
2294 4787 2507 4843 inferre
2538 4785 2860 4853 vobiscum,
2890 4784 2990 4840 sed
3039 4796 3240 4840 eorum
3274 4784 3427 4838 Deus
3455 4796 3561 4853 pro
3589 4779 3741 4854 ipsis

2087 4877 2348 4950 quotidie
2400 4878 2643 4949 pugnat,
2695 4888 2912 4946 eosque
2955 4872 3055 4928 die
3080 4876 3374 4943 noctuque
3402 4887 3512 4926 sua
3540 4874 3736 4942 prote-

2086 4966 2277 5022 ctione
2298 4962 2574 5033 defendit,
2597 4966 2657 5019 et
2670 4961 2869 5035 vigilat
2884 4976 3065 5035 super
3084 4976 3205 5029 eos,
3230 4959 3384 5016 sicut
3410 4964 3611 5031 pastor
3630 4958 3737 5031 qui

2084 5055 2287 5128 vigilat
2317 5070 2495 5127 super
2537 5066 2771 5127 gregem
2821 5066 3018 5118 suum,
3072 5054 3130 5106 et
3169 5064 3286 5105 non
3315 5047 3605 5122 permittit
3630 5063 3737 5104 eos

2080 5143 2209 5200 liedi
2240 5144 2386 5216 ipse,
2418 5158 2524 5199 nec
2554 5138 2892 5197 conturbari
2917 5138 2988 5195 ab
3022 5137 3143 5195 ulla
3165 5142 3358 5212 gente,
3390 5141 3450 5194 et
3479 5135 3735 5209 quicun-

2080 5250 2194 5306 que
2223 5232 2501 5289 voluisset
2524 5230 2609 5287 eis
2625 5229 2928 5296 obsistere,
2952 5227 3105 5284 idem
3129 5242 3331 5283 corum
3353 5226 3507 5282 Deus
3527 5225 3732 5281 statim

2079 5322 2391 5378 conturbat
2419 5321 2570 5386 illos,
2606 5319 2758 5374 sicut
2788 5317 2941 5373 idem
2965 5316 3046 5373 ait
3075 5332 3178 5389 per
3205 5332 3271 5372 os
3302 5313 3599 5388 prophetis
3626 5317 3735 5369 Di»

2077 5411 2169 5467 vid
2197 5411 2437 5482 :Dissipa
2483 5417 2665 5481 gentes
2695 5421 2821 5481 quae
2870 5420 3070 5463 nomen
3096 5413 3272 5475 tuum,
3321 5404 3568 5469 Domine,
3616 5418 3734 5460 non
