3998 6088
267 216 390 277 797

963 218 1031 280 P.
1077 219 1470 283 TUDEBODI
1515 218 1717 281 HIST.
1762 219 1864 280 DE
1907 219 2316 283 HIEROSOL.
2361 221 2548 284 ITIN.
2579 257 2656 269 —
2684 223 2830 286 LIB.
2878 225 2978 287 IV.

3552 235 3669 300 798

263 361 498 432 portam
522 353 688 413 ducis
709 351 1023 424 Godefridi,
1045 359 1101 411 et
1121 355 1204 412 sic
1226 356 1634 431 unusquisque
1655 358 1726 414 ad
1742 374 1909 413 suam
1941 353 1994 421 Α
2029 351 2241 410 bamur
2270 354 2582 412 adventum
2614 359 2762 430 ejus,
2805 363 3095 433 quatenus
3125 336 3458 423 subveniret
3501 370 3669 427 nobis

266 449 524 522 gentem.
556 447 722 502 Tunc
752 446 1128 501 Boamundus
1169 447 1548 503 contristatus
1581 453 1671 504 est
1726 447 1913 516 valde,

263 537 486 591 timens
517 535 672 607 quod
696 533 939 590 ecclesia
960 535 1156 590 Sancti
1180 535 1414 602 Petri,et
1437 537 1679 592 ecclesia
1704 542 1916 593 sanctae

264 625 466 682 Mariae
489 624 777 690 arderent,
802 624 935 696 quia
955 623 1108 697 ignis
1130 626 1465 696 perduravit
1486 644 1518 681 a
1540 625 1710 682 tertia
1730 644 1917 699 usque

268 716 344 771 ad
378 715 631 770 mediam
662 717 910 770 noctem.
945 715 1162 770 Tamen
1205 716 1441 770 fuerunt
1471 720 1736 770 cremata:
1794 723 1915 770 tam

264 805 526 860 ecclesiae
553 821 728 877 quam
761 805 992 870 domus,
1025 804 1140 860 duo
1171 804 1373 859 millia.
1412 804 1689 861 Veniente
1721 809 1916 861 autem

265 893 465 950 media
493 898 680 956 nocte,
706 893 952 948 cessavit
973 897 1185 949 ventus
1205 898 1262 948 et
1284 894 1489 949 cecidit
1511 895 1682 967 ignis.
1718 897 1917 967 Itaque

267 984 450 1040 Turci
481 983 810 1039 habitantes
839 982 899 1037 in
932 982 1191 1049 castello,
1224 983 1379 1039 intra
1407 983 1696 1039 civitatem
1735 984 1916 1040 bella-

268 1073 419 1128 bant
449 1073 756 1128 nobiscum
790 1071 881 1128 die
914 1089 978 1128 ac
1001 1076 1187 1139 nocte,
1213 1073 1367 1144 quod
1393 1072 1534 1128 nihil
1560 1072 1717 1128 aliud
1741 1074 1920 1130 disse-

267 1163 517 1236 parabat
547 1179 653 1216 nos
691 1161 804 1216 nisi
861 1178 1046 1216 arma.
1095 1160 1423 1233 Aliquando
1470 1162 1736 1218 exiebant
1783 1180 1916 1218 cum

267 1251 406 1307 aliis
438 1254 690 1323 quatuor
718 1249 1044 1304 Ammiralii
1079 1249 1176 1322 qui
1227 1254 1391 1305 erant
1422 1267 1626 1307 omnes
1663 1251 1917 1324 cooperti

265 1357 435 1406 auro,
466 1344 524 1396 et
553 1338 686 1412 equi
718 1355 919 1394 eorum
952 1337 1224 1395 similiter
1253 1357 1438 1411 usque
1469 1341 1539 1395 ad
1573 1342 1916 1412 juncturam

263 1446 550 1503 genuum.
584 1429 690 1494 Qui
719 1427 1046 1484 Ammiralii
1069 1430 1474 1486 conducebant
1493 1447 1612 1486 eos.
1639 1430 1916 1496 Videntes

263 1519 378 1576 hoc
411 1517 617 1584 nostri,
650 1519 804 1591 quod
837 1535 950 1573 non
975 1519 1303 1590 potuissent
1335 1519 1432 1575 diu
1467 1519 1606 1591 pati,
1639 1519 1914 1592 quoniam

265 1608 371 1682 qui
403 1609 654 1664 habebat
685 1624 893 1679 panem
927 1623 1040 1662 non
1075 1607 1287 1664 licebat
1318 1610 1693 1676 manducare,
1729 1613 1785 1664 et
1817 1609 1914 1681 qui

261 1701 521 1757 habebat
541 1715 754 1793 aquam
777 1714 892 1752 non
914 1696 1129 1752 licebat
1144 1696 1359 1753 bibere.
1387 1699 1551 1754 Tunc
1575 1698 1754 1793 nostri
1773 1698 1914 1753 fece-
1943 1729 1991 1793 B

261 1794 407 1846 runt
433 1804 667 1845 murum
695 1785 848 1842 inter
874 1802 980 1842 nos
1013 1789 1068 1841 et
1091 1790 1482 1855 montaneam,
1519 1791 1574 1842 et
1603 1787 1912 1841 aedificave.

263 1880 408 1935 runt
439 1875 604 1950 quasi
627 1875 933 1931 castellum
957 1874 1617 1940 etmachinas,utsecuri
1643 1876 1909 1930 fuissent.

261 1968 392 2024 Alia
423 1984 554 2022 vero
585 1982 720 2038 pars
749 1965 1072 2020 Turcorum
1103 1963 1396 2036 hOSpitata
1421 1965 1532 2020 fuit
1577 1965 1730 2021 circa
1776 1963 1912 2020 civi-

263 2061 449 2114 tatem
481 2057 540 2111 in
574 2073 690 2110 una
720 2053 868 2110 valle
897 2070 966 2108 ex
997 2053 1111 2108 alia
1139 2059 1318 2126 parte.
1357 2056 1532 2111 Nocte
1564 2073 1795 2130 quoque
1823 2071 1913 2109 ve-

261 2147 460 2203 niente
485 2145 646 2200 venit
665 2143 819 2216 ignis
840 2143 911 2198 de
929 2141 1086 2208 czelo,
1102 2143 1200 2216 qui
1217 2144 1575 2216 apparuitab
1594 2148 1909 2215 occidente,

259 2242 318 2293 et
348 2235 558 2292 cecidit
587 2235 741 2290 intra
763 2234 1088 2289 Turcorum
1119 2233 1426 2289 exercitus.
1462 2235 1623 2292 Unde
1657 2237 1910 2296 multum

258 2325 458 2382 mirati
491 2326 630 2380 sunt
659 2321 832 2378 Turci
865 2324 922 2377 et
951 2322 1154 2377 nostri.
1191 2323 1359 2378 Mane
1391 2329 1584 2380 autem
1620 2325 1768 2383 tacto
1803 2334 1915 2385 tre-

259 2413 500 2471 mefacti
532 2412 702 2468 Turci
736 2412 991 2474 fuerunt,
1029 2415 1086 2466 et
1143 2411 1446 2484 fugiebant
1497 2413 1612 2470 huc
1671 2420 1726 2472 et
1775 2417 1913 2474 illuc

258 2507 502 2578 propter
531 2502 684 2576 ignis
723 2500 1021 2556 timorem.
1057 2501 1278 2556 Tamen
1304 2501 1658 2558 obsederunt
1687 2523 1792 2562 nos
1833 2507 1914 2563 ita

257 2594 419 2650 circa
433 2591 723 2648 civitatem
743 2590 896 2662 quod
922 2589 1120 2644 nullus
1143 2594 1476 2646 nostrorum
1495 2593 1748 2650 audebat
1761 2595 1914 2654 exire

258 2681 554 2738 civitatem
605 2683 707 2736 aut
748 2678 986 2745 intrare,
1039 2678 1152 2734 nisi
1201 2683 1368 2734 nocte
1401 2680 1624 2738 furtim.
1668 2683 1752 2739 Ita
1779 2702 1912 2742 vero

256 2788 499 2830 eramus
531 2768 812 2843 oppressi,
845 2772 904 2824 et
933 2769 1005 2823 ab
1046 2767 1163 2825 illis
1194 2769 1438 2842 paganis
1469 2769 1549 2826 ita
1577 2773 1823 2842 obsessi,
1857 2781 1916 2831 et

260 2865 482 2919 sanctae
517 2857 970 2916 Christianitatis
994 2857 1270 2924 inimicis,
1294 2859 1390 2930 qui
1415 2859 1651 2917 fuerunt
1671 2880 1913 2920 numero

256 2949 510 3007 trecenti
542 2947 843 3020 sexaginta
869 2946 1128 3020 quinque
1176 2947 1380 3015 millia,
1425 2955 1658 3023 excepto
1686 2954 1912 3008 Ammi-

256 3039 408 3096 ralio
460 3035 1005 3110 Hierosolymitano,
1064 3036 1162 3108 qui
1195 3036 1305 3092 fuit
1335 3054 1467 3092 cum
1501 3040 1585 3095 eis
1615 3058 1748 3096 cum
1808 3060 1916 3098 sua

256 3132 453 3202 gente.
488 3128 606 3183 Rex
636 3141 868 3198 quoque
894 3123 1054 3180 venit
1084 3124 1354 3181 similiter
1383 3127 1452 3182 de
1472 3127 1653 3200 Aleph
1687 3129 1914 3187 civitate

253 3216 360 3274 Isti
387 3232 520 3272 vero
551 3213 775 3286 profani
804 3212 1026 3268 inimici
1058 3212 1158 3268 Dei
1191 3213 1271 3268 ita
1290 3215 1568 3272 tenebant
1587 3233 1694 3273 nos
1725 3218 1914 3274 inclu-

253 3323 356 3363 sos
386 3306 447 3360 in
478 3305 768 3361 civitatem
798 3301 1134 3369 Antiochiae,
1165 3304 1317 3374 quod
1345 3303 1512 3359 multi
1547 3307 1759 3363 mortui
1794 3308 1912 3364 fue-

251 3397 395 3450 runt
427 3393 598 3460 fame,
633 3390 911 3465 quoniam
959 3407 1173 3463 parvus
1211 3392 1379 3462 panis
1409 3394 1765 3450 vendebatur
1795 3415 1910 3454 uno

251 3483 524 3556 bysantio
555 3497 747 3537 aureo.
784 3480 863 3536 De
891 3479 1024 3535 vino
1056 3497 1170 3534 non
1199 3480 1422 3552 loquar,
1458 3487 1520 3536 ut
1549 3500 1722 3555 quem
1755 3502 1913 3558 gras-

251 3589 401 3639 sem,
439 3572 495 3626 id
525 3574 612 3627 est
641 3587 756 3625 non
784 3569 1005 3624 vinum.
1039 3569 1223 3624 Unam
1256 3569 1535 3641 gallinam
1567 3589 1639 3627 xv
1669 3573 1906 3643 solidos,

249 3677 442 3718 unum
462 3677 632 3717 ovum
657 3659 889 3714 duobus
911 3656 1134 3725 solidis,
1161 3676 1341 3713 unam
1365 3676 1571 3715 nucem
1599 3679 1713 3717 uno
1736 3664 1910 3718 dena-

252 3751 364 3818 rio,
395 3753 518 3805 tres
549 3749 706 3805 favas
725 3747 810 3803 vel
833 3751 1086 3819 quatuor
1111 3763 1294 3802 unum
1319 3747 1643 3820 denarium,
1671 3769 1908 3823 parvam

255 3854 532 3910 capream
561 3853 629 3892 1.x
658 3836 877 3892 solidos
908 3839 963 3890 et
983 3851 1039 3890 1x
1061 3835 1350 3903 denarios,
1375 3840 1430 3891 et
1450 3837 1708 3910 linguam
1731 3841 1908 3898 unius

253 3925 488 3996 cameli,
522 3943 648 3998 quae
696 3930 784 3981 est
812 3941 1008 3996 parva,
1040 3940 1097 3980 Iv
1126 3923 1295 3980 solid.
1330 3927 1571 3981 Carnem
1621 3945 1906 4000 equorum

251 4021 312 4074 et
343 4014 646 4072 asinorum
678 4012 1112 4069 manducabant
1140 4017 1198 4068 et
1225 4013 1573 4070 vendebant.
1609 4016 1767 4073 Folia
1789 4018 1904 4087 ﬁci,

245 4106 411 4173 vitis,
445 4108 503 4160 et
531 4104 826 4172 arborum,
861 4102 1190 4174 coquebant
1219 4100 1276 4156 in
1310 4119 1483 4174 aqua,
1508 4108 1564 4159 et
1585 4107 1908 4164 manduca-

246 4195 416 4252 bant.
449 4192 560 4249 Alii
587 4193 744 4249 coria
790 4208 1074 4264 equorum
1105 4194 1162 4246 et
1200 4190 1521 4259 asinorum,
1553 4198 1610 4248 et
1657 4197 1906 4253 camelo-

247 4302 384 4340 rum
413 4287 471 4340 et
501 4283 700 4348 boum,
735 4281 854 4337 sive
884 4279 1241 4346 bufalorum,
1275 4280 1429 4336 sicca
1459 4299 1559 4338 sex
1591 4300 1776 4340 annos
1818 4287 1905 4341 vel

248 4374 516 4446 quinque
547 4371 858 4427 mittebant
889 4369 948 4424 in
981 4386 1133 4441 aqua
1154 4369 1383 4425 duabus
1405 4371 1674 4428 noctibus
1704 4378 1760 4429 et
1792 4392 1906 4431 uno

2027 443 2085 498 in
2114 445 2422 516 adjutorio,
2458 448 2556 518 qui
2582 466 2814 504 eramus
2837 449 3052 507 inctusi
3073 451 3132 506 in
3164 452 3452 511 civitatem
3471 458 3671 516 saluti-

2029 532 2145 589 fero
2179 541 2441 591 carentes
2473 537 2706 593 auxilio.
2739 541 2804 593 At
2827 539 2921 594 ille
2949 545 3256 613 postquam
3292 545 3511 602 audivit
3539 567 3673 621 gen-

2027 626 2141 677 tem
2177 625 2500 680 Turcorum
2534 626 3082 700 circumcingentem
3110 637 3281 704 atque
3304 635 3664 694 obsidentem

2029 729 2132 767 nos
2163 712 2221 767 in
2256 713 2568 782 civitatem,
2616 717 2876 771 ascendit
2919 736 3096 790 super
3149 722 3470 792 proximam
3503 744 3668 783 mon-

2025 805 2254 856 taneam
2289 821 2416 874 quae
2441 804 2786 860 imminebat
2809 823 3008 863 omnes
3035 815 3264 866 montes
3293 813 3390 884 qui
3425 817 3665 873 erantin

2026 891 2273 947 circuitu
2304 895 2451 963 ejus,
2486 911 2611 966 quae
2631 895 2822 950 stabat
2843 913 3021 968 prope
3037 898 3671 962 Antiochiam.Videns-

2027 997 2139 1051 que
2170 981 2624 1038 innumerabilia
2644 984 2910 1053 tentoria,
2935 985 3308 1044 vehementer
3325 996 3670 1063 perterritus

2026 1069 2282 1125 recessit.
2317 1072 2433 1126 Hoc
2464 1071 2658 1143 itaque
2681 1073 2860 1128 nimio
2891 1081 3192 1148 correptus
3223 1078 3448 1148 timore,
3474 1099 3673 1155 repen-

2026 1162 2083 1213 te
2114 1175 2244 1212 cum
2281 1177 2386 1215 suo
2417 1160 2666 1216 exercitu
2699 1161 2948 1234 turpiter
2973 1163 3177 1237 fugivit
3208 1183 3342 1223 cum
3367 1186 3579 1243 magna
3595 1174 3672 1229 fe-

2027 1246 2356 1303 stinatione.
2391 1249 2760 1322 Veniensque
2799 1252 2870 1306 ad
2904 1269 3077 1308 suum
3132 1260 3412 1323 castrum,
3466 1277 3668 1334 exspo-

2024 1333 2184 1391 liavit
2211 1354 2368 1402 eum,
2401 1342 2457 1393 et
2487 1338 2655 1394 celeri
2690 1357 2866 1396 cursu
2900 1347 3050 1398 retro
3103 1343 3505 1417 imprudenter
3561 1333 3670 1408 iter

2025 1425 2349 1481 revertitur.

2022 1533 2134 1613 1qu
2149 1537 2363 1613 recessit
2405 1535 2626 1613 Aleriae
2667 1539 2960 1608 imperator
3014 1541 3204 1597 timore
3257 1545 3568 1613 Turcorum,
3618 1559 3670 1606 et

2097 1603 2267 1689 ngtido
2292 1607 2517 1677 planxit
2541 1603 2754 1679 plango'
2772 1626 2968 1680 magno
3003 1613 3380 1670 Boamundum
3435 1603 3670 1689 fratrem.

2091 1679 2147 1747 ej
2151 1693 2232 1731 us.

2093 1787 2411 1855 Postquam
2469 1785 2626 1839 venit
2681 1785 2909 1842 obviam
2969 1788 3304 1861 imperatori
3362 1795 3433 1849 ad
3484 1796 3668 1853 Phile-

2023 1874 2224 1940 miam,
2258 1874 2502 1928 accessit
2532 1875 2601 1928 ad
2635 1892 2769 1930 eum
2803 1881 3039 1946 secrete,
3074 1883 3129 1933 et
3151 1897 3414 1937 seorsum
3447 1887 3669 1943 vocavit

2022 1978 2176 2029 eum,
2225 1962 2424 2017 dicens
2460 1980 2472 2017 :
2509 1986 2534 2012 «
2570 1964 2732 2020 Scias
2781 1982 2979 2021 revera
3037 1969 3312 2039 quoniam
3365 1973 3670 2032 Antiochia

2023 2055 2192 2122 capta
2221 2055 2328 2116 est,
2363 2056 2418 2107 et
2448 2056 2708 2108 castrum
2742 2055 2982 2110 minime
3013 2056 3205 2113 adhuc
3261 2066 3495 2132 captum
3555 2071 3667 2133 est,

2023 2140 2325 2212 nostrique
2358 2141 2415 2194 in
2447 2141 2603 2213 gravi
2639 2144 3057 2214 oppressionne
3087 2146 3308 2203 obsessi
3345 2155 3502 2220 sunt,
3527 2157 3584 2208 et
3606 2158 3671 2209 ut

2023 2233 2164 2300 puto
2196 2247 2228 2284 a
2253 2229 2526 2285 manibus
2559 2231 2881 2287 Turcorum
2905 2234 3030 2304 jam
3062 2234 3346 2292 interfecti
3372 2245 3530 2296 sunt.
3555 2243 3668 2299 Re-

2021 2324 2241 2374 vertere
2273 2335 2407 2391 ergo
2440 2324 2590 2376 retro
2621 2338 2796 2392 quam
2820 2321 2994 2378 citius
3016 2328 3199 2396 potes,
3236 2331 3300 2381 ut
3331 2333 3388 2384 et
3416 2328 3527 2403 ipsi
3551 2349 3668 2388 non

2022 2406 2323 2490 inveniant
2352 2413 2427 2477 te,
2461 2413 2518 2464 et
2540 2414 2770 2482 gentem
2805 2428 2980 2483 quam
3011 2413 3197 2469 ducis.
3231 2438 3256 2465 »
3290 2417 3453 2474 Tunc
3485 2419 3669 2493 impe-

2023 2503 2180 2552 rator
2195 2497 2401 2553 timore
2431 2499 2775 2570 perterritus
2793 2499 2941 2554 clam
2971 2503 3195 2558 vocavit
3223 2505 3546 2564 Guidonem
3563 2511 3672 2566 fra-

2022 2589 2170 2642 trem
2205 2587 2548 2652 Boamundi,
2578 2605 2896 2661 omnesque
2927 2589 3093 2658 alios,
3128 2597 3184 2648 et
3211 2592 3357 2650 dixit
3385 2596 3498 2653 eis:
3525 2621 3552 2649 «
3576 2599 3670 2655 Se-

2024 2676 2237 2740 niores,
2275 2676 2413 2748 quid
2445 2677 2654 2732 facturi
2687 2678 2953 2734 erimus?
2983 2680 3123 2736 Ecce
3151 2698 3354 2739 omnes
3385 2686 3568 2742 nostri
3588 2687 3672 2744 di-

2024 2765 2227 2820 stricta
2257 2765 2594 2821 obsessione
2619 2766 2882 2838 impediti
2918 2774 3077 2835 sunt,
3109 2775 3164 2825 et
3195 2772 3436 2829 forsitan
3469 2775 3527 2830 in
3562 2777 3670 2834 hac

2023 2854 2166 2909 hora
2195 2871 2398 2910 omnes
2431 2872 2463 2909 a
2493 2857 2817 2910 Turcorum
2853 2858 3127 2914 manibus
3184 2861 3356 2916 occisi
3398 2868 3536 2919 sunt
3568 2871 3671 2922 aut

2021 2942 2080 2998 in
2115 2943 2445 3016 captivitate
2477 2944 2658 3014 ducti,
2691 2945 2844 3000 sicut
2874 2944 2982 3002 iste
3007 2947 3205 3002 infelix
3226 2966 3421 3006 eomes
3452 2953 3670 3026 impru-

2025 3033 2227 3088 denter
2254 3033 2484 3105 fugiens
2517 3038 2731 3089 narrat.
2769 3033 2826 3088 Si
2867 3052 2996 3090 vero
3053 3036 3250 3104 vultis,
3311 3046 3670 3100 revertamur

1945 3101 1987 3167 C
2027 3127 2178 3177 retro
2209 3121 2380 3177 celeri
2413 3139 2609 3188 cursu,
2647 3128 2712 3178 ut
2741 3126 2796 3177 et
2829 3141 2933 3178 nos
2964 3141 3078 3180 non
3104 3126 3430 3184 moriamur
3460 3148 3666 3204 repen-

2024 3210 2143 3266 tina
2174 3214 2377 3277 morte,
2413 3211 2910 3282 quemadmodum
2942 3218 2998 3268 et
3040 3212 3122 3268 illi
3177 3217 3391 3272 mortui
3441 3225 3600 3276 sunt.
3634 3245 3662 3273 »

2022 3302 2282 3372 Cumque
2314 3299 2500 3355 Guido
2532 3300 2988 3357 honestissimus
3017 3302 3186 3359 miles
3232 3305 3352 3361 haec
3382 3307 3524 3364 talia
3561 3327 3664 3366 au-

2021 3389 2204 3445 disset
2235 3388 2483 3455 fallacia,
2521 3389 2716 3444 statim
2740 3406 2872 3445 eum
2906 3391 3037 3447 aliis
3058 3394 3332 3452 omnibus
3353 3398 3526 3468 cmpit
3549 3399 3667 3472 plo-

2021 3495 2168 3545 rare,
2192 3483 2248 3533 et
2270 3477 2496 3534 ululare
2511 3477 3021 3536 vehementissimo
3043 3481 3298 3553 planctu,
3315 3489 3370 3540 et
3395 3498 3510 3542 tina
3527 3506 3665 3545 voce

2019 3567 2330 3623 dicebant:
2357 3591 2383 3616 «
2419 3567 2462 3621 Ο
2485 3567 2638 3622 Deus
2668 3585 2858 3635 verus,
2892 3570 3103 3637 trinus,
3137 3576 3192 3626 et
3248 3591 3422 3641 unus,
3455 3593 3664 3648 quam-

2019 3658 2216 3712 obrem
2252 3657 2371 3711 haec
2403 3656 2522 3711 ﬁeri
2557 3656 2920 3729 permisisti?
2953 3659 3378 3734 Cur.p0pulum
3413 3682 3664 3738 sequens

2018 3751 2137 3802 tem
2171 3750 2225 3801 te
2256 3745 2312 3800 in
2333 3745 2994 3802 manibusinimicorum
3025 3747 3278 3806 incidere
3303 3753 3663 3824 permisisti?

2017 3840 2074 3892 et
2100 3835 2253 3890 viam
2287 3834 2372 3889 tui
2402 3833 2646 3903 itineris,
2673 3835 2876 3907 tuique
2908 3837 3092 3892 sancti
3124 3839 3374 3910 sepulcri
3405 3840 3660 3899 liberan-

2017 3930 2136 3980 tem
2171 3927 2290 3978 tam
2323 3923 2434 3978 cito
2468 3923 2612 3978 mori
2646 3925 2986 3980 concessisti
3008 3927 3035 3980 ?
3056 3927 3333 3997 Profecto,
3369 3929 3418 3984 si
3446 3931 3554 3986 hoc
3573 3949 3660 3988 ve-

2017 4029 2148 4068 rum
2181 4016 2290 4075 est,
2324 4011 2477 4082 quod
2512 4028 2619 4066 nos
2639 4012 2711 4066 ab
2742 4010 2872 4066 istis
2900 4014 3279 4084 aequissimis
3301 4018 3656 4089 audivimus,

2018 4101 2185 4158 nobis
2219 4100 2620 4167 referentibus,
2647 4117 2752 4156 nos
2779 4105 2834 4156 et
2850 4101 2948 4156 alii
2970 4103 3280 4160 Christiani
3300 4107 3660 4182 derelinque-

2018 4208 2172 4257 mus,
2205 4195 2279 4255 te,
2299 4192 2477 4244 necte
2495 4188 2750 4260 amplius
2769 4192 3310 4264 rememorabimus,
3332 4199 3388 4250 et
3417 4214 3572 4252 unus
3593 4215 3660 4254 ex

2016 4280 2185 4336 nobis
2217 4295 2330 4333 non
2361 4277 2858 4333 audebitulterius
2891 4295 3100 4335 nomen
3120 4285 3289 4336 tuum
3321 4283 3658 4340 invocare.»

2017 4369 2083 4424 Et
2113 4368 2222 4424 fuit
2242 4367 2336 4423 hic
2359 4383 2548 4422 sermo
2582 4365 2997 4424 maestissimus
3017 4369 3181 4426 valde
3204 4371 3406 4428 intota
3427 4372 3655 4444 militia,

247 4462 345 4519 die
377 4455 799 4534 Obtemperare,
846 4463 1050 4532 postea
1097 4459 1499 4531 decoquebant
1546 4465 1604 4517 et
1653 4465 1905 4521 mandu-
1936 4473 1983 4538 D
2013 4457 2095 4514 ita
2126 4457 2278 4530 quod
2311 4455 2512 4512 nullus
2545 4460 2874 4511 nostrorum
2927 4458 3198 4526 audebat,
3235 4477 3421 4534 neque
3469 4463 3658 4519 archi-

247 4551 488 4608 cabant.
521 4550 668 4606 Istas
725 4548 1045 4604 anxietates
1075 4552 1131 4603 et
1163 4547 1379 4604 multas
1408 4551 1730 4622 angustias,
1761 4571 1906 4626 quas

247 4639 561 4695 nominare
589 4654 836 4711 nequeo,
868 4636 1024 4709 passi
1046 4636 1268 4692 fuimus
1289 4655 1393 4710 pro
1415 4638 1628 4694 Christi
1650 4641 1904 4706 nomine,

247 4731 306 4784 et
337 4743 443 4800 pro
474 4727 658 4783 sancti
686 4725 935 4800 sepulcri
965 4725 1060 4780 via
1088 4724 1408 4782 liberanda.
1441 4726 1609 4784 Tales
1639 4746 1774 4803 ergo
1805 4729 1908 4786 tri-

247 4815 605 4882 bulationes,
630 4821 686 4873 et
719 4817 901 4871 fames
933 4818 1108 4886 atque
1129 4813 1388 4882 timores,
1414 4816 1572 4888 passi
1596 4823 1734 4875 sunt
1758 4821 1906 4876 servi

247 4905 353 4962 Dei
381 4922 486 4978 per
515 4904 718 4978 viginti
749 4921 850 4961 sex
879 4903 1023 4960 dies.

357 4997 460 5050 Hic
489 4997 701 5051 recessit
727 5011 898 5051 comes
929 4995 1230 5066 Stephanus
1260 5011 1384 5048 cum
1411 5013 1508 5051 suo
1535 5000 1796 5053 exercitu.

323 5083 674 5156 Imprudens
705 5083 902 5156 itaque
928 5082 1260 5154 Stephanus
1285 5082 1657 5141 Carnotensis
1689 5104 1904 5154 comes,

245 5173 352 5246 qui
381 5178 507 5230 erat
528 5178 703 5247 caput
723 5177 1011 5241 nostrum,
1037 5188 1208 5244 quem
1234 5189 1436 5228 omnes
1453 5176 1705 5246 majores
1725 5177 1906 5233 nostri

243 5261 568 5335 elegerant,
603 5267 667 5318 ut
696 5266 852 5318 esset
882 5265 1214 5316 nostrorum
1265 5261 1490 5330 ductor,
1543 5265 1795 5321 maxima
1844 5285 1904 5324 se

244 5352 480 5424 fingens
527 5351 773 5424 deprimi
817 5349 1175 5418 infirmitate,
1209 5349 1553 5421 priusquam
1601 5355 1905 5412 Antiochia

243 5440 396 5497 foret
427 5445 619 5514 capta.
651 5441 900 5514 turpiter
923 5438 1161 5495 recessit
1182 5437 1241 5493 in
1263 5437 1419 5493 aliud
1443 5445 1722 5513 castrum,
1747 5447 1903 5515 quod

240 5533 492 5587 vocatur
518 5529 928 5587 Alexandreta.
961 5527 1076 5584 Nos
1099 5527 1297 5597 itaque
1326 5528 1585 5598 quotidie
1605 5532 1904 5604 praestola-

2016 4548 2346 4620 epiSCOpus,
2390 4561 2578 4616 neque
2635 4545 2965 4619 episcopus,
2999 4564 3187 4620 neque
3218 4549 3420 4619 abbas,
3470 4569 3658 4624 neque

2017 4637 2335 4708 presbyter,
2368 4651 2556 4705 neque
2613 4633 2878 4703 clericus,
2927 4653 3112 4708 neque
3169 4638 3416 4710 quisque
3472 4639 3658 4697 laicus

2015 4724 2227 4781 Christi
2259 4723 2526 4778 invocare
2559 4740 2767 4779 nomen
2803 4741 2906 4796 per
2935 4725 3131 4798 plures
3161 4726 3305 4782 dies.
3341 4729 3521 4784 Nemo
3551 4747 3656 4803 po-

2015 4818 2165 4870 terat
2185 4812 2468 4868 consolari
2489 4812 2812 4874 Guidonem
2837 4813 3182 4887 plorantem,
3206 4821 3261 4873 et
3282 4817 3657 4890 plaudentem

2015 4902 2310 4971 manibus,
2344 4917 2599 4972 suosque
2631 4902 2992 4976 frangentem
3017 4903 3248 4978 digitos,
3283 4910 3339 4962 et
3370 4905 3657 4965 dicentem

2019 5015 2046 5043 «
2071 4993 2193 5048 Ileu
2227 4990 2356 5046 me!
2392 4991 2748 5056 Boamunde,
2782 4992 2969 5048 honor
2988 4998 3046 5049 et
3079 4994 3256 5049 decus
3284 4996 3467 5052 totius
3495 5015 3660 5053 mun-

2017 5082 2095 5149 di,
2129 5097 2303 5153 quem
2335 5079 2642 5136 universus
2672 5081 2830 5136 orbis
2861 5082 3127 5148 timebat,
3179 5088 3354 5157 atque
3401 5086 3655 5144 amabat.

2016 5171 2136 5227 Heu
2172 5186 2264 5226 me
2301 5169 2556 5225 tristem!
2591 5187 2707 5224 non
2739 5171 2926 5226 merui
2985 5171 3188 5228 dolens
3246 5177 3408 5229 tuam
3464 5175 3660 5231 videre

2015 5257 2471 5317 honestissimam
2505 5259 2780 5328 speciem,
2807 5259 2905 5329 qui
2942 5259 3163 5316 nullam
3197 5263 3386 5335 magis
3425 5279 3545 5318 rem
3574 5264 3660 5318 vi-

2017 5352 2149 5407 dere
2182 5346 2608 5402 desiderabam.
2643 5347 2782 5413 Quis
2808 5348 2949 5404 mihi
2973 5349 3067 5404 det
3097 5355 3162 5406 ut
3192 5367 3296 5422 ego
3322 5351 3539 5406 moriar
3559 5368 3660 5422 pro

2013 5447 2091 5508 te,
2116 5435 2459 5493 dulcissime
2476 5437 2657 5494 amice
2689 5443 2744 5492 et
2762 5436 3000 5494 domine
3016 5438 3044 5494 Ἰ
3061 5440 3177 5496 Cur
3192 5455 3260 5494 ex
3276 5444 3439 5496 utero
3457 5439 3662 5493 matris

2015 5529 2212 5592 exiens
2242 5543 2404 5593 mea),
2437 5544 2554 5586 non
2583 5527 2783 5585 statim
2808 5533 3078 5586 mortuus
3110 5528 3193 5585 fui
3212 5527 3240 5581 ?
3269 5527 3386 5584 Cur
3413 5525 3484 5580 ad
3514 5526 3662 5581 hanc
