3998 6088
319 281 438 346 799

850 281 951 345 AD
998 283 1515 349 GODE'FRIDUM
1560 285 1888 348 APPEND.
1935 285 2010 348 II.
2047 319 2122 332 -—
2155 286 2464 352 MONUM.
2512 289 2614 351 DE
2656 287 2906 352 BELLO
2949 285 3224 354 SACRO.

3605 289 3736 356 800

318 415 628 492 lugubrem
659 415 810 473 diem
844 417 1120 490 perveni?
1147 417 1263 473 Cur
1321 435 1435 475 non
1494 423 1736 474 necatus
1785 419 1868 475 fui
1900 418 1958 474 in
1991 420 2045 486 Α
2074 426 2229 476 terra
2258 420 2358 476 Dei
2404 426 2460 477 et
2488 421 2973 490 Christianorum,
3032 439 3211 496 quam
3259 423 3466 482 beatus
3513 426 3734 486 Petrus

319 524 480 563 mare
504 507 532 562 ?
563 509 676 563 Cur
705 523 772 562 ex
803 524 952 580 equo
986 524 1098 562 non
1151 507 1326 563 cecidi
1375 509 1553 564 fracto
1605 507 1771 579 collo,
1819 509 1964 564 reci-

317 597 485 670 piens
519 595 887 668 repentinum
923 596 1269 653 interitum?
1304 597 1528 653 Utinam
1583 601 1774 653 tecum
1810 616 1966 653 rece-

317 685 536 758 pissem
572 685 703 742 felix
739 686 1105 758 martyrium,
1157 691 1211 740 et
1242 702 1540 741 cernerem
1591 691 1646 740 te
1679 688 1966 758 recepisse

315 774 808 848 gloriosissimum
841 774 1049 829 ﬁnem!
1091 798 1116 822 »
1149 775 1410 846 Cumque
1452 793 1656 831 omnes
1687 777 1968 832 occurris—

320 868 449 918 sent
477 864 548 919 ad
582 881 739 927 eum,
772 868 826 918 et
867 863 1308 918 consolarentur
1351 881 1505 932 eum,
1542 869 1604 919 ut
1631 866 1752 936 jam
1789 866 1963 921 ﬁnem

315 953 480 1008 daret
513 952 792 1025 planetui,
829 969 1094 1006 reversus
1118 957 1206 1006 est
1230 953 1284 1006 in
1312 969 1391 1016 se,
1426 957 1480 1007 et
1502 954 1645 1008 dixit
1679 971 1691 1008 :
1733 975 1758 1006 υ
1784 956 1966 1010 Forsi-

315 1045 415 1096 tan
449 1041 681 1097 creditis
713 1041 846 1096 huic
881 1041 1551 1112 semicanoimprudenti
1576 1043 1790 1098 militi?
1814 1045 1966 1099 Nun-

311 1146 488 1202 quam
521 1147 648 1185 vere
681 1130 873 1185 audivi
911 1130 978 1185 (lc
1008 1129 1220 1184 militia
1252 1129 1447 1202 aliqua
1479 1131 1660 1202 loqui,
1694 1150 1870 1204 quam
1895 1133 1968 1188 is-

312 1219 444 1274 dem
479 1219 724 1275 fecisset.
765 1220 874 1274 Sed
903 1219 1227 1290 turpiterct
1261 1219 1565 1274 inhoneste
1599 1221 1832 1289 recedit,
1856 1223 1965 1279 sic.

309 1314 373 1364 ut
401 1309 802 1380 nequissimus
818 1315 876 1364 et
895 1307 1112 1376 infelix,
1135 1308 1488 1381 etquidquid
1515 1309 1693 1365 miser
1710 1311 1962 1380 nuntiat,

309 1398 508 1454 sclatis
541 1415 640 1470 per
665 1399 856 1452 omnia
900 1397 1110 1454 falsum
1141 1415 1290 1453 esse.
1330 1421 1356 1447 ι)
1391 1399 1615 1454 Interea
1638 1400 1819 1469 jussit
1852 1400 1963 1456 im-

308 1493 541 1560 perator
571 1489 694 1542 suis
727 1488 1086 1552 hominibus,
1121 1487 1319 1542 dicens
1352 1505 1363 1541 :
1401 1511 1426 1536 ‹‹
1455 1487 1553 1553 Ite,
1582 1494 1636 1542 et
1659 1490 1964 1546 conducite

307 1594 512 1632 omnes
545 1576 810 1632 homines
835 1576 1005 1632 istius
1031 1581 1192 1630 terra:
1217 1576 1272 1630 in
1299 1576 1661 1648 Burgariam,
1685 1583 1741 1632 et
1767 1579 1962 1652 explo-

305 1672 452 1732 rate,
480 1672 536 1721 et
567 1666 861 1722 devastatc
893 1664 1165 1720 universa
1196 1665 1340 1730 loca,
1404 1683 1473 1720 ne
1507 1683 1639 1720 cum
1693 1669 1960 1723 venerint

307 1756 479 1811 Turci
505 1755 724 1828 aliquid
754 1754 981 1826 possint
1004 1753 1096 1808 hic
1120 1754 1390 1826 reperire.
1425 1777 1450 1803 ››
1474 1755 1743 1811 Volentes
1766 1757 1960 1812 nolcn-
1988 1793 2046 1858 Β,

305 1849 510 1916 tesque
543 1846 725 1899 nostri
761 1844 969 1899 reversi
1019 1848 1158 1898 sunt
1214 1847 1550 1910 retrorsum,
1611 1844 1871 1901 dolentes
1902 1851 1958 1902 et

307 1937 617 1988 mcerentes
649 1931 1017 1988 amarissime
1049 1949 1234 2004 usque
1266 1932 1338 1987 ad
1374 1938 1640 1989 mortem.
1679 1935 1957 1991 Fuerunt-

305 2039 418 2094 que
445 2021 660 2077 mortui
693 2022 860 2077 multi
887 2038 954 2077 ex
986 2021 1331 2094 peregrinis,
1358 2021 1454 2093 qui
1485 2027 1649 2078 erant
1681 2023 1957 2096 languen-

305 2117 392 2168 tes
426 2113 484 2168 in
519 2111 700 2167 nimia
729 2111 1095 2184 tngritudine.
1129 2111 1354 2182 Quique
1405 2111 1628 2168 fortiter
1659 2130 1774 2169 non
1809 2132 1954 2187 pra:-

304 2201 576 2257 valebant
607 2201 876 2256 militiam
911 2200 1100 2272 sequi,
1135 2201 1518 2256 remanebant
1549 2203 1860 2258 morientes
1893 2203 1953 2258 in

303 2291 416 2357 via,
449 2295 505 2347 et
531 2307 736 2347 omnes
768 2289 867 2345 alii
903 2290 1112 2346 reversi
1146 2294 1284 2345 sunt
1314 2289 1901 2364 Constantinopolim.

307 2397 536 2467 Qomodo
586 2399 698 2470 fuit
756 2399 945 2453 lancea
1004 2398 1226 2480 Domini
1277 2400 1401 2454 Jesu-
1471 2399 1674 2455 Christi
1732 2403 1954 2456 inventa

994 2486 1258 2540 primum.

382 2559 565 2632 Igitur
595 2576 701 2614 nos
733 2558 881 2614 infra
911 2559 1202 2614 civitatem
1233 2559 1471 2622 detenti,
1527 2560 1685 2615 venit
1745 2561 1951 2618 Petrus

308 2647 768 2704 Bartholomzeus
797 2648 870 2703 ad
905 2648 1177 2703 comitem
1209 2648 1404 2704 Sancti
1436 2649 1666 2721 Aigidii,
1722 2655 1778 2705 ct
1808 2650 1951 2707 dixit

303 2737 355 2794 ei
389 2743 453 2793 ut
476 2742 737 2811 pergeret
766 2738 837 2793 ad
873 2737 1178 2793 ecclesiam
1209 2738 1402 2794 Sancti
1463 2739 1634 2803 Petri,
1697 2739 1794 2794 ubi
1825 2744 1950 2796 erat

302 2826 504 2882 lancea
534 2828 849 2883 recondita.
885 2826 984 2882 Ille
1015 2827 1260 2883 audiens
1290 2828 1430 2893 haec,
1457 2845 1588 2883 cum
1624 2845 1839 2901 magna
1859 2829 1948 2886 1&3-

299 2915 432 2972 titia
461 2916 613 2974 venit
643 2917 716 2974 ad
749 2916 1076 2972 ecclesiam.
1115 2917 1179 2971 Et
1210 2915 1305 2972 ille
1338 2917 1538 2973 Petrus
1594 2917 1848 2974 ostendit
1893 2919 1944 2975 ei

301 3005 492 3061 locum
527 3010 658 3062 ante
681 3007 899 3078 januas
929 3005 1086 3061 chori
1121 3005 1180 3061 in
1212 3007 1446 3062 dextera
1474 3011 1655 3078 parte.
1688 3009 1755 3062 Et
1793 3008 1944 3064 fode-

301 3101 437 3152 runt
469 3095 546 3151 ibi
581 3096 855 3152 tredecim
875 3095 1140 3151 homines
1159 3095 1228 3150 de
1249 3113 1419 3151 mane
1443 3114 1626 3168 usque
1642 3097 1713 3151 ad
1741 3114 1944 3168 vespe-

2077 509 2376 582 apostolus
2398 511 2752 581 jamdudum
2785 511 3134 584 praedicavit,
3169 517 3226 568 et
3257 513 3328 571 ad
3361 513 3575 572 Christi
3598 515 3726 572 cul-

2076 603 2270 655 turam
2303 599 2606 666 revocavit,
2639 605 2696 655 et
2727 600 2861 656 inde
2894 600 3120 672 primus
3164 602 3476 676 episcopus
3507 603 3732 662 electus

2077 689 2203 744 fuit.
2241 690 2403 755 Quod
2432 689 2479 743 si
2513 688 2784 756 feceritis,
2818 689 3167 761 permittunt
3199 691 3504 748 vobiscum
3545 695 3734 750 dedu-

2075 797 2202 835 cere
2235 779 2430 834 omnia
2459 782 2668 844 vestra,
2706 777 2930 833 scilicet
2960 796 3163 851 equos,
3197 784 3254 835 et
3285 779 3498 850 mulos,
3533 788 3590 838 et
3613 785 3734 839 asi-

2077 885 2202 934 nos,
2239 872 2295 923 et
2321 865 2592 931 camelos,
2613 884 2999 939 oves-quoque
3017 873 3072 923 et
3103 869 3294 937 boves,
3315 874 3371 926 et
3401 872 3598 927 omnia
3615 872 3734 930 alia

2075 961 2436 1012 ornamenta.
2478 981 2497 1006 η
2537 957 2701 1012 Tunc
2730 956 3019 1012 Curlaban
3053 958 3322 1031 princeps
3357 958 3573 1016 militia;
3606 961 3730 1018 Sol-

2076 1045 2212 1101 dani
2243 1047 2469 1110 Persice,
2502 1063 2636 1100 cum
2668 1045 2943 1101 omnibus
2963 1046 3277 1112 Amiraliis,
3313 1047 3468 1120 pleni
3499 1050 3731 1108 tumida

2075 1135 2368 1208 superbia,
2392 1135 2565 1190 feroci
2591 1135 3015 1206 responderunt
3033 1151 3300 1192 sermone
3331 1156 3348 1192 :
3374 1161 3400 1186 «
3437 1139 3726 1204 Quoniam

2075 1224 2288 1296 quippe
2325 1225 2502 1279 Deum
2534 1227 2793 1280 vestrum
2824 1228 2882 1278 et
2911 1228 3164 1280 vestram
3224 1225 3726 1285 Christianita‘em

2075 1329 2177 1367 nec
2209 1317 2500 1384 Optamus,
2523 1329 2625 1367 nec
2648 1311 2937 1378 volumus,
2959 1330 3175 1384 vosque
3194 1330 3328 1370 cum
3348 1313 3467 1370 illis
3483 1317 3727 1373 omnino

2074 1406 2432 1473 respuentes,
2467 1401 2581 1456 huc
2614 1417 2800 1472 usque
2824 1402 2950 1472 jam
2974 1400 3263 1466 venimus,
3285 1419 3352 1458 eo
3384 1404 3538 1475 quod
3560 1405 3727 1462 valde

2075 1490 2359 1546 miramur
2379 1490 2760 1562 quamobrem
2794 1492 3045 1561 majores
3077 1496 3133 1547 et
3154 1491 3434 1558 seniores,
3471 1493 3588 1550 sive
3621 1494 3730 1551 mi-

2073 1596 2242 1633 nores
2273 1578 2466 1642 vestri,
2501 1595 2677 1650 quam
2711 1594 2811 1634 vos
2861 1579 3202 1634 memoratis
3240 1583 3478 1648 terram,
3541 1598 3726 1654 quam

2071 1666 2422 1722 abstulimus
2443 1683 2617 1739 prope
2651 1666 3132 1722 maxima-virtute
3165 1668 3517 1726 effeminatis
3540 1671 3725 1743 genti-

2073 1757 2204 1822 bus,
2235 1755 2404 1812 etilli
2438 1756 2632 1811 dicant
2690 1773 2818 1810 esse
2847 1772 3038 1811 suam.
3100 1755 3292 1812 Vultis
3349 1774 3484 1831 ergo
3547 1760 3724 1826 scire,

2067 1846 2206 1918 quid
2223 1846 2385 1900 vobis
2399 1846 2662 1900 dicemus
2675 1844 3076 1901 ?Revertimini
3102 1846 3722 1918 quantocius,etdicite

2064 1934 2274 1990 vestris
2303 1933 2656 2001 senioribus,
2689 1933 2834 2007 quia
2886 1933 2933 1991 si
2977 1952 3080 2006 per
3135 1934 3332 1992 omnia
3381 1935 3722 1994 efficiuntur

2067 2024 2260 2092 Turci,
2286 2029 2341 2080 et
2372 2025 2554 2081 Deum
2585 2028 2865 2089 vestrum,
2922 2041 3094 2096 quem
3129 2041 3232 2080 vos
3270 2023 3470 2080 inclini
3503 2025 3719 2100 colitis,

2067 2115 2353 2187 abnegare
2383 2113 2692 2178 voluerint,
2727 2131 2833 2168 nos
2866 2112 2981 2168 illis
3012 2111 3164 2169 hanc
3195 2117 3252 2169 et
3283 2113 3426 2170 satis
3456 2113 3588 2187 plus
3621 2115 3720 2171 da-

2065 2204 2209 2259 bimi
2235 2222 2262 2260 s
2295 2209 2528 2271 terram,
2563 2206 2618 2258 et
2649 2202 2929 2269 civitates,
2963 2207 3018 2258 et
3049 2202 3390 2268 castella,ret
3419 2209 3713 2273 uxores,et

2065 2293 2350 2349 maximas
2378 2291 2771 2360 haereditates;
2797 2291 2987 2348 adhuc
3009 2293 3388 2365 autemquod
3421 2309 3594 2349 nemo
3625 2311 3720 2350 ve-

2064 2388 2320 2439 strorum
2352 2381 2677 2438 remanebit
2705 2382 2902 2453 pedes,
2936 2381 3036 2437 sed
3058 2386 3229 2438 erunt
3247 2399 3451 2439 omnes
3473 2383 3712 2439 milites.

2063 2472 2216 2527 sicut
2245 2477 2301 2527 et
2332 2489 2437 2526 nos
2469 2487 2696 2537 sumus,
2731 2474 2788 2525 et
2814 2469 3163 2528 habebimus
3222 2488 3320 2527 eos
3380 2489 3614 2544 semper
3654 2472 3712 2527 in

2062 2578 2275 2633 magna
2306 2559 2582 2626 amicitia,
2616 2559 2714 2614 Sin
2748 2565 2963 2623 autem,
2995 2559 3185 2616 sciant
3237 2576 3300 2614 se
3357 2577 3461 2633 per
3515 2561 3718 2616 omnia

2060 2649 2368 2722 capitalem
2400 2648 2596 2705 subire
2627 2647 3000 2714 sententiam,
3025 2653 3126 2704 aut
3147 2649 3354 2705 deduci
3378 2649 3438 2704 in
3461 2649 3715 2706 vinculis

2059 2741 2417 2796 Cerosanum
2450 2738 2508 2794 in
2540 2737 2870 2810 captivitate
2901 2731 3204 2810 perpetua,
3237 2745 3294 2793 et
3323 2738 3575 2794 servient
3606 2757 3712 2796 no—

2056 2829 2148 2886 bis
2205 2827 2538 2901 nostrisque
2594 2827 2922 2883 infantibus
2978 2844 3082 2900 per
3139 2827 3498 2900 sempiterna
3555 2833 3708 2884 tem-

2055 2936 2216 2992 pora.
2254 2941 2281 2967 »

2655 3007 2853 3078 Incipit
2875 3006 3093 3062 bellum.

2091 3096 2290 3153 Nuntii
2305 3097 2316 3150 i
2329 3101 2500 3168 taque
2516 3096 2699 3152 nostri
2721 3096 3050 3167 frequenter
3069 3094 3704 3154 rcversisuntadFran-

297 3202 444 3241 ram.
478 3187 652 3241 Facta
667 3189 862 3240 autem
883 3183 1058 3240 nimis
1076 3185 1366 3257 profunda
1384 3186 1563 3251 fovea,
1585 3186 1707 3257 ipse
1741 3185 1943 3242 Petrus
1973 3163 2016 3229 (ἶ
2055 3203 2154 3242 eos
2175 3185 2878 3250 Christianos,referentcs
2891 3181 3011 3238 haec
3033 3181 3311 3250 omnia,et
3329 3184 3704 3255 quemadmo-

296 3274 515 3330 lnvenit
549 3273 808 3331 lanceam
840 3275 976 3330 Jesu
1011 3273 1245 3340 Christi,
1306 3274 1460 3329 sicut
1492 3275 1696 3330 beatus
1727 3274 1776 3330 ei
1823 3277 1942 3330 An-

295 3363 464 3419 dreas
496 3363 867 3430 indicaverat,
888 3367 1094 3434 quarto
1116 3363 1340 3416 decimo
1361 3362 1453 3418 die
1473 3363 1727 3418 intrante
1745 3363 1938 3418 Junio.

293 3453 364 3508 Et
395 3458 743 3524 acceperunt
773 3451 935 3506 illam
968 3469 1099 3506 cum
1134 3468 1346 3523 magno
1377 3450 1611 3523 gaudio,
1668 3454 1731 3508 Te
1771 3456 1944 3508 Deum

295 3541 582 3596 laudamus
597 3540 928 3612 psallentes,
949 3540 1284 3595 detulerunt
1301 3539 1606 3595 laudantes
1633 3540 1703 3595 ad
1723 3540 1938 3610 altare;

295 3629 449 3684 unde
483 3629 740 3684 maxima
760 3627 960 3682 laetitia
990 3627 1048 3681 in
1078 3632 1200 3682 tota
1222 3628 1363 3682 urbe
1392 3629 1522 3683 fuit.
1549 3628 1676 3683 Haze
1697 3628 1944 3684 audiens

294 3718 584 3774 exercitus
618 3719 996 3783 Francornm,
1020 3733 1154 3772 cum
1190 3718 1402 3789 magno
1435 3717 1648 3790 gaudio
1671 3719 1743 3773 ad
1767 3717 1943 3774 eccle-

293 3807 442 3862 siam
460 3807 656 3862 Sancti
676 3806 824 3863 Petri
843 3810 1144 3873 venerunt,
1165 3805 1358 3860 videre
1374 3805 1636 3862 lanceam
1659 3824 1671 3861 :
1695 3811 1750 3862 et
1773 3806 1941 3862 simi-

291 3895 424 3952 liter
453 3897 657 3963 Graaci,
679 3900 736 3951 ct
759 3895 1073 3961 Hermenii,
1096 3899 1152 3950 et
1177 3895 1431 3963 Suriani,
1462 3900 1764 3952 cantantes
1777 3899 1942 3968 Kyrie

289 3987 514 4052 eleison,
565 3989 622 4040 et
670 3984 929 4040 dicentes
965 4001 978 4051 ;
1015 3985 1142 4040 Kalo
1189 3986 1744 4040 Franci...............
1781 3986 1939 4040 Chri-

287 4083 368 4130 sto
401 4093 417 4128 :
450 4074 558 4130 hoc
588 4077 694 4141 est,
721 4073 855 4129 boni
887 4078 1026 4128 sunt
1052 4073 1271 4140 Franci,
1305 4073 1404 4145 qui
1429 4072 1644 4128 habent
1677 4073 1937 4130 lanceam

290 4161 526 4220 Christi.

420 4254 520 4308 llic
542 4254 809 4308 miserunt
833 4253 1134 4308 Christiani
1161 4253 1381 4306 nuntios
1413 4251 1482 4306 ad
1509 4251 1809 4306 Curbalan.

358 4341 563 4398 Postea
591 4342 861 4397 facerunt
886 4358 1089 4396 omnes
1121 4339 1454 4406 consilium,
1489 4341 1782 4412 quomodo
1817 4339 1936 4395 bel-

286 4429 409 4486 ium
441 4430 764 4502 inciperent
793 4448 926 4486 cum
961 4429 1188 4485 Turcis.
1215 4429 1324 4485 Sed
1358 4428 1630 4501 primitus
1661 4427 1937 4484 laudave-

2053 3277 2194 3331 dum
2224 3274 2522 3346 respondit
2553 3273 2636 3330 eis
2667 3290 2808 3346 gens
2839 3272 2961 3328 haec
3012 3271 3441 3330 crudelissima.
3476 3269 3704 3328 Interea

2051 3364 2338 3420 exercitus
2371 3367 2568 3419 noster
2597 3363 2655 3419 in
2689 3367 2939 3435 utraque
2961 3361 3335 3418 tremefactus
3357 3367 3520 3434 parte
3544 3362 3705 3435 igno-

2053 3454 2218 3510 rabat
2233 3451 2372 3524 quid
2393 3453 2575 3508 facere
2593 3452 2912 3508 debuisset.
2937 3450 2998 3507 In
3035 3467 3150 3508 una
3170 3450 3334 3505 unim
3360 3455 3703 3524 coangusta-

2049 3543 2150 3596 bat
2179 3558 2276 3597 eos
2300 3539 2631 3596 cruciabilis
2651 3538 2917 3606 fames,in
2937 3537 3117 3596 altera
3137 3537 3574 3612 constringebat
3595 3556 3694 3595 eos

2052 3631 2376 3686 Turcorum
2407 3628 2602 3685 timor.
2637 3630 2856 3684 Tamen
2901 3627 3180 3693 fecerunt,
3219 3625 3702 3683 sicutmandan’t

2050 3719 2134 3775 eis
2169 3720 2456 3776 Dominus
2476 3719 2647 3775 Jesus
2670 3717 2940 3774 Christus
2959 3734 3062 3790 per
3083 3719 3442 3776 sacerdotem
3461 3719 3704 3792 Stepha-

2051 3825 2213 3873 num,
2249 3809 2519 3864 triduana
2544 3808 2792 3880 jejunia,
2817 3811 2874 3863 et
2903 3807 2972 3862 de
2994 3806 3246 3878 peccatis
3271 3813 3409 3863 sunt
3426 3807 3699 3864 confessi.

2053 3903 2106 3956 et
2135 3897 2536 3970 processiones
2567 3897 2829 3954 fecerunt
2855 3896 2926 3952 de
2983 3913 3100 3952 una
3130 3895 3375 3952 ecclesia
3406 3895 3464 3952 in
3499 3896 3699 3965 aliam,

2051 3992 2224 4059 atque
2255 3983 2526 4050 absoluti,
2551 3990 2608 4040 et
2637 3984 2888 4042 ﬁdeliter
2904 4001 3143 4058 corpore
3161 3985 3513 4058 etsanguine
3533 3985 3704 4042 Chri-

2050 4075 2122 4132 sti
2153 4074 2572 4131 communicati
2606 4078 2763 4141 sunt,
2817 4078 2873 4129 et
2929 4074 3218 4130 dederunt
3269 4073 3702 4146 eleemosynam

2049 4164 2426 4236 pauperibus,
2455 4167 2510 4218 ct
2528 4162 2788 4218 fecerunt
2809 4168 3043 4220 cantare
3064 4164 3296 4219 missas.
3324 4162 3543 4219 Deinde
3562 4165 3706 4222 feeev

2049 4258 2188 4308 runt
2209 4269 2310 4308 sex
2337 4251 2490 4307 acies
2521 4249 2674 4306 intra
2702 4250 3015 4307 civitatem.
3071 4251 3132 4307 In
3167 4251 3370 4324 prima.
3398 4251 3506 4308 fuit
3531 4255 3702 4326 Hugo

2050 4342 2296 4414 Magnus
2318 4358 2453 4398 cum
2477 4339 2872 4413 Francigenis,
2895 4345 2954 4396 et
2983 4339 3318 4396 Flandrensi
3345 4340 3703 4398 comiteRot-

2046 4431 2207 4486 berto
2233 4448 2244 4496 ;
2283 4429 2340 4486 in
2370 4429 2627 4486 secunda
2651 4428 2889 4501 quippe,
2920 4429 3039 4486 dux
3063 4429 3413 4486 Godefridus
3433 4447 3567 4486 cum
3593 4448 3701 4486 suo

289 4523 428 4574 runt
455 4536 677 4584 omnes,
715 4519 868 4591 quod
903 4518 1204 4575 misissent
1233 4517 1542 4582 Curbalan,
1577 4523 1631 4572 et
1664 4517 1796 4572 aliis
1826 4517 1936 4574 ini-
1968 4537 2014 4600 Ι)
2035 4518 2334 4586 .exereitu;
2361 4517 2417 4572 in
2438 4517 2625 4587 tertia,
2643 4515 2750 4574 fuit
2772 4517 3085 4574 Rothertus
3104 4517 3546 4576 Northmannus
3563 4537 3699 4576 cum

285 4607 456 4663 micis
485 4607 582 4664 Dei
617 4607 842 4673 Turcis,
877 4608 976 4680 qui
998 4607 1216 4662 diceret
1236 4607 1348 4662 eis:
1379 4628 1405 4656 ‹‹
1425 4608 1614 4671 Quare
1646 4606 1934 4662 introistis

287 4697 346 4752 in
380 4702 593 4754 terram
625 4697 1092 4752 Christianorum
1116 4695 1143 4751 ?
1173 4718 1200 4746 »
1257 4695 1324 4750 Et
1358 4695 1646 4750 miserunt
1701 4695 1932 4750 Petrum

283 4787 622 4854 Eremitam,
637 4785 1014 4844 etArluinum
1035 4785 1532 4859 drogamundum,
1553 4783 1810 4840 dicentes
1829 4784 1934 4855 eis,

282 4879 339 4929 et
369 4874 796 4948 interrogantes
828 4891 928 4930 eos
959 4891 971 4928 :
1008 4898 1034 4924 ‹‹
1067 4878 1180 4928 Cur
1211 4873 1488 4930 audacter
1517 4877 1574 4927 ct
1633 4873 1935 4944 superbis-

283 4963 434 5018 sime
467 4963 755 5019 intravere
791 4962 847 5016 in
879 4963 1344 5018 Christianorum
1376 4966 1610 5016 terram.
1650 4987 1676 5010 ››
1711 4962 1818 5028 Qui
1840 4980 1936 5018 ve-

283 5053 510 5108 nientes
543 5054 816 5109 dixerunt
845 5052 916 5106 ad
942 5068 1068 5106 eos:
1093 5075 1117 5100 ‹‹
1154 5049 1362 5106 Sciatis
1381 5051 1536 5121 quod
1563 5050 1816 5107 multum
1835 5052 1937 5108 mi-

283 5146 490 5196 rantur
531 5141 736 5208 nostri,
761 5156 951 5211 _quare
975 5139 1088 5194 huc
1112 5138 1372 5194 venistis.
1398 5133 1512 5194 Sed
1543 5138 1785 5196 forsitan
1818 5140 1932 5198 huc

279 5229 542 5295 venistis,
579 5231 717 5302 quia
746 5227 923 5283 vultis
955 5228 1104 5284 effici
1125 5227 1466 5298 Christiani,
1498 5231 1554 5283 et
1587 5233 1650 5283 ut
1681 5230 1932 5286 credatis

283 5321 341 5374 in
379 5337 560 5374 unum
595 5334 792 5373 verum
831 5317 1016 5372 Deum
1076 5322 1280 5372 natum
1329 5335 1400 5373 ex
1452 5317 1672 5389 virgine
1725 5319 1926 5385 Maria,

284 5424 457 5478 quem
491 5424 596 5461 nos
627 5405 939 5462 credimus.
975 5406 1031 5461 Si
1075 5423 1205 5460 vero
1237 5409 1473 5478 propter
1531 5406 1639 5462 hoc
1687 5407 1929 5465 minime

282 5495 398 5550 huc
431 5495 689 5559 venistis,
725 5498 931 5568 rogant
961 5513 1059 5552 vos
1111 5495 1411 5550 humiliter
1440 5511 1644 5551 omnes
1675 5498 1926 5569 majores

284 5585 466 5646 nostri
498 5584 924 5660 sivejuniores,
980 5584 1136 5659 quod
1195 5583 1465 5641 velociter
1521 5585 1803 5642 recedatis
1855 5587 1928 5643 de

2046 4607 2170 4662 suis
2200 4605 2541 4666 hominibus
2568 4624 2580 4674 ;
2616 4605 2674 4662 in
2707 4610 2936 4678 quarta,
2969 4607 3080 4662 fuit
3107 4606 3432 4664 Ademarus
3459 4607 3702 4666 Podien-

2045 4696 2127 4752 sis
2143 4696 2472 4768 episcopus,
2493 4699 2734 4768 portans
2758 4695 3237 4752 secum-lanceam
3259 4697 3584 4753 Salvatoris
3605 4715 3701 4754 ηο-

2045 4785 2150 4841 stri
2183 4785 2322 4840 Jesu
2354 4782 2566 4840 Christi
2600 4799 2734 4840 cum
2767 4801 2874 4840 sua
2907 4789 3096 4857 gente,
3158 4789 3215 4840 ct
3257 4799 3393 4840 cum
3444 4785 3702 4844 exercitu

2046 4874 2360 4932 Raimundi
2394 4873 2625 4930 comitis
2655 4871 2854 4930 Sancti
2885 4873 3114 4946 Egidii,
3141 4873 3240 4946 qui
3274 4876 3561 4932 remansit
3576 4893 3702 4932 sur-

2045 4981 2178 5019 sum
2200 4963 2272 5018 ad
2295 4961 2598 5018 castellum
2619 4961 3066 5018 custodiendum
3091 4963 3148 5019 in
3174 4967 3569 5034 montancam,
3595 4983 3703 5038 pro

2045 5052 2252 5108 timore
2282 5053 2630 5119 Turcorum,
2664 5069 2737 5108 ne
2757 5052 3174 5110 descenderent
3196 5052 3252 5108 in
3276 5053 3603 5110 civitatem:
3639 5055 3698 5110 in

2040 5142 2265 5214 quinta,
2299 5139 2408 5196 fuit
2439 5140 2777 5198 Tancredus
2799 5139 3079 5198 marchisi
3101 5137 3278 5206 filius,
3315 5146 3372 5196 et
3401 5145 3610 5198 Gastos
3629 5143 3702 5199 de

2041 5232 2224 5287 Bearn
2256 5247 2390 5286 cum
2421 5247 2528 5285 sua
2553 5233 2746 5303 gente,
2769 5233 2979 5286 etcum
3002 5235 3172 5303 gente
3198 5229 3573 5288 Pictaviensis
3597 5249 3694 5288 co-

2040 5320 2199 5376 mitis
2228 5338 2242 5390 ;
2273 5319 2334 5376 in
2360 5323 2538 5385 sexta,
2575 5317 2682 5376 fuit
2703 5319 3080 5376 Boamundus
3113 5336 3244 5374 cum
3281 5336 3387 5376 suo
3411 5320 3694 5378 exercitu.

2039 5408 2305 5482 Episcopi
2337 5425 2567 5480 quoque
2602 5407 2806 5476 nostri,
2831 5414 2888 5463 et
2919 5407 3263 5481 presbyteri.
3301 5413 3362 5464 et
3392 5407 3610 5481 clerici,
3643 5416 3702 5466 et

2037 5497 2307 5555 monachi
2329 5497 2511 5554 sacris
2533 5496 2790 5554 vestibus
2812 5497 3021 5563 induti,
3047 5514 3184 5554 cum
3215 5495 3331 5554 illis
3368 5499 3438 5554 de
3460 5499 3701 5556 civitate

2037 5585 2320 5652 exierunt,
2340 5585 2398 5643 in
2417 5585 2690 5646 manibus
2717 5586 2840 5644 suis
2861 5602 3064 5642 cruces
3088 5585 3438 5660 deferentes,
3458 5592 3698 5648 orantes
