3998 6088
243 321 359 384 80!

931 323 1000 386 P.
1048 324 1442 390 TUDEBODI
1490 325 1692 388 HIST.
1741 327 1843 386 DE
1890 322 2298 387 Hl'EROSOL.
2349 325 2532 388 ITIN.
2563 362 2638 370 —
2675 326 2814 387 LIB.
2861 328 2965 388 IV.

2267 0 3376 14 --τν--σ--η--ι-πν-..εμα-ω-ιπ-δτ,
3389 1 3450 14 __.-.
3489 3 3498 14 τ

3515 329 3648 390 ίεοὲ

243 463 304 512 et
334 458 715 530 deprecantes
747 459 1082 528 Dominum,
1121 463 1186 516 ut
1214 459 1348 516 illos
1381 459 1571 516 salvos
1599 460 1896 528 faceret,et
1925 461 1976 528 Α
2009 463 2065 515 et
2096 459 2284 515 sancti
2317 460 2566 532 sepulcri
2596 460 2959 532 incoeperunt
2988 459 3226 522 bellum,
3262 465 3317 516 et
3349 466 3458 517 Deo
3481 463 3650 535 adju—

239 545 380 602 illos
411 547 750 617 custodiret,
783 553 839 604 ct
869 550 1117 623 eriperet
1147 550 1219 605 ab
1249 549 1406 605 omni
1439 549 1718 622 periculo,
1740 553 1794 605 et
1823 550 1895 604 ab

243 637 414 692 omni
427 635 717 692 malo.Alii
734 637 970 694 stabant
983 654 1160 710 super
1177 655 1412 694 murum
1431 637 1680 694 civitatis
1695 642 1892 710 portae,

242 729 513 782 tenentes
546 743 744 783 sacras
767 744 968 783 cruces
991 727 1050 782 in
1078 729 1354 784 manibus
1382 727 1820 801 suis,signando
1843 731 1898 783 et

243 813 646 871 benedicendo
677 813 830 870 illos.
866 813 953 868 Illi
980 816 1176 888 itaque
1219 815 1491 883 ordinati,
1525 820 1698 888 atque
1729 815 1896 888 signo

245 903 444 960 crucis
473 903 738 977 protecti,
771 905 854 960 sic
878 909 1178 977 eruperunt
1209 905 1360 960 exire
1391 908 1552 959 extra
1583 903 1896 970 civitatem,

245 1007 353 1064 per
379 995 606 1062 portam
630 1009 758 1063 qua:
789 996 876 1048 est
908 996 1041 1047 ante
1071 992 1550 1048 Machomariam.
1579 992 1898 1064 Postquam

245 1078 696 1135 Curbalan-vidit
714 1081 1066 1136 Francorum
1091 1080 1244 1137 acies
1269 1085 1386 1136 tam
1411 1080 1652 1154 pulchre
1674 1081 1901 1136 ordina-

245 1173 341 1224 tas
373 1168 560 1225 exisse
591 1187 769 1225 unam
823 1175 952 1242 post
1004 1169 1202 1238 aliam,
1238 1170 1415 1227 dixit:
1451 1194 1478 1220 ‹‹
1511 1170 1698 1226 Sinite
1728 1171 1899 1226 modo

247 1274 457 1314 omnes
489 1259 663 1326 exire,
698 1264 763 1314 ut
793 1259 1006 1316 melius
1055 1260 1358 1333 capiamus
1397 1260 1588 1332 capita
1613 1277 1835 1316 eorum.
1867 1281 1896 1310 »

245 1347 553 1419 Imprimis
584 1348 848 1404 exierunt
878 1349 1132 1421 pedones
1182 1349 1444 1422 Hugonis
1476 1349 1691 1423 Magni,
1725 1353 1782 1404 et
1812 1365 1902 1403 co-

247 1435 418 1492 mitis
450 1436 826 1494 Flandrensis
860 1437 1139 1504 Rotberti,
1174 1455 1240 1493 ac
1269 1438 1477 1494 deinde
1519 1456 1636 1493 una
1657 1454 1902 1510 quaeque

248 1543 391 1598 pars
423 1543 527 1599 per
557 1543 731 1582 suum
765 1527 1374 1599 ordinem.Postquam
1409 1527 1642 1583 fuerunt
1664 1527 1816 1582 foras
1834 1527 1904 1583 de

250 1614 506 1682 civitate,
541 1615 683 1670 vidit
713 1615 1000 1670 Curbalan
1042 1615 1331 1686 insignem
1384 1616 1737 1671 Francorum
1771 1632 1906 1688 gen-

249 1707 396 1770 tem,
431 1721 496 1759 ac
525 1703 690 1758 valde
721 1703 937 1760 timuit.
973 1704 1103 1760 Mox
1147 1703 1440 1760 mandavit
1472 1721 1577 1760 suo
1602 1703 1899 1772 Amiralio,

249 1791 355 1864 qui
387 1793 587 1848 omnia
614 1791 866 1849 habebat
896 1793 954 1848 in
987 1811 1096 1849 sua
1111 1793 1378 1848 custodia
1396 1793 1467 1848 ad
1491 1792 1831 1858 tentoria,ut
1852 1793 1901 1849 si

251 1880 353 1937 ille
383 1881 602 1938 videret
631 1882 822 1956 ignem
859 1899 1170 1938 accensum
1206 1883 1264 1937 in
1297 1882 1488 1954 capite
1514 1881 1904 1954 hostis,proti-

251 1987 370 2026 nus
401 1970 749 2042 praeconiare
778 1972 1206 2028 fecissetsuum
1229 1971 1632 2039 exercitum,et
1659 1971 1904 2026 redisset

252 2063 432 2126 retro,
465 2059 656 2116 sciens
707 2061 928 2116 Turcos
977 2059 1248 2117 amisisse
1289 2077 1582 2133 campum.
1617 2059 1903 2115 Continuo

237 2148 548 2205 Curbalan
580 2148 753 2222 ccepit
769 2149 1052 2222 paulatim
1075 2150 1261 2207 redire
1285 2153 1436 2205 retro
1451 2155 1652 2206 contra
1678 2154 1902 2204 monta-

254 2256 451 2307 neam,
487 2239 787 2310 nostrique
814 2239 1096 2312 paulatim
1129 2239 1629 2312 persequebantur
1659 2257 1775 2294 eos.
1796 2239 1903 2294 De-

243 2329 438 2400 -nique
467 2326 638 2383 divisi
672 2332 810 2382 sunt
842 2327 1018 2383 Turci
1043 2345 1182 2394 ;una
1213 2345 1350 2399 pars
1375 2326 1478 2381 ivit
1503 2331 1702 2382 contra
1725 2342 1902 2392 mare,

241 2423 316 2473 ~et.
343 2416 444 2472 alii
479 2414 920 2482 steteruntillic,
954 2420 1228 2488 putantes
1249 2414 1793 2472 nostrosincludere
1821 2415 1906 2468 in-

243 2511 349 2562 ter
373 2505 529 2560 illos.
573 2504 848 2560 Videntes
897 2505 1007 2561 hoc
1058 2504 1269 2573 nostri,
1304 2505 1565 2561 fecerunt
1594 2504 1904 2576 septimam

245 2595 447 2652 aciem
479 2611 546 2649 ex
576 2593 697 2649 acie
721 2593 888 2649 ducis
933 2593 1247 2660 Godefridi,
1281 2598 1338 2648 et
1387 2593 1618 2649 comitis
1661 2593 1732 2648 de
1762 2593 1904 2647 Nor-

248 2683 651 2747 'thmanuia,et
673 2687 849 2755 caput
867 2682 1024 2738 ill-ius
1058 2682 1166 2738 fuit
1186 2699 1381 2738 comes
1401 2681 1906 2737 Rainaldusﬂanc

247 2773 551 2830 amiserunt
579 2771 808 2828 obviam
845 2770 1072 2836 Turcis,
1122 2770 1223 2843 qui
1284 2771 1595 2826 veniebant
1643 2786 1672 2825 e
1723 2787 1904 2826 mare.

257 2863 438 2919 Turci
471 2866 666 2918 autem
699 2859 947 2934 prmliati
981 2864 1118 2915 sunt
1145 2875 1280 2916 cum
1316 2859 1452 2926 illis,
1487 2864 1544 2915 et
1575 2859 1906 2932 sagittando

247 2952 484 3008 multos
514 2949 855 3006 occiderunt
881 2967 951 3005 ex
964 2948 1343 3005 nostris.Alize
1362 2953 1557 3004 autem
1581 2953 1786 3004 turmae
1812 2965 1910 3004 no-

257 3047 395 3098 strae
427 3040 842 3096 ordinaverunt
871 3056 933 3094 se
979 3056 1014 3094 a
1042 3038 1286 3094 ﬂumine
1344 3055 1532 3110 usque
1581 3037 1654 3094 ad
1687 3043 1910 3094 monta-

251 3147 435 3187 =neam
466 3130 621 3202 quod
652 3129 832 3185 distat
865 3146 966 3201 per
995 3128 1109 3184 duo
1141 3126 1436 3183 milliaria.

2003 553 2180 604 vante
2209 543 2545 605 devicerunt
2575 549 2906 605 illos.Turci
2937 567 3190 622 namque
3213 553 3531 607 tremefacti
3555 575 3651 610 ar-

2007 637 2312 710 ripuerunt
2342 639 2870 711 fugam,nostrique
2901 638 3032 695 illos
3056 642 3308 711 perscuti
3334 645 3654 715 suntjuxta

2008 744 2207 782 eorum
2239 727 2701 800 tentoria,Magis
2738 727 2954 783 milites
2984 727 3196 785 Christi
3229 732 3655 787 amaveruntil-

2007 815 2094 871 los
2128 817 2396 888 persequi
2431 833 2606 888 quam
2641 815 2760 871 ulla
2791 817 2977 889 spolia
3007 819 3324 890 acquirere.
3359 820 3428 874 Et
3459 837 3650 891 perse-

2009 907 2127 961 cuti
2163 912 2300 961 sunt
2333 923 2430 961 eos
2463 924 2646 979 usque
2679 907 2749 961 ad
2775 907 3416 975 Pontem-Fcrreum,ac
3447 909 3653 966 deinde

2009 1012 2195 1067 usque
2228 995 2296 1049 ad
2333 996 2616 1051 Tancredi
2650 994 2979 1051 castellum.
3017 994 3103 1049 Illi
3135 1013 3266 1051 vero
3303 997 3655 1054 dimiserunt

2010 1084 2088 1139 ibi
2107 1083 2432 1155 papiliones
2447 1100 2821 1152 suos,aurum
2841 1088 2896 1138 et
2909 1088 3300 1155 argentum,et
3312 1090 3656 1141 ornamenta

2009 1173 2216 1238 multa,
2250 1190 2385 1229 oves
2418 1178 2471 1228 ct
2503 1173 2696 1240 boves,
2724 1189 2906 1245 equos
2937 1177 2992 1228 et
3022 1172 3234 1238 mulos,
3267 1178 3323 1228 et
3349 1173 3564 1240 asinos,
3598 1179 3655 1230 et

2011 1259 2285 1326 camelos,
2323 1261 2706 1326 frumentum,
2747 1261 2972 1326 vinum,
3014 1263 3070 1314 et
3127 1259 3400 1326 facinam,
3434 1266 3490 1316 et
3543 1261 3657 1317 alia

2012 1349 2196 1404 multa
2228 1367 2353 1421 quae
2387 1349 2554 1404 nobis
2587 1349 2915 1404 necessaria
2945 1349 3434 1405 erant.IIermenii
3469 1356 3524 1406 et
3545 1351 3655 1406 Su-

2013 1439 2287 1510 riani,qui
2321 1437 2866 1494 habitabantinillis
2897 1438 3180 1510 partibus,
3199 1439 3500 1495 audientes
3519 1444 3657 1495 Tur-

2013 1545 2110 1583 cos
2143 1531 2448 1599 superatos
2476 1544 2623 1591 esse,
2655 1532 3038 1582 eucurrerunt
3058 1527 3128 1582 ad
3165 1532 3533 1583 montaneam
3560 1529 3657 1584 ob-

2011 1617 2163 1671 viam
2198 1615 2396 1680 illis,et
2426 1620 2678 1688 quantos
2701 1615 3044 1670 invenerunt
3065 1633 3131 1671 ex
3151 1615 3268 1671 illis
3295 1617 3652 1672 occiderunt.

2012 1705 2203 1760 Nostri
2222 1709 2416 1759 autem
2431 1705 2639 1759 reversi
2657 1708 2938 1759 suntcum
2957 1720 3167 1776 magno
3181 1705 3665 1777 ga~udio,laudan-

2012 1797 2099 1849 tes
2121 1798 2177 1849 et
2195 1793 2600 1849 benedicentes
2615 1793 2795 1848 Deum
2809 1793 2926 1864 ,qui
2952 1792 3110 1848 dedit
3127 1793 3425 1849 victoriam
3440 1794 3654 1866 populo

2011 1899 2137 1938 suo.
2172 1881 2550 1937 Ammiralius
2581 1881 2902 1953 itaque,qui
2937 1881 3242 1936 castellum
3268 1883 3653 1949 custodiebat,

2007 1973 2213 2026 videns
2243 1970 2528 2026 Curbalan
2562 1975 2616 2025 et
2647 1987 2849 2026 omnes
2881 1969 3026 2025 alios
3073 1987 3334 2043 paganos
3366 1970 3652 2043 fugientes

2012 2077 2041 2118 e
2073 2077 2299 2132 campo,
2333 2060 2510 2114 nimis
2534 2059 2722 2114 iratus
2747 2059 2938 2126 fuit,ct
2960 2059 3280 2114 maximum
3304 2060 3570 2116 timorem
3593 2059 3655 2116 in

2013 2151 2183 2205 corde
2217 2167 2323 2204 suo
2355 2149 2581 2204 habuit.
2616 2147 2825 2203 Statim
2869 2165 3002 2202 cum
3044 2164 3258 2220 magna
3287 2149 3657 2204 festinatione

2014 2238 2184 2312 cmpit
2215 2242 2404 2310 petere
2431 2239 2784 2292 Francorum
2805 2237 3031 2293 vexilla.
3066 2237 3272 2292 Comes
3293 2239 3487 2293 Sancti
3509 2237 3659 2310 Egi-

2015 2328 2118 2394 dii,
2153 2327 2253 2399 qui
2286 2327 2344 2380 in
2379 2331 2694 2382 montanea
2725 2331 2857 2380 ante
2888 2324 3195 2381 castellum
3230 2326 3658 2398 astabat,jussi‘t

2014 2417 2064 2472 ei
2097 2422 2328 2488 portare
2358 2414 2652 2470 vexillum.
2689 2413 2786 2470 llle
2827 2418 3021 2470 autem
3080 2414 3303 2487 accepit
3352 2413 3494 2470 illud
3523 2431 3656 2470 cum

2014 2505 2248 2578 gaudio,
2283 2510 2340 2560 et
2372 2504 2681 2577 diligenter
2710 2503 2872 2559 misit
2900 2501 3044 2558 illud
3078 2502 3136 2557 in
3196 2503 3478 2574 majorem
3531 2509 3657 2558 tur-

2017 2595 2146 2650 rim.

2016 2703 2112 2758 Hic
2142 2701 2373 2756 reddidit
2401 2717 2456 2756 se
2488 2700 2842 2754 Ammiralius
2882 2699 3216 2766 Boamundo,
3251 2701 3350 2772 qui
3393 2701 3658 2756 custodie-

2239 2773 2420 2828 dicbat
2449 2772 2757 2828 castellum.
2784 2778 2834 2826 et
2863 2773 3067 2844 accepit
3095 2772 3440 2843 baptismum.

2087 2862 2293 2917 Postea
2320 2859 2483 2933 petiit
2507 2858 2777 2915 vevillum
2802 2859 3253 2931 Boamundi.qui
3287 2865 3416 2932 post
3439 2861 3658 2917 factum

2017 2949 2234 3006 bellum
2269 2949 2429 3006 dedit
2458 2948 2508 3002 ei
2558 2946 2857 3014 vexillum,
2892 2949 3128 3020 Accepit
3179 2965 3410 3021 quoque
3437 2949 3658 3004 Ammi-

2019 3039 2200 3094 ralius
2232 3037 2377 3092 illud
2409 3054 2545 3092 cum
2580 3036 2836 3091 maximo
2866 3036 3079 3109 gaudio
3110 3041 3168 3091 et
3192 3036 3409 3105 laetitia,
3434 3043 3491 3092 et
3521 3054 3658 3094 con-

2019 3127 2291 3183 cordatus
2314 3125 2417 3180 fuii
2442 3141 2574 3180 cum
2608 3125 2962 3192 Boamundo,
2989 3125 3143 3197 quod
3175 3123 3259 3180 illi
3293 3126 3524 3198 pagani,
3559 3125 3659 3198 qui

259 3239 363 3294 Hic
391 3245 654 3293 venerunt
683 3235 739 3292 S.
788 3235 1061 3306 Georgius,
1125 3235 1180 3291 S.
1244 3234 1564 3301 Theodorus,
1615 3233 1672 3290 s,
1721 3235 1907 3289 Deme.
1940 3203 1980 3270 C
2021 3215 2332 3272 Christiani
2363 3214 2692 3270 voluissent
2720 3213 2864 3282 ﬁeri,
2901 3213 3149 3269 fuissent
3178 3231 3311 3269 cum
3344 3214 3538 3286 eo,qui
3568 3232 3662 3271 vo-

589 3311 750 3376 tr-z'us,
785 3309 844 3363 in
875 3307 1212 3381 adjutori-um
1241 3307 1598 3364 Christianis.

339 3398 650 3470 Cmperunt
677 3413 932 3469 namque
961 3401 1168 3452 turmae
1194 3397 1517 3451 Turcorum
1565 3411 1633 3450 ex
1663 3397 1911 3466 utraque

261 3489 432 3559 parte
460 3486 633 3552 exire,
667 3491 1015 3557 nostrosque
1044 3485 1306 3558 undique
1353 3482 1908 3555 circumcingebant,

251 3573 600 3648 jaculando,
635 3580 692 3630 et
735 3574 1087 3647 sagittando,
1121 3577 1179 3629 et
1223 3572 1601 3628 vulnerando.
1635 3571 1912 3626 Exierunt

259 3680 500 3735 quoque
531 3663 600 3717 de
632 3662 959 3717 montaneis
990 3661 1451 3717 innumerabiles
1482 3661 1787 3728 exercitus,
1809 3659 1908 3732 qui

257 3751 557 3807 ducebant
585 3768 766 3822 equos
797 3748 979 3816 albos,
1016 3767 1265 3823 quorum
1296 3750 1501 3806 vexilla
1549 3750 1748 3806 omnia
1778 3749 1912 3805 alba

265 3843 458 3897 erant.
491 3839 767 3896 Videntcs
801 3840 996 3912 itaque
1028 3839 1379 3895 nostrihunc
1402 3838 1911 3911 exercitum,igno~

260 3931 477 3986 rabant
520 3927 615 4001 qui
648 3933 866 3996 essent,
898 3929 1080 3984 donec
1109 3932 1503 4002 cognoverunt
1531 3944 1658 3984 esse
1687 3928 1910 3999 adjuto-

263 4017 423 4074 rium
453 4017 687 4083 Christi,
719 4018 871 4072 sicut
899 4017 1200 4072 mandavit
1239 4014 1358 4072 illis
1413 4033 1517 4088 per
1545 4015 1907 4088 Stephanum

257 4107 911 4172 sacerdotem.0uorum
937 4107 1206 4162 ductores
1229 4105 1465 4161 fuerunt
1485 4109 1726 4162 sanctus
1743 4107 1910 4162 Geor-

259 4195 419 4268 gius,
453 4199 510 4251 et
537 4195 742 4250 beatus
791 4195 1154 4254 Theodorus.
1187 4197 1243 4250 et
1293 4198 1532 4250 sanctus
1562 4194 1907 4252 Demetrius.

249 4283 394 4340 Haec
423 4283 602 4340 verba
631 4283 918 4340 credenda
946 4287 1105 4350 sunt,
1126 4283 1263 4355 quia
1286 4283 1484 4355 plures
1504 4299 1571 4338 ex
1593 4282 1809 4339 nostris
1823 4283 1909 4337 vi-

258 4374 479 4429 derunt
508 4373 633 4428 boc.
669 4371 756 4427 Illi
785 4376 979 4428 autem
1013 4371 1209 4442 Turci,
1245 4372 1342 4444 qui
1393 4373 1628 4429 stabant
1655 4371 1713 4426 in
1745 4375 1908 4443 parte

253 4461 467 4529 maris,
500 4461 764 4516 videntes
794 4462 948 4532 quod
983 4478 1100 4517 non
1149 4460 1478 4534 potuissent
1509 4461 1750 4516 sufferre
1782 4476 1907 4515 am-

2019 3305 2269 3360 luissent
2290 3303 2373 3359 ire
2391 3302 2772 3369 Corosanum,
2798 3303 2953 3375 quod
2977 3302 3073 3358 ille
3101 3320 3277 3359 sanos
3301 3304 3521 3376 absque
3542 3303 3661 3362 ulla

2019 3393 2252 3449 laesione
2281 3391 2438 3448 abire
2469 3391 3076 3464 permisisset.Annuit
3096 3393 3476 3448 Boamundus
3497 3394 3662 3465 quid-

2021 3483 2158 3557 quid
2191 3481 2570 3538 Ammiralius
2598 3481 2932 3553 postulavit,
2967 3485 3024 3537 et
3047 3482 3209 3537 misit
3237 3499 3374 3538 suos
3394 3481 3660 3540 homines

2019 3572 2294 3628 continuo
2318 3571 2377 3624 in
2410 3569 2737 3626 castellum.
2773 3570 2897 3625 Non
2921 3575 3054 3641 post
3085 3569 3302 3626 multos
3333 3571 3456 3627 dies
3479 3572 3663 3644 bapti-

2017 3667 2182 3717 zatus
2215 3660 2322 3715 fuit
2350 3658 2728 3714 Ammiralius
2749 3675 2882 3713 cum
2913 3658 3030 3714 illis
3062 3660 3161 3730 qui
3188 3659 3486 3715 Christum
3513 3677 3663 3716 reco-

2026 3766 2304 3824 gnoscere
2331 3747 2926 3819 voluerunt.lllos,qui
2961 3765 3099 3804 suas
3130 3747 3442 3804 noluerunt
3464 3749 3662 3804 dimit-

2019 3845 2139 3896 tere
2170 3837 2487 3910 leges,fecit
2506 3837 2828 3894 conducere
2842 3837 3222 3892 Boamundus
3245 3855 3429 3910 usque
3453 3838 3508 3893 in
3528 3839 3660 3894 Sar-

2019 3943 2362 3983 racenorum
2393 3931 2633 3981 terram.
2669 3926 2786 3980 Hoc
2818 3925 2927 3980 fuit
2958 3925 3175 3981 bellum
3211 3926 3428 3982 factum
3455 3932 3660 4000 quarto

2020 4016 2142 4073 Kal.
2175 4015 2271 4072 Jul
2329 4015 2386 4070 in
2419 4013 2621 4087 vigilia
2649 4013 3062 4086 Apostolorum
3084 4015 3234 4070 Petri
3266 4021 3322 4071 et
3353 4015 3538 4084 Pauli,
3573 4035 3661 4074 re-

2018 4111 2233 4178 gnante
2265 4103 2510 4160 Domino
2543 4109 2740 4158 nostro
2769 4103 2906 4159 Jesu
2953 4104 3200 4174 Christo,
3237 4105 3328 4160 cui
3361 4111 3449 4162 est
3477 4105 3663 4162 honor

2017 4200 2074 4251 et
2102 4195 2287 4267 gloria
2317 4193 2375 4248 in
2403 4192 2749 4250 saeculorum
2774 4192 3280 4261 smcula,amen.Et
3301 4213 3434 4251 cum
3467 4200 3663 4251 essent

2018 4300 2220 4338 omnes
2239 4281 2460 4338 inimici
2484 4282 2583 4338 Dei
2605 4281 2812 4338 devicti
2839 4282 2977 4351 (Deo
3003 4299 3134 4338 vero
3157 4288 3213 4338 et
3233 4299 3467 4340 summo
3489 4288 3661 4356 atque

2017 4377 2219 4428 sancto
2251 4371 2517 4443 sepulcro
2551 4371 2760 4444 dignas
2791 4370 3097 4426 referimus
3127 4370 3470 4441 laudes)huc
3500 4377 3557 4427 et
3589 4371 3660 4426 il-

2016 4460 2112 4516 luc
2140 4461 2444 4533 fugientes,
2479 4458 2576 4515 alii
2622 4459 2902 4527 semivivi,
2937 4459 3034 4515 alii
3065 4460 3372 4528 vulnerati,
3406 4460 3465 4515 in
3495 4459 3659 4516 valli-

253 4549 442 4624 plius,
473 4549 764 4606 miserunt
791 4549 986 4623 ignem
1018 4551 1078 4605 in
1135 4549 1400 4619 herbam,
1434 4553 1499 4605 ut
1529 4548 1791 4604 videntes
1824 4547 1906 4603 illi
1929 4557 1984 4632 in
2016 4551 2127 4605 bus
2159 4554 2214 4605 et
2245 4549 2600 4617 nemoribus,
2635 4553 2692 4603 et
2722 4548 2780 4602 in
2813 4549 2963 4604 arvis
3011 4552 3069 4605 et
3126 4549 3184 4602 in
3236 4548 3344 4604 viis
3373 4549 3662 4605 cadebant

259 4639 362 4711 qui
399 4641 566 4693 erant
587 4637 664 4692 ad
695 4637 946 4694 tentoria
986 4637 1316 4712 inciperent
1346 4638 1563 4711 fugam.
1599 4639 1670 4692 At
1698 4636 1782 4692 illi
1813 4654 1908 4693 co-

257 4729 613 4800 gnoscentes
644 4725 786 4782 illud
821 4726 1076 4799 signum,
1111 4726 1484 4798 arripuerunt
1514 4725 1907 4782 omniahono-

257 4814 474 4871 rabilis
504 4818 928 4882 ornamenta,et
957 4813 1143 4887 spolia
1172 4818 1228 4868 et
1260 4813 1753 4886 fugerunt,Nostri
1772 4829 1908 4870 vero

257 4903 550 4978 paulatim
573 4902 1029 4969 militabant,ubi
1052 4902 1307 4958 maxima
1329 4902 1515 4956 virtus
1537 4918 1738 4957 eorum
1761 4906 1904 4966 erat,

253 4991 486 5048 scilicet
516 4992 587 5048 ad
617 5007 819 5048 eorum
851 4991 1253 5047 tentoria.Dux
1283 4990 1720 5058 Godefridus,et
1749 4991 1910 5046 Fian-

257 5079 492 5136 drensis
524 5095 718 5135 comes
747 5079 1084 5146 Rotbertus,
1107 5083 1164 5136 et
1192 5077 1356 5152 Hugo
1387 5078 1656 5158 Magnus,
1679 5079 1908 5151 equita-

256 5168 405 5224 bant
425 5169 597 5239 juxta
621 5167 964 5240 aquam,ubi
996 5168 1252 5224 maxima
1278 5167 1466 5224 virtus
1496 5165 1732 5222 illorum
1762 5171 1904 5223 erat.

257 5255 653 5329 Istiprimitus
676 5256 844 5330 signo
863 5256 1058 5312 crucis
1077 5255 1910 5322 muniti,unanimiterinvase-

255 5349 399 5400 runt
414 5343 562 5401 illos.
579 5343 1063 5402 Exclamaverunt
1076 5344 1250 5401 Turci
1272 5342 1450 5400 etalii
1472 5343 1686 5418 pagani
1704 5343 1905 5400 diabo-

254 5431 404 5490 lieos
430 5449 607 5490 sonos
636 5433 696 5489 in
727 5437 1004 5489 extranea
1034 5431 1256 5506 lingua,
1286 5434 1344 5488 et
1372 5435 1653 5502 ceperunt
1680 5430 1903 5503 fugam.

253 5520 452 5578 Nostri
473 5519 672 5596 itaque
699 5517 1036 5578 invocantes
1049 5535 1233 5577 unum
1248 5521 1306 5576 et
1314 5517 1507 5575 vivum
1535 5519 1720 5576 Deum
1727 5519 1910 5592 ,equi-

251 5612 528 5670 taverunt
549 5612 755 5668 contra
781 5607 936 5678 illos,
967 5611 1026 5666 et
1054 5607 1137 5667 sic
1165 5607 1230 5665 in
1259 5604 1496 5664 nomine
1523 5607 1666 5668 Jesu
1687 5604 1906 5672 Christi

2018 4639 2255 4694 mortui.
2319 4637 2602 4704 Quoniam
2660 4637 2862 4705 Graeci,
2923 4636 3238 4704 Hermenii,
3297 4641 3354 4694 et
3404 4637 3657 4706 Suriani,

2017 4727 2265 4783 scientes
2294 4743 2392 4782 eos
2424 4725 2678 4781 devictos
2712 4725 2892 4781 fuisse
2936 4726 2993 4780 in
3028 4724 3199 4793 bello,
3229 4725 3662 4782 insidiabantur

2015 4831 2114 4871 eos
2144 4815 2203 4870 in
2237 4819 2397 4870 arcta
2427 4812 2572 4881 loca,
2605 4813 2963 4870 vulnerando
3013 4819 3068 4871 et
3096 4814 3432 4871 occidendo.
3466 4815 3659 4872 Nostri

2016 4908 2210 4959 autem
2243 4901 2534 4974 peregrini
2564 4902 2774 4958 reversi
2809 4908 2947 4958 sunt
2971 4903 3028 4958 in
3062 4902 3375 4971 civitatem,
3407 4903 3662 4976 gauden-

2014 4996 2103 5047 tes
2133 4996 2189 5046 et
2219 4991 2546 5046 exultantes
2564 5007 2698 5045 cum
2722 4991 2974 5046 maxime
2994 4995 3166 5064 atque
3182 4991 3334 5048 felici
3359 4992 3659 5064 triumpho

2015 5080 2086 5136 de
2114 5079 2370 5136 inimicis
2401 5078 2502 5134 Dei
2552 5083 2610 5134 et
2661 5084 2874 5135 sancta:
2934 5079 3408 5136 Christianitatis.
3442 5081 3661 5138 Deinde

2015 5168 2349 5241 congregati
2379 5183 2585 5224 omnes
2616 5167 2799 5223 nostri
2831 5169 3113 5235 seniores,
3146 5174 3202 5224 et
3232 5171 3292 5224 iu
3323 5169 3566 5226 ecclesia
3597 5171 3656 5228 S.

2015 5255 2166 5312 Petri
2195 5257 2456 5312 fecerunt
2481 5255 2816 5326 consilium,
2841 5258 3339 5328 quemadmodum
3361 5259 3518 5315 hunc
3541 5259 3664 5315 feli-

2015 5345 2160 5401 citer
2186 5344 2416 5402 valeant
2447 5361 2643 5418 regere
2689 5355 2749 5401 et
2778 5347 3103 5403 conducere
3133 5347 3440 5420 pepulum,
3473 5364 3662 5421 usque

2016 5432 2159 5488 dum
2188 5433 2373 5489 sancti
2407 5433 2661 5505 sepulcri
2691 5433 2845 5490 viam
2891 5435 3143 5508 incipere
3175 5436 3524 5508 potuissent,
3557 5453 3660 5508 pro

2016 5536 2132 5594 quo
2163 5519 2413 5577 ﬁdeliter
2441 5522 2629 5579 multa
2657 5520 2818 5596 passi
2844 5521 3082 5580 fuerunt
3110 5525 3664 5583 necessaria.lnven-

2015 5613 2147 5672 tum
2178 5607 2296 5671 fuit
2320 5608 2504 5690 igitur
2531 5611 2592 5671 in
2623 5608 3176 5690 consilio,quoniam
3201 5611 3261 5671 in
3281 5611 3382 5673 illo
3403 5615 3662 5688 tempore
