3998 6088
345 297 465 359 803

849 297 952 360 AD
999 298 1507 364 GODEFRIDUM
1552 298 1886 363 APPEND.
1932 295 2010 359 ΙΙ.
2043 330 2122 341 -
2150 296 2462 362 MONUM.
2511 296 2613 360 DE
2658 298 2908 361 BELLU
2954 297 3228 377 SACRO.

3634 297 3759 361 804

348 445 463 486 non
477 431 745 501 poterant
758 428 1002 487 introire
1023 433 1239 488 terram
1259 432 1809 500 Sarracenorum,eo
1834 431 1989 504 quod
2017 430 2073 498 Α
2101 434 2383 487 castrum.
2419 430 2593 487 Turci
2624 433 2822 487 autem
2853 430 3118 487 videntes
3148 429 3282 488 illos
3305 427 3758 499 reccdere,illico

347 518 514 574 valde
543 517 603 573 in
632 517 831 574 aestivo
861 522 1123 592 tempore
1153 519 1315 576 arida
1346 524 1403 577 et
1427 521 1714 593 inaquosa
1741 526 1850 576 est.
1888 520 1995 576 Per

349 606 499 664 banc
528 624 663 663 vero
693 605 846 663 viam
878 624 992 664 non
1026 609 1321 664 audebant
1342 610 1808 682 transire,neque
1827 608 1993 665 Chri-

348 695 423 752 sti
450 695 734 769 populum
765 696 995 764 ducere,
1028 713 1228 770 regere
1285 702 1342 754 et
1389 700 1736 756 conducere.
1772 699 1992 755 Tamen

349 788 697 859 acceperunt
725 785 795 840 ad
828 784 948 841 Kal.
982 785 1259 842 Novemb.
1284 786 1895 856 terminum,videlicet
1918 788 1990 843 ad

348 873 622 931 Omnium
655 873 1004 930 Sanctorum
1026 873 1480 944 solemnitatem,
1516 877 1671 949 quod
1694 877 1754 932 in
1777 875 1876 932 illo
1900 876 1994 932 die

347 966 546 1018 essent
574 978 776 1017 omnes
792 961 1051 1034 undique
1079 965 1413 1037 congregati
1430 965 1487 1020 in
1504 965 1895 1031 Antiochia,et
1908 963 1992 1021 sic

347 1068 483 1107 cum
505 1051 759 1106 maximo
771 1050 985 1123 gaudio
1006 1050 1328 1124 inciperent
1348 1054 1498 1109 viam
1514 1054 1698 1110 sancti
1715 1052 1988 1126 sepulcri.

347 1138 563 1194 Omnes
589 1154 841 1210 namque
872 1138 1088 1210 pariter
1116 1139 1501 1197 laudaverunt
1523 1140 1835 1198 consilium
1859 1140 1987 1209 hoc,

347 1228 500 1300 quod
531 1232 589 1283 et
618 1226 928 1283 honestum
960 1231 1084 1283 erat
1114 1230 1185 1285 ad
1210 1229 1779 1287 faciendum.Postea
1808 1230 1993 1287 senio-

346 1334 437 1373 res
451 1314 633 1372 nostri
651 1316 1055 1389 unusquisque
1075 1318 1369 1390 profectus
1383 1324 1473 1376 est
1492 1320 1550 1375 in
1568 1325 1781 1376 terram
1798 1336 1989 1387 suam,

344 1403 609 1462 videlicet
638 1405 698 1460 in
712 1404 976 1461 civitates
1001 1406 1127 1461 etin
1149 1407 1603 1482 castella,usque
1626 1410 1768 1464 dum
1790 1426 1993 1482 appro-

343 1495 687 1568 pinquasset
718 1494 813 1551 ille
842 1495 1561 1570 terminus.Feceruntque
1580 1515 1784 1555 omnes
1805 1496 1992 1554 senio-

342 1602 435 1641 res
465 1584 781 1658 praaconari
802 1602 897 1641 uer
919 1584 1123 1641 urbem
1148 1585 1575 1654 universam,ut
1599 1587 1793 1661 siquis
1813 1602 1990 1661 egens

340 1678 497 1731 esset
524 1672 665 1741 illic,
699 1674 797 1746 qui
829 1690 972 1730 auro
1000 1672 1086 1729 vel
1117 1679 1355 1748 argento
1379 1675 1811 1748 aliquantulum
1834 1692 1990 1732 care-

340 1766 446 1829 ret,
478 1766 535 1819 et
563 1761 1002 1819 conventionem
1035 1779 1168 1818 cum
1224 1763 1343 1820 illis
1401 1765 1655 1838 recipere
1685 1763 1985 1833 voluisset,

341 1869 457 1908 non
488 1850 817 1925 pigraretur
855 1850 1106 1907 ﬁdeliter
1148 1869 1470 1921 remanere,
1501 1853 1641 1926 quia
1687 1853 1798 1926 ipsi
1832 1853 1986 1926 quod

339 1945 688 1998 conventum
718 1944 872 1997 esset
899 1939 1100 1996 libenti
1133 1941 1329 1998 animo
1362 1942 1586 1998 darent.
1620 1942 1756 1998 Erat
1787 1945 1982 1998 autem

340 2030 418 2087 ibi
437 2030 675 2103 quidam
692 2027 858 2086 miles
880 2029 951 2085 de
968 2030 1223 2086 exercitu
1246 2031 1559 2087 Raimundi
1583 2030 1816 2087 comitis
1838 2031 1985 2087 San-

339 2120 417 2176 cti
444 2118 775 2192 .Egidii,cui
808 2135 1021 2175 nomen
1053 2118 1422 2176 Raimundus
1460 2119 1679 2176 Piletus
1709 2124 1850 2176 erat.
1882 2120 1984 2176 Hic

339 2225 570 2281 quoque
584 2207 754 2263 miles
774 2206 992 2263 multos
1016 2207 1253 2263 retinuit
1269 2226 1468 2264 secum
1494 2208 1711 2266 milites
1733 2213 1787 2265 et
1809 2208 1984 2265 clien-

338 2298 737 2369 tes.Egressus
770 2312 906 2369 ergo
938 2300 1027 2352 est
1055 2312 1187 2352 cum
1214 2297 1298 2354 eis
1326 2298 1397 2354 de
1426 2299 1747 2366 civitate,et
1774 2298 1833 2353 in
1856 2299 1988 2354 Sar-

338 2402 679 2442 racenorum
710 2389 926 2441 terram
956 2384 1235 2456 introivit,
1268 2386 1534 2444 videlicet
1558 2387 1710 2443 ultra
1737 2388 1885 2443 duas
1908 2387 1985 2444 ci-

337 2474 545 2531 vitates
574 2490 975 2548 paganorum:
1006 2478 1064 2530 et
1111 2475 1375 2547 pervenit
1431 2477 1502 2532 ad
1563 2477 1859 2549 quoddam
1892 2494 1983 2532 ca-

337 2568 548 2632 strum,
582 2563 673 2618 cui
700 2580 911 2619 nomen
942 2568 1066 2618 erat
1108 2563 1485 2621 Talemanite.
1528 2566 1689 2632 Quod
1722 2570 1981 2622 castrum

338 2652 499 2709 illius
527 2652 905 2721 habitatores,
938 2652 1162 2709 scilicet
1205 2653 1460 2719 Suriani,
1495 2655 1877 2711 reddiderunt
1904 2655 1977 2710 ei.

632 2796 733 2852 Hic
758 2803 1051 2868 superatur
1078 2796 1420 2853 Raz‘mund‘us
1449 2798 1679 2853 Pilatus.

408 2920 672 2993 Cumque
703 2919 912 2976 morati
943 2919 1195 2977 fuissent
1220 2920 1301 2977 ibi
1333 2938 1437 2994 per
1459 2926 1588 2978 octo
1621 2921 1978 2990 dies,nuntii

337 3014 620 3067 venerunt
650 3009 723 3066 ad
754 3026 910 3077 eum,
930 3009 1185 3066 dicentes
1210 3012 1489 3083 quoniam
1510 3009 1628 3066 illic
1658 3027 1837 3083 prope
1858 3014 1981 3066 erat

339 3103 598 3155 castrum
630 3098 1083 3154 Sarracenorum
1116 3098 1356 3171 plenum
1388 3106 1559 3172 gente
1589 3115 1974 3172 paganorum.

336 3189 419 3243 Ad
451 3186 560 3244 hoc
589 3204 724 3243 vero
755 3192 1013 3243 castrum
1047 3188 1321 3244 continuo
1362 3171 1576 3244 milites
1607 3171 1821 3244 Christi
1854 3205 1981 3260 per-
2014 3171 2056 3238 C

337 3282 629 3343 rcxerunt,
660 3280 717 3332 et
747 3276 1006 3348 undique
1036 3277 1393 3332 invaserunt.
1419 3277 1581 3343 Quod
1613 3276 1888 3332 continuo
1910 3275 1982 3331 ab

336 3364 455 3422 illis
486 3370 721 3438 captum
758 3364 887 3430 fuit,
917 3364 1016 3419 Dei
1073 3364 1364 3436 adjutorio
1396 3370 1453 3421 et
1482 3363 1670 3420 sancti
1703 3362 1979 3437 sepulcri.

335 3453 858 3527 Apprehenderunt
909 3452 1089 3525 igitur
1132 3470 1335 3509 omnes
1384 3469 1642 3527 paganos
1689 3452 1839 3509 illos.
1874 3452 1982 3519 Qui

336 3541 837 3598 Christianitatem
861 3541 1115 3613 recipere
1129 3539 1399 3597 volebant
1427 3546 1484 3597 et
1513 3546 1783 3597 sanctum
1802 3540 1985 3614 bapti-

337 3646 534 3686 smum
565 3629 994 3697 desiderabant,
1027 3631 1449 3687 conservabant
1487 3631 1645 3687 vivos
1673 3649 1687 3700 ;
1722 3630 1849 3687 illos
1881 3630 1983 3703 qui

336 3718 837 3776 Christianitatem
868 3734 1239 3792 nequaquam
1272 3718 1524 3792 recipere
1539 3719 1828 3786 volebant,
1843 3736 1981 3776 con-

337 3807 532 3864 festim
562 3806 871 3879 capitalem
904 3807 988 3864 eis
1019 3807 1369 3864 sententiam
1401 3809 1833 3882 praeparabant.
1867 3809 1981 3865 Re-

337 3895 486 3952 versi
517 3900 657 3953 sunt
673 3894 872 3968 itaque
888 3896 1072 3952 nostri
1094 3914 1229 3953 cum
1253 3913 1466 3970 magno
1486 3897 1702 3971 gaudio
1724 3899 1794 3954 ad
1818 3898 1983 3971 prius

336 3988 615 4041 castrum.
650 3984 846 4041 Tertia
874 4001 1007 4041 vero
1047 3985 1141 4042 die
1171 3986 1455 4055 exierunt,
1489 3991 1546 4043 et
1596 3991 1879 4044 venerunt
1908 3988 1980 4044 ad

336 4074 654 4148 quamdam
687 4074 1002 4146 civitatem,
1037 4075 1132 4131 cui
1183 4093 1396 4133 nomen
1455 4077 1666 4143 Marra,
1707 4094 1835 4149 quae
1865 4076 1982 4132 illic

335 4168 459 4221 erat
491 4180 670 4237 prepe
695 4163 846 4220 illos.
883 4164 944 4221 In
978 4182 1094 4238 qua
1124 4170 1291 4222 erant
1338 4165 1510 4222 multi
1537 4166 1708 4221 Turci
1740 4183 1981 4240 congre-

334 4252 475 4327 gati,
506 4254 745 4319 Arabes,
778 4258 835 4310 et
873 4254 1202 4321 Sarraceni,
1237 4259 1294 4311 et
1324 4254 1422 4310 alii
1453 4254 1667 4328 pagani
1696 4255 1768 4310 ab
1797 4254 1981 4328 Aleph

335 4341 585 4412 civitate,
619 4347 677 4398 et
706 4342 1012 4411 Damasco,
1045 4350 1093 4400 el
1129 4344 1202 4400 ab
1236 4342 1368 4400 aliis
1407 4344 1637 4413 castris,
1672 4361 1797 4416 quae
1828 4345 1984 4400 circa

334 4428 498 4487 illam
530 4434 717 4488 erant.
751 4430 1028 4487 Exierunt
1052 4448 1189 4504 ergo
1240 4432 1471 4488 barbari
1519 4435 1722 4489 contra
1748 4432 1880 4489 illos
1910 4434 1983 4489 ad

2103 524 2397 592 ceperunt
2425 519 2559 576 illos
2590 537 2725 576 cum
2760 519 3014 575 maxime
3046 518 3308 576 tumultu
3339 517 3760 575 invadere.Nec

2102 604 2605 662 mirum.Victoria
2630 604 2787 662 enim
2817 603 2936 662 illis
2966 603 3341 662 ministrabat
3368 603 3758 678 vires.Ibique

2100 711 2236 751 cum
2268 694 2475 752 multis
2506 695 2767 768 aliis,qui
2799 694 2916 751 Deo
2946 693 3195 751 feliciter
3231 693 3462 751 animas
3490 693 3759 751 reddide-

2101 787 2259 853 runt,
2294 802 2397 858 pro
2428 785 2600 856 cujus
2631 800 2827 840 amore
2857 782 2976 840 illic
2998 783 3331 857 congregati
3363 782 3758 856 fuerunt,qui-

2101 873 2237 928 dam
2260 871 2520 946 Optimus
2544 871 2712 930 miles
2727 871 3021 928 Arnaldus
3037 871 3756 928 Tudebodusintcrl‘ectus

2100 960 2230 1016 fuit.
2265 961 2499 1018 Peracto
2529 961 2725 1034 itaque
2757 958 2929 1028 bello,
2958 958 3173 1016 reversi
3223 961 3362 1015 sunt
3409 958 3615 1026 nostri,
3648 957 3755 1031 qui

2101 1050 2209 1105 vivi
2241 1056 2670 1117 remanserunt,
2704 1050 2763 1105 in
2796 1065 2970 1106 suum
3011 1054 3273 1105 castrum
3297 1046 3517 1121 :ibique
3539 1045 3755 1103 morati

2100 1144 2239 1196 sunt
2268 1157 2371 1213 per
2398 1139 2627 1212 aliquos
2655 1138 2803 1196 dies.
2834 1136 2947 1195 Alii
2976 1154 3134 1207 vero,
3172 1136 3272 1210 qui
3325 1136 3383 1192 in
3438 1134 3756 1192 Antiochia

2099 1229 2329 1285 civitate
2359 1233 2786 1295 remanserant,
2817 1226 3141 1283 maximum
3190 1225 3472 1299 gaudium
3516 1229 3574 1281 et
3604 1223 3752 1280 laeti-

2099 1318 2242 1374 tiam
2274 1316 2589 1387 habebant,
2623 1318 2762 1391 quia
2806 1317 2915 1374 hoc
2974 1315 3290 1389 contigisse
3338 1314 3465 1371 suis
3510 1311 3753 1388 ignora-

2098 1408 2260 1464 bant

2091 1578 2196 1634 -Ηίε
2220 1578 2357 1634 obiit
2394 1577 2550 1635 bona.o
2602 1566 2887 1632 memoriae
2943 1573 3243 1631 Ademarus
3296 1573 3581 1631 Podiensis
3627 1574 3748 1646 epi-

2813 1662 3021 1719 scapus.

2169 1792 2395 1848 Interea
2421 1792 2746 1847 Ademarus
2778 1788 3080 1846 Podiensis
3109 1788 3618 1862 episcopus,Pater
3637 1805 3745 1862 per

2096 1880 2294 1937 omnia
2320 1880 2706 1945 venerandus,
2738 1894 2806 1934 ac
2836 1878 2952 1933 Deo
3010 1877 3248 1951 dignus,
3272 1877 3433 1952 gravi
3465 1877 3745 1934 invalitu-

2096 1970 2231 2027 dine
2261 1974 2589 2043 praeventus
2617 1971 2788 2036 est,et
2818 1984 2887 2023 ex
2915 1966 3017 2023 Dei
3048 1966 3348 2023 voluntate
3373 1966 3646 2039 migravit
3664 1967 3744 2022 ab

2094 2060 2204 2115 hoc
2234 2058 2466 2123 szeculo,
2499 2063 2556 2113 et
2585 2057 2643 2112 in
2677 2072 2818 2129 pace
2868 2054 3242 2128 requiescens
3297 2054 3649 2112 obdormivit
3677 2056 3742 2112 in

2094 2147 2340 2203 Domino
2370 2146 2429 2201 in
2458 2145 2704 2201 Abrahas
2752 2143 3023 2200 videlicet
3052 2143 3207 2209 sinu,
3237 2148 3296 2199 et
3340 2145 3521 2212 Isaac,
3553 2149 3612 2200 et
3638 2143 3743 2200 Ja-

2092 2237 2220 2305 cob,
2256 2240 2314 2292 et
2343 2236 2403 2290 in
2434 2233 2620 2291 sancti
2652 2233 2800 2289 Petri
2819 2250 2855 2289 a
2876 2231 3138 2289 Vinculis
3159 2231 3741 2305 solemnitate.Cujus

2092 2324 2468 2383 sanctissima
2496 2322 2694 2379 anima
2720 2321 2977 2378 exsultat
3004 2339 3140 2378 cum
3170 2322 3412 2395 angelis.
3434 2321 3598 2379 Unde
3618 2339 3742 2378 ma-

2089 2415 2247 2471 xima
2277 2411 2555 2487 angustia
2583 2416 2641 2467 et
2669 2410 3172 2484 tribulatio,atque
3202 2409 3531 2468 immensus
3568 2410 3738 2467 dolor

2092 2504 2203 2559 fuit
2232 2503 2290 2557 in
2324 2506 2445 2557 tota
2469 2499 2699 2568 militia,
2726 2499 2868 2572 quia
2886 2498 2985 2555 ille
3000 2504 3125 2555 erat
3144 2503 3504 2556 sustentatur
3522 2516 3738 2573 paupe-

2091 2609 2244 2660 rum,
2277 2596 2335 2647 et
2361 2588 2673 2646 consilium
2704 2588 2974 2655 divitum,
3006 2587 3248 2660 ipseque
3277 2588 3587 2645 ordinabat
3613 2588 3738 2644 cle-

2090 2682 2260 2749 ricos,
2293 2690 2350 2736 et
2380 2678 2732 2752 praedicabat
2758 2682 2817 2733 et
2847 2677 3238 2737 submouebat
3266 2676 3734 2746 milites,dicens:

2090 2793 2119 2821 ‹‹
2154 2769 2439 2837 Quoniam
2463 2785 2533 2824 ex
2559 2766 2722 2823 vobis
2753 2783 2925 2823 nemo
2972 2765 3172 2823 salvus
3218 2765 3344 2822 ﬁeri
3377 2770 3584 2839 potest,
3617 2765 3737 2823 nisi

2089 2858 2433 2916 honoriﬁcet
2460 2872 2747 2928 pauperes
2774 2854 3043 2911 clericos:
3074 2871 3294 2927 vosque
3342 2872 3458 2911 non
3489 2853 3739 2929 potestis

2090 2945 2302 3004 salvari
2332 2945 2459 3002 sine
2488 2943 2627 3011 illis,
2657 2948 2716 3000 et
2746 2943 2831 2999 illi
2862 2942 2989 3000 sine
3018 2944 3183 2999 vobis
3200 2943 3389 3001 vivere
3414 2950 3735 3018 nequeunt.

2088 3036 2327 3109 Oportet
2354 3051 2512 3107 ergo,
2545 3037 2612 3088 ut
2639 3032 2750 3105 ipsi
2782 3031 3122 3105 quotidiana
3142 3033 3401 3090 oratione
3420 3032 3606 3089 Deum
3630 3049 3736 3106 pro

2089 3124 2300 3181 vestris
2325 3121 2554 3179 delictis
2584 3122 2988 3194 deprecentur,
3020 3137 3195 3194 quem
3224 3139 3328 3177 vos
3358 3121 3655 3178 oll'enditis
3672 3121 3735 3177 in

2094 3213 2318 3280 multis,
2351 3212 2506 3285 quod
2540 3228 2844 3284 nunquam
2896 3211 3021 3266 ﬁeri
3079 3211 3380 3268 debuerat.
3439 3211 3736 3285 Vobisque

2092 3307 2318 3376 oportet
2346 3301 2476 3357 illos
2513 3317 2711 3373 regere
2757 3304 2815 3355 et
2858 3299 3101 3367 nutrire,
3134 3300 3277 3372 quia
3334 3299 3417 3355 illi
3462 3299 3737 3357 nesciunt

2092 3391 2447 3466 perquirere,
2499 3405 2688 3461 neque
2733 3387 3013 3457 invenire,
3047 3389 3202 3444 sicut
3245 3406 3347 3446 vos
3395 3389 3581 3445 scitis.
3613 3389 3735 3463 Ego

2092 3498 2231 3554 rogo
2259 3483 2453 3547 vos,ut
2481 3495 2585 3551 pro
2612 3476 2711 3534 Dei
2739 3494 2937 3534 amore
2965 3494 3065 3534 eos
3086 3476 3433 3551 diligatis,et
3456 3478 3517 3534 in
3546 3494 3736 3551 quan-

2089 3574 2217 3625 tum
2248 3567 2493 3642 potestis
2513 3584 2613 3625 eos
2642 3566 3004 3624 sustinentis.
3038 3589 3068 3617 »

2397 3736 2665 3807 Quomodo
2690 3744 2850 3808 capta
2876 3744 2957 3792 est
2987 3736 3188 3792 Albam
3215 3738 3427 3793 civitas.
3510 3760 3525 3773 η

2160 3899 2287 3954 Non
2319 3901 2450 3971 post
2478 3894 2734 3952 multum
2763 3913 2897 3953 vero
2927 3896 3210 3968 temporis
3241 3895 3609 3954 Raimundus
3640 3912 3741 3953 ve-

2092 3986 2368 4045 nerabilis
2399 4002 2596 4042 comes
2626 3985 2822 4041 Sancti
2838 3985 3044 4059 Egidii
3074 3985 3133 4040 in
3155 3986 3614 4043 Sarracenorum
3629 3991 3743 4043 tere

2090 4094 2216 4134 ram
2248 4074 2531 4143 introivit,
2565 4078 2624 4130 et
2652 4074 2913 4148 pervenit
2941 4075 3012 4130 ad
3064 4075 3383 4147 quamdam
3414 4075 3735 4145 civitatem,

2089 4183 2219 4240 quae
2246 4169 2485 4222 vocatur
2510 4162 2761 4233 Albara;
2797 4179 2975 4236 quam
3007 4163 3221 4220 invasit
3277 4181 3396 4220 una
3441 4180 3577 4220 cum
3626 4181 3740 4221 suo

2089 4254 2364 4323 exercitu,
2395 4269 2642 4325 eamque
2672 4251 2773 4308 Dei
2804 4250 3101 4307 voluntate
3130 4251 3534 4325 apprehendit,
3558 4257 3617 4308 et
3641 4269 3740 4309 oc-

2089 4343 2231 4400 cidit
2258 4358 2461 4399 omnes
2491 4341 2864 4409 Sarracenos,
2894 4338 3118 4397 scilicet
3156 4339 3452 4398 masculos
3481 4344 3540 4398 et
3569 4341 3740 4397 femi-

2091 4449 2218 4500 nas,
2251 4431 2504 4503 majores
2542 4432 2599 4485 et
2618 4427 2895 4496 minores,
2927 4444 3075 4502 quos
3108 4427 3189 4484 ibi
3230 4429 3483 4502 reperire
3524 4430 3739 4503 potuit.

334 4520 623 4594 praelium,
657 4519 959 4592 nostrique
988 4519 1349 4576 aestimantes
1394 4538 1527 4575 cum
1560 4519 1677 4577 illis
1707 4520 1977 4594 prmliari,
2008 4537 2060 4607 D
2091 4524 2275 4589 Quam
2308 4524 2621 4592 postquam
2654 4534 2760 4574 suo
2792 4517 3069 4573 continuo
3102 4517 3320 4589 recepit
3351 4517 3621 4592 imperio,
3663 4520 3741 4575 ad

336 4610 536 4666 statim
558 4609 668 4682 ipsi
704 4608 902 4683 fugere
934 4613 1257 4681 cmperuut,
1289 4613 1347 4665 et
1375 4608 1586 4665 iterum
1618 4611 1853 4678 reversi,
1879 4627 1981 4684 per

334 4702 525 4755 totum
556 4698 711 4754 diem
743 4715 877 4754 cum
910 4697 1128 4754 nostris
1149 4695 1392 4770 praeliati
1426 4702 1565 4754 sunt
1597 4715 1782 4771 usque
1798 4700 1871 4755 ad
1891 4716 1983 4755 vc-

337 4805 588 4860 speram.
621 4788 884 4859 Cumque
900 4786 1083 4843 nostri
1095 4787 1221 4859 jam
1248 4790 1483 4858 propter
1502 4786 1751 4842 nimium
1773 4793 1981 4844 aestum

336 4876 485 4934 ferre
515 4880 739 4933 tantam
762 4874 920 4931 sitim
944 4874 1511 4947 nequivissent,quia
1532 4873 1733 4931 nullus
1752 4875 1831 4932 ibi
1850 4876 1982 4933 fons

338 4966 410 5021 ad
442 4963 572 5019 illos
599 4963 943 5019 reﬁciendos
994 4961 1242 5017 inveniri
1293 4967 1541 5035 poterat,
1574 4963 1879 5020 voluerunt
1907 4966 1981 5021 ad

338 5068 515 5109 suum
546 5056 802 5107 castrum
834 5049 1021 5106 redire
1053 5052 1383 5120 secure,sed
1399 5069 1515 5108 non
1534 5057 1868 5124 potuerunt.
1881 5055 1982 5110 Pro

336 5137 576 5196 illorum
605 5136 761 5194 enim
792 5136 1044 5210 peccatis
1091 5137 1211 5194 sive
1269 5139 1709 5210 offensionibus,
1750 5140 2018 5197 Suriani‘

339 5231 397 5285 et
423 5241 567 5299 gens
588 5225 818 5281 minuta
847 5224 984 5282 hinc
1008 5225 1265 5283 maxime.
1278 5226 1540 5296 siti,hinc
1570 5228 1752 5286 nimio
1775 5245 1984 5303 pavore

339 5312 860 5391 perterriti,statim
892 5319 1192 5390 coeperunt
1210 5314 1484 5391 fugiendo
1506 5316 1578 5374 ad
1609 5333 1784 5377 suum
1797 5319 1985 5379 redire

2089 4608 2303 4666 Christi
2335 4606 2623 4664 revocavit
2653 4606 2829 4662 ﬁdem
2854 4622 2869 4674 ;
2903 4605 3192 4677 coepitque
3221 4605 3516 4678 inquirere
3545 4607 3745 4663 consi-

2088 4698 2236 4755 lium
2258 4697 2382 4754 suis
2412 4693 2869 4768 sapientissimis
2895 4692 3058 4763 viris,
3093 4698 3159 4749 ut
3184 4695 3526 4768 episcopum
3549 4693 3608 4750 in
3631 4694 3744 4752 hac

2090 4786 2318 4843 civitate
2349 4782 2725 4840 devotissime
2756 4782 3018 4856 eligeret,
3052 4782 3152 4854 qui
3185 4780 3348 4837 illam
3369 4783 3439 4838 ad
3463 4782 3566 4838 Dei
3614 4782 3741 4839 cul~

2090 4881 2217 4932 tum
2248 4873 2496 4929 ﬁdeliter
2525 4874 2969 4938 converteret,et
2995 4870 3067 4926 de
3094 4871 3268 4926 domo
3294 4869 3584 4927 diabolica
3599 4877 3741 4928 tem-

2091 4963 2256 5037 plum
2288 4962 2405 5017 Deo
2434 4960 2560 5016 vivo
2591 4964 2648 5016 et
2673 4976 2828 5027 vero,
2862 4963 2929 5015 ut
2966 4959 3202 5016 oraculo
3232 4974 3378 5032 puro
3399 4958 3573 5016 corde
3602 4976 3742 5016 san-

2091 5056 2318 5108 ctorum
2349 5051 2734 5106 consecraret.
2766 5047 2976 5103 Postea
3022 5046 3194 5120 elegit
3235 5047 3551 5118 quemdam
3576 5047 3745 5104 cleri-

2091 5156 2249 5209 cum,
2282 5153 2457 5211 quem
2489 5135 2551 5191 in
2578 5133 2886 5191 Antiochia
2931 5133 3164 5191 civitate
3211 5133 3380 5190 duxit
3434 5135 3505 5191 ad
3538 5151 3744 5194 conse-

2091 5227 2398 5294 crandum,
2430 5224 2531 5299 qui
2560 5225 2765 5297 postea
2790 5223 3028 5280 tenebat
3068 5219 3316 5280 consilia
3343 5220 3405 5297 in
3433 5221 3563 5281 loco
3583 5224 3741 5282 Ade-

2092 5315 2243 5375 mari
2269 5311 2572 5374 Podiensis
2603 5311 2885 5387 episcOpi.
