3998 6088
225 288 354 352 805

935 287 1007 351 Ρ.
1052 287 1446 354 TUDEBODI
1492 289 1695 353 HlS'l‘.
1740 291 1842 352 DE
1886 287 2300 356 HIEROSOL.
2353 290 2536 354 lTlN.
2572 327 2648 338 —
2678 290 2826 354 LIB.
2874 289 2947 353 V.

3530 293 3649 355 806

1236 605 1646 692 INCIPIT
1706 607 2044 693 LIBER
2107 606 2643 719 QUINTUS.

710 784 782 837 De
822 783 1019 838 itinere
1056 783 1415 838 Hierusalem.

305 873 476 927 Anno
526 870 838 927 millesimo
887 871 1265 943 nonagesimo
1314 877 1534 936 octavo,
1583 871 1894 944 appropin-

231 965 460 1033 quante
490 960 760 1028 termino,
802 958 1071 1015 videlicet
1115 959 1391 1016 Omnium
1437 961 1781 1016 Sanctorum
1815 961 1896 1017 fe-

233 1049 518 1116 stivitate,
552 1049 800 1122 regressi
834 1053 974 1104 sunt
1002 1047 1189 1104 nostri
1221 1050 1478 1106 seniores
1509 1049 1568 1104 in
1605 1050 1895 1105 civitatem

232 1137 583 1205 Antiochiae,
617 1144 852 1210 excepto
894 1139 1254 1206 Boamundo,
1307 1139 1406 1211 qui
1438 1144 1561 1194 erat
1592 1139 1651 1193 in
1684 1140 1896 1194 Roma-

235 1228 350 1284 nis:
383 1227 649 1300 partibus
697 1227 857 1300 gravi
907 1227 1250 1283 inﬁrmitate
1281 1233 1604 1300 correptus.
1640 1229 1771 1283 Ideo
1823 1229 1896 1284 ad

234 1318 514 1374 eumdem
536 1317 854 1371 terminum
879 1317 1073 1372 venire
1096 1333 1210 1371 non
1233 1315 1416 1372 licuit.
1439 1324 1580 1372 Cum
1597 1334 1727 1372 vero
1751 1316 1893 1372 illud

237 1413 480 1478 tempus
527 1405 759 1461 advenit
809 1405 867 1460 in
917 1423 1032 1477 quo
1084 1405 1323 1460 militari
1375 1405 1582 1478 potuit,
1616 1407 1895 1462 continuo

235 1494 459 1551 civitati
510 1493 850 1560 Antiochiae,
882 1493 941 1548 in
991 1512 1108 1567 qua
1163 1500 1329 1550 erant
1383 1494 1481 1550 alii
1537 1495 1892 1568 congregati,

237 1584 356 1639 cito
386 1582 639 1638 advenit.
677 1583 892 1639 Deinde
922 1600 1127 1639 omnes
1159 1584 1417 1640 seniores
1449 1585 1780 1657 congregati
1813 1584 1898 1638 in-

238 1672 444 1740 simul,
477 1677 776 1746 cceperunt
823 1673 1116 1745 inquirere
1145 1673 1396 1744 qualiter
1423 1673 1610 1730 sancti
1643 1672 1897 1745 sepulcri

239 1763 352 1818 iter
381 1762 612 1818 valeant
642 1778 936 1834 peragere,
969 1762 1227 1818 dicentes
1256 1779 1268 1817 :
1307 1783 1335 1812 «
1367 1762 1644 1834 quoniam
1679 1763 1896 1818 bonum

238 1859 298 1907 et
329 1849 620 1924 optimum
655 1854 890 1922 tempus
915 1855 1024 1905 est.
1048 1851 1195 1914 Quid
1221 1850 1528 1906 moramini
1554 1850 1808 1922 amplius
1827 1852 1897 1906 Ῡ»

240 1941 355 1997 Sed
413 1939 788 1995 Boamundus
819 1939 1077 2012 quotidie
1109 1940 1549 1995 conventionem
1581 1941 1897 2013 quaerebat,

241 2047 424 2102 quam
456 2045 660 2085 omnes
706 2027 806 2084 alii
836 2029 1095 2084 seniores
1144 2028 1498 2096 habuerunt,
1539 2029 1809 2085 videlicet
1838 2029 1899 2084 in

243 2118 543 2174 reddenda
593 2116 843 2173 civitate.
900 2117 1202 2190 Magisque
1253 2118 1606 2189 querebatur
1657 2118 1728 2172 de
1761 2119 1898 2173 Rai-

245 2205 469 2263 mundo
523 2195 720 2261 Sancti
763 2204 974 2278 {Egidii
1021 2205 1252 2273 comite,
1287 2223 1352 2262 eo
1385 2207 1539 2278 quod
1569 2206 1640 2261 ad
1675 2205 1898 2262 nullam

242 2295 688 2352 conventionem
719 2298 914 2350 tenere
954 2311 1091 2365 erga
1120 2295 1529 2350 Boamundum
1562 2312 1622 2351 se
1653 2295 1899 2360 voiebat,

243 2385 387 2458 quia
419 2385 663 2439 timebat
694 2399 755 2440 se
786 2384 1084 2456 perjurare
1114 2389 1314 2439 contra
1337 2382 1769 2455 imperatorem.
1793 2384 1900 2438 Ta-

243 2490 382 2531 men
415 2489 568 2544 saepe
616 2474 853 2528 fuerunt
881 2473 953 2526 ad
984 2472 1218 2542 justum
1241 2471 1535 2543 judicium
1567 2473 1900 2527 faciendum

244 2580 404 2618 unus
437 2578 573 2633 erga
601 2560 851 2615 alterum
879 2560 936 2614 in
970 2561 1166 2615 Sancti
1199 2561 1350 2616 Petri
1391 2553 1632 2616 ecclesia
1663 2577 1902 2632 congre-

245 2652 390 2725 gati,
425 2651 824 2714 Boamundus,
856 2655 914 2705 et
962 2649 1332 2704 Raimundus
1379 2649 1576 2704 Sancti
1609 2650 1814 2721 riigidii
1849 2654 1906 2704 et

246 2743 366 2796 dux
397 2739 767 2805 Godefridus,
799 2745 856 2794 et
886 2739 1198 2795 Rotbertus
1228 2738 1689 2806 Northmannus,
1720 2744 1776 2794 et
1805 2739 1903 2794 alii

245 2830 509 2887 seniores
539 2833 595 2884 et
626 2828 902 2894 minores,
937 2833 1000 2883 ut
1029 2845 1128 2883 eos
1151 2829 1588 2883 concordarent.
1614 2829 1904 2883 Boamun-

247 2920 362 2975 dus
409 2934 543 2973 vero
590 2915 872 2972 recitabat
923 2934 1091 2973 suam
1143 2916 1581 2972 conventionem
1631 2917 1906 2972 omnibus

246 3006 648 3074 audientibus,
681 3010 738 3060 et
766 3022 962 3061 comes
989 3005 1186 3061 Sancti
1217 3003 1425 3078 {Egidii
1479 3022 1670 3060 suam.
1719 3005 1908 3059 Verba

248 3095 532 3152 narrabat
560 3099 617 3151 et
657 3094 1078 3166 jusjurandum
1125 3095 1278 3166 quod
1310 3093 1645 3166 imperatori
1696 3093 1909 3149 fecerat

249 3203 358 3258 pro
392 3183 712 3240 Boamundi
763 3181 1028 3238 consilio.
1078 3183 1347 3254 Episcopi
1397 3199 1531 3237 vero
1558 3187 1614 3237 et
1644 3181 1760 3236 dux
1792 3181 1909 3236 Go-

251 3272 540 3340 defridus,
559 3277 615 3328 et
631 3271 1007 3328 Flandrensis
1029 3288 1222 3327 comes
1247 3271 1579 3339 Rotbertus,
1599 3275 1655 3326 et
1675 3271 1911 3326 Rotber-

253 3370 355 3420 tus
386 3377 583 3418 comes
632 3360 1088 3430 Northmanniae,
1124 3365 1181 3416 et
1211 3359 1558 3416 Eustachius
1605 3376 1820 3426 comes,
1853 3363 1911 3413 ct

250 3450 352 3508 alii
385 3431 642 3506 seniores
685 3448 854 3506 divisi
900 3454 1040 3504 sunt
1071 3449 1142 3505 ab
1172 3448 1324 3518 aliis,
1357 3451 1413 3504 et
1438 3447 1800 3502 intraverunt
1850 3447 1910 3502 in

1922 784 1976 850 Α
2007 783 2130 839 lum
2163 784 2534 853 aedificatum,
2569 785 2745 840 nimis
2779 786 2922 840 forte
2953 755 3011 840 ct.
3041 786 3202 842 valde
3233 786 3437 842 altum.
3473 788 3651 844 Deor-

2005 889 2137 928 sum
2164 878 2250 928 est
2282 873 2484 928 civitas
2508 873 2865 928 honorabilis
2891 879 3060 945 atque
3082 876 3450 944 conveniens,
3474 878 3634 933 omni

2003 962 2230 1033 busquc
2262 967 2467 1018 ornata
2497 963 2837 1029 honoribus,
2873 965 3146 1034 quoniam
3173 965 3229 1019 in
3263 982 3330 1020 ea
3359 972 3498 1021 sunt
3525 967 3654 1038 pul-

2005 1050 2305 1106 cherrimas
2337 1070 2499 1123 aqua:
2532 1070 2657 1124 quae
2689 1057 2899 1108 exeunt
2929 1053 2998 1108 de
3032 1054 3379 1110 montaneis.
3414 1055 3570 1112 Mille
3600 1062 3656 1112 et

2006 1139 2267 1194 ducentae
2300 1140 2553 1196 ecclesias
2585 1141 2643 1195 in
2695 1157 2761 1195 ea
2792 1141 3273 1208 sunt‘aadilicataa,
3309 1147 3566 1200 tercenta
3596 1149 3655 1201 et

2005 1228 2306 1299 sexaginta
2350 1229 2702 1284 monasteria
2751 1227 2808 1282 in
2856 1245 2915 1283 se
2966 1228 3171 1284 habuit
3209 1231 3652 1288 monachorum.

2005 1317 2125 1372 Sub
2150 1318 2294 1389 jugo
2327 1319 2584 1372 continet
2613 1316 2942 1390 patriarcha
2966 1321 3199 1372 centum
3231 1319 3657 1392 quinquaginta

2005 1405 2327 1478 episcopos.
2362 1405 2666 1462 Clauditur
2709 1411 2905 1461 autem
2939 1407 3167 1462 duobus
3199 1407 3384 1464 muris
3415 1409 3654 1479 civitas;

2005 1496 2194 1566 major
2223 1512 2454 1568 quoque
2485 1494 2661 1550 nimis
2694 1500 2781 1551 est
2811 1493 2986 1562 altus,
3021 1500 3077 1550 et
3107 1495 3450 1552 mirabiliter
3478 1497 3654 1568 latus,

2006 1585 2353 1656 magnisque
2387 1583 2680 1657 lapidibus
2712 1584 3090 1656 compositus,
3122 1586 3181 1640 in
3213 1603 3326 1657 quo
3350 1592 3488 1644 sunt
3508 1590 3658 1658 ordi,

2007 1678 2153 1728 nata:
2185 1674 2626 1745 quadringentae
2659 1673 3088 1747 quinquaginta
3112 1679 3322 1743 turres,
3355 1677 3660 1750 modisque

2007 1753 2280 1818 omnibus
2310 1767 2397 1818 est
2428 1761 2631 1818 civitas
2681 1763 2954 1818 formosa.
2989 1764 3076 1818 Ab
3120 1763 3338 1820 oriente
3369 1765 3660 1822 clauditur

2009 1854 2260 1921 quatuor
2290 1850 2520 1923 magnis
2551 1850 2898 1918 montaneis,
2934 1852 3006 1906 ab
3029 1852 3324 1909 occidente
3347 1872 3514 1912 secus
3538 1875 3662 1912 mu-

2008 1955 2104 1992 ros
2133 1938 2381 1994 civitatis
2412 1939 2540 1995 ﬁuit
2573 1940 2868 2012 quoddam
2893 1941 3108 1996 flumen
3137 1957 3416 2015 magnum
3440 1945 3531 1999 cui
3568 1963 3663 2002 no-

2011 2044 2142 2083 men
2195 2033 2284 2084 est
2335 2029 2650 2101 Pharphar.
2689 2030 2755 2084 Et
2802 2029 2929 2084 ideo
2962 2031 3116 2102 quod
3153 2037 3242 2087 est
3272 2037 3390 2088 tam
3423 2035 3576 2090 bona
3605 2041 3664 2092 et

2009 2122 2128 2172 tam
2161 2117 2424 2189 pulchra,
2457 2117 2771 2174 noluerunt
2793 2117 2969 2174 stulte
2990 2119 3280 2176 dimittere
3303 2123 3554 2196 regalem
3577 2125 3663 2180 ci-

2009 2206 2246 2261 vitatem
2297 2207 2685 2276 Antiochiam,
2744 2224 2870 2278 qua:
2921 2211 3092 2262 tanta:
3135 2211 3498 2268 auctoritatis
3530 2213 3660 2282 fuit,

2010 2295 2164 2367 quod
2196 2313 2324 2351 eam
2357 2295 2520 2368 prius
2551 2296 2920 2368 septuaginta
2949 2301 3004 2350 et
3043 2297 3302 2369 quinque
3329 2316 3492 2372 reges
3521 2318 3665 2358 con-

2011 2383 2331 2440 stituerunt
2349 2401 2598 2456 quorum
2623 2384 2859 2439 nomina
2875 2390 3014 2439 sunt
3033 2385 3188 2454 haec;
3215 2387 3664 2461 Murgulandus,

2014 2472 2376 2540 Elirandons,
2405 2473 2786 2540 Lamulafres,
2809 2473 3161 2542 Rademons,
3189 2474 3360 2544 Elias,
3387 2478 3666 2535 Bruman-

2013 2562 2144 2622 dus,
2169 2561 2508 2633 Margorias,
2533 2563 2816 2630 Pbaraon,
2843 2563 3236 2632 Brumandus,
3261 2565 3509 2634 Brelion,
3535 2569 3662 2624 Lai-

2013 2651 2044 2704 d
2057 2668 2142 2717 us,
2165 2651 2408 2704 Itudand
2421 2668 2507 2716 us,
2531 2651 2714 2706 Judas
2733 2651 3122 2717 Machabazus,
3138 2652 3372 2722 Nublcs,
3394 2656 3665 2732 Samson,

2017 2740 2189 2794 David
2243 2740 2570 2806 haereticus,
2623 2739 2918 2807 Salomon,
2967 2741 3205 2810 Pilatus,
3245 2745 3516 2813 Herodes,
3549 2747 3669 2804 Eli-

2014 2827 2166 2895 dius,
2202 2827 2488 2893 Gaferius,
2542 2829 2886 2898 Rudandus,
2935 2829 3255 2900 Gaclerius,
3290 2833 3665 2907 Morplurius,

2017 2917 2202 2972 Fortis
2235 2917 2516 2982 Castrius,
2553 2917 2812 2984 Maraon,
2838 2917 3101 2988 Argolas,
3137 2919 3438 2989 Ordocius,
3463 2924 3672 2982 Fortis-

2017 3005 2350 3069 Lamusteo,
2365 3003 2950 3076 AlapresAmiralius,
2968 3006 3667 3082 Morabilis,0rgilandus,

2019 3092 2336 3160 Morabilis,
2372 3091 2711 3159 Morlianus,
2736 3093 2964 3166 Organd
2976 3112 3042 3150 us
3065 3094 3287 3167 impius
3307 3098 3377 3153 de
3400 3099 3669 3158 Sarama-

2018 3180 2134 3248 nia,
2187 3181 2594 3250 Brajerandus,
2629 3181 2826 3236 Morus
2874 3183 3011 3250 Rex,
3046 3183 3310 3253 Fulcher,
3343 3186 3668 3258 Darandus,

2017 3269 2332 3335 Ariandon,
2369 3269 2488 3324 Rex
2517 3269 2773 3336 Tbanas,
2809 3271 3112 3338 Esconius,
3145 3273 3355 3340 Duras,
3389 3276 3672 3334 Dorman-

2019 3359 2151 3425 dus,
2188 3359 2306 3414 Rex
2335 3357 2559 3424 Vision,
2591 3359 2909 3426 Sicharius,
2945 3360 3222 3432 Tbobias,
3258 3346 3509 3434 Lintion,
3546 3368 3674 3424 Ma-

2019 3447 2241 3515 lardus,
2277 3446 2710 3519 Deiramordus,
2744 3449 3122 3516 Mordandus,
3163 3451 3490 3521 Oralionus,
3526 3457 3674 3512 Bru-

249 3541 594 3598 catbcdram
617 3539 674 3596 S.
701 3538 874 3594 Petri.
899 3537 1183 3594 Catbedra
1203 3542 1344 3604 erat,
1371 3541 1435 3591 ut
1457 3537 1514 3591 in
1542 3535 1643 3592 illa
1663 3535 1907 3592 ecclesia
1937 3527 1979 3592 C
2018 3536 2260 3604 mornel,
2293 3537 2699 3608 Apparandus,
2733 3537 3046 3604 Eﬁ‘renion,
3079 3540 3428 3613 Noirandus,
3463 3543 3672 3600 Fortis-

247 3629 652 3685 discernerent
697 3629 852 3682 inter
893 3631 1229 3698 utrumque.
1282 3627 1392 3681 Sed
1427 3625 1509 3680 illi
1535 3627 1808 3681 timentes
1840 3643 1910 3681 ne

245 3718 439 3775 sancti
470 3717 726 3789 sepulcri
747 3717 842 3772 via
867 3721 1209 3782 remaneret,
1241 3714 1556 3770 noluerunt
1584 3719 1780 3785 apcrtc
1802 3715 1905 3786 ju-

243 3807 472 3864 dicium
503 3807 714 3861 dicere.
748 3805 908 3869 Quod
959 3822 1089 3860 cum
1123 3803 1270 3859 vidit
1319 3803 1686 3858 Raimundus
1713 3820 1908 3858 comes

244 3894 449 3954 Sancti
495 3893 730 3967 1Egidii,
782 3894 962 3949 dixit:
1019 3917 1046 3944 «
1081 3893 1431 3964 Priusquam
1464 3892 1555 3946 via
1603 3892 1789 3947 sancti
1823 3909 1909 3946 se-

240 3981 436 4056 pulcri
481 3985 802 4049 remaneat,
837 3981 885 4036 si
937 3981 1316 4037 Boamundus
1361 3980 1664 4035 vobiscum
1711 3980 1908 4036 venire

239 4070 513 4136 voluerit,
545 4069 830 4142 quidquid
881 4069 1160 4142 episcopi,
1197 4074 1252 4124 et
1292 4068 1672 4134 Godefredus,
1705 4073 1764 4123 et
1796 4069 1906 4123 Ro-

239 4162 473 4216 tbertus
505 4157 965 4224 Northmannus,
990 4162 1046 4214 et
1071 4157 1384 4213 Rotbertus
1409 4155 1783 4212 Flandrensis
1813 4172 1904 4212 co-

240 4264 390 4314 mes,
426 4251 485 4302 et
514 4245 613 4301 alii
643 4245 901 4302 seniores
932 4244 1316 4316 laudaverint,
1347 4261 1452 4317 ego
1475 4244 1677 4300 libenti
1709 4245 1905 4300 animo

239 4334 571 4409 perﬁciam,
590 4333 749 4390 salva
769 4333 1046 4390 ﬁdelitate
1067 4333 1458 4406 imperatoris.
1480 4335 1685 4398 «Quod
1709 4333 1908 4390 lauda-

236 4425 322 4488 vit
352 4423 735 4480 Boamundus
765 4428 822 4479 et
851 4423 1081 4490 annuit,
1113 4427 1170 4478 et
1201 4423 1284 4478 ita
1315 4423 1711 4495 promiserunt
1731 4423 1904 4478 ambo

237 4513 301 4568 in
361 4513 644 4568 manibus
702 4513 1136 4585 episcoporum,
1192 4512 1531 4568 videntibns
1583 4510 1904 4584 peregrinis

234 4601 431 4658 sancti
449 4601 720 4673 sepulcri.
740 4601 958 4658 Deinde
981 4601 1206 4674 accepit
1223 4601 1603 4656 Boamundus
1623 4617 1756 4656 cum
1781 4600 1904 4656 suis

234 4690 584 4747 hominibus
635 4689 968 4762 consilium,
1024 4691 1314 4762 quomodo
1358 4689 1614 4746 muniret
1643 4693 1902 4745 castrum

234 4781 308 4836 de
343 4780 465 4835 alta
493 4783 806 4835 montanea
835 4781 905 4835 de
957 4779 1126 4836 bonis
1157 4778 1337 4836 armis
1369 4783 1427 4834 et
1455 4779 1527 4834 de
1576 4778 1750 4840 victu,
1803 4777 1903 4850 qui

2019 3627 2222 3692 Bruas,
2258 3625 2624 3697 Gorgandus,
2661 3624 2900 3681 Udonus
2924 3626 3160 3699 impius,
3183 3629 3539 3700 Tomandus,
3562 3633 3672 3688 To-

2015 3714 2248 3780 landus,
2280 3713 2566 3779 Delufres,
2588 3714 2910 3780 Troandus,
2943 3715 3227 3773 Candelos
3250 3719 3387 3791 Rex,
3413 3720 3670 3777 Rambu-

2016 3801 2246 3871 landus,
2272 3801 2529 3866 Gazami,
2554 3803 2847 3869 Mirmion,
2867 3803 3130 3877 Oringes,
3153 3807 3410 3874 Brulion,
3436 3810 3670 3866 Maxdo-

2016 3890 2218 3959 lienes,
2272 3891 2620 3958 Bariandus,
2652 3891 2924 3958 Barilion,
2966 3893 3273 3962 Gazianus,
3325 3897 3666 3969 Bronurius,

2013 3979 2334 4035 Antiochus
2381 3978 2481 4051 qui
2531 3980 2648 4035 dux
2695 3980 2805 4035 fuit
2853 3981 3121 4049 aliorum,
3154 3987 3211 4040 et
3241 3985 3312 4040 ab
3345 4002 3410 4041 eo
3455 3987 3672 4044 dicitur

2014 4067 2339 4124 Antiochia.
2371 4069 2550 4123 Istam
2582 4068 2871 4125 civitatem
2893 4073 3207 4126 tenuerunt
3227 4073 3514 4146 peregrini
3541 4093 3670 4132 san-

2015 4156 2091 4212 cti
2120 4155 2370 4228 sepulcri
2403 4157 2728 4225 obsessam,
2779 4158 2950 4212 sicuti
2996 4160 3267 4230 superius
3296 4163 3533 4230 audisti,
3567 4181 3670 4236 per

2015 4250 2142 4300 octo
2173 4261 2424 4311 menses,
2458 4249 2515 4300 et
2544 4261 2728 4300 unum
2762 4245 2937 4301 diem.
2990 4247 3193 4304 Postea
3241 4250 3400 4305 intus
3433 4252 3669 4310 fuerunt

2014 4331 2226 4389 reclusi
2258 4350 2361 4405 per
2385 4334 2457 4387 26
2486 4333 2611 4388 dies
2634 4349 2668 4388 a
2688 4333 2915 4399 Turcis,
2943 4339 2998 4390 et
3019 4336 3090 4390 ab
3113 4335 3247 4392 aliis
3267 4339 3528 4410 paganis.
3553 4341 3666 4396 Ta-

2015 4438 2148 4477 men
2181 4421 2470 4494 adjutorio
2518 4421 2616 4477 Dei
2647 4426 2704 4476 et
2733 4421 2917 4477 sancti
2950 4423 3203 4494 sepulcri
3233 4425 3350 4481 illis
3403 4427 3664 4495 devictis,

2014 4511 2420 4582 requieverunt
2441 4509 2728 4582 peregrini
2762 4527 2895 4565 cum
2920 4528 3132 4584 magno
3153 4514 3365 4585 gaudio
3387 4520 3446 4570 et
3466 4515 3667 4574 laetitia

2012 4598 2070 4653 in
2102 4598 2410 4654 Antiochia
2441 4614 2543 4669 per
2571 4597 2829 4670 quinque
2859 4615 3091 4656 menses
3121 4607 3177 4656 et
3205 4601 3536 4659 dimidium.

2227 4688 2431 4742 Civitas
2457 4690 2654 4742 Merra
2686 4687 2892 4742 obsessa
2921 4695 2998 4742 est
3027 4705 3061 4742 (ι
3090 4689 3446 4746 Christianis.

2083 4777 2288 4832 Postea
2316 4780 2514 4831 octavo
2547 4775 2638 4830 die
2670 4780 2912 4830 exeunte
2955 4775 3298 4833 Novembrio
3343 4797 3542 4837 mense
3573 4783 3665 4837 di-

232 4886 354 4924 non
386 4868 659 4924 deﬁceret
686 4867 859 4941 longo
891 4872 1172 4940 tempore.
1209 4869 1278 4923 Et
1311 4867 1681 4923 Raimundus
1703 4867 1899 4922 Sancti
1930 4894 1977 4958 Β
2013 4865 2220 4921 scessit
2249 4864 2614 4920 Baimundus
2663 4881 2857 4919 comes
2897 4865 3081 4919 sancti
3111 4865 3320 4937 zEgidii
3372 4884 3506 4924 cum
3556 4887 3662 4926 suo

230 4956 450 5029 [Egidii
481 4955 754 5014 similiter
786 4955 1037 5012 munivit
1067 4955 1352 5030 palatium
1383 4955 1646 5012 Cassiani
1676 4955 1899 5010 Ammi-

232 5045 392 5114 ralii,
424 5049 482 5100 et
531 5046 741 5101 turrim
774 5063 902 5118 qua:
934 5049 1024 5100 est
1055 5061 1231 5117 super
1260 5049 1488 5117 portam
1521 5044 1738 5117 pontis,
1771 5060 1898 5116 quae

233 5139 329 5191 est
356 5151 428 5190 ex
457 5138 620 5207 parte
650 5139 855 5208 portus
884 5134 1080 5191 Sancti
1113 5133 1426 5190 Simeonis.

782 5225 857 5280 De
883 5225 997 5280 situ
1023 5223 1347 5280 Antiochiae.

309 5311 392 5368 De
423 5311 652 5368 civitate
679 5328 812 5368 vero
841 5328 1029 5384 pauca
1057 5309 1351 5384 loquenda
1398 5314 1554 5367 sunt.
1587 5313 1720 5365 Haec
1749 5327 1899 5382 quo-

232 5417 354 5475 que
383 5399 592 5458 civitas
620 5399 786 5456 valde
813 5405 904 5457 est
935 5415 1168 5474 magna,
1191 5403 1249 5456 et
1269 5397 1536 5472 pulchra,
1565 5403 1621 5456 et
1647 5397 1899 5456 honora-

233 5488 396 5559 bilis,
430 5487 571 5563 quia
600 5489 753 5546 infra
775 5504 978 5546 muros
998 5488 1127 5560 ejus
1147 5491 1289 5546 sunt
1305 5492 1556 5560 quatuor
1575 5489 1898 5545 montanam

235 5578 510 5644 maxime
539 5583 600 5642 et
629 5578 810 5644 nimis
839 5577 992 5638 alte.
1022 5577 1086 5638 In
1111 5575 1306 5638 altiori
1326 5591 1559 5654 quoque
1586 5578 1678 5638 est
1697 5577 1900 5640 castel-

2009 4954 2264 5010 exercitu
2295 4953 2368 5008 ab
2397 4951 2724 5018 Antiochia,
2755 4969 2857 5024 per
2887 4970 3066 5008 unam
3107 4955 3338 5012 veniens
3371 4958 3664 5017 civitatem

2009 5060 2136 5114 qua:
2161 5047 2401 5098 vocatur
2428 5041 2582 5111 Lica,
2607 5045 2663 5096 et
2685 5058 2786 5112 per
2814 5041 2990 5097 aliam
3013 5059 3140 5114 quae
3163 5051 3404 5102 vocatur
3427 5047 3659 5104 Albara.

2009 5134 2222 5198 Quarto
2253 5129 2346 5186 die
2365 5133 2609 5185 exeunte
2631 5129 2974 5186 Novembrio
2995 5133 3255 5203 pervenit
3277 5135 3349 5190 ad
3371 5134 3663 5194 civitatem

2008 5237 2134 5293 quae
2165 5224 2406 5276 vocatur
2437 5218 2649 5285 Marra,
2682 5217 2741 5273 in
2764 5235 2880 5290 qua
2910 5218 3167 5276 maxima
3189 5221 3504 5279 multitudo
3528 5224 3665 5280 Sar-

2007 5325 2352 5365 racenorum
2383 5311 2507 5362 erat
2552 5311 2921 5380 congregata,
2957 5311 3014 5364 et
3041 5308 3388 5378 Turcorum,
3419 5315 3476 5366 et
3522 5313 3665 5369 Ara-

2006 5397 2170 5465 bum,
2203 5401 2261 5454 et
2291 5394 2680 5470 plurimorum
2712 5410 3098 5468 paganorum.
3137 5396 3506 5455 Raimundus
3526 5416 3666 5474 ergo

2007 5500 2202 5542 comes
2233 5502 2369 5542 cum
2401 5501 2509 5541 sua
2535 5488 2706 5558 gente
2735 5484 2993 5543 crastina
3020 5483 3114 5541 die
3139 5485 3355 5543 invasit
3378 5501 3537 5556 eam;
3561 5491 3665 5547 sed

2010 5588 2216 5653 capere
2245 5591 2364 5638 non
2393 5575 2602 5651 potuit,
2656 5571 2796 5651 quia
2824 5588 2944 5634 non
2968 5578 3207 5638 venerat
3231 5572 3503 5636 voluntas
3539 5574 3667 5642 Dei.
