3994 6066
354 245 470 306 807

863 243 965 306 AD
1011 243 1521 306 GODEFRIDUM
1565 243 1898 305 APPEND.
1945 242 2025 305 ΙΙ.
2056 278 2133 287 --
2163 244 2472 308 MONUM.
2519 244 2619 306 DE
2662 242 2910 309 BELLO
2953 247 3225 311 SHCRO.

3635 244 3761 309 808

350 381 475 437 Non
507 381 638 453 post
686 376 938 435 multum
984 395 1116 435 vero
1146 379 1425 451 temporis
1451 377 1830 434 Boamundus
1859 394 1995 432 cum
2025 377 2078 444 Α
2111 377 2254 433 riam
2314 382 2565 450 praestet,
2614 397 2901 453 suamque
2942 385 3211 438 sanctam
3248 382 3759 440 Gbristianitatem

352 488 457 525 suo
487 467 740 525 exercitu
772 471 1008 524 secutus
1030 472 1119 524 est
1148 467 1566 534 Raimundum,
1591 470 1648 521 et
1668 466 2000 538 hospitatus

353 557 460 613 fuit
489 558 643 613 circa
671 556 960 613 civitatem
994 557 1054 612 in
1087 556 1177 611 die
1217 556 1539 613 Dominica.
1574 555 1840 611 Secunda
1866 572 2000 610 vero

349 647 627 703 feriatam
647 647 855 703 acriter
872 646 1209 701 invaserunt
1232 645 1489 717 undique
1506 644 1819 709 civitatem,
1844 644 1998 716 quod

344 738 395 794 si
430 736 598 792 scalae
629 736 879 792 fuissent
907 740 1110 791 erectae
1141 736 1212 790 ad
1246 752 1481 789 murum
1516 733 1782 801 civitatis,
1812 734 1869 788 in
1895 750 1997 787 no-

347 830 468 882 stra
496 829 780 898 potestate
811 829 965 880 esset
994 823 1217 889 civitas,
1260 823 1457 895 ibique
1504 822 1905 894 percutiebant
1936 840 1997 878 se

342 914 612 969 cominus
661 931 793 968 cum
842 912 1061 968 lanceis
1092 917 1148 968 et
1190 912 1452 969 ensibus.
1488 913 1599 967 Sed
1630 916 1751 967 tam
1783 928 1998 984 magna

343 1004 454 1059 fuit
482 1002 668 1059 virtus
698 1018 1079 1076 paganorum,
1130 1003 1284 1074 quod
1333 1001 1415 1056 illi
1451 1001 1594 1056 nihil
1625 1001 1742 1056 illis
1790 1018 1996 1056 nocere

342 1096 675 1164 potuerunt,
707 1092 805 1147 sed
837 1090 1026 1146 multa
1055 1090 1211 1146 mala
1238 1090 1318 1146 ibi
1351 1089 1611 1163 perpessi
1643 1094 1801 1144 sunt.
1828 1090 1997 1143 Nam-

340 1198 452 1254 que
482 1180 650 1236 cibus
699 1179 1023 1247 deficiebat,
1077 1180 1354 1252 quoniam
1388 1196 1503 1234 non
1533 1184 1696 1233 erant
1728 1178 1856 1233 ausi
1890 1177 1993 1232 ali-

337 1269 471 1326 cubi
501 1268 585 1325 ire
616 1268 922 1341 quiesitum
947 1286 960 1337 ;
985 1272 1149 1323 tanta
1171 1267 1485 1323 multitudo
1508 1283 1867 1340 paganorum
1891 1266 1998 1322 cir'

336 1358 629 1415 cumcirca
662 1358 1007 1413 habebatur.

440 1450 672 1504 Sanctus
700 1446 940 1502 Andreas
971 1449 1226 1518 apparuit
1273 1451 1431 1501 Petro
1473 1446 1881 1501 Bartholommo.

405 1538 563 1602 Quod
611 1536 971 1609 prospiciens
1022 1536 1229 1591 beatus
1284 1535 1546 1590 Andreas
1577 1535 1677 1606 qui
1710 1552 1821 1590 non
1858 1535 1991 1589 dor-

334 1627 462 1695 mit,
496 1626 595 1681 scd
620 1642 851 1696 semper
880 1641 1057 1696 super
1086 1624 1348 1679 anxiatos
1381 1623 1740 1679 Christianos
1770 1623 1989 1695 vigilat,

330 1715 625 1772 nuntiavit
671 1715 836 1769 Petro
898 1712 1336 1778 Bartholcmaeo,
1397 1718 1687 1785 quatenus
1719 1712 1766 1768 si
1826 1713 1986 1767 Chri-

330 1804 510 1861 stiani
552 1803 903 1875 pmniterent
945 1802 1015 1856 de
1045 1800 1370 1857 malefactis
1422 1804 1565 1863 suis,
1613 1807 1788 1873 atque
1833 1819 1987 1856 unus

328 1909 470 1966 erga
501 1892 679 1947 alium
716 1892 930 1946 bonam
961 1890 1243 1946 haberent
1273 1891 1471 1954 ﬁdem,
1517 1891 1669 1962 quod
1704 1890 1986 1946 Dominus

332 1981 621 2055 praecepit,
656 1979 883 2035 dicens:
911 2002 937 2029 «
970 1979 1203 2052 Diligite
1227 1980 1432 2034 fratres
1450 1985 1674 2034 vestros
1701 1984 1982 2051 tanquam

330 2069 736 2140 vosmetipsos,
774 2091 800 2118 »
826 2074 1001 2139 atque
1023 2069 1330 2123 redderent
1350 2067 1508 2123 illam
1535 2073 1778 2139 partem,
1805 2085 1982 2139 quam

331 2160 455 2232 ipse
501 2158 795 2230 propriam
846 2157 1105 2221 retinuit,
1155 2157 1390 2228 quando
1430 2157 1716 2211 mundum
1764 2157 1981 2229 ipsum,

330 2264 649 2318 omnesque
682 2249 999 2311 creaturas,
1035 2263 1161 2317 quae
1184 2246 1239 2300 in
1274 2263 1339 2301 eo
1371 2251 1531 2309 sunt,
1556 2246 1791 2312 creavit,
1825 2246 1981 2301 scili-

331 2341 419 2392 cet
450 2335 736 2391 decimam
770 2333 1033 2389 omnium
1056 2351 1249 2389 rerum
1282 2352 1407 2407 quze
1442 2335 1831 2407 possidentur.
1858 2335 1981 2407 ipse

328 2427 493 2481 daret
522 2423 639 2480 illis
677 2423 967 2479 civitatem
1002 2423 1157 2478 brevi
1189 2428 1471 2496 tempore,
1506 2428 1681 2496 atque
1712 2423 1981 2495 impleret

328 2531 563 2571 omnem
582 2529 750 2569 suam
772 2512 1146 2567 voluntatem.
1169 2514 1351 2577 Quam
1375 2513 1707 2584 praedictam
1732 2518 1977 2584 partem,

327 2602 594 2658 videlicet
610 2602 920 2667 decimam,
938 2602 1117 2673 jussit
1139 2600 1316 2656 dividi
1340 2601 1395 2655 in
1420 2606 1670 2673 quatuor
1694 2602 1977 2672 partibus,

329 2708 448 2747 una
495 2706 746 2764 quarum
776 2691 946 2745 detur
981 2691 1273 2762 episcopo,
1322 2689 1504 2746 altera
1556 2690 1976 2757 sacerdotibus,

328 2780 443 2837 alia
472 2779 754 2845 ecclesiis,
788 2777 901 2834 alia
933 2779 1308 2851 pauperibus.
1343 2780 1501 2843 Quod
1538 2784 1845 2851 postquam
1871 2780 1981 2834 fuit

327 2869 387 2925 in
435 2868 679 2926 concilio
726 2868 1054 2934 recitatum,
1105 2872 1518 2923 concesserunt
1574 2885 1796 2924 omnes.
1855 2867 1980 2922 Non

324 2963 459 3032 post
488 2957 734 3013 multam
756 2955 1037 3029 temporis
1060 2956 1193 3012 fecit
1222 2957 1322 3012 Rai
1332 2957 1587 3013 mundus
1610 2957 1802 3012 Sancti
1826 2956 1980 3029 zEgi-

326 3049 407 3103 dii
430 3049 627 3104 facere
651 3047 947 3120 quoddam
968 3051 1227 3101 castrum
1261 3045 1519 3117 ligneum
1545 3046 1708 3111 forte,
1735 3051 1791 3100 et
1816 3046 1981 3102 valde

2109 466 2338 535 exultet,
2390 471 2446 522 et
2491 468 2884 540 paganitatem
2940 470 3223 526 destruat.
3264 470 3426 527 Tunc
3468 470 3761 529 Golferius

2109 555 2346 627 quidam
2400 557 2470 612 de
2517 557 2802 614 Turribus
2850 558 3301 616 honestissimus
3331 559 3503 617 miles
3531 561 3761 633 primus

2108 645 2369 700 ascendit
2398 662 2499 717 per
2526 663 2704 701 unam
2729 646 2946 703 scalam
2970 648 3028 703 in
3051 665 3308 716 murum,
3334 665 3461 720 quae
3483 650 3761 706 continuo

2108 733 2219 787 fuit
2285 734 2466 789 fracta
2526 734 2907 792 multitudine
2963 736 3218 793 illorum.
3279 737 3567 794 Golferius
3621 755 3758 799 veno

2102 825 2418 893 postquam
2454 823 2564 878 fuit
2616 841 2795 897 super
2842 841 3101 894 murum,
3135 825 3308 898 cmpit
3333 842 3468 881 cum
3499 826 3618 881 illis
3638 843 3758 899 Apu-

2105 927 2285 983 gnare
2315 928 2446 967 cum
2480 911 2700 979 lancea,
2732 929 2832 969 eos
2862 914 3199 971 occidendo.
3227 914 3337 971 Alii
3367 932 3500 971 vero
3530 916 3762 972 invene-

2105 1005 2242 1054 runt
2270 999 2443 1055 aliam
2475 1000 2715 1069 scalam,
2759 1004 2816 1056 et
2847 1001 3190 1059 festinanter
3217 1006 3290 1059 ad
3338 1018 3575 1060 murum
3626 1019 3760 1060 ere-

2100 1105 2241 1144 xcru
2253 1093 2333 1156 nt,
2366 1094 2421 1144 et
2442 1090 2834 1145 ascenderunt
2855 1091 3024 1146 multi
3047 1091 3263 1149 milites
3287 1098 3344 1149 et
3370 1093 3610 1165 pedites,
3633 1098 3759 1149 tan-

2102 1178 2267 1249 tique
2296 1179 2707 1247 ascenderunf,
2739 1180 2895 1252 quod
2943 1180 3038 1236 vix
3067 1179 3199 1236 illos
3228 1181 3496 1254 capiebat
3526 1197 3754 1238 murus.

2102 1265 2403 1322 Sarraceni
2437 1267 2619 1340 igitur
2662 1273 2781 1323 tam
2831 1268 3068 1325 robuste
3116 1270 3453 1326 invaserunt
3490 1269 3623 1326 illos
3653 1287 3760 1343 per

2100 1371 2338 1410 murum
2372 1355 2641 1423 civitatis,
2674 1362 2732 1411 et
2762 1356 2922 1412 intus
2953 1373 3056 1430 per
3079 1363 3290 1414 terram
3323 1359 3674 1433 sagittando,
3695 1363 3758 1415 et

2098 1443 2370 1499 cominus
2426 1444 2770 1516 spiculando
2816 1463 2952 1501 cum
3004 1445 3127 1502 suis
3176 1447 3416 1515 lanceis,
3463 1449 3543 1503 ita
3596 1448 3755 1520 quod

2102 1533 2270 1588 multi
2321 1550 2391 1589 ex
2437 1533 2654 1589 nostris
2701 1535 2912 1589 timore
2962 1535 3251 1607 perterriti
3301 1536 3755 1592 demiseruntse

2098 1622 2372 1677 deorsum
2397 1639 2500 1694 per
2520 1640 2781 1677 murum.
2815 1623 2901 1678 Illi
2926 1624 3367 1695 prudentissimi
3390 1625 3516 1692 viri,
3543 1625 3639 1698 qui
3664 1642 3754 1681 re-

2102 1716 2444 1767 manserunt
2473 1711 2533 1766 in
2567 1728 2828 1778 murum,
2855 1713 3212 1769 suﬂ‘erebant
3230 1713 3468 1770 illorum
3489 1730 3759 1787 persecn.

2096 1799 2334 1855 tionem.
2368 1799 2500 1868 Alii,
2548 1801 2647 1872 qui
2680 1802 2791 1856 sub
2822 1806 3015 1857 castro
3040 1807 3226 1869 erant,
3260 1802 3559 1858 fodiebant
3584 1803 3754 1858 deor-

2094 1906 2228 1945 sum
2259 1906 2460 1945 muros
2482 1889 2751 1945 civitatis.
2776 1889 3054 1946 Videntes
3075 1896 3269 1947 autem
3303 1891 3626 1959 Sarraceni,
3650 1893 3751 1965 qui

2093 1979 2327 2033 stabant
2352 1995 2530 2050 super
2551 1996 2785 2033 murum
2811 1980 2965 2050 quod
3000 1978 3184 2034 nostri
3209 1980 3494 2037 fudissent
3513 1996 3752 2037 murum

2092 2067 2367 2133 civitatis,
2402 2068 2602 2122 statim
2636 2067 2843 2123 timore
2870 2068 3159 2140 perterriti
3182 2069 3441 2125 inierunt
3470 2070 3667 2143 fugam
3688 2069 3751 2125 in

2092 2156 2404 2211 civitatem.
2440 2156 2557 2211 Hoc
2586 2160 2774 2211 totum
2807 2157 3026 2212 factum
3060 2158 3119 2212 in
3149 2157 3242 2213 die
3269 2158 3528 2229 Sabbati,
3550 2159 3623 2214 ad
3647 2158 3752 2213 bo-

2091 2261 2215 2299 ram
2246 2244 2492 2316 vesperi,
2527 2245 2828 2300 occidente
2854 2245 3000 2311 sole,
3031 2247 3344 2303 undecima
3366 2247 3462 2302 die
3491 2247 3748 2304 intrante

2092 2350 2292 2389 mense
2341 2333 2662 2389 Decembri.
2712 2336 3094 2397 Boamundus
3142 2335 3324 2409 igitur
3365 2336 3500 2392 fecit
3529 2354 3630 2409 per
3660 2337 3749 2392 in-

2090 2426 2399 2494 terpretem
2458 2422 2614 2494 loqui
2667 2424 3005 2480 Sarracenis
3047 2420 3392 2496 majoribus,
3424 2427 3581 2498 quod
3633 2425 3748 2499 ipsi

2090 2528 2222 2566 cum
2258 2512 2382 2566 suis
2414 2511 2762 2567 mulieribus
2793 2518 2851 2567 et
2876 2513 3201 2569 infantibus
3232 2518 3291 2569 et
3319 2514 3451 2571 aliis
3480 2515 3750 2570 substan-

2088 2600 2189 2655 tiis
2238 2600 2542 2656 misissent
2590 2618 2650 2656 se
2685 2602 2741 2656 in
2798 2618 2913 2657 uno
2961 2600 3199 2674 palatio,
3234 2604 3388 2675 quod
3418 2607 3542 2658 erat
3571 2619 3751 2675 supra

2090 2693 2319 2761 portam
2338 2708 2349 2757 ;
2372 2689 2612 2761 ipseque
2633 2690 2969 2747 defenderet
2984 2708 3083 2746 eos
3101 2692 3172 2746 de
3183 2691 3417 2748 mortali
3438 2692 3745 2749 sententia.

2088 2777 2458 2833 Intraverunt
2513 2782 2709 2834 autem
2757 2794 2961 2834 omnes
3006 2780 3189 2836 nostri
3238 2780 3299 2835 in
3347 2781 3659 2848 civitatem,
3690 2785 3749 2836 et

2089 2866 2378 2939 quidquid
2411 2866 2546 2922 boni
2577 2867 2834 2922 invenire
2866 2873 3183 2940 potuerunt
3212 2869 3271 2923 in
3304 2869 3577 2927 domibus
3609 2870 3744 2926 etin

2091 2956 2290 3021 foveis,
2325 2956 2433 3011 hoc
2482 2956 2890 3029 unusq’uisque
2921 2956 2993 3012 ad
3025 2974 3202 3014 suum
3233 2958 3567 3025 continebat
3611 2976 3746 3031 pro-

2090 3044 2305 3118 prium.
2341 3045 2513 3101 Facto
2545 3050 2739 3100 autem
2775 3046 2866 3102 die
2907 3047 3181 3114 crastino,
3214 3047 3549 3120 ubicunque
3580 3064 3743 3121 repe»

324 3136 534 3192 altum.
561 3137 724 3201 Quod
755 3141 1011 3191 castrum
1042 3135 1406 3208 iugeniatum
1429 3139 1604 3206 atque
1626 3135 1974 3190 aedificatum
2008 3120 2051 3187 C
2091 3134 2319 3189 riebant
2348 3150 2706 3205 quemquam
2740 3133 2970 3190 illorum
3004 3135 3123 3191 sive
3155 3136 3481 3192 masculum
3510 3136 3631 3192 sive
3652 3120 3742 3193 fet-

328 3227 436 3282 fuit
465 3243 644 3299 super
663 3230 914 3298 quatuor
934 3228 1109 3289 rotas,
1144 3241 1320 3295 super
1349 3223 1505 3295 quod
1528 3223 1763 3279 stabant
1783 3224 1980 3295 plures

325 3315 559 3383 milites,
594 3320 651 3371 et
668 3316 972 3371 Euvardus
993 3318 1234 3369 venator
1254 3312 1430 3368 lituos
1455 3312 1675 3367 fortiter
1693 3312 1976 3380 sonando,

2089 3222 2335 3287 minam,
2366 3221 2674 3294 capitalem
2706 3223 2790 3277 eis
2820 3222 3042 3278 dabant
3072 3224 3347 3280 continuo
3369 3224 3736 3283 sententiam.

2087 3310 2296 3366 Nullus
2327 3327 2561 3382 quoque
2589 3310 2842 3384 angulus
2874 3310 3124 3368 civitatis
3153 3313 3371 3379 deerat,
3404 3315 3463 3368 in
3487 3329 3601 3386 quo
3625 3328 3735 3369 non

314 3410 381 3461 et
407 3410 539 3460 ante
566 3403 733 3459 illum
764 3402 1124 3458 ventilabant
1167 3401 1530 3457 honorabilia
1557 3400 1782 3455 vexilla.
1816 3401 1978 3465 Quod
2079 3400 2301 3471 jaceret
2349 3400 2804 3455 Sarracenorum
2849 3401 3110 3469 cadaver,
3142 3401 3350 3475 vixque
3378 3407 3605 3475 poterat
3633 3402 3739 3459 ali-

326 3492 504 3548 nimis
550 3495 673 3547 erat
720 3490 1033 3562 pulchrum
1085 3491 1156 3545 ad
1206 3490 1542 3545 videndum.
1596 3489 1817 3545 Subtus
1846 3506 1977 3545 vero

323 3586 583 3636 castrum
613 3582 781 3634 erant
827 3577 960 3649 plus
994 3595 1167 3650 quam
1220 3583 1451 3632 centum
1501 3577 1715 3632 milites
1745 3577 1975 3644 armati,

2087 3488 2220 3560 quis
2251 3488 2334 3544 ire
2368 3506 2469 3560 per
2496 3488 2620 3544 vias
2652 3489 2921 3557 civitatis,
2955 3489 3069 3545 nisi
3101 3489 3377 3546 calcando
3405 3507 3586 3563 super
3614 3490 3742 3548 Ser»

2085 3594 2429 3633 racenorum
2462 3578 2761 3633 cadavera.
2800 3579 3173 3635 Boamundus
3213 3596 3348 3635 vero
3395 3580 3548 3641 illos.
3595 3596 3741 3654 quos

323 3668 423 3740 qui
456 3668 820 3722 deduxerunt
868 3666 1007 3720 illud
1062 3684 1237 3738 prope
1267 3666 1515 3721 civitatis
1548 3683 1781 3720 murum
1809 3669 1979 3737 juxta
2078 3667 2340 3737 jusserat
2386 3668 2444 3721 in
2499 3666 2715 3738 palatio
2763 3666 2999 3737 intrare,
3046 3668 3450 3740 apprehendit,
3506 3669 3743 3743 illisque

323 3757 639 3830 quamdam
673 3756 905 3810 turrim.
935 3756 1095 3820 Quod
1132 3772 1263 3810 cum
1292 3755 1533 3810 vidisset
1555 3770 1698 3827 gens
1726 3771 1972 3827 pagana,

324 3846 521 3903 statim
570 3845 831 3900 fecerunt
872 3844 1125 3916 plurima
1173 3844 1564 3900 instrumenta
1594 3861 1726 3899 cum
1763 3844 1976 3916 quibus

314 3934 622 4007 jactabant
648 3932 934 3988 maximos
956 3932 1178 4004 lapides
1199 3949 1376 4004 super
1404 3936 1684 3997 castrum,
1709 3933 1792 3987 ita
1821 3933 1975 4005 quod

322 4038 469 4099 pene
487 4025 715 4077 nostros
733 4020 946 4077 milites
963 4021 1313 4076 occiderent.
1337 4020 1557 4076 Vexilla
1573 4037 1823 4093 quoque,
1849 4038 1975 4093 quae

321 4126 562 4167 sursum
593 4114 777 4172 erant,
826 4110 1202 4181 perforabant
1231 4127 1363 4165 cum
1394 4110 1642 4181 sagittis,
1676 4115 1733 4165 et
1762 4110 1857 4166 alii
1892 4110 1975 4166 la-

323 4198 580 4274 pidibus,
607 4202 663 4255 et
684 4198 780 4253 alii
806 4198 1049 4254 ruebant
1068 4203 1294 4255 Graecos
1316 4199 1481 4271 ignes
1502 4216 1678 4271 super
1690 4204 1972 4266 castrum,

321 4305 389 4345 eo
414 4288 569 4360 quod
601 4288 885 4360 putabant
913 4286 1056 4343 illud
1080 4288 1302 4343 ardere.
1326 4288 1439 4343 Sed
1464 4288 1594 4360 pius
1622 4290 1769 4344 Deus
1789 4294 1845 4343 et
1864 4288 1942 4342 mi
1959 4319 1975 4331 -

322 4377 568 4434 sericors
618 4378 771 4449 quod
825 4378 1055 4433 arderet
1105 4376 1311 4432 noluit.
1355 4377 1621 4433 Crastina
1665 4394 1800 4433 vero
1832 4377 1974 4432 illud

2085 3754 2328 3810 abstulit
2356 3755 2554 3810 omnia
2583 3773 2710 3826 quae
2760 3756 3074 3825 habebant,
3127 3757 3394 3814 videlicet
3421 3775 3652 3827 aurum,
3684 3764 3746 3817 et

2085 3849 2416 3916 argentum,
2465 3851 2521 3899 et
2551 3844 2665 3899 alia
2719 3851 3064 3901 ornamenta
3118 3862 3247 3925 quae
3296 3845 3381 3901 illi
3425 3847 3738 3905 habebant.

2084 3932 2243 3987 Alios
2272 3934 2407 3988 fecit
2434 3932 2712 4001 occidere,
2747 3932 2893 3991 alios
2925 3934 3059 3990 fecit
3089 3935 3334 3991 conduci
3370 3936 3442 3992 ad
3488 3938 3741 3993 venden-

2085 4022 2226 4076 dum
2273 4021 2609 4077 Antiochiae.
2657 4023 2727 4077 Et
2753 4022 2840 4079 ita
2885 4023 3055 4078 multi
3100 4024 3339 4080 fuerunt
3386 4041 3455 4081 ex
3499 4026 3740 4096 nostris,

2085 4110 2187 4182 qui
2230 4110 2288 4164 in
2339 4110 2569 4166 civitate
2614 4115 2917 4178 venerunt,
2953 4110 3241 4184 quidquid
3270 4112 3356 4169 eis
3386 4119 3511 4170 erat
3540 4131 3741 4171 neces-

2084 4197 2304 4254 sarium
2329 4199 2401 4254 ad
2423 4200 2801 4267 sumendum,
2825 4204 2877 4255 et
2902 4200 3073 4256 multi
3099 4201 3201 4274 qui
3225 4202 3371 4258 nihil
3394 4201 3744 4260 invenerunt
3794 4250 3795 4253 η

2086 4288 2156 4342 ad
2189 4286 2558 4360 capiendum.
2588 4288 2795 4345 Postea
2823 4288 2935 4344 fuit
2960 4294 3082 4345 tam
3113 4290 3289 4364 longa
3315 4307 3480 4348 mora
3507 4292 3568 4348 in
3599 4292 3740 4348 civi-

2083 4381 2221 4443 tate,
2255 4377 2411 4448 quod
2444 4376 2614 4431 multi
2650 4378 2886 4433 fuerunt
2912 4378 3166 4434 districti
3196 4380 3349 4435 fame
3372 4379 3438 4436 in
3484 4379 3738 4439 civitate.

322 4465 668 4522 imminebat
692 4482 897 4522 omnes
927 4482 1128 4522 muros
1159 4466 1411 4522 civitatis
1440 4470 1496 4522 et
1526 4470 1735 4522 turres.
1762 4465 1975 4521 Milites
2005 4484 2052 4549 Β
2084 4464 2212 4521 ideo
2243 4466 2396 4537 quod
2432 4466 2586 4521 foras
2618 4482 2732 4522 non
2768 4467 3062 4522 audebant
3091 4468 3246 4525 exire
3268 4469 3330 4524 in
3360 4473 3576 4526 terram
3609 4470 3745 4526 Sar-

321 4556 531 4621 nostri,
563 4554 662 4626 qui
691 4558 859 4610 erant
891 4572 1125 4610 sursum
1156 4555 1213 4609 in
1246 4554 1456 4610 solario
1487 4554 1792 4626 superiori,
1818 4554 1972 4610 vide-

320 4645 457 4700 licet
481 4643 826 4700 Guillelmus
855 4645 926 4700 de
958 4641 1414 4714 Montepislerio,
1449 4647 1505 4698 et
1524 4643 1620 4697 alii
1650 4643 1864 4715 plures,
1882 4644 1974 4714 ja-

322 4733 561 4789 ctabant
600 4732 922 4789 immensos
967 4732 1192 4804 lapides
1242 4747 1421 4803 super
1462 4732 1831 4799 Sarracenos,
1874 4731 1972 4803 qui

322 4822 558 4878 stabant
607 4838 785 4892 super
831 4837 1031 4875 muros
1061 4819 1309 4874 civitatis
1339 4837 1352 4886 ;
1393 4818 1479 4874 ita
1508 4836 1738 4891 quoque
1770 4837 1973 4892 percu-

324 4910 549 4966 tiebant
578 4925 676 4964 eos
698 4925 875 4980 super
894 4908 1144 4980 clypeos,
1178 4908 1333 4979 quod
1364 4907 1600 4981 clypeus
1622 4913 1679 4964 et
1709 4926 1973 4982 paganus

324 4998 597 5053 caderent
624 4997 898 5051 deorsum
931 4997 989 5050 in
1036 4997 1265 5051 civitate
1297 4997 1532 5051 mortui.
1567 4998 1638 5051 Et
1669 4997 1975 5052 mittebant

324 5085 384 5140 in
416 5084 604 5139 hastis
634 5083 858 5148 vexilla,
888 5089 944 5139 et
974 5084 1056 5140 sic
1086 5100 1218 5139 cum
1264 5082 1481 5140 lanceis
1510 5088 1569 5140 et
1618 5084 1813 5140 hamis
1862 5086 1973 5140 fer-

325 5172 440 5229 reis
460 5171 745 5244 putabant
768 5172 1054 5243 peregrini
1077 5173 1149 5227 ad
1172 5188 1233 5227 se
1257 5173 1487 5227 trahere
1507 5172 1659 5227 illos.
1685 5172 1897 5229 Milites
1917 5178 1975 5229 et

326 5260 568 5318 clientes
613 5259 696 5315 ita
742 5258 1193 5332 magnanimiter
1239 5261 1598 5333 pugnabant,
1652 5261 1971 5334 presbyteri

326 5363 558 5422 quoque
585 5351 643 5402 et
668 5346 860 5403 clerici
893 5346 1075 5404 sacris
1104 5348 1365 5405 vestibus
1408 5349 1618 5416 induti,
1660 5354 1893 5405 orantes
1915 5354 1975 5405 et

326 5437 699 5495 obsecrantes
730 5434 1050 5492 Dominum
1102 5436 1304 5493 Iesum
1332 5435 1651 5506 Christum,
1679 5442 1749 5493 ut
1793 5452 1971 5493 suum

326 5524 601 5590 Madet
638 5524 953 5604 populum,
986 5528 1043 5584 et
1080 5523 1431 5585 Christianis
1473 5525 1761 5585 militibus
1790 5525 1976 5603 vieto:-

2083 4569 2425 4609 racenorum
2456 4553 2647 4627 longe,
2698 4571 2877 4627 prope
2916 4556 3297 4627 nequiverant
3324 4556 3544 4629 aliquid
3577 4557 3745 4615 inve-

2083 4643 2208 4698 nire
2239 4642 2311 4697 ad
2344 4643 2715 4715 capiendum.
2766 4643 2960 4699 Nostri
2996 4661 3228 4719 quoque
3256 4661 3542 4719 pauperes
3572 4663 3742 4719 pere-

2083 4730 2236 4805 grini
2290 4735 2589 4804 eruperunt
2634 4732 2899 4789 scindere
2945 4750 3190 4806 corpora
3240 4750 3626 4809 paganorum,
3667 4750 3739 4793 ee

2084 4822 2238 4892 quod
2261 4821 2319 4875 in
2340 4820 2643 4876 ventribus
2662 4836 2863 4877 eorum
2886 4822 3259 4879 inveniebant
3279 4822 3605 4880 reconditos
3628 4824 3741 4896 by-

2083 4909 2326 4980 santios,
2359 4908 2456 4964 alii
2491 4925 2725 4981 quoque
2748 4909 2997 4966 districti
3032 4912 3185 4967 fame
3206 4912 3504 4968 cedebant
3527 4928 3739 4970 carnes

2082 5012 2282 5054 eorum
2310 5014 2413 5070 per
2439 4998 2646 5065 frusta,
2677 5002 2735 5053 et
2765 4999 3095 5071 coquebant
3123 5001 3193 5056 ad
3229 5001 3732 5059 manducandum.

2222 5088 2322 5141 Hic
2349 5087 2693 5142 comrdebant
2724 5103 2912 5144 carne:
2947 5089 3236 5144 Turcerum
3264 5088 3586 5147 Christiani.

2155 5174 2466 5245 Postquam
2496 5191 2629 5230 vero
2676 5175 2936 5232 seniores
2965 5177 3148 5233 nostri
3192 5176 3302 5234 hoc
3328 5176 3615 5245 viderunt,
3650 5178 3733 5234 fe-

2082 5267 2287 5318 cerunt
2314 5279 2572 5336 paganos
2603 5264 2754 5320 tradi
2781 5270 2944 5321 extra
2968 5265 3261 5325 civitatem
3287 5267 3364 5323 ad
3397 5272 3624 5340 portas;
3648 5267 3733 5324 ibi

2082 5349 2372 5405 faciebant
2416 5350 2586 5422 quasi
2618 5356 2849 5409 montes
2877 5367 2947 5408 ex
2971 5353 3078 5422 eis,
3110 5358 3170 5409 et
3196 5358 3399 5426 postea
3436 5354 3736 5413 faciebant

2082 5452 2181 5494 eos
2211 5438 2431 5495 ardere.
2466 5438 2845 5497 Boamundus
2880 5445 3093 5498 autem
3115 5456 3234 5498 non
3258 5442 3465 5499 valens
3481 5436 3741 5500 concors

2081 5525 2365 5588 doricam
2414 5525 2755 5589 Retinenda.
2780 5528 2991 5589 Sancti
3037 5526 3268 5608 mea,
3321 5538 3595 5595 mm
3637 5535 3735 5596 sit
