3998 6088
145 285 270 351 809

846 287 915 352 Ρ.
963 291 1359 355 TUDEBODI
1407 291 1612 354 HIST.
1660 289 1762 354 DE
1807 291 2219 354 HIEROSOL.
2267 293 2453 354 ITIN.
2489 325 2565 338 --
2598 292 2746 355 LIB.
2793 293 2865 355 V.

3440 257 3560 354 810

151 420 498 478 Antiochiae.
535 421 906 478 Raimundus
939 439 1170 496 quoque
1209 423 1404 479 Sancti
1447 422 1658 495 JEgidii
1687 439 1802 478 non
1832 427 1886 492 Α
1914 423 2151 479 nomine
2180 422 2510 495 Caphaliam
2532 424 2699 481 valde
2717 423 3192 497 pulcherrimam,
3213 426 3268 480 et
3285 423 3560 481 omnibus

146 516 286 584 post
317 511 534 567 multos
554 511 678 567 dies
699 511 856 568 misit
879 530 1017 569 suos
1039 512 1259 586 legatos
1279 512 1646 568 Antiochiam
1665 511 1800 567 duci

145 601 487 667 Godefrido,
506 605 565 657 et
583 601 922 658 Flandrensi
948 603 1174 669 comiti,
1206 619 1270 658 ac
1290 603 1565 658 Rotberto
1592 601 1802 657 North-

144 691 427 759 manniaz,
461 696 519 746 et
551 691 914 758 Boamundo,
949 692 1103 764 quod
1135 691 1260 764 ipse
1290 692 1555 746 venirent
1584 691 1652 745 ad
1681 690 1800 745 Ru-

142 780 304 835 siam
337 779 654 847 civitatem,
705 779 864 852 loqui
898 797 1032 835 cum
1064 798 1150 836 eo.
1201 779 1614 852 Veneruntque
1661 777 1801 834 illuc

141 886 354 925 omnes
386 869 472 925 illi
503 870 784 934 seniores,
804 874 859 925 et
875 869 1186 925 concilium
1207 869 1484 935 fecerunt,
1509 869 1800 942 quomodo

138 958 405 1032 incipere
436 959 768 1032 potuissent
793 958 948 1013 viam
993 959 1180 1014 sancti
1225 957 1500 1030 sepulcri,
1534 973 1638 1030 pro
1685 975 1802 1031 qua

141 1049 289 1104 moti
324 1052 482 1114 sunt,
517 1052 573 1104 et
603 1049 717 1104 huc
750 1065 935 1120 usque
966 1051 1268 1103 venerunt.
1305 1047 1416 1102 Sed
1449 1063 1562 1102 non
1597 1049 1799 1118 potue-

139 1142 285 1193 runt
319 1139 729 1193 Boamundum
776 1137 1127 1192 concordare
1177 1153 1309 1191 cum
1343 1135 1672 1191 Raimundo
1705 1151 1800 1190 co-

140 1227 312 1296 mite,
347 1227 462 1282 nisi
497 1227 763 1282 redderet
795 1225 845 1282 ei
876 1225 1263 1282 Antiochiam.
1297 1225 1408 1280 Sed
1433 1224 1800 1280 Raimundus

140 1317 335 1373 facere
367 1315 580 1384 noluit,
613 1333 718 1389 pro
751 1315 962 1372 fiducia
993 1333 1169 1388 quam
1203 1315 1414 1371 fecerat
1451 1313 1646 1370 Alexio
1689 1313 1799 1368 im-

140 1407 422 1479 peratori.
457 1406 705 1478 Ideoque
736 1407 852 1461 dux
883 1410 939 1461 et
961 1405 1059 1460 alii
1110 1405 1351 1461 comites
1399 1404 1611 1460 reversi
1662 1406 1801 1460 sunt

137 1495 486 1551 Antiochiae.
522 1493 888 1550 Raimundus
921 1511 1153 1566 quoque
1201 1492 1411 1548 Christi
1457 1491 1676 1548 athleta
1706 1509 1797 1548 re-

136 1583 348 1643 versus
371 1590 460 1640 est
491 1585 562 1640 ad
594 1585 843 1640 Marram
863 1583 1179 1648 civitatem,
1203 1583 1304 1638 ubi
1326 1584 1491 1636 erant
1508 1581 1797 1654 peregrini

138 1675 332 1731 sancti
367 1672 640 1746 sepulcri,
673 1678 729 1727 et
759 1671 921 1727 misit
952 1689 1091 1728 suos
1139 1670 1408 1726 homines
1454 1669 1794 1737 Antiochiae,

1912 511 2080 568 bonis
2138 517 2426 568 ornatam.
2479 513 2842 570 Habitatores
2889 531 3021 569 vero
3073 511 3232 569 illius
3289 512 3558 582 civitatis,

1910 601 2271 657 Christianos
2292 602 2629 676 peregrinos
2647 604 2838 658 venire
2860 603 3182 672 audientes,
3213 601 3565 658 dimiserunt

1910 689 2206 746 civitatem
2231 708 2494 758 vacuam,
2527 697 2583 747 et
2610 692 2808 748 hortos
2840 692 3042 765 plenos
3073 689 3350 760 oleribus,
3375 695 3433 748 et
3462 691 3564 747 do-

1911 795 2038 834 mos
2069 779 2272 852 plenas
2293 780 2562 854 plurimis
2586 781 2877 838 alimentis
2899 799 3229 854 corporum.
3249 779 3442 836 Tertia
3459 797 3561 836 au-

1909 870 2026 922 tem
2059 867 2170 935 die,
2204 869 2421 942 egressi
2455 870 2526 924 ab
2555 868 2654 925 illa
2685 869 2930 938 civitate,
2957 873 3343 943 pervenerunt
3366 887 3468 942 per
3484 867 3564 924 aI-

1908 960 2029 1012 tam
2063 960 2118 1013 et
2168 957 2519 1014 immensam
2571 964 2964 1028 montaneam,
3018 963 3075 1014 et
3103 957 3468 1014 intraverunt
3499 958 3559 1014 in

1907 1044 2116 1102 vallem
2149 1047 2220 1102 de
2243 1046 2433 1102 ISSEM.
2467 1048 2526 1102 in
2559 1065 2677 1120 qua
2706 1052 2830 1104 erat
2859 1047 3114 1104 maxima
3145 1048 3382 1104 ubertas
3435 1047 3558 1102 fru-

1909 1135 2090 1190 menti
2121 1140 2177 1190 et
2204 1137 2516 1208 pecudum,
2553 1139 2900 1210 fueruntque
2931 1154 3034 1211 per
3053 1136 3388 1210 quindecim
3410 1136 3554 1194 dies.

1911 1223 2110 1296 Ibique
2140 1224 2488 1281 invenerunt
2514 1225 2671 1282 aliud
2705 1231 2964 1283 castrum
3003 1243 3274 1296 vacuum,
3308 1225 3367 1282 in
3401 1225 3557 1298 quod

1909 1313 2102 1386 ignem
2136 1313 2428 1370 miserunt
2450 1315 2774 1382 Sarraceni,
2801 1318 2857 1372 et
2878 1315 3181 1388 fugerunt;
3199 1315 3370 1388 juxta
3399 1313 3554 1387 quod

1909 1406 2031 1458 erat
2061 1402 2220 1458 aliud
2253 1408 2532 1470 castrum,
2565 1403 2623 1459 in
2656 1421 2770 1476 quo
2801 1409 2927 1461 erat
2973 1409 3323 1478 congregata
3353 1403 3556 1462 multi-

1907 1491 2048 1546 tudo
2082 1492 2336 1548 maxima
2367 1510 2749 1566 paganorum.
2790 1492 2941 1550 Illud
2982 1493 3406 1568 aggrediuntur
3433 1497 3554 1550 tam

1908 1580 2132 1636 fortiter
2158 1581 2340 1638 nostri
2372 1581 2682 1656 peregrini,
2715 1583 2870 1655 quod
2902 1583 2962 1638 in
2993 1600 3102 1640 sua
3131 1585 3420 1656 potestate
3450 1581 3554 1639 ha-

1907 1669 2190 1739 buissent,
2227 1671 2338 1726 nisi
2373 1671 2671 1728 Sarraceni
2686 1673 3014 1744 jactassent
3035 1673 3189 1729 foras
3214 1672 3556 1730 innumeras

139 1771 204 1819 ut
235 1765 356 1836 ipsi
389 1763 689 1818 munirent
719 1765 894 1833 atque
922 1760 1285 1816 custodirent
1333 1757 1616 1832 palatium
1657 1756 1795 1812 Cas-
1826 1803 1872 1868 Β
1907 1762 2134 1815 turmas
2165 1759 2532 1816 animalium.
2567 1761 2800 1817 Reversi
2831 1765 2970 1818 sunt
3001 1766 3194 1819 autem
3223 1762 3428 1832 nostri,
3463 1763 3558 1820 de-

173 1854 182 1864 '
279 1854 291 1865 ⁶
342 1855 356 1868 Δ
442 1851 454 1863 ⁵
529 1850 588 1868 1⁸⁸
671 1867 678 1868 κ
752 1851 812 1868 il
869 1849 961 1868 ὶμὶ
998 1850 1115 1868 κι-ι
1154 1848 1202 1868 2,-
1252 1865 1344 1868 ---η
1403 1850 1679 1868 -μ-ι--ι-Λ-
1746 1851 1790 1868 ,ι
1913 1848 2174 1868 _!___-_l--
2222 1866 2407 1868 ,-A.,.-,
2461 1867 2471 1868 κ
2530 1849 2542 1868 9
2654 1849 2713 1868 l'.
2814 1850 2829 1868 Ι
3005 1855 3014 1868 I
3107 1855 3150 1868 ις
3200 1852 3211 1863 ⁸
3308 1851 3342 1868 Α

137 1854 294 1909 siani
327 1850 613 1918 Amiralii,
661 1851 812 1922 quod
869 1849 1121 1904 habebat
1153 1848 1211 1904 in
1247 1865 1354 1904 sua
1402 1850 1704 1920 potestate,
1740 1851 1796 1902 et
1826 1848 1872 1868 "
1905 1848 2184 1905 ducentes
2217 1866 2415 1905 secum
2450 1849 2729 1906 animalia
2759 1850 2832 1906 ad
2864 1869 2971 1907 sua
3000 1852 3272 1908 tentoria.
3307 1851 3552 1909 Summo

137 1947 363 1996 turrem
397 1955 524 2012 quae
555 1943 644 1995 est
667 1953 842 2011 super
865 1940 1092 2009 portam
1112 1936 1306 2009 pontis
1340 1941 1543 1992 contra
1559 1935 1794 1991 Macho-

136 2029 415 2085 mariam.
448 2033 513 2083 In
545 2025 659 2084 ista
708 2025 937 2082 civitate
985 2041 1218 2098 quoque
1251 2024 1360 2079 luit
1405 2029 1670 2080 mortuus
1701 2041 1791 2080 sa-

137 2121 312 2194 piens
342 2117 605 2175 Oriensis
634 2117 962 2191 episcopus,
983 2115 1194 2188 ibique
1223 2115 1432 2170 morati
1465 2118 1601 2170 sunt
1630 2131 1791 2186 pere-

136 2209 293 2283 grini
345 2226 450 2282 per
495 2224 680 2262 unu'n
732 2222 998 2261 mensem
1053 2209 1108 2260 et
1155 2208 1408 2276 quatuor
1456 2203 1598 2260 dies.
1649 2203 1792 2260 Boa-

136 2297 405 2354 mundus
435 2295 678 2368 cupiens
725 2293 938 2349 habere
983 2291 1275 2348 civitatem
1324 2291 1640 2346 Antiochia:
1685 2307 1794 2346 sua

133 2389 374 2455 virtute,
410 2401 612 2441 omnes
661 2383 928 2439 homines
977 2379 1290 2436 Raimundi
1339 2380 1538 2436 Sancti
1582 2377 1790 2453 ﬂigidii

134 2495 246 2533 sua
273 2477 495 2530 virtute
521 2472 710 2546 ejecit.
746 2471 907 2538 Quod
942 2471 1311 2526 Raimundus
1350 2485 1482 2524 cum
1533 2469 1794 2524 audisset

133 2564 358 2622 Christi
392 2563 633 2629 athleta,
654 2559 1042 2634 parvipendit,
1061 2563 1117 2615 et
1147 2559 1319 2614 sicuti
1344 2573 1544 2614 servus
1561 2556 1789 2614 Domini

133 2655 327 2711 nostri
359 2653 502 2710 Jesu
533 2651 745 2709 Christi
778 2649 1014 2721 inccepit
1043 2648 1194 2704 viam
1229 2648 1415 2703 sancti
1441 2645 1715 2720 sepulcri,
1735 2651 1790 2702 et

131 2743 314 2800 exivit
345 2741 520 2798 nudis
552 2740 799 2814 pedibus
832 2739 901 2794 de
920 2737 1149 2793 civitate
1165 2736 1334 2792 tertio
1354 2736 1578 2791 decimo
1597 2735 1687 2790 die
1705 2734 1790 2790 in-

131 2837 331 2890 trante
357 2829 657 2896 Januario,
691 2831 748 2884 et
778 2827 1036 2900 pervenit
1067 2827 1139 2882 ad
1172 2830 1429 2882 castrum
1462 2824 1784 2898 Capharda,

132 2923 292 2996 quod
327 2920 511 2977 distat
539 2937 641 2991 per
670 2921 797 2974 octo
830 2915 1120 2982 milliaria,
1167 2914 1366 2987 ibique
1409 2917 1670 2969 moratus
1700 2917 1788 2968 est

135 3029 238 3085 per
285 3017 408 3068 tres
444 3009 588 3065 dies.
631 3007 754 3064 Illic
806 3005 1073 3079 adjunxit
1105 3021 1167 3060 se
1215 3003 1526 3060 Rotbertus
1573 3001 1785 3058 North-

1903 1943 2097 1994 autem
2132 1937 2391 1996 diluculo
2423 1938 2782 2013 collegerunt
2810 1939 2994 1996 nostri
3025 1957 3164 1998 suos
3205 1939 3550 2014 papiliones,

1903 2032 2078 2099 atque
2109 2030 2392 2083 venerunt
2422 2028 2492 2083 ad
2522 2026 2675 2083 idem
2709 2032 2967 2084 castrum
2989 2029 3114 2101 jam
3148 2027 3552 2102 supradictum

1902 2116 2187 2184 obsidere,
2219 2119 2276 2172 et
2305 2133 2414 2172 sua
2440 2115 2691 2172 tentoria
2714 2117 2797 2173 ibi
2827 2117 3136 2174 voluerunt
3151 2119 3405 2174 tendere.
3441 2115 3552 2174 Sed

1901 2223 2044 2279 gens
2076 2223 2306 2279 pagana
2336 2203 2595 2261 omnimo
2613 2205 2771 2262 dedit
2791 2223 2916 2263 sese
2934 2206 3105 2280 fugae,
3124 2207 3278 2262 circa
3297 2206 3551 2263 mediam

1903 2300 2152 2360 noctem,
2185 2299 2243 2351 et
2272 2295 2499 2351 dimisit
2530 2300 2789 2352 castrum
2806 2313 3057 2352 vacuum
3081 2296 3268 2354 sancti
3299 2296 3551 2370 sepulcri

1901 2383 2240 2456 peregrinis.
2283 2384 2572 2440 Intrantes
2599 2389 2792 2441 autem
2825 2391 3085 2441 castrum
3117 2385 3427 2460 peregrini,
3468 2385 3552 2444 ibi

1902 2472 2247 2545 invenerunt
2278 2474 2348 2529 de
2381 2489 2508 2530 rore
2540 2473 2666 2530 cmli
2698 2475 3144 2544 abundantiam,
3179 2475 3398 2532 scilicet
3428 2475 3550 2532 fru-

1899 2565 2185 2631 mentum,
2219 2561 2443 2629 vinum,
2479 2567 2535 2618 et
2564 2562 2833 2633 farinam,
2866 2566 2923 2620 et
2952 2563 3168 2636 oleum,
3202 2569 3259 2621 et
3276 2563 3548 2639 gallinas,

1898 2655 1954 2706 et
1984 2649 2270 2723 quidquid
2302 2668 2449 2723 opus
2479 2655 2621 2707 erat.
2656 2651 2780 2708 Illic
2811 2652 3187 2710 devotissime
3215 2652 3548 2710 celebrave-

1897 2745 2036 2794 runt
2067 2739 2437 2795 festivitatem
2471 2745 2684 2796 sanctaa
2719 2740 2916 2798 Mariae
2940 2741 3389 2810 Puriﬁcationis,
3423 2761 3550 2816 qua;

1897 2833 1985 2884 est
2015 2829 2277 2884 secunda
2307 2829 2400 2885 die
2434 2829 2755 2886 Februarii.
2800 2829 3211 2904 Veneruntque
3259 2829 3450 2888 nuntii
3481 2831 3550 2889 de

1897 2919 2128 2975 Camela
2159 2919 2412 2989 civitate,
2445 2919 2799 2978 deducentes
2815 2938 3013 2977 secum
3031 2937 3214 2993 equos
3243 2926 3300 2978 et
3315 2939 3546 2992 aurum,

1895 3025 2022 3080 quae
2056 3007 2324 3064 mittebat
2353 3008 2513 3066 illius
2552 3008 2801 3066 civitatis
2847 3026 2946 3066 rex
2975 3009 3308 3066 Roimundo
3351 3008 3554 3070 Sancti

135 3100 390 3158 mannia:
441 3115 573 3154 cum
619 3114 706 3153 eo.
761 3097 878 3152 Rex
925 3098 1118 3151 autem
1167 3096 1435 3150 Caesarem
1485 3090 1782 3146 multoties
1893 3096 2121 3171 /Egidii,
2155 3097 2398 3170 cupiens
2429 3097 2766 3154 concordari
2799 3115 2932 3154 cum
2965 3114 3052 3164 eo,
3085 3098 3550 3171 promittensque

135 3192 382 3246 miserat
413 3205 551 3243 suos
591 3185 807 3242 milites
839 3189 893 3240 et
925 3183 1160 3239 nuntios
1205 3181 1536 3238 Raimundo
1591 3178 1787 3235 Sancti
1819 3171 1859 3237 C
1899 3185 2258 3242 Christianos
2288 3185 2546 3258 diligere,
2579 3190 2636 3242 et
2661 3186 2971 3258 diligenter
2989 3203 3088 3242 eos
3117 3181 3334 3259 ubique
3365 3185 3548 3243 bono-

133 3278 350 3354 Aigidii
381 3278 451 3334 ad
473 3277 724 3333 Marram
744 3275 1034 3330 civitatem
1054 3278 1109 3328 et
1125 3271 1451 3344 Capharda,
1476 3271 1628 3343 quod
1654 3286 1788 3324 cum

133 3388 202 3427 eo
233 3368 515 3444 cupiebat
543 3365 914 3436 concordari,
935 3368 992 3419 et
1021 3379 1164 3418 suus
1195 3361 1421 3417 amicus
1445 3357 1616 3427 effici,
1641 3363 1697 3413 et
1718 3359 1788 3414 dc

137 3477 248 3517 suo
281 3474 462 3514 censu
486 3455 537 3512 ei
569 3455 706 3511 dare
734 3453 962 3509 Volebat
993 3456 1277 3526 quantum
1309 3449 1472 3515 libet,
1497 3448 1789 3520 nimisque

135 3548 418 3622 cupiebat
446 3544 807 3602 Christianos
837 3541 1097 3615 diligere,
1119 3545 1173 3596 et
1189 3539 1464 3595 fiduciam
1495 3539 1545 3594 ei
1563 3537 1790 3593 volebat

137 3641 352 3705 facere,
388 3635 542 3708 quod
567 3637 850 3706 quantum
885 3630 1209 3704 pertinebat
1240 3629 1312 3684 ad
1345 3645 1518 3684 suum
1543 3642 1787 3698 regnum

136 3725 337 3784 securi
369 3725 622 3781 fuissent
652 3721 777 3778 sine
807 3720 924 3777 ullo
971 3734 1200 3793 pavore,
1233 3723 1290 3774 et
1324 3715 1696 3790 promittebat
1727 3731 1790 3771 se

136 3820 279 3874 dare
313 3819 636 3871 mercatum
663 3813 732 3869 de
763 3810 928 3884 equis
961 3814 1017 3865 et
1040 3805 1440 3880 corporalibus
1471 3803 1786 3861 alimentis.

134 3908 423 3964 Exierunt
453 3907 646 3959 autem
679 3899 992 3974 peregrini,
1017 3902 1071 3954 et
1091 3900 1372 3952 venerunt
1393 3894 1678 3966 hospitari
1699 3911 1792 3950 su-

133 4014 239 4069 pra
272 3991 686 4064 ﬂumen,quod
708 3990 923 4046 dicitur
939 3985 1430 4059 PharpharJuxta
1445 3984 1786 4040 Caesaream.

135 4089 256 4143 Rex
290 4089 512 4151 autem,
545 4085 857 4154 postquam
889 4078 1032 4134 vidit
1077 4079 1430 4133 Francorum
1475 4073 1789 4130 exercitum

135 4181 256 4231 tam
295 4188 477 4246 prope
510 4169 800 4225 civitatem
833 4165 1138 4239 hospitari,
1176 4163 1352 4219 nimis
1373 4163 1430 4217 in
1459 4179 1564 4218 suo
1595 4160 1790 4217 animo

133 4262 467 4328 condoluit,
499 4265 554 4316 et
570 4259 733 4314 misit
749 4261 1071 4312 mercatum
1089 4251 1362 4316 devetari,
1383 4251 1492 4307 nisi
1512 4268 1545 4306 a
1565 4250 1792 4306 civitate

135 4353 529 4409 discederent.
562 4347 829 4403 Crastino
854 4361 986 4401 vero
1019 4342 1182 4398 misit
1220 4359 1355 4398 cum
1391 4341 1508 4396 illis
1549 4342 1790 4408 Turcos,

135 4444 236 4515 qui
257 4443 347 4498 eis
380 4433 1048 4495 monstrarenttluminis
1065 4434 1301 4502 vadum,
1327 4449 1542 4504 eosque
1573 4431 1794 4486 condu-

136 4533 359 4595 cerent,
395 4543 581 4599 usque
611 4523 869 4580 invenire
887 4520 1106 4595 aliquid
1126 4520 1456 4594 potuissent
1471 4522 1542 4576 ad
1561 4520 1794 4593 capien-

137 4625 307 4677 dum.
340 4617 562 4674 Deinde
589 4617 871 4670 venerunt
901 4612 958 4667 in
993 4611 1308 4682 quamdam
1337 4609 1545 4666 vallem
1592 4609 1800 4666 subtus

137 4715 404 4768 castrum
439 4706 754 4779 quoddam,
805 4701 1002 4774 ibique
1043 4699 1390 4756 invenerunt
1440 4698 1572 4773 plus
1614 4715 1792 4772 quam

137 4799 304 4856 mille
336 4793 635 4861 animalia,
659 4798 715 4849 et
745 4792 889 4848 satis
907 4789 1206 4855 frumenti,
1227 4793 1282 4844 et
1314 4787 1428 4844 alia
1443 4789 1615 4856 bona,
1641 4787 1794 4843 unde

137 4889 324 4947 nimis
355 4886 469 4941 fuit
501 4883 713 4940 refecta
731 4887 855 4937 tota
879 4880 1094 4937 Christi
1115 4878 1344 4934 militia.
1370 4879 1589 4934 Tamen
1613 4876 1796 4933 domi-

138 4997 253 5036 nus
288 4976 452 5032 illius
492 4971 669 5028 castri
713 4971 1100 5027 concordatus
1144 4974 1233 5024 est
1263 4983 1396 5023 cum
1443 4966 1793 5037 Raimundo,

137 5069 312 5142 eique
343 5063 580 5120 donavit
609 5077 810 5134 equos,
847 5064 902 5116 et
933 5057 1046 5116 alia
1063 5058 1266 5124 multa,
1289 5060 1346 5112 et
1377 5073 1484 5111 sua
1499 5054 1795 5130 legejura-

137 5159 220 5214 vit
255 5153 416 5229 quod
449 5150 704 5225 amplius
735 5149 1055 5222 peregrinis
1087 5163 1202 5202 non
1235 5149 1484 5201 noceret.
1519 5145 1796 5200 Raimun-

140 5249 252 5303 dus
287 5243 368 5299 ibi
402 5257 538 5297 cum
571 5256 678 5295 suo
707 5238 959 5294 exercitu
988 5253 1090 5310 per
1118 5235 1378 5308 quinque
1394 5233 1519 5288 dies
1537 5237 1798 5288 moratus

141 5341 250 5393 est.
285 5329 523 5407 Egressi
554 5329 690 5384 inde
720 5328 1107 5402 pervenerunt
1149 5321 1364 5380 Christi
1408 5321 1693 5395 peregrini
1726 5322 1798 5378 ad

146 5423 304 5483 aliud
353 5421 614 5479 Arabum
663 5423 944 5484 castrum,
993 5418 1162 5489 cujus
1212 5412 1485 5470 dominus
1533 5411 1805 5468 similiter

146 5511 543 5573 concordatus
573 5514 662 5565 est
678 5525 812 5565 cum
830 5506 1180 5564 Raimundo.
1202 5503 1341 5558 Inde
1358 5504 1651 5558 exeuntes.
1675 5493 1804 5574 per-

144 5603 440 5667 venerunt
469 5598 532 5659 in
577 5598 896 5677 quamdam
937 5594 1148 5654 vallem
1179 5591 1254 5651 ad
1293 5603 1471 5650 unam
1514 5589 1806 5653 civitatem

475 5728 741 5796 Ρηιιοι..
789 5724 962 5793 CLV.

1899 3292 2047 3330 rare.
2081 3273 2197 3330 Rex
2220 3291 2453 3348 quoque
2469 3275 2720 3348 Tripolis
2738 3274 3009 3332 similiter
3025 3273 3292 3332 mittebat
3309 3275 3548 3334 nuntios

1899 3381 2037 3420 suos
2068 3363 2398 3419 Raimundo
2450 3363 2646 3420 Sancti
2673 3363 2908 3438 zEgidii,
2957 3363 3275 3437 volensque
3314 3381 3448 3420 cum
3478 3381 3544 3422 eo

1898 3470 2099 3526 pacem
2131 3452 2367 3520 habere,
2415 3453 2463 3508 si
2493 3451 2579 3508 illi
2627 3453 2908 3526 placeret;
2954 3451 3236 3528 misitque
3264 3452 3316 3510 ei
3344 3453 3545 3510 decem

1898 3559 2099 3615 equos,
2134 3547 2190 3598 et
2219 3545 2472 3614 quatuor
2501 3541 2713 3609 mulas,
2746 3545 2804 3598 et
2834 3541 3052 3598 multos
3085 3542 3404 3616 bysantios.
3436 3537 3551 3600 Sed

1899 3648 2094 3687 comes
2124 3631 2204 3687 ait
2236 3630 2396 3686 nullo
2428 3631 2600 3686 modo
2631 3647 2833 3704 pacem
2864 3629 3100 3701 habere,
3133 3631 3247 3689 nisi
3280 3631 3560 3690 Christia.

1900 3737 2011 3776 nus
2042 3720 2388 3776 efficeretur.
2424 3720 2584 3788 Quod
2619 3737 2717 3776 rex
2760 3719 3049 3794 promisit,
3081 3724 3138 3778 et
3168 3721 3397 3778 annuit.
3449 3719 3555 3778 Ex-

1899 3813 2106 3865 euntes
2132 3813 2328 3865 autem
2361 3809 2545 3864 nostri
2579 3809 2648 3865 de
2679 3809 2783 3866 illa
2812 3809 3036 3884 optima
3080 3809 3248 3880 valle,
3281 3827 3559 3884 pervene-

1900 3904 2036 3954 runt
2069 3899 2140 3954 ad
2175 3898 2472 3971 quoddam
2506 3902 2790 3970 castrum,
2817 3897 2972 3972 quod
3005 3898 3219 3972 dicitur
3237 3899 3476 3968 Arcbas,
3500 3899 3562 3957 in

1901 3987 1992 4044 die
2015 3988 2210 4055 Luna,
2244 3987 2468 4044 scilicet
2499 3989 2758 4045 secunda
2776 3987 2992 4045 feriain
3017 3988 3210 4046 medio
3235 3988 3560 4050 Februarii:

1900 4076 2055 4132 circa
2087 4077 2241 4149 quod
2291 4077 2541 4132 tentoria
2593 4077 2858 4134 ﬁxerant.
2917 4078 3078 4144 Quod
3123 4082 3383 4136 castrum
3435 4083 3562 4136 erat

1901 4164 2141 4238 plenum
2172 4165 2587 4222 innumerabili
2631 4171 2804 4239 gente
2851 4183 3238 4240 paganorum,
3291 4167 3561 4225 videlicet

1901 4256 2247 4320 Turcorum,
2308 4256 2784 4326 Sarracenorum,
2855 4256 3133 4325 Arabum,
3206 4255 3554 4313 Publicano-

1902 4361 2056 4410 rum,
2082 4349 2138 4399 et
2168 4342 2414 4399 aliorum
2433 4361 2818 4418 paganorum.
2841 4345 2940 4417 qui
2961 4344 3301 4402 munierunt
3321 4345 3563 4402 mirabi.

1901 4431 2035 4486 liter
2063 4429 2208 4486 illud
2239 4433 2521 4500 castrum,
2556 4435 2614 4487 et
2643 4431 3035 4488 defendebant
3064 4449 3124 4489 se
3169 4431 3409 4490 fortiter.
3457 4438 3560 4490 Ca-

1833 4545 1876 4608 D
1910 4525 2096 4576 strum
2127 4537 2359 4592 quoque
2377 4525 2501 4576 erat
2522 4519 2700 4576 nimis
2719 4521 2863 4578 forte
2881 4525 2938 4577 et
2958 4509 3143 4578 altum
3163 4539 3340 4595 super
3355 4539 3562 4595 quem-

1911 4609 2047 4664 dam
2081 4612 2359 4677 montem,
2395 4613 2452 4665 et
2473 4608 2769 4665 clauditur
2789 4628 2822 4666 a
2840 4609 3070 4667 duobus
3093 4611 3297 4668 muris.
3325 4611 3450 4669 Uno
3473 4612 3566 4669 die

1901 4699 2166 4754 exierunt
2196 4698 2640 4772 quatuordecim
2659 4715 2727 4756 ex
2743 4699 2963 4756 nostris
2981 4697 3292 4771 militibus,
3317 4705 3376 4758 et
3395 4701 3568 4774 equi-

1902 4787 2004 4843 tati
2039 4791 2180 4844 sunt
2213 4787 2496 4861 Tripolim
2551 4787 2871 4860 civitatem,
2924 4806 3052 4863 qua
3099 4788 3279 4846 distat
3310 4807 3344 4847 a
3373 4796 3570 4848 castro

1903 4881 2031 4932 octo
2064 4875 2360 4932 milliaria.
2393 4875 2493 4933 Isti
2527 4877 2766 4935 fuerunt
2785 4873 3025 4949 milites,
3051 4877 3276 4936 scilicet
3297 4879 3576 4937 Raimun-

1905 4967 2016 5022 dus
2046 4966 2116 5022 de
2149 4967 2377 5022 Torena
2404 4965 2748 5036 vicecomes,
2801 4970 2858 5024 et
2887 4967 3093 5025 Petrus
3143 4967 3466 5026 vicecomes
3498 4969 3569 5026 de

1905 5055 2214 5122 Castellon,
2269 5059 2327 5111 et
2371 5057 2705 5112 Amanevus
2753 5057 2824 5112 de
2878 5056 3156 5126 Lobreto,
3187 5061 3244 5114 et
3272 5057 3573 5128 Sicardus,

1903 5149 1962 5200 et
1986 5145 2136 5218 Bego
2168 5144 2237 5200 de
2269 5143 2519 5214 Riberie,
2555 5144 2907 5203 Guillelmus
2939 5146 3167 5216 Botius,
3211 5151 3270 5204 et
3298 5147 3397 5204 alii
3429 5165 3572 5220 quo-

1906 5250 2040 5288 rum
2072 5231 2312 5288 nomina
2331 5232 2555 5306 ignoro.
2583 5233 2684 5290 Isti
2709 5233 3157 5308 quatuordecim
3180 5233 3397 5292 milites
3421 5236 3575 5292 inve'

1911 5327 2125 5378 nerunt
2155 5323 2459 5396 sexaginta
2490 5321 2643 5380 inter
2672 5324 2898 5381 Turcos
2927 5327 2985 5381 et
3011 5324 3260 5394 Arabes,
3305 5323 3578 5382 Sarrace-

1912 5429 2043 5484 nos,
2077 5415 2133 5470 et
2163 5414 2392 5479 Curtos,
2424 5412 2525 5484 qui
2557 5413 2929 5470 deducebant
2959 5417 3093 5472 ante
3125 5432 3186 5474 se
3215 5415 3452 5472 nostros
3473 5413 3580 5469 ho-

1914 5507 2134 5568 mines,
2161 5503 2218 5556 et
2249 5500 2530 5559 animalia
2558 5503 2748 5578 magis
2777 5518 2961 5574 quam
2990 5501 3155 5562 mille
3203 5499 3586 5576 quingentos,

1917 5594 2083 5667 Quos
2114 5590 2457 5654 invaserunt
2487 5592 2671 5654 nostri
2699 5589 2925 5652 muniti
2957 5591 3127 5674 signo
3159 5583 3386 5652 crucis:
3439 5581 3592 5644 occi-
