3994 6066
426 274 538 335 8H

930 274 1033 335 AD
1078 275 1593 340 GODEFBIDUM
1637 275 1968 338 APPEND.
2012 276 2091 338 ΙΙ.
2120 307 2203 325 -
2243 277 2557 343 MONUM.
2605 281 2707 342 DE
2749 281 2996 347 BELLO
3038 284 3312 349 SAGBO.

3713 287 3840 349 8!!

425 410 753 479 dcruntque
785 424 885 462 sex
915 407 1137 474 cxillis,
1163 413 1333 464 ctsex
1349 428 1528 481 equos
1548 410 1932 465 retinuerunt.
1960 409 2080 466 Alia
2106 411 2161 478 Α
2191 412 2353 485 ginta
2385 414 2456 469 ab
2491 414 2641 483 aliis,
2676 420 2731 471 et
2762 416 3235 473 invenerunttria
3254 418 3439 474 millia
3454 419 3838 477 camelorum.

425 497 517 552 die
549 496 810 551 exierunt
842 495 911 551 de
932 496 1183 552 exercitu
1208 498 1419 554 Christi
1446 499 1812 554 Raimundus
1837 499 2075 567 Piletus,

425 590 483 640 et
514 585 880 640 Raimundus
908 585 1227 641 vicecomes
1259 588 1329 642 de
1361 588 1586 642 Torena
1616 586 1863 650 civitate,
1900 591 1955 641 et
1986 603 2077 642 ve-

426 678 640 730 nerunt
672 678 804 730 ante
834 675 1140 730 Tortosam
1165 675 1452 731 civitatem
1474 693 1607 731 cum
1627 675 1750 730 suis
1769 675 2075 743 militibus;

426 763 789 836 praeliatique
821 768 961 818 sunt
1010 764 1231 819 fortiter
1281 763 1462 831 illam,
1510 782 1636 836 quae
1686 769 1809 819 erat
1852 764 2081 819 munita

427 852 682 907 maxima
711 852 1093 908 multitudine
1124 870 1508 926 paganorum.
1544 854 1683 908 Sero
1715 858 1909 908 autem
1948 854 2076 924 jam

426 941 598 1008 facto,
633 944 998 997 recesserunt
1027 943 1212 997 nostri
1244 942 1303 996 in
1335 943 1591 1014 quodam
1637 940 1870 1015 angulo,
1909 942 2081 1013 juxta

426 1029 656 1097 silvam,
689 1029 885 1102 ibique
902 1030 1182 1103 hospitati
1201 1031 1462 1086 fecerunt
1478 1030 1601 1085 ﬁeri
1619 1029 2079 1086 innumerabiles

425 1118 608 1191 ignes,
645 1118 814 1190 quasi
848 1119 1078 1175 adesset
1096 1119 1287 1175 omnis
1306 1119 1594 1175 exercitus
1611 1119 2077 1175 Christianorum

425 1206 586 1273 Quod
616 1207 883 1263 videntes
929 1208 1163 1280 pagani,
1202 1207 1452 1264 maximo
1499 1212 1717 1264 terrore
1763 1206 2076 1279 perterriti,

422 1300 593 1353 nocte
622 1296 823 1351 furtim
855 1297 1148 1369 fugerunt,
1178 1302 1234 1353 et
1263 1297 1616 1353 dimiserunt
1644 1297 1935 1353 civitatem
1967 1296 2080 1369 ple-

422 1402 560 1441 nam
590 1385 864 1458 plurimis
913 1385 1083 1441 bonis
1116 1403 1242 1458 quae
1292 1386 1407 1441 sita
1446 1390 1534 1441 est
1562 1403 1741 1457 supra
1789 1384 2076 1459 Optimum

421 1478 657 1548 portum
690 1474 890 1530 maris.
925 1475 1191 1530 Crastina
1222 1479 1415 1530 autem
1449 1474 1543 1529 die
1572 1479 1856 1530 venerunt
1895 1473 2077 1530 nostri

421 1563 661 1631 milites,
693 1567 969 1636 putantes
1001 1563 1262 1635 undique
1295 1562 1570 1619 invadere
1600 1562 1787 1633 illam,
1831 1580 2078 1636 eamque

419 1653 764 1709 invenerunt
792 1668 1034 1708 vacuam
1066 1652 1364 1725 gentibus,
1401 1656 1458 1707 et
1488 1652 1772 1708 intrantes
1805 1652 1864 1707 in
1886 1669 1952 1707 ea
1980 1653 2079 1707 ha-

2189 500 2397 558 Omnia
2427 519 2558 559 vero
2588 502 2702 560 ista
2731 505 3009 561 animalia
3037 508 3403 563 deduxerunt
3432 500 3502 564 ad
3520 509 3843 565 exercitum

2188 589 2421 659 Christi,
2476 593 2631 648 unde
2679 592 2823 649 satis
2874 594 2985 649 fuit
3012 595 3143 651 laeta
3172 600 3294 653 tota
3344 596 3559 653 Christi
3606 597 3842 653 militia.

2188 679 2372 765 Naves
2404 680 2621 753 quippe
2665 688 2874 738 nostra;
2912 691 3198 741 venerunt
3243 704 3423 759 prope
3470 704 3576 743 nos
3605 686 3665 743 in
3697 704 3848 760 quo-

2189 768 2323 822 dam
2360 774 2552 839 portu,
2589 771 2854 842 quandiu
2887 772 3110 829 fuimus
3139 773 3199 828 in
3220 791 3287 830 ea
3306 776 3663 846 obsessione,
3695 776 3853 833 defe-

2188 860 2380 913 rentes
2414 859 2734 915 maximum
2758 867 3106 931 mercatum,
3128 862 3349 920 scilicet
3367 865 3751 934 frumentum,
3767 867 3853 921 vi-

2189 962 2354 1015 num,
2391 952 2446 1002 et
2479 965 2706 1016 carnes,
2741 954 2798 1006 et
2848 967 3070 1019 caseos,
3105 956 3161 1007 et
3191 952 3406 1022 oleum,
3453 959 3511 1010 et
3536 954 3845 1025 hordeum,

2189 1035 2344 1089 unde
2376 1037 2637 1092 maxima
2657 1039 2893 1095 ubertas
2912 1040 3023 1096 fuit
3048 1041 3107 1096 in
3124 1045 3244 1098 toto
3262 1042 3449 1099 hoste.
3482 1044 3544 1099 In
3562 1043 3663 1099 illa
3682 1061 3846 1101 nam-

2189 1137 2301 1192 que
2323 1122 2662 1180 obsessione
2679 1125 2927 1183 feliciter
2946 1129 3295 1202 martyrium
3317 1130 3513 1203 plures
3534 1149 3601 1187 ex
3621 1132 3841 1189 nostris

2189 1216 2552 1283 receperunt,
2583 1213 2870 1284 videlicet,
2904 1216 3151 1274 Peneius
3182 1218 3253 1275 de
3284 1219 3525 1289 Baulan,
3557 1226 3613 1277 et
3640 1222 3841 1279 Ansel-

2188 1315 2323 1354 mus
2354 1299 2423 1355 de
2456 1301 2837 1374 Risbemund,
2866 1304 3286 1363 etGuillelmus
3310 1307 3603 1376 Picardus,
3634 1316 3692 1367 et
3711 1311 3833 1382 alii,

2187 1402 2438 1457 quorum
2470 1391 2709 1447 nomina
2737 1392 2953 1449 nescio.
2987 1395 3072 1451 Ita
3098 1412 3230 1452 vero
3246 1401 3558 1454 tenuerunt
3576 1398 3724 1455 illud
3740 1417 3836 1457 ca-

2188 1479 2377 1531 strum
2408 1480 2813 1550 supradictum
2844 1500 2948 1555 per
2964 1488 3081 1541 tres
3098 1501 3349 1557 menses,
3371 1488 3566 1545 minus
3589 1507 3704 1548 uno
3721 1492 3837 1548 die.

2186 1564 2391 1637 Ibique
2424 1566 2852 1640 fuitjudicium
2887 1572 3104 1629 factum
3138 1575 3208 1631 de
3239 1575 3443 1633 lancea
3471 1579 3703 1636 Domini
3738 1598 3843 1637 vm

2188 1652 2312 1708 Kal.
2347 1655 2579 1726 Aprilis,
2615 1657 2812 1732 ibique
2858 1660 3081 1719 Pascha
3125 1664 3357 1720 Domini
3409 1665 3845 1726 celebraverunt

418 1741 767 1809 bitaverunt,
802 1741 1065 1812 quandiu
1095 1741 1355 1796 obsessio
1390 1740 1500 1795 fuit
1530 1745 1662 1796 ante
1693 1745 1951 1795 caslrum
1972 1740 2076 1794 Ar-
2108 1783 2155 1848 B
2185 1758 2242 1796 ιν
2277 1742 2361 1798 Id.
2394 1745 2634 1816 Aprilis.

418 1829 561 1885 chaa.
596 1830 779 1902 Prope
807 1830 979 1885 istam
1010 1834 1100 1885 est
1132 1828 1247 1885 alia
1278 1830 1442 1897 urbs,
1474 1846 1600 1901 quae
1633 1828 1850 1884 dicitur
1888 1829 2075 1884 Mara-

418 1919 560 1975 clea.
594 1918 937 1986 Amiralius,
969 1918 1070 1990 qui
1102 1934 1230 1973 eam
1254 1919 1508 1990 regebat,
1562 1922 1769 1990 pactus
1808 1922 1897 1973 est
1939 1934 2074 1972 cum

419 2007 659 2075 nostris,
693 2011 749 2062 et
778 2006 940 2063 misit
971 2010 1203 2063 nostros
1233 2007 1386 2061 infra
1426 2007 1738 2075 civitatem,
1772 2011 1828 2062 ct
1868 2004 2076 2062 vexilla

417 2101 638 2155 nostra.

708 2187 806 2240 llic
834 2185 1152 2241 obsederunt
1184 2185 1452 2241 Gibellum
1485 2187 1777 2241 civitatem.

484 2273 596 2329 Alii
628 2290 859 2347 quoque
891 2274 1169 2342 seniores,
1204 2273 1303 2345 qui
1335 2278 1500 2329 erant
1519 2272 1855 2339 Antiochia,
1876 2271 2073 2329 videli-

415 2368 506 2421 cet
534 2364 651 2419 dux
682 2361 1051 2428 Godefridus,
1084 2367 1140 2417 et
1172 2361 1549 2419 Flandrensis
1581 2379 1776 2418 comes
1826 2362 2068 2418 Rotber-

409 2457 528 2521 tus,
564 2456 620 2508 et
647 2451 1349 2519 Boamundus,venerunt
1381 2468 1565 2524 usque
1584 2451 1846 2507 Licbiam
1879 2451 2070 2507 civita-

410 2547 552 2609 tem,
586 2545 898 2613 sequentes
929 2541 1327 2596 Raimundum
1360 2542 1557 2596 Sancti
1591 2541 1820 2613 ZEgidii,
1866 2541 2068 2612 Itaque

410 2629 711 2687 Boamund
723 2646 792 2685 us
817 2628 1105 2701 separavit
1139 2645 1199 2684 se
1219 2629 1290 2684 ab
1310 2628 1462 2696 aliis,
1482 2634 1538 2684 et
1556 2646 1820 2685 reversus
1836 2632 1925 2684 est
1945 2631 2065 2683 An-

412 2718 714 2776 tiochiam.
747 2717 876 2773 Dux
904 2734 1137 2790 quoque
1190 2716 1559 2783 Godefridus,
1592 2722 1649 2773 et
1694 2717 2067 2773 Flandrensis

409 2792 625 2873 cernes,
660 2810 969 2879 sequentes
1003 2805 1402 2861 Raimundum
1425 2806 1620 2862 Sancti
1646 2805 1854 2878 Aigidii
1875 2823 2067 2877 perve-

409 2901 624 2953 nerunt
654 2896 725 2951 ad
757 2895 1077 2967 quamdam
1123 2895 1434 2963 civitatem,
1466 2894 1559 2949 cui
1608 2911 1819 2950 nomen
1866 2894 2062 2950 Gibel-

410 2986 555 3054 lnm,
599 3001 776 3058 quam
829 2984 1052 3040 fortiter
1093 2984 1492 3052 obsesserunt,
1523 2988 1579 3039 et
1608 2983 1852 3056 przeliati
1901 2988 2058 3038 sunt.

410 3074 780 3131 Raimundus
807 3089 1037 3145 quoque
1068 3076 1192 3128 erat
1213 3072 1269 3126 in
1294 3072 1628 3129 obsessione
1644 3072 1864 3139 Arehae,
1895 3089 2063 3128 vene-

2450 1836 2561 1889 !Iz'e
2589 1838 2701 1907 fuit
2719 1839 2997 1909 judicium
3026 1841 3092 1897 de
3120 1843 3310 1899 lancea
3336 1846 3574 1902 Domini.

2257 1920 2374 1976 Rex
2403 1938 2635 1995 quoque
2664 1925 2914 1999 Tripolis
2945 1946 3096 2002 sepe
3127 1931 3397 1989 mittebat
3427 1934 3663 1993 nuntios
3703 1935 3838 1993 Bai-

2184 2009 2403 2064 mundo
2436 2010 2632 2068 Sancti
2656 2014 2886 2087 rEgidii,
2921 2022 2985 2073 ut
3014 2018 3340 2077 dimisisset
3393 2027 3672 2081 castrum.
3714 2029 3835 2082 Au-

2183 2095 2409 2153 dientes
2440 2099 2549 2155 hoc
2584 2102 2782 2175 itaque
2814 2106 2997 2162 nostri
3053 2109 3331 2179 seniores,
3382 2111 3649 2170 videlicet
3696 2114 3832 2171 Rai-

2183 2187 2440 2243 mundus
2473 2188 2671 2247 Sancti
2719 2193 2949 2266 Egidii,
2983 2199 3040 2252 et
3069 2197 3185 2253 dux
3232 2199 3602 2270 Godefridus,
3633 2206 3691 2259 et
3718 2204 3830 2261 Ro-

2180 2273 2408 2332 tbertus
2439 2294 2632 2335 comes
2656 2280 3050 2354 Flandrensis,
3077 2290 3133 2342 et
3150 2286 3467 2346 Rotbertus
3482 2291 3659 2348 North
3670 2309 3831 2349 man-

2178 2379 2311 2430 nus,
2366 2371 2423 2421 et
2469 2368 2565 2422 alii
2615 2371 2928 2445 peregrini,
2974 2379 3031 2429 et
3077 2392 3145 2431 ex
3192 2375 3308 2434 alia
3354 2384 3516 2451 parte
3562 2380 3825 2440 videntes

2178 2451 2403 2510 fructus
2435 2472 2612 2512 novos
2642 2476 3002 2532 properasse,
3035 2465 3316 2536 quoniam
3346 2468 3408 2523 in
3438 2485 3639 2527 mense
3669 2472 3823 2528 Mar-

2175 2540 2254 2594 tio
2277 2544 2713 2633 manducabant
2742 2565 2920 2605 novas
2950 2551 3136 2620 fabas,
3168 2558 3225 2609 et
3262 2554 3322 2611 in
3352 2557 3543 2615 medio
3586 2575 3825 2633 quoque

2175 2630 2357 2720 Aprili
2392 2649 2603 2690 novum
2651 2636 3036 2708 frumentum,
3082 2643 3372 2700 consiliati
3402 2630 3671 2720 majores
3700 2630 3823 2706 sive

2171 2717 2426 2774 minores
2458 2721 2748 2792 dicebant,
2783 2729 2937 2799 qnod
2967 2729 3189 2785 bonum
3217 2738 3373 2789 esset
3404 2717 3823 2810 Hierosolymi-

2171 2810 2376 2897 tanum
2426 2809 2535 2865 iter
2583 2828 2716 2868 cum
2766 2815 2930 2872 novis
2978 2818 3266 2877 fructibus
3319 2822 3590 2897 incipere.
3641 2826 3712 2882 Et
3739 2826 3825 2883 ita

2172 2892 2556 2955 laudaverunt
2584 2919 2786 2959 omnes
2818 2905 3004 2962 facere
3033 2907 3314 2980 placitum
3345 2892 3480 2968 cum
3510 2930 3662 2988 rege.
3695 2915 3827 2973 Dis-

2170 2992 2476 3083 cesserunt
2509 2989 2687 3062 igitur
2716 3009 2750 3048 a
2779 3000 2988 3064 castro,
3021 3002 3079 3070 et
3106 3005 3491 3070 pervenerunt
3533 3003 3821 3076 Tripolim

2167 3078 2229 3165 in
2260 3080 2422 3131 sexta
2446 3078 2612 3147 feria,
2649 3082 2714 3137 43
2747 3083 2840 3138 die
2867 3083 3123 3142 intrante
3154 3088 3327 3157 Maio,
3361 3090 3556 3164 ibique
3576 3109 3681 3165 per
3698 3100 3822 3152 tres

410 3167 665 3236 runtque
839 3162 1029 3218 nuntii
1060 3163 1219 3257 quod
1248 3163 1458 3235 pagani
1480 3162 1792 3257 veniebant
1814 3161 2061 3257 praeliari
2092 3153 2133 3219 C
2174 3162 2298 3218 dies
2330 3168 2536 3222 morati
2568 3176 2727 3226 sunt.
2760 3171 2829 3226 Et
2858 3176 3243 3234 concordatus
3276 3153 3384 3234 fuit
3422 3153 3521 3236 rex
3564 3153 3821 3257 ’l‘ripolis

406 3270 540 3310 cum
574 3269 661 3309 eo.
696 3251 798 3308 Ille
825 3268 1060 3323 quoque
1090 3251 1250 3307 misit
1270 3253 1606 3325 episcopum
1637 3251 1884 3306 Albariae
1918 3251 2053 3306 duci

353 3350 359 3357 '
405 3342 736 3408 Godefrido,
767 3343 825 3396 et
856 3341 1130 3396 Rotberto
1154 3340 1492 3395 Flandrensi
1519 3339 1738 3408 comiti,
1763 3345 2051 3412 quatenus

402 3432 698 3487 venissent
728 3430 798 3484 ad
832 3433 1090 3484 castrum
1119 3428 1340 3494 Arcbze,
1389 3429 1668 3500 quoniam
1713 3429 1925 3502 pagani
1955 3446 2050 3484 ve-

403 3520 645 3576 niebant
674 3517 933 3590 undique
963 3518 1297 3591 congregati
1330 3534 1590 3591 pugnare
1612 3534 1744 3573 eum
1769 3535 1834 3574 eo
1866 3523 1922 3574 et
1943 3536 2051 3575 sua

398 3611 587 3681 gente.
613 3605 777 3673 Quod
809 3623 942 3662 cum
975 3606 1236 3662 audisset
1265 3606 1379 3661 dux
1411 3606 1778 3675 Godefridus,
1810 3615 1867 3663 et
1892 3607 2051 3664 Flan-

401 3697 631 3753 drcnsis
657 3712 872 3763 comes,
906 3695 1166 3751 fecerunt
1200 3694 1475 3767 placitum
1517 3713 1650 3751 cum
1694 3697 2045 3767 ammiralio,

395 3785 495 3859 qui
527 3784 610 3841 eis
641 3800 824 3856 equos
840 3788 895 3839 et
913 3784 1210 3856 bysantios
1227 3784 1406 3852 dedit,
1428 3790 1485 3841 et
1499 3786 1869 3857 promisit_eis
1891 3789 2046 3858 quod

391 3874 453 3931 in
484 3875 696 3930 damno
730 3872 1052 3946 peregrinis
1084 3872 1268 3928 sancti
1288 3873 1537 3946 sepulcri
1559 3874 1813 3947 amplius
1831 3892 1943 3931 non
1962 3893 2048 3932 es-

392 3968 499 4020 set.
533 3964 660 4019 Dux
689 3961 1057 4029 Godefridus,
1092 3965 1149 4018 et
1180 3963 1554 4018 Flandrensis
1586 3980 1780 4019 comes
1811 3964 2048 4021 Rotber-

388 4057 504 4122 tus,
541 4053 883 4109 festinanter
913 4057 1291 4124 perrexerunt
1321 4053 1391 4107 ad
1418 4051 1819 4108 Raimundum
1846 4054 2044 4110 Sancti

388 4141 598 4214 Egidii
632 4141 691 4195 in
724 4141 1036 4212 adjutorio,
1072 4146 1127 4197 et
1147 4141 1423 4213 hospitati
1445 4147 1581 4198 sunt
1598 4158 1765 4198 secus
1783 4146 2038 4199 castrum

379 4230 551 4302 juxta
581 4230 846 4287 ﬂuvium.
882 4235 1083 4304 Itaque
1113 4232 1469 4287 obsederunt
1500 4237 1780 4286 castrum.
1814 4232 1925 4287 Sed
1956 4231 2041 4286 illi

386 4319 706 4393 supradicti
738 4319 947 4392 pagani
968 4321 1210 4376 minime
1225 4324 1509 4375 venerunt
1525 4321 1593 4375 ad
1616 4337 1891 4393 pugnam.
1913 4321 2039 4377 Non

383 4413 516 4480 post
545 4408 764 4465 multos
786 4408 910 4465 dies
942 4409 1352 4481 equitaverunt
1385 4409 1569 4464 nostri
1602 4416 1805 4465 contra
1833 4410 2037 4481 Tripo-

2163 3267 2298 3307 cum
2327 3254 2657 3313 Raimundo
2691 3260 2887 3317 Sancti
2915 3264 3151 3338 IEgidii,
3182 3271 3238 3322 et
3280 3284 3414 3324 cum
3463 3270 3595 3327 aliis
3625 3254 3820 3330 senio-

2163 3339 2346 3411 ribus,
2381 3343 2615 3419 illisque
2645 3351 2921 3409 continuo
2953 3353 3221 3411 dissolvit
3248 3356 3565 3430 plusquam
3596 3364 3822 3418 trecen-

2160 3433 2251 3522 t_os
2268 3434 2639 3522 peregrinos,
2674 3440 2774 3510 qui
2806 3440 2925 3496 illic
2955 3432 3106 3516 capti
3140 3450 3305 3501 erant
3334 3447 3404 3503 de
3436 3448 3614 3522 priori
3636 3450 3815 3509 bello.

2160 3518 2229 3572 Et
2246 3519 2412 3612 dedit
2441 3524 2771 3584 Raimundo
2803 3529 3137 3602 quindecim
3169 3535 3382 3592 milllia
3411 3518 3734 3612 bysantios,
3757 3544 3820 3599 et

2159 3608 2491 3680 quindecim
2524 3631 2706 3687 equos
2722 3620 2919 3692 magni
2936 3622 3124 3692 pretii,
3158 3629 3216 3680 et
3240 3625 3373 3681 fecit
3398 3608 3513 3683 illis
3530 3608 3814 3702 magnum

2158 3704 2483 3757 mercatum
2514 3703 2641 3759 fieri
2670 3707 2741 3762 de
2770 3709 2958 3780 equis.
2991 3715 3047 3766 et
3078 3711 3280 3781 asinis,
3316 3719 3373 3770 et
3421 3733 3589 3787 pane,
3623 3724 3681 3775 et
3710 3738 3816 3778 ca-

2158 3787 2295 3855 seis,
2328 3794 2384 3845 et
2413 3794 2645 3862 pannis,
2679 3800 2734 3851 et
2765 3799 3041 3856 omnibus
3073 3800 3261 3858 bonis.
3307 3803 3469 3861 Unde
3512 3807 3690 3865 nimis
3721 3810 3815 3866 di-

2155 3881 2279 3970 tata
2308 3879 2417 3970 fuit
2442 3885 2564 3937 tota
2593 3882 2809 3941 Christi
2841 3887 3066 3944 militia.
3106 3891 3174 3946 Et
3204 3894 3470 3948 convenit
3500 3895 3618 3952 illis
3648 3901 3810 3970 quod

2155 3966 2204 4021 si
2237 3968 2454 4025 bellum
2488 3973 2794 4030 devincere
2824 3978 3177 4047 potuissent,
3208 3983 3362 4054 quod
3398 3983 3481 4039 eis
3510 3966 3811 4044 Ammira-

2154 4053 2269 4110 lius
2303 4060 2683 4148 praeparabat,
2718 4066 2775 4117 et
2804 4063 3165 4122 Hierusalem
3197 4053 3631 4148 apprehendere
3658 4074 3813 4131 vale-

2155 4148 2300 4212 rent,
2352 4146 2448 4203 ille
2498 4149 2864 4208 Christianus
2906 4155 3233 4211 efficeretur
3261 4162 3319 4212 et
3347 4146 3565 4216 terram
3610 4163 3681 4218 ab
3715 4165 3808 4221 eis

2152 4233 2455 4306 acciperet.
2491 4238 2733 4311 Talique
2763 4247 3049 4299 conventu
3080 4244 3361 4317 placitum
3394 4248 3658 4307 locutum
3692 4253 3808 4310 fuit

2151 4326 2323 4395 atque
2382 4324 2621 4383 factum.
2674 4329 2879 4385 Postea
2928 4332 3328 4392 discesserunt
3364 4355 3399 4393 a
3429 4339 3662 4399 civitate
3711 4360 3806 4400 se-

2148 4413 2341 4467 cunda
2370 4414 2514 4470 feria
2543 4418 2722 4472 medii
2751 4420 2907 4488 Maii,
2960 4423 3477 4499 transiveruntque
3507 4446 3609 4502 per
3645 4432 3803 4490 viam

383 4497 508 4567 lim,
544 4502 600 4554 et
628 4497 975 4555 invenerunt
1009 4503 1170 4554 extra
1201 4498 1493 4553 civitatem
1536 4499 1776 4565 Turcos,
1811 4503 1867 4554 et
1894 4502 2033 4554 Ara-
2063 4519 2112 4584 D
2146 4505 2365 4556 arctam
2399 4507 2454 4558 et
2487 4505 2729 4562 arduam
2761 4511 2883 4564 tota
2914 4509 3007 4566 die
3037 4517 3094 4567 et
3124 4518 3312 4580 nocte,
3335 4497 3807 4589 etpervenerunt

381 4587 503 4654 bes,
537 4591 594 4643 ct
643 4588 1012 4656 Sarracenos,
1065 4604 1212 4660 quos
1260 4587 1599 4644 invaserunt
1646 4588 1943 4655 continuo,
1977 4594 2032 4643 et
2142 4589 2214 4643 ad
2248 4595 2529 4659 castrum,
2561 4594 2654 4649 cui
2688 4600 3232 4659 nomenBethelon.
3253 4587 3472 4661 Deinde
3489 4612 3808 4683 appropin-

378 4675 668 4731 miserunt
702 4692 800 4732 eos
850 4676 909 4732 in
957 4677 1178 4749 fugam,
1208 4680 1265 4733 et
1314 4676 1655 4731 occiderunt
1703 4677 2021 4732 maximam
2139 4686 2465 4749 quaverunt
2494 4682 2732 4753 civitati,
2764 4703 2889 4758 qua:
2920 4688 3135 4746 dicitur
3157 4691 3397 4749 Gibelon
3418 4675 3590 4753 secus
3612 4675 3802 4771 mare,

376 4767 599 4836 partem
630 4765 918 4821 nobilium
966 4765 1238 4821 civitatis.
1281 4766 1470 4822 Tanta
1499 4764 1611 4819 fuit
1657 4780 2019 4837 paganorum
2144 4765 2202 4820 in
2235 4785 2352 4839 qua
2382 4771 2540 4841 passi
2572 4772 2809 4829 fuerunt
2839 4792 3118 4850 magnam
3150 4780 3333 4849 sitim,
3368 4788 3425 4838 et
3455 4784 3539 4840 sic
3580 4764 3803 4846 defessi

372 4852 605 4922 oceisio,
638 4858 694 4910 et
738 4854 1043 4928 sanguinis
1086 4853 1323 4910 illorum
1367 4853 1593 4920 effusio,
1640 4854 1795 4925 quod
1840 4855 2018 4911 etiam
2129 4863 2517 4927 pervenerunt
2548 4862 2618 4915 ad
2641 4861 2890 4932 ﬂumen,
2913 4867 3070 4937 quod
3092 4868 3553 4942 diciturBraym.
3577 4875 3800 4938 Deinde

370 4958 524 5013 aqua
553 4959 680 5014 quae
710 4942 768 4998 in
801 4943 1030 4998 civitate
1062 4943 1281 5000 ﬂuebat
1307 4944 1613 4999 videbatur
1642 4943 1822 4999 rubea
1852 4961 2018 5000 ruere
2139 4946 2501 5001 transierunt
2550 4949 2642 5003 die
2674 4966 2740 5006 ac
2787 4958 2955 5009 nocte
3002 4956 3379 5015 Ascensionis
3425 4961 3659 5019 Domini
3692 4982 3801 5037 per

368 5029 427 5084 in
462 5030 746 5086 cisternas
777 5049 976 5087 eorum
1012 5032 1316 5104 sanguine.
1361 5032 1523 5087 Unde
1556 5031 1733 5087 nimis
1782 5033 2018 5088 fuerunt
2125 5039 2385 5090 montem
2419 5039 2773 5107 quemdam,
2809 5041 2869 5096 in
2892 5060 3008 5115 quo
3040 5045 3219 5103 nimis
3247 5053 3336 5103 est
3354 5050 3445 5105 via
3467 5029 3718 5124 angusta
3738 5060 3799 5111 et

366 5118 462 5174 alii
493 5120 692 5175 tristes
712 5125 768 5174 et
799 5119 1078 5186 dolentes,
1114 5121 1211 5191 qui
1243 5121 1302 5175 in
1336 5121 1563 5176 civitate
1596 5119 1705 5175 vivi
1728 5137 2019 5177 remanse-
2126 5125 2304 5190 arcta,
2338 5124 2536 5196 ibique
2567 5133 2917 5198 putaverunt
2947 5132 3219 5191 inimicos
3251 5141 3486 5195 nostros
3508 5118 3791 5201 invenire.

366 5208 684 5302 runtLJam
717 5224 849 5264 vero
880 5211 1235 5302 eranttanto
1289 5210 1498 5302 timore
1546 5208 1826 5302 exterriti,
1859 5211 2015 5282 quod
2126 5211 2260 5279 Sed,
2292 5212 2408 5269 Deo
2458 5222 2773 5287 annuente,
2828 5221 3027 5278 nullus
3079 5240 3283 5283 eorum
3332 5231 3699 5302 praeparabat
3728 5250 3794 5298 sa

361 5294 456 5351 vix
485 5294 698 5391 aliquis
727 5313 927 5352 eorum
960 5297 1212 5352 audebat
1241 5298 1395 5353 exire
1424 5302 1585 5353 extra
1604 5296 1854 5352 civitatis
1877 5314 2013 5368 por-
2124 5304 2256 5355 ante
2284 5306 2533 5360 nostros.
2566 5310 2655 5360 lta
2685 5317 3075 5379 pervenerunt
3108 5314 3180 5369 ad
3205 5294 3524 5385 civitatem,
3550 5336 3678 5391 quae
3700 5294 3794 5376 di;

360 5387 482 5483 tam
524 5382 810 5483 Alia‘vero
842 5386 933 5441 die
962 5386 1367 5483 equitaverunt
1399 5387 1579 5483 nostri
1613 5386 1767 5483 ultra
1795 5385 2008 5483 vallem
2125 5388 2289 5483 citur
2319 5390 2553 5483 Daruth,
2590 5399 2647 5450 et
2677 5397 2747 5451 de
2776 5396 2878 5453 illa
2904 5400 2975 5455 ad
3008 5401 3183 5459 aliam
3215 5420 3343 5476 qua:
3370 5382 3585 5463 dicitur
3605 5408 3796 5483 Sagit-

359 5471 591 5569 Desem,
622 5476 682 5569 et
708 5476 1055 5569 invenerunt
1084 5474 1278 5544 boves,
1311 5479 1367 5530 et
1413 5475 1632 5569 asinos,
1675 5478 1732 5569 et
1763 5492 1917 5543 oves,
1950 5479 2009 5532 et
2118 5479 2196 5569 ta,
2231 5482 2287 5533 et
2316 5478 2388 5569 de
2421 5480 2647 5554 Sagitta
2676 5486 2749 5541 ad
2785 5486 2963 5544 aliam
3000 5506 3129 5563 qua;
3176 5471 3420 5550 vocatur
3465 5495 3600 5569 Sur,
3632 5471 3794 5557 etvde

359 5558 548 5622 multa
574 5561 855 5624 animalia
876 5563 1004 5624 sine
1031 5580 1296 5635 numero,
1330 5569 1386 5623 ct
1413 5564 1736 5625 diviserunt
1755 5581 1817 5623 se
1848 5581 2008 5625 sexa—
2116 5565 2230 5622 Sur
2257 5568 2330 5625 ad
2360 5570 2568 5628 Acram
2586 5572 2879 5634 civitatem
2895 5558 3305 5652 pervenerunt.
3329 5585 3405 5641 De
3421 5558 3793 5649 Acra'trans-
