  <div class='ocr_page' id='page_1' title='image "/cluster/home/n/w/nwhite01/storage/ocr_20150623/155/hvd.32044054760137/410.png"; bbox 0 0 3998 6088; ppageno 0'>
   <div class='ocr_carea' id='block_1_1' title="bbox 109 216 227 280">
    <p class='ocr_par' dir='ltr' id='par_1_1' title="bbox 109 216 227 280">
     <span class='ocr_line' id='line_1_1' title="bbox 109 216 227 280; baseline 0 0"><span class='ocrx_word' id='word_1_1' title='bbox 109 216 227 280; x_wconf 73' lang='grc'>813</span> 
     </span>
    </p>
   </div>
   <div class='ocr_carea' id='block_1_2' title="bbox 782 204 2782 278">
    <p class='ocr_par' dir='ltr' id='par_1_2' title="bbox 782 204 2782 278">
     <span class='ocr_line' id='line_1_2' title="bbox 782 204 2782 278; baseline -0.005 -2"><span class='ocrx_word' id='word_1_2' title='bbox 782 215 857 278; x_wconf 85' lang='grc' dir='ltr'>Ρ.</span> <span class='ocrx_word' id='word_1_3' title='bbox 900 212 1301 278; x_wconf 88' lang='lat' dir='ltr'>TUDEBODI</span> <span class='ocrx_word' id='word_1_4' title='bbox 1341 211 1546 275; x_wconf 84' lang='lat' dir='ltr'>HIST.</span> <span class='ocrx_word' id='word_1_5' title='bbox 1591 209 1695 273; x_wconf 86' lang='lat' dir='ltr'>DE</span> <span class='ocrx_word' id='word_1_6' title='bbox 1736 207 2147 272; x_wconf 81' lang='lat' dir='ltr'>HIEBOSOL.</span> <span class='ocrx_word' id='word_1_7' title='bbox 2192 205 2376 270; x_wconf 86' lang='lat' dir='ltr'>ITIN.</span> <span class='ocrx_word' id='word_1_8' title='bbox 2408 240 2487 253; x_wconf 90' lang='lat'>-—</span> <span class='ocrx_word' id='word_1_9' title='bbox 2512 205 2664 269; x_wconf 90' lang='lat' dir='ltr'>LIB.</span> <span class='ocrx_word' id='word_1_10' title='bbox 2708 204 2782 267; x_wconf 84' lang='lat' dir='ltr'>V.</span> 
     </span>
    </p>
   </div>
   <div class='ocr_carea' id='block_1_3' title="bbox 3387 204 3507 266">
    <p class='ocr_par' dir='ltr' id='par_1_3' title="bbox 3387 204 3507 266">
     <span class='ocr_line' id='line_1_3' title="bbox 3387 204 3507 266; baseline -0.017 0"><span class='ocrx_word' id='word_1_11' title='bbox 3387 204 3507 266; x_wconf 70' lang='lat' dir='ltr'><strong>8M</strong></span> 
     </span>
    </p>
   </div>
   <div class='ocr_carea' id='block_1_4' title="bbox 105 334 3507 416">
    <p class='ocr_par' dir='ltr' id='par_1_4' title="bbox 105 334 3507 416">
     <span class='ocr_line' id='line_1_4' title="bbox 105 334 3507 416; baseline -0.004 -11"><span class='ocrx_word' id='word_1_12' title='bbox 105 343 296 406; x_wconf 86' lang='lat' dir='ltr'>ierunt</span> <span class='ocrx_word' id='word_1_13' title='bbox 339 363 511 404; x_wconf 90' lang='lat' dir='ltr'>secus</span> <span class='ocrx_word' id='word_1_14' title='bbox 558 350 840 413; x_wconf 87' lang='lat' dir='ltr'>castrum,</span> <span class='ocrx_word' id='word_1_15' title='bbox 875 345 967 400; x_wconf 90' lang='lat' dir='ltr'>cui</span> <span class='ocrx_word' id='word_1_16' title='bbox 1019 360 1233 400; x_wconf 84' lang='lat' dir='ltr'>nomen</span> <span class='ocrx_word' id='word_1_17' title='bbox 1278 343 1583 416; x_wconf 78' lang='lat' dir='ltr'>Cayphas;</span> <span class='ocrx_word' id='word_1_18' title='bbox 1614 342 1751 397; x_wconf 90' lang='lat' dir='ltr'>inde</span> <span class='ocrx_word' id='word_1_19' title='bbox 1780 345 1831 409; x_wconf 82' lang='grc' dir='ltr'>Α</span> <span class='ocrx_word' id='word_1_20' title='bbox 1861 345 2068 413; x_wconf 81' lang='lat' dir='ltr'>gentos</span> <span class='ocrx_word' id='word_1_21' title='bbox 2098 340 2335 403; x_wconf 81' lang='lat' dir='ltr'>Arabes,</span> <span class='ocrx_word' id='word_1_22' title='bbox 2359 343 2416 393; x_wconf 91' lang='lat' dir='ltr'>et</span> <span class='ocrx_word' id='word_1_23' title='bbox 2445 339 2687 401; x_wconf 90' lang='lat' dir='ltr'>Turcos,</span> <span class='ocrx_word' id='word_1_24' title='bbox 2708 340 2763 391; x_wconf 91' lang='lat' dir='ltr'>et</span> <span class='ocrx_word' id='word_1_25' title='bbox 2795 336 3165 400; x_wconf 76' lang='lat' dir='ltr'>Sarracenos,</span> <span class='ocrx_word' id='word_1_26' title='bbox 3186 350 3333 406; x_wconf 86' lang='lat' dir='ltr'>quos</span> <span class='ocrx_word' id='word_1_27' title='bbox 3354 334 3507 390; x_wconf 90' lang='lat' dir='ltr'>inva-</span> 
     </span>
    </p>
   </div>
   <div class='ocr_carea' id='block_1_5' title="bbox 110 424 1750 511">
    <p class='ocr_par' dir='ltr' id='par_1_5' title="bbox 110 424 1750 511">
     <span class='ocr_line' id='line_1_5' title="bbox 110 424 1750 511; baseline -0.005 -18"><span class='ocrx_word' id='word_1_28' title='bbox 110 438 493 511; x_wconf 88' lang='lat' dir='ltr'>pervenerunt</span> <span class='ocrx_word' id='word_1_29' title='bbox 512 424 841 492; x_wconf 34' lang='lat' dir='ltr'>&#39;Cesaream</span> <span class='ocrx_word' id='word_1_30' title='bbox 873 433 1189 501; x_wconf 88' lang='lat' dir='ltr'>civitatem,</span> <span class='ocrx_word' id='word_1_31' title='bbox 1210 431 1407 505; x_wconf 84' lang='lat' dir='ltr'>ibique</span> <span class='ocrx_word' id='word_1_32' title='bbox 1429 430 1750 488; x_wconf 88' lang='lat' dir='ltr'>celebrave-</span> 
     </span>
    </p>
   </div>
   <div class='ocr_carea' id='block_1_6' title="bbox 108 520 1750 582">
    <p class='ocr_par' dir='ltr' id='par_1_6' title="bbox 108 520 1750 582">
     <span class='ocr_line' id='line_1_6' title="bbox 108 520 1750 582; baseline -0.004 -1"><span class='ocrx_word' id='word_1_33' title='bbox 108 529 241 582; x_wconf 87' lang='lat' dir='ltr'>runt</span> <span class='ocrx_word' id='word_1_34' title='bbox 290 525 669 581; x_wconf 85' lang='lat' dir='ltr'>Pentecosten</span> <span class='ocrx_word' id='word_1_35' title='bbox 690 527 813 580; x_wconf 88' lang='lat' dir='ltr'>tota</span> <span class='ocrx_word' id='word_1_36' title='bbox 831 523 925 580; x_wconf 93' lang='lat' dir='ltr'>die</span> <span class='ocrx_word' id='word_1_37' title='bbox 954 526 1198 580; x_wconf 85' lang='lat' dir='ltr'>exeunte</span> <span class='ocrx_word' id='word_1_38' title='bbox 1217 520 1388 577; x_wconf 87' lang='lat' dir='ltr'>Maio.</span> <span class='ocrx_word' id='word_1_39' title='bbox 1415 521 1553 576; x_wconf 84' lang='lat' dir='ltr'>Inde</span> <span class='ocrx_word' id='word_1_40' title='bbox 1580 535 1750 575; x_wconf 87' lang='lat' dir='ltr'>vene-</span> 
     </span>
    </p>
   </div>
   <div class='ocr_carea' id='block_1_7' title="bbox 106 610 1750 685">
    <p class='ocr_par' dir='ltr' id='par_1_7' title="bbox 106 610 1750 685">
     <span class='ocr_line' id='line_1_7' title="bbox 106 610 1750 685; baseline -0.004 -16"><span class='ocrx_word' id='word_1_41' title='bbox 106 616 241 670; x_wconf 89' lang='lat' dir='ltr'>runt</span> <span class='ocrx_word' id='word_1_42' title='bbox 278 613 351 669; x_wconf 90' lang='lat' dir='ltr'>ad</span> <span class='ocrx_word' id='word_1_43' title='bbox 381 611 548 668; x_wconf 91' lang='lat' dir='ltr'>illam</span> <span class='ocrx_word' id='word_1_44' title='bbox 577 612 809 679; x_wconf 86' lang='lat' dir='ltr'>urbem,</span> <span class='ocrx_word' id='word_1_45' title='bbox 841 628 967 685; x_wconf 72' lang='lat' dir='ltr'>quis</span> <span class='ocrx_word' id='word_1_46' title='bbox 1015 610 1232 667; x_wconf 89' lang='lat' dir='ltr'>dicitur</span> <span class='ocrx_word' id='word_1_47' title='bbox 1273 610 1541 677; x_wconf 83' lang='lat' dir='ltr'>Ramma,</span> <span class='ocrx_word' id='word_1_48' title='bbox 1572 624 1750 681; x_wconf 90' lang='lat' dir='ltr'>quam</span> 
     </span>
    </p>
   </div>
   <div class='ocr_carea' id='block_1_8' title="bbox 106 698 1750 759">
    <p class='ocr_par' dir='ltr' id='par_1_8' title="bbox 106 698 1750 759">
     <span class='ocr_line' id='line_1_8' title="bbox 106 698 1750 759; baseline -0.005 0"><span class='ocrx_word' id='word_1_49' title='bbox 106 701 404 759; x_wconf 87' lang='lat' dir='ltr'>Sarraceni</span> <span class='ocrx_word' id='word_1_50' title='bbox 456 717 706 757; x_wconf 89' lang='lat' dir='ltr'>vacuam</span> <span class='ocrx_word' id='word_1_51' title='bbox 754 698 1107 756; x_wconf 90' lang='lat' dir='ltr'>dimiserunt</span> <span class='ocrx_word' id='word_1_52' title='bbox 1160 704 1321 754; x_wconf 90' lang='lat' dir='ltr'>metu</span> <span class='ocrx_word' id='word_1_53' title='bbox 1373 699 1750 755; x_wconf 80' lang='lat' dir='ltr'>Francorum.</span> 
     </span>
    </p>
   </div>
   <div class='ocr_carea' id='block_1_9' title="bbox 104 785 1753 862">
    <p class='ocr_par' dir='ltr' id='par_1_9' title="bbox 104 785 1753 862">
     <span class='ocr_line' id='line_1_9' title="bbox 104 785 1753 862; baseline -0.004 -14"><span class='ocrx_word' id='word_1_54' title='bbox 104 792 277 849; x_wconf 87' lang='lat' dir='ltr'>Juxta</span> <span class='ocrx_word' id='word_1_55' title='bbox 303 806 485 862; x_wconf 90' lang='lat' dir='ltr'>quam</span> <span class='ocrx_word' id='word_1_56' title='bbox 519 794 647 845; x_wconf 86' lang='lat' dir='ltr'>erat</span> <span class='ocrx_word' id='word_1_57' title='bbox 677 787 892 845; x_wconf 86' lang='lat' dir='ltr'>nobilis</span> <span class='ocrx_word' id='word_1_58' title='bbox 934 787 1198 853; x_wconf 84' lang='lat' dir='ltr'>ecclesia,</span> <span class='ocrx_word' id='word_1_59' title='bbox 1230 787 1291 842; x_wconf 90' lang='lat' dir='ltr'>in</span> <span class='ocrx_word' id='word_1_60' title='bbox 1323 803 1442 860; x_wconf 91' lang='lat' dir='ltr'>qua</span> <span class='ocrx_word' id='word_1_61' title='bbox 1470 785 1753 859; x_wconf 81' lang='lat' dir='ltr'>requievit</span> 
     </span>
    </p>
   </div>
   <div class='ocr_carea' id='block_1_10' title="bbox 108 874 1752 954">
    <p class='ocr_par' dir='ltr' id='par_1_10' title="bbox 108 874 1752 954">
     <span class='ocr_line' id='line_1_10' title="bbox 108 874 1752 954; baseline -0.004 -18"><span class='ocrx_word' id='word_1_62' title='bbox 108 877 605 954; x_wconf 85' lang='lat' dir='ltr'>pretiosissimum</span> <span class='ocrx_word' id='word_1_63' title='bbox 652 875 841 934; x_wconf 79' lang='lat' dir='ltr'>sancti</span> <span class='ocrx_word' id='word_1_64' title='bbox 879 876 1106 949; x_wconf 81' lang='lat' dir='ltr'>Georgii</span> <span class='ocrx_word' id='word_1_65' title='bbox 1139 892 1373 948; x_wconf 90' lang='lat' dir='ltr'>corpus,</span> <span class='ocrx_word' id='word_1_66' title='bbox 1404 874 1539 947; x_wconf 87' lang='lat' dir='ltr'>quia</span> <span class='ocrx_word' id='word_1_67' title='bbox 1568 874 1687 930; x_wconf 92' lang='lat' dir='ltr'>illic</span> <span class='ocrx_word' id='word_1_68' title='bbox 1717 890 1752 929; x_wconf 89' lang='lat' dir='ltr'>a</span> 
     </span>
    </p>
   </div>
   <div class='ocr_carea' id='block_1_11' title="bbox 108 963 1750 1041">
    <p class='ocr_par' dir='ltr' id='par_1_11' title="bbox 108 963 1750 1041">
     <span class='ocr_line' id='line_1_11' title="bbox 108 963 1750 1041; baseline -0.004 -17"><span class='ocrx_word' id='word_1_69' title='bbox 108 966 345 1041; x_wconf 83' lang='lat' dir='ltr'>perﬁdis</span> <span class='ocrx_word' id='word_1_70' title='bbox 377 965 625 1040; x_wconf 83' lang='lat' dir='ltr'>paganis</span> <span class='ocrx_word' id='word_1_71' title='bbox 665 981 769 1037; x_wconf 89' lang='lat' dir='ltr'>pro</span> <span class='ocrx_word' id='word_1_72' title='bbox 810 963 1026 1021; x_wconf 80' lang='lat' dir='ltr'>Christi</span> <span class='ocrx_word' id='word_1_73' title='bbox 1059 964 1295 1020; x_wconf 88' lang='lat' dir='ltr'>nomine</span> <span class='ocrx_word' id='word_1_74' title='bbox 1324 963 1567 1020; x_wconf 80' lang='lat' dir='ltr'>feliciter</span> <span class='ocrx_word' id='word_1_75' title='bbox 1595 979 1750 1018; x_wconf 89' lang='lat' dir='ltr'>mar-</span> 
     </span>
    </p>
   </div>
   <div class='ocr_carea' id='block_1_12' title="bbox 108 1051 1749 1131">
    <p class='ocr_par' dir='ltr' id='par_1_12' title="bbox 108 1051 1749 1131">
     <span class='ocr_line' id='line_1_12' title="bbox 108 1051 1749 1131; baseline -0.004 -19"><span class='ocrx_word' id='word_1_76' title='bbox 108 1057 323 1131; x_wconf 79' lang='lat' dir='ltr'>tyrium</span> <span class='ocrx_word' id='word_1_77' title='bbox 355 1054 639 1127; x_wconf 79' lang='lat' dir='ltr'>suscepit.</span> <span class='ocrx_word' id='word_1_78' title='bbox 668 1053 956 1110; x_wconf 83' lang='lat' dir='ltr'>Continuo</span> <span class='ocrx_word' id='word_1_79' title='bbox 977 1052 1266 1109; x_wconf 89' lang='lat' dir='ltr'>consiliati</span> <span class='ocrx_word' id='word_1_80' title='bbox 1288 1056 1427 1109; x_wconf 90' lang='lat' dir='ltr'>sunt</span> <span class='ocrx_word' id='word_1_81' title='bbox 1444 1051 1629 1109; x_wconf 87' lang='lat' dir='ltr'>nostri</span> <span class='ocrx_word' id='word_1_82' title='bbox 1658 1068 1749 1107; x_wconf 89' lang='lat' dir='ltr'>se-</span> 
     </span>
    </p>
   </div>
   <div class='ocr_carea' id='block_1_13' title="bbox 108 1139 1751 1215">
    <p class='ocr_par' dir='ltr' id='par_1_13' title="bbox 108 1139 1751 1215">
     <span class='ocr_line' id='line_1_13' title="bbox 108 1139 1751 1215; baseline -0.004 -13"><span class='ocrx_word' id='word_1_83' title='bbox 108 1145 319 1213; x_wconf 87' lang='lat' dir='ltr'>niores,</span> <span class='ocrx_word' id='word_1_84' title='bbox 352 1148 421 1200; x_wconf 89' lang='lat' dir='ltr'>ut</span> <span class='ocrx_word' id='word_1_85' title='bbox 439 1142 522 1199; x_wconf 88' lang='lat' dir='ltr'>ibi</span> <span class='ocrx_word' id='word_1_86' title='bbox 555 1142 929 1199; x_wconf 89' lang='lat' dir='ltr'>devotissime</span> <span class='ocrx_word' id='word_1_87' title='bbox 959 1141 1242 1215; x_wconf 83' lang='lat' dir='ltr'>eligerent</span> <span class='ocrx_word' id='word_1_88' title='bbox 1268 1142 1630 1215; x_wconf 86' lang='lat' dir='ltr'>episcopum,</span> <span class='ocrx_word' id='word_1_89' title='bbox 1651 1139 1751 1213; x_wconf 89' lang='lat' dir='ltr'>qui</span> 
     </span>
    </p>
   </div>
   <div class='ocr_carea' id='block_1_14' title="bbox 108 1230 1751 1305">
    <p class='ocr_par' dir='ltr' id='par_1_14' title="bbox 108 1230 1751 1305">
     <span class='ocr_line' id='line_1_14' title="bbox 108 1230 1751 1305; baseline -0.004 -13"><span class='ocrx_word' id='word_1_90' title='bbox 108 1235 256 1292; x_wconf 86' lang='lat' dir='ltr'>hanc</span> <span class='ocrx_word' id='word_1_91' title='bbox 286 1233 613 1291; x_wconf 79' lang='lat' dir='ltr'>custodiret</span> <span class='ocrx_word' id='word_1_92' title='bbox 641 1236 701 1289; x_wconf 92' lang='lat' dir='ltr'>et</span> <span class='ocrx_word' id='word_1_93' title='bbox 730 1236 954 1305; x_wconf 91' lang='lat' dir='ltr'>regeret</span> <span class='ocrx_word' id='word_1_94' title='bbox 988 1230 1323 1299; x_wconf 81' lang='lat' dir='ltr'>ecclesiam;</span> <span class='ocrx_word' id='word_1_95' title='bbox 1356 1231 1451 1287; x_wconf 89' lang='lat' dir='ltr'>cui</span> <span class='ocrx_word' id='word_1_96' title='bbox 1483 1248 1623 1287; x_wconf 90' lang='lat' dir='ltr'>suas</span> <span class='ocrx_word' id='word_1_97' title='bbox 1652 1231 1751 1287; x_wconf 92' lang='lat' dir='ltr'>de-</span> 
     </span>
    </p>
   </div>
   <div class='ocr_carea' id='block_1_15' title="bbox 108 1318 1751 1394">
    <p class='ocr_par' dir='ltr' id='par_1_15' title="bbox 108 1318 1751 1394">
     <span class='ocr_line' id='line_1_15' title="bbox 108 1318 1751 1394; baseline -0.004 -13"><span class='ocrx_word' id='word_1_98' title='bbox 108 1323 292 1381; x_wconf 87' lang='lat' dir='ltr'>cimas</span> <span class='ocrx_word' id='word_1_99' title='bbox 321 1322 629 1389; x_wconf 91' lang='lat' dir='ltr'>dederunt,</span> <span class='ocrx_word' id='word_1_100' title='bbox 665 1321 792 1378; x_wconf 91' lang='lat' dir='ltr'>auri</span> <span class='ocrx_word' id='word_1_101' title='bbox 824 1318 1049 1377; x_wconf 86' lang='lat' dir='ltr'>scilicet</span> <span class='ocrx_word' id='word_1_102' title='bbox 1075 1324 1131 1376; x_wconf 91' lang='lat' dir='ltr'>et</span> <span class='ocrx_word' id='word_1_103' title='bbox 1159 1320 1406 1394; x_wconf 85' lang='lat' dir='ltr'>argenti,</span> <span class='ocrx_word' id='word_1_104' title='bbox 1439 1325 1496 1376; x_wconf 92' lang='lat' dir='ltr'>et</span> <span class='ocrx_word' id='word_1_105' title='bbox 1525 1320 1751 1376; x_wconf 89' lang='lat' dir='ltr'>anima-</span> 
     </span>
    </p>
   </div>
   <div class='ocr_carea' id='block_1_16' title="bbox 106 1408 1753 1484">
    <p class='ocr_par' dir='ltr' id='par_1_16' title="bbox 106 1408 1753 1484">
     <span class='ocr_line' id='line_1_16' title="bbox 106 1408 1753 1484; baseline -0.004 -15"><span class='ocrx_word' id='word_1_106' title='bbox 106 1412 273 1479; x_wconf 85' lang='lat' dir='ltr'>lium,</span> <span class='ocrx_word' id='word_1_107' title='bbox 308 1415 367 1468; x_wconf 92' lang='lat' dir='ltr'>et</span> <span class='ocrx_word' id='word_1_108' title='bbox 394 1426 702 1484; x_wconf 90' lang='lat' dir='ltr'>equorum,</span> <span class='ocrx_word' id='word_1_109' title='bbox 726 1414 792 1465; x_wconf 89' lang='lat' dir='ltr'>ut</span> <span class='ocrx_word' id='word_1_110' title='bbox 821 1408 1236 1465; x_wconf 84' lang='lat' dir='ltr'>honestissime</span> <span class='ocrx_word' id='word_1_111' title='bbox 1262 1409 1549 1482; x_wconf 90' lang='lat' dir='ltr'>potuisset</span> <span class='ocrx_word' id='word_1_112' title='bbox 1567 1408 1753 1464; x_wconf 87' lang='lat' dir='ltr'>vivere</span> 
     </span>
    </p>
   </div>
   <div class='ocr_carea' id='block_1_17' title="bbox 106 1496 1755 1572">
    <p class='ocr_par' dir='ltr' id='par_1_17' title="bbox 106 1496 1755 1572">
     <span class='ocr_line' id='line_1_17' title="bbox 106 1496 1755 1572; baseline -0.004 -12"><span class='ocrx_word' id='word_1_113' title='bbox 106 1500 285 1561; x_wconf 88' lang='lat' dir='ltr'>simul</span> <span class='ocrx_word' id='word_1_114' title='bbox 317 1516 457 1557; x_wconf 90' lang='lat' dir='ltr'>cum</span> <span class='ocrx_word' id='word_1_115' title='bbox 487 1498 573 1556; x_wconf 90' lang='lat' dir='ltr'>eis</span> <span class='ocrx_word' id='word_1_116' title='bbox 602 1497 705 1572; x_wconf 89' lang='lat' dir='ltr'>qui</span> <span class='ocrx_word' id='word_1_117' title='bbox 753 1514 887 1554; x_wconf 91' lang='lat' dir='ltr'>cum</span> <span class='ocrx_word' id='word_1_118' title='bbox 919 1514 986 1554; x_wconf 86' lang='lat' dir='ltr'>eo</span> <span class='ocrx_word' id='word_1_119' title='bbox 1018 1499 1418 1554; x_wconf 84' lang='lat' dir='ltr'>remanebant.</span> <span class='ocrx_word' id='word_1_120' title='bbox 1452 1496 1755 1554; x_wconf 80' lang='lat' dir='ltr'>Remansit</span> 
     </span>
    </p>
   </div>
   <div class='ocr_carea' id='block_1_18' title="bbox 108 1585 1751 1664">
    <p class='ocr_par' dir='ltr' id='par_1_18' title="bbox 108 1585 1751 1664">
     <span class='ocr_line' id='line_1_18' title="bbox 108 1585 1751 1664; baseline -0.004 -17"><span class='ocrx_word' id='word_1_121' title='bbox 108 1605 347 1664; x_wconf 85' lang='lat' dir='ltr'>quoque</span> <span class='ocrx_word' id='word_1_122' title='bbox 373 1587 473 1644; x_wconf 91' lang='lat' dir='ltr'>ille</span> <span class='ocrx_word' id='word_1_123' title='bbox 517 1588 600 1644; x_wconf 89' lang='lat' dir='ltr'>ibi</span> <span class='ocrx_word' id='word_1_124' title='bbox 649 1604 782 1644; x_wconf 91' lang='lat' dir='ltr'>cum</span> <span class='ocrx_word' id='word_1_125' title='bbox 832 1587 1070 1661; x_wconf 82' lang='lat' dir='ltr'>gaudio.</span> <span class='ocrx_word' id='word_1_126' title='bbox 1104 1587 1209 1643; x_wconf 79' lang='lat' dir='ltr'>Alii</span> <span class='ocrx_word' id='word_1_127' title='bbox 1241 1593 1439 1643; x_wconf 90' lang='lat' dir='ltr'>autem</span> <span class='ocrx_word' id='word_1_128' title='bbox 1468 1585 1751 1653; x_wconf 63' lang='lat' dir='ltr'>laetantes,</span> 
     </span>
    </p>
   </div>
   <div class='ocr_carea' id='block_1_19' title="bbox 108 1675 1754 1749">
    <p class='ocr_par' dir='ltr' id='par_1_19' title="bbox 108 1675 1754 1749">
     <span class='ocr_line' id='line_1_19' title="bbox 108 1675 1754 1749; baseline -0.003 -14"><span class='ocrx_word' id='word_1_129' title='bbox 108 1678 332 1736; x_wconf 82' lang='lat' dir='ltr'>scilicet</span> <span class='ocrx_word' id='word_1_130' title='bbox 362 1677 733 1734; x_wconf 84' lang='lat' dir='ltr'>Raimundus</span> <span class='ocrx_word' id='word_1_131' title='bbox 761 1676 959 1733; x_wconf 85' lang='lat' dir='ltr'>Sancti</span> <span class='ocrx_word' id='word_1_132' title='bbox 997 1675 1230 1749; x_wconf 65' lang='lat' dir='ltr'>Egidii,</span> <span class='ocrx_word' id='word_1_133' title='bbox 1262 1680 1320 1732; x_wconf 91' lang='lat' dir='ltr'>et</span> <span class='ocrx_word' id='word_1_134' title='bbox 1349 1677 1467 1732; x_wconf 85' lang='lat' dir='ltr'>dux</span> <span class='ocrx_word' id='word_1_135' title='bbox 1494 1675 1754 1732; x_wconf 85' lang='lat' dir='ltr'>Godefri-</span> 
     </span>
    </p>
   </div>
   <div class='ocr_carea' id='block_1_20' title="bbox 111 1764 1753 1839">
    <p class='ocr_par' dir='ltr' id='par_1_20' title="bbox 111 1764 1753 1839">
     <span class='ocr_line' id='line_1_20' title="bbox 111 1764 1753 1839; baseline -0.004 -14"><span class='ocrx_word' id='word_1_136' title='bbox 111 1770 238 1837; x_wconf 90' lang='lat' dir='ltr'>dus,</span> <span class='ocrx_word' id='word_1_137' title='bbox 263 1784 403 1823; x_wconf 90' lang='lat' dir='ltr'>cum</span> <span class='ocrx_word' id='word_1_138' title='bbox 426 1764 560 1823; x_wconf 91' lang='lat' dir='ltr'>aliis</span> <span class='ocrx_word' id='word_1_139' title='bbox 594 1764 940 1839; x_wconf 87' lang='lat' dir='ltr'>peregrlnis,</span> <span class='ocrx_word' id='word_1_140' title='bbox 966 1769 1352 1838; x_wconf 90' lang='lat' dir='ltr'>pervenerunt</span> <span class='ocrx_word' id='word_1_141' title='bbox 1372 1782 1559 1837; x_wconf 91' lang='lat' dir='ltr'>usque</span> <span class='ocrx_word' id='word_1_142' title='bbox 1580 1765 1652 1820; x_wconf 91' lang='lat' dir='ltr'>ad</span> <span class='ocrx_word' id='word_1_143' title='bbox 1673 1765 1753 1820; x_wconf 87' lang='lat' dir='ltr'>ci-</span> 
     </span>
    </p>
   </div>
   <div class='ocr_carea' id='block_1_21' title="bbox 110 1853 1755 1926">
    <p class='ocr_par' dir='ltr' id='par_1_21' title="bbox 110 1853 1755 1926">
     <span class='ocr_line' id='line_1_21' title="bbox 110 1853 1755 1926; baseline -0.003 -12"><span class='ocrx_word' id='word_1_144' title='bbox 110 1857 348 1914; x_wconf 76' lang='lat' dir='ltr'>vitatem</span> <span class='ocrx_word' id='word_1_145' title='bbox 367 1855 752 1923; x_wconf 81' lang='lat' dir='ltr'>Hierusalem,</span> <span class='ocrx_word' id='word_1_146' title='bbox 767 1855 940 1911; x_wconf 89' lang='lat' dir='ltr'>tertia</span> <span class='ocrx_word' id='word_1_147' title='bbox 960 1853 1105 1910; x_wconf 88' lang='lat' dir='ltr'>feria</span> <span class='ocrx_word' id='word_1_148' title='bbox 1124 1854 1380 1911; x_wconf 87' lang='lat' dir='ltr'>intrante</span> <span class='ocrx_word' id='word_1_149' title='bbox 1398 1853 1492 1910; x_wconf 91' lang='lat' dir='ltr'>die</span> <span class='ocrx_word' id='word_1_150' title='bbox 1504 1854 1755 1926; x_wconf 89' lang='lat' dir='ltr'>septimo</span> 
     </span>
    </p>
   </div>
   <div class='ocr_carea' id='block_1_22' title="bbox 110 1942 1756 2017">
    <p class='ocr_par' dir='ltr' id='par_1_22' title="bbox 110 1942 1756 2017">
     <span class='ocr_line' id='line_1_22' title="bbox 110 1942 1756 2017; baseline -0.004 -14"><span class='ocrx_word' id='word_1_151' title='bbox 110 1945 291 2011; x_wconf 86' lang='lat' dir='ltr'>Junii,</span> <span class='ocrx_word' id='word_1_152' title='bbox 323 1961 571 2017; x_wconf 87' lang='lat' dir='ltr'>eamque</span> <span class='ocrx_word' id='word_1_153' title='bbox 612 1942 1023 2000; x_wconf 89' lang='lat' dir='ltr'>robustissime</span> <span class='ocrx_word' id='word_1_154' title='bbox 1067 1960 1245 2015; x_wconf 88' lang='lat' dir='ltr'>prope</span> <span class='ocrx_word' id='word_1_155' title='bbox 1276 1960 1478 1999; x_wconf 91' lang='lat' dir='ltr'>muros</span> <span class='ocrx_word' id='word_1_156' title='bbox 1507 1942 1756 1999; x_wconf 88' lang='lat' dir='ltr'>civitatis</span> 
     </span>
    </p>
   </div>
   <div class='ocr_carea' id='block_1_23' title="bbox 113 2030 1759 2105">
    <p class='ocr_par' dir='ltr' id='par_1_23' title="bbox 113 2030 1759 2105">
     <span class='ocr_line' id='line_1_23' title="bbox 113 2030 1759 2105; baseline -0.003 -13"><span class='ocrx_word' id='word_1_157' title='bbox 113 2035 482 2092; x_wconf 83' lang='lat' dir='ltr'>obsederunt.</span> <span class='ocrx_word' id='word_1_158' title='bbox 495 2033 811 2090; x_wconf 85' lang='lat' dir='ltr'>Rotbertus</span> <span class='ocrx_word' id='word_1_159' title='bbox 822 2031 1519 2105; x_wconf 89' lang='lat' dir='ltr'>namqueNorthmannus</span> <span class='ocrx_word' id='word_1_160' title='bbox 1530 2030 1759 2089; x_wconf 90' lang='lat' dir='ltr'>obsedit</span> 
     </span>
    </p>
   </div>
   <div class='ocr_carea' id='block_1_24' title="bbox 110 2120 1760 2195">
    <p class='ocr_par' dir='ltr' id='par_1_24' title="bbox 110 2120 1760 2195">
     <span class='ocr_line' id='line_1_24' title="bbox 110 2120 1760 2195; baseline -0.003 -14"><span class='ocrx_word' id='word_1_161' title='bbox 110 2141 237 2181; x_wconf 89' lang='lat' dir='ltr'>eam</span> <span class='ocrx_word' id='word_1_162' title='bbox 265 2141 301 2180; x_wconf 92' lang='lat' dir='ltr'>a</span> <span class='ocrx_word' id='word_1_163' title='bbox 334 2122 750 2195; x_wconf 87' lang='lat' dir='ltr'>septentrione,</span> <span class='ocrx_word' id='word_1_164' title='bbox 775 2122 946 2194; x_wconf 83' lang='lat' dir='ltr'>juxta</span> <span class='ocrx_word' id='word_1_165' title='bbox 990 2121 1187 2178; x_wconf 87' lang='lat' dir='ltr'>Sancti</span> <span class='ocrx_word' id='word_1_166' title='bbox 1237 2120 1517 2193; x_wconf 85' lang='lat' dir='ltr'>Stephani</span> <span class='ocrx_word' id='word_1_167' title='bbox 1569 2124 1760 2193; x_wconf 89' lang='lat' dir='ltr'>proto-</span> 
     </span>
    </p>
   </div>
   <div class='ocr_carea' id='block_1_25' title="bbox 111 2208 1760 2286">
    <p class='ocr_par' dir='ltr' id='par_1_25' title="bbox 111 2208 1760 2286">
     <span class='ocr_line' id='line_1_25' title="bbox 111 2208 1760 2286; baseline -0.002 -16"><span class='ocrx_word' id='word_1_168' title='bbox 111 2212 393 2286; x_wconf 82' lang='lat' dir='ltr'>martyris</span> <span class='ocrx_word' id='word_1_169' title='bbox 421 2210 749 2279; x_wconf 88' lang='lat' dir='ltr'>ecclesiam,</span> <span class='ocrx_word' id='word_1_170' title='bbox 782 2210 885 2267; x_wconf 92' lang='lat' dir='ltr'>ubi</span> <span class='ocrx_word' id='word_1_171' title='bbox 930 2212 1230 2283; x_wconf 86' lang='lat' dir='ltr'>gratanter</span> <span class='ocrx_word' id='word_1_172' title='bbox 1273 2210 1491 2283; x_wconf 82' lang='lat' dir='ltr'>recepit</span> <span class='ocrx_word' id='word_1_173' title='bbox 1536 2208 1760 2282; x_wconf 88' lang='lat' dir='ltr'>lapides</span> 
     </span>
    </p>
   </div>
   <div class='ocr_carea' id='block_1_26' title="bbox 111 2298 1763 2376">
    <p class='ocr_par' dir='ltr' id='par_1_26' title="bbox 111 2298 1763 2376">
     <span class='ocr_line' id='line_1_26' title="bbox 111 2298 1763 2376; baseline -0.003 -17"><span class='ocrx_word' id='word_1_174' title='bbox 111 2319 213 2376; x_wconf 89' lang='lat' dir='ltr'>pro</span> <span class='ocrx_word' id='word_1_175' title='bbox 243 2300 466 2358; x_wconf 86' lang='lat' dir='ltr'>Christi</span> <span class='ocrx_word' id='word_1_176' title='bbox 496 2300 755 2370; x_wconf 91' lang='lat' dir='ltr'>nomine,</span> <span class='ocrx_word' id='word_1_177' title='bbox 786 2303 844 2355; x_wconf 90' lang='lat' dir='ltr'>et</span> <span class='ocrx_word' id='word_1_178' title='bbox 864 2300 1036 2370; x_wconf 87' lang='lat' dir='ltr'>juxta</span> <span class='ocrx_word' id='word_1_179' title='bbox 1085 2314 1220 2355; x_wconf 90' lang='lat' dir='ltr'>eum</span> <span class='ocrx_word' id='word_1_180' title='bbox 1252 2299 1564 2355; x_wconf 84' lang='lat' dir='ltr'>Rotbertus</span> <span class='ocrx_word' id='word_1_181' title='bbox 1598 2298 1763 2355; x_wconf 87' lang='lat' dir='ltr'>Flau-</span> 
     </span>
    </p>
   </div>
   <div class='ocr_carea' id='block_1_27' title="bbox 111 2387 1761 2448">
    <p class='ocr_par' dir='ltr' id='par_1_27' title="bbox 111 2387 1761 2448">
     <span class='ocr_line' id='line_1_27' title="bbox 111 2387 1761 2448; baseline -0.002 -2"><span class='ocrx_word' id='word_1_182' title='bbox 111 2390 344 2448; x_wconf 88' lang='lat' dir='ltr'>drensis</span> <span class='ocrx_word' id='word_1_183' title='bbox 368 2404 588 2446; x_wconf 89' lang='lat' dir='ltr'>comes.</span> <span class='ocrx_word' id='word_1_184' title='bbox 610 2388 696 2444; x_wconf 82' lang='lat' dir='ltr'>Ab</span> <span class='ocrx_word' id='word_1_185' title='bbox 717 2387 1015 2444; x_wconf 89' lang='lat' dir='ltr'>occidente</span> <span class='ocrx_word' id='word_1_186' title='bbox 1036 2387 1265 2443; x_wconf 89' lang='lat' dir='ltr'>obsedit</span> <span class='ocrx_word' id='word_1_187' title='bbox 1283 2404 1411 2443; x_wconf 89' lang='lat' dir='ltr'>eam</span> <span class='ocrx_word' id='word_1_188' title='bbox 1435 2387 1552 2443; x_wconf 85' lang='lat' dir='ltr'>dux</span> <span class='ocrx_word' id='word_1_189' title='bbox 1573 2388 1761 2443; x_wconf 90' lang='lat' dir='ltr'>Gode—</span> 
     </span>
    </p>
   </div>
   <div class='ocr_carea' id='block_1_28' title="bbox 116 2477 1765 2545">
    <p class='ocr_par' dir='ltr' id='par_1_28' title="bbox 116 2477 1765 2545">
     <span class='ocr_line' id='line_1_28' title="bbox 116 2477 1765 2545; baseline -0.002 -9"><span class='ocrx_word' id='word_1_190' title='bbox 116 2481 329 2545; x_wconf 89' lang='lat' dir='ltr'>fridus,</span> <span class='ocrx_word' id='word_1_191' title='bbox 361 2483 423 2535; x_wconf 89' lang='lat' dir='ltr'>et</span> <span class='ocrx_word' id='word_1_192' title='bbox 469 2478 808 2534; x_wconf 89' lang='lat' dir='ltr'>Tancredus</span> <span class='ocrx_word' id='word_1_193' title='bbox 850 2492 984 2532; x_wconf 91' lang='lat' dir='ltr'>cum</span> <span class='ocrx_word' id='word_1_194' title='bbox 1035 2493 1123 2533; x_wconf 90' lang='lat' dir='ltr'>eo.</span> <span class='ocrx_word' id='word_1_195' title='bbox 1155 2479 1200 2531; x_wconf 85' lang='lat' dir='ltr'><strong>A</strong></span> <span class='ocrx_word' id='word_1_196' title='bbox 1247 2477 1491 2533; x_wconf 87' lang='lat' dir='ltr'>meridie</span> <span class='ocrx_word' id='word_1_197' title='bbox 1534 2477 1765 2533; x_wconf 85' lang='lat' dir='ltr'>obsedit</span> 
     </span>
    </p>
   </div>
   <div class='ocr_carea' id='block_1_29' title="bbox 113 2565 1766 2642">
    <p class='ocr_par' dir='ltr' id='par_1_29' title="bbox 113 2565 1766 2642">
     <span class='ocr_line' id='line_1_29' title="bbox 113 2565 1766 2642; baseline -0.002 -18"><span class='ocrx_word' id='word_1_198' title='bbox 113 2585 350 2642; x_wconf 81' lang='lat' dir='ltr'>quoque</span> <span class='ocrx_word' id='word_1_199' title='bbox 370 2583 501 2623; x_wconf 84' lang='lat' dir='ltr'>eam</span> <span class='ocrx_word' id='word_1_200' title='bbox 543 2566 915 2623; x_wconf 83' lang='lat' dir='ltr'>Raimundus</span> <span class='ocrx_word' id='word_1_201' title='bbox 944 2582 1140 2621; x_wconf 92' lang='lat' dir='ltr'>comes</span> <span class='ocrx_word' id='word_1_202' title='bbox 1169 2565 1367 2621; x_wconf 87' lang='lat' dir='ltr'>Sancti</span> <span class='ocrx_word' id='word_1_203' title='bbox 1395 2565 1627 2637; x_wconf 64' lang='lat' dir='ltr'>Egidii,</span> <span class='ocrx_word' id='word_1_204' title='bbox 1659 2565 1766 2622; x_wconf 92' lang='lat' dir='ltr'>sci-</span> 
     </span>
    </p>
   </div>
   <div class='ocr_carea' id='block_1_30' title="bbox 114 2653 1764 2728">
    <p class='ocr_par' dir='ltr' id='par_1_30' title="bbox 114 2653 1764 2728">
     <span class='ocr_line' id='line_1_30' title="bbox 114 2653 1764 2728; baseline -0.002 -15"><span class='ocrx_word' id='word_1_205' title='bbox 114 2658 251 2715; x_wconf 87' lang='lat' dir='ltr'>licet</span> <span class='ocrx_word' id='word_1_206' title='bbox 276 2658 339 2713; x_wconf 90' lang='lat' dir='ltr'>in</span> <span class='ocrx_word' id='word_1_207' title='bbox 361 2660 562 2714; x_wconf 91' lang='lat' dir='ltr'>monte</span> <span class='ocrx_word' id='word_1_208' title='bbox 590 2655 749 2722; x_wconf 92' lang='lat' dir='ltr'>Sion,</span> <span class='ocrx_word' id='word_1_209' title='bbox 775 2656 949 2728; x_wconf 81' lang='lat' dir='ltr'>juxta</span> <span class='ocrx_word' id='word_1_210' title='bbox 988 2653 1293 2711; x_wconf 89' lang='lat' dir='ltr'>ecclesiam</span> <span class='ocrx_word' id='word_1_211' title='bbox 1316 2655 1540 2710; x_wconf 68' lang='lat' dir='ltr'>Sanctae</span> <span class='ocrx_word' id='word_1_212' title='bbox 1571 2654 1764 2710; x_wconf 71' lang='lat' dir='ltr'>Mariis</span> 
     </span>
    </p>
   </div>
   <div class='ocr_carea' id='block_1_31' title="bbox 114 2742 1768 2817">
    <p class='ocr_par' dir='ltr' id='par_1_31' title="bbox 114 2742 1768 2817">
     <span class='ocr_line' id='line_1_31' title="bbox 114 2742 1768 2817; baseline -0.003 -12"><span class='ocrx_word' id='word_1_213' title='bbox 114 2747 326 2805; x_wconf 84' lang='lat' dir='ltr'>matris</span> <span class='ocrx_word' id='word_1_214' title='bbox 352 2744 610 2811; x_wconf 90' lang='lat' dir='ltr'>Domini,</span> <span class='ocrx_word' id='word_1_215' title='bbox 644 2743 745 2800; x_wconf 90' lang='lat' dir='ltr'>ubi</span> <span class='ocrx_word' id='word_1_216' title='bbox 790 2742 1066 2817; x_wconf 88' lang='lat' dir='ltr'>migravit</span> <span class='ocrx_word' id='word_1_217' title='bbox 1094 2758 1129 2800; x_wconf 92' lang='lat' dir='ltr'>a</span> <span class='ocrx_word' id='word_1_218' title='bbox 1156 2742 1392 2809; x_wconf 81' lang='lat' dir='ltr'>saeculo,</span> <span class='ocrx_word' id='word_1_219' title='bbox 1422 2747 1480 2799; x_wconf 93' lang='lat' dir='ltr'>et</span> <span class='ocrx_word' id='word_1_220' title='bbox 1510 2743 1609 2799; x_wconf 90' lang='lat' dir='ltr'>ubi</span> <span class='ocrx_word' id='word_1_221' title='bbox 1657 2743 1768 2800; x_wconf 92' lang='lat' dir='ltr'>Do-</span> 
     </span>
    </p>
   </div>
   <div class='ocr_carea' id='block_1_32' title="bbox 116 2831 1767 2905">
    <p class='ocr_par' dir='ltr' id='par_1_32' title="bbox 116 2831 1767 2905">
     <span class='ocr_line' id='line_1_32' title="bbox 116 2831 1767 2905; baseline -0.002 -13"><span class='ocrx_word' id='word_1_222' title='bbox 116 2837 322 2892; x_wconf 90' lang='lat' dir='ltr'>minus</span> <span class='ocrx_word' id='word_1_223' title='bbox 351 2833 600 2891; x_wconf 77' lang='lat' dir='ltr'>cmuavit</span> <span class='ocrx_word' id='word_1_224' title='bbox 626 2850 763 2890; x_wconf 90' lang='lat' dir='ltr'>cum</span> <span class='ocrx_word' id='word_1_225' title='bbox 793 2832 919 2889; x_wconf 85' lang='lat' dir='ltr'>suis</span> <span class='ocrx_word' id='word_1_226' title='bbox 948 2831 1273 2905; x_wconf 89' lang='lat' dir='ltr'>discipulis,</span> <span class='ocrx_word' id='word_1_227' title='bbox 1305 2837 1365 2889; x_wconf 92' lang='lat' dir='ltr'>et</span> <span class='ocrx_word' id='word_1_228' title='bbox 1394 2832 1493 2888; x_wconf 91' lang='lat' dir='ltr'>ubi</span> <span class='ocrx_word' id='word_1_229' title='bbox 1525 2838 1767 2889; x_wconf 90' lang='lat' dir='ltr'>sanctus</span> 
     </span>
    </p>
   </div>
   <div class='ocr_carea' id='block_1_33' title="bbox 115 2914 1770 2998">
    <p class='ocr_par' dir='ltr' id='par_1_33' title="bbox 115 2914 1770 2998">
     <span class='ocr_line' id='line_1_33' title="bbox 115 2914 1770 2998; baseline -0.004 -15"><span class='ocrx_word' id='word_1_230' title='bbox 115 2925 377 2998; x_wconf 86' lang='lat' dir='ltr'>Spiritus</span> <span class='ocrx_word' id='word_1_231' title='bbox 404 2921 467 2978; x_wconf 93' lang='lat' dir='ltr'>in</span> <span class='ocrx_word' id='word_1_232' title='bbox 517 2923 695 2979; x_wconf 93' lang='lat' dir='ltr'>corda</span> <span class='ocrx_word' id='word_1_233' title='bbox 741 2920 1167 2994; x_wconf 89' lang='lat' dir='ltr'>discipulorum</span> <span class='ocrx_word' id='word_1_234' title='bbox 1217 2914 1541 2977; x_wconf 88' lang='lat' dir='ltr'>descendit.</span> <span class='ocrx_word' id='word_1_235' title='bbox 1573 2920 1770 2977; x_wconf 89' lang='lat' dir='ltr'>Tertia</span> 
     </span>
    </p>
   </div>
   <div class='ocr_carea' id='block_1_34' title="bbox 1860 422 3507 495">
    <p class='ocr_par' dir='ltr' id='par_1_34' title="bbox 1860 422 3507 495">
     <span class='ocr_line' id='line_1_34' title="bbox 1860 422 3507 495; baseline -0.004 -10"><span class='ocrx_word' id='word_1_236' title='bbox 1860 433 2065 485; x_wconf 90' lang='lat' dir='ltr'>serunt</span> <span class='ocrx_word' id='word_1_237' title='bbox 2094 429 2319 485; x_wconf 85' lang='lat' dir='ltr'>fortiter</span> <span class='ocrx_word' id='word_1_238' title='bbox 2346 427 2561 484; x_wconf 87' lang='lat' dir='ltr'>Christi</span> <span class='ocrx_word' id='word_1_239' title='bbox 2595 425 2832 482; x_wconf 90' lang='lat' dir='ltr'>milites.</span> <span class='ocrx_word' id='word_1_240' title='bbox 2854 425 2964 481; x_wconf 90' lang='lat' dir='ltr'>Sed</span> <span class='ocrx_word' id='word_1_241' title='bbox 2997 427 3120 479; x_wconf 88' lang='lat' dir='ltr'>tam</span> <span class='ocrx_word' id='word_1_242' title='bbox 3150 439 3366 495; x_wconf 84' lang='lat' dir='ltr'>magna</span> <span class='ocrx_word' id='word_1_243' title='bbox 3394 422 3507 479; x_wconf 85' lang='lat' dir='ltr'>fuit</span> 
     </span>
    </p>
   </div>
   <div class='ocr_carea' id='block_1_35' title="bbox 1857 511 3508 591">
    <p class='ocr_par' dir='ltr' id='par_1_35' title="bbox 1857 511 3508 591">
     <span class='ocr_line' id='line_1_35' title="bbox 1857 511 3508 591; baseline -0.004 -18"><span class='ocrx_word' id='word_1_244' title='bbox 1857 517 2045 575; x_wconf 89' lang='lat' dir='ltr'>virtus</span> <span class='ocrx_word' id='word_1_245' title='bbox 2070 534 2434 591; x_wconf 89' lang='lat' dir='ltr'>paganorum</span> <span class='ocrx_word' id='word_1_246' title='bbox 2465 532 2643 589; x_wconf 90' lang='lat' dir='ltr'>super</span> <span class='ocrx_word' id='word_1_247' title='bbox 2671 518 2923 581; x_wconf 91' lang='lat' dir='ltr'>nostros,</span> <span class='ocrx_word' id='word_1_248' title='bbox 2942 513 3098 585; x_wconf 89' lang='lat' dir='ltr'>quod</span> <span class='ocrx_word' id='word_1_249' title='bbox 3126 511 3387 583; x_wconf 62' lang='lat' dir='ltr'>undique</span> <span class='ocrx_word' id='word_1_250' title='bbox 3402 511 3508 567; x_wconf 88' lang='lat' dir='ltr'>cir-</span> 
     </span>
    </p>
   </div>
   <div class='ocr_carea' id='block_1_36' title="bbox 1859 601 3504 671">
    <p class='ocr_par' dir='ltr' id='par_1_36' title="bbox 1859 601 3504 671">
     <span class='ocr_line' id='line_1_36' title="bbox 1859 601 3504 671; baseline -0.004 -8"><span class='ocrx_word' id='word_1_251' title='bbox 1859 606 2307 663; x_wconf 81' lang='lat' dir='ltr'>cumcinxerunt</span> <span class='ocrx_word' id='word_1_252' title='bbox 2354 605 2506 671; x_wconf 90' lang='lat' dir='ltr'>illos,</span> <span class='ocrx_word' id='word_1_253' title='bbox 2557 610 2616 660; x_wconf 91' lang='lat' dir='ltr'>et</span> <span class='ocrx_word' id='word_1_254' title='bbox 2666 603 3004 659; x_wconf 89' lang='lat' dir='ltr'>occiderunt</span> <span class='ocrx_word' id='word_1_255' title='bbox 3055 601 3385 657; x_wconf 89' lang='lat' dir='ltr'>Achardum</span> <span class='ocrx_word' id='word_1_256' title='bbox 3433 601 3504 656; x_wconf 93' lang='lat' dir='ltr'>de</span> 
     </span>
    </p>
   </div>
   <div class='ocr_carea' id='block_1_37' title="bbox 1860 690 3505 767">
    <p class='ocr_par' dir='ltr' id='par_1_37' title="bbox 1860 690 3505 767">
     <span class='ocr_line' id='line_1_37' title="bbox 1860 690 3505 767; baseline -0.005 -14"><span class='ocrx_word' id='word_1_257' title='bbox 1860 695 2224 762; x_wconf 91' lang='lat' dir='ltr'>Mommerlo,</span> <span class='ocrx_word' id='word_1_258' title='bbox 2258 700 2314 751; x_wconf 92' lang='lat' dir='ltr'>et</span> <span class='ocrx_word' id='word_1_259' title='bbox 2343 695 2540 767; x_wconf 90' lang='lat' dir='ltr'>plures</span> <span class='ocrx_word' id='word_1_260' title='bbox 2568 694 2838 750; x_wconf 86' lang='lat' dir='ltr'>homines</span> <span class='ocrx_word' id='word_1_261' title='bbox 2883 707 3167 764; x_wconf 87' lang='lat' dir='ltr'>pauperes</span> <span class='ocrx_word' id='word_1_262' title='bbox 3206 690 3307 762; x_wconf 90' lang='lat' dir='ltr'>qui</span> <span class='ocrx_word' id='word_1_263' title='bbox 3338 693 3505 745; x_wconf 89' lang='lat' dir='ltr'>erant</span> 
     </span>
    </p>
   </div>
   <div class='ocr_carea' id='block_1_38' title="bbox 1858 778 3501 858">
    <p class='ocr_par' dir='ltr' id='par_1_38' title="bbox 1858 778 3501 858">
     <span class='ocr_line' id='line_1_38' title="bbox 1858 778 3501 858; baseline -0.005 -16"><span class='ocrx_word' id='word_1_264' title='bbox 1858 786 2024 858; x_wconf 90' lang='lat' dir='ltr'>pede.</span> <span class='ocrx_word' id='word_1_265' title='bbox 2044 789 2187 841; x_wconf 90' lang='lat' dir='ltr'>Cum</span> <span class='ocrx_word' id='word_1_266' title='bbox 2220 788 2415 840; x_wconf 90' lang='lat' dir='ltr'>autem</span> <span class='ocrx_word' id='word_1_267' title='bbox 2443 787 2709 839; x_wconf 87' lang='lat' dir='ltr'>tenerent</span> <span class='ocrx_word' id='word_1_268' title='bbox 2738 780 3065 837; x_wconf 89' lang='lat' dir='ltr'>nostrosita</span> <span class='ocrx_word' id='word_1_269' title='bbox 3085 779 3363 847; x_wconf 85' lang='lat' dir='ltr'>inclusos,</span> <span class='ocrx_word' id='word_1_270' title='bbox 3399 778 3501 851; x_wconf 90' lang='lat' dir='ltr'>qui</span> 
     </span>
    </p>
   </div>
   <div class='ocr_carea' id='block_1_39' title="bbox 1858 868 3499 946">
    <p class='ocr_par' dir='ltr' id='par_1_39' title="bbox 1858 868 3499 946">
     <span class='ocr_line' id='line_1_39' title="bbox 1858 868 3499 946; baseline -0.004 -16"><span class='ocrx_word' id='word_1_271' title='bbox 1858 891 2061 930; x_wconf 91' lang='lat' dir='ltr'>omnes</span> <span class='ocrx_word' id='word_1_272' title='bbox 2091 874 2377 946; x_wconf 87' lang='lat' dir='ltr'>putabant</span> <span class='ocrx_word' id='word_1_273' title='bbox 2404 873 2572 940; x_wconf 90' lang='lat' dir='ltr'>mori,</span> <span class='ocrx_word' id='word_1_274' title='bbox 2592 872 2749 928; x_wconf 90' lang='lat' dir='ltr'>venit</span> <span class='ocrx_word' id='word_1_275' title='bbox 2778 870 3017 944; x_wconf 89' lang='lat' dir='ltr'>quidam</span> <span class='ocrx_word' id='word_1_276' title='bbox 3040 871 3111 925; x_wconf 88' lang='lat' dir='ltr'>ab</span> <span class='ocrx_word' id='word_1_277' title='bbox 3134 868 3217 925; x_wconf 90' lang='lat' dir='ltr'>eis</span> <span class='ocrx_word' id='word_1_278' title='bbox 3234 868 3499 934; x_wconf 88' lang='lat' dir='ltr'>nuntius,</span> 
     </span>
    </p>
   </div>
   <div class='ocr_carea' id='block_1_40' title="bbox 1856 957 3500 1026">
    <p class='ocr_par' dir='ltr' id='par_1_40' title="bbox 1856 957 3500 1026">
     <span class='ocr_line' id='line_1_40' title="bbox 1856 957 3500 1026; baseline -0.003 -7"><span class='ocrx_word' id='word_1_279' title='bbox 1856 964 2071 1019; x_wconf 85' lang='lat' dir='ltr'>etdixit</span> <span class='ocrx_word' id='word_1_280' title='bbox 2095 962 2424 1019; x_wconf 80' lang='lat' dir='ltr'>Raimundo</span> <span class='ocrx_word' id='word_1_281' title='bbox 2454 961 2665 1017; x_wconf 89' lang='lat' dir='ltr'>Pileto:</span> <span class='ocrx_word' id='word_1_282' title='bbox 2702 984 2730 1011; x_wconf 84' lang='grc'>‹‹</span> <span class='ocrx_word' id='word_1_283' title='bbox 2750 960 2897 1026; x_wconf 87' lang='lat' dir='ltr'>Quid</span> <span class='ocrx_word' id='word_1_284' title='bbox 2927 959 3022 1014; x_wconf 90' lang='lat' dir='ltr'>hic</span> <span class='ocrx_word' id='word_1_285' title='bbox 3053 963 3173 1014; x_wconf 81' lang='lat' dir='ltr'>stas</span> <span class='ocrx_word' id='word_1_286' title='bbox 3205 975 3339 1013; x_wconf 92' lang='lat' dir='ltr'>cum</span> <span class='ocrx_word' id='word_1_287' title='bbox 3368 957 3500 1014; x_wconf 85' lang='lat' dir='ltr'>istis</span> 
     </span>
    </p>
   </div>
   <div class='ocr_carea' id='block_1_41' title="bbox 1859 1047 3501 1109">
    <p class='ocr_par' dir='ltr' id='par_1_41' title="bbox 1859 1047 3501 1109">
     <span class='ocr_line' id='line_1_41' title="bbox 1859 1047 3501 1109; baseline -0.003 -2"><span class='ocrx_word' id='word_1_288' title='bbox 1859 1052 2186 1109; x_wconf 84' lang='lat' dir='ltr'>militibus?</span> <span class='ocrx_word' id='word_1_289' title='bbox 2208 1053 2353 1107; x_wconf 89' lang='lat' dir='ltr'>Ecce</span> <span class='ocrx_word' id='word_1_290' title='bbox 2384 1068 2588 1107; x_wconf 88' lang='lat' dir='ltr'>omnes</span> <span class='ocrx_word' id='word_1_291' title='bbox 2618 1049 2801 1105; x_wconf 87' lang='lat' dir='ltr'>nostri</span> <span class='ocrx_word' id='word_1_292' title='bbox 2831 1049 2892 1104; x_wconf 91' lang='lat' dir='ltr'>in</span> <span class='ocrx_word' id='word_1_293' title='bbox 2924 1048 3107 1103; x_wconf 90' lang='lat' dir='ltr'>nimia</span> <span class='ocrx_word' id='word_1_294' title='bbox 3138 1047 3501 1103; x_wconf 89' lang='lat' dir='ltr'>districtione</span> 
     </span>
    </p>
   </div>
   <div class='ocr_carea' id='block_1_42' title="bbox 1860 1138 3505 1207">
    <p class='ocr_par' dir='ltr' id='par_1_42' title="bbox 1860 1138 3505 1207">
     <span class='ocr_line' id='line_1_42' title="bbox 1860 1138 3505 1207; baseline -0.005 -9"><span class='ocrx_word' id='word_1_295' title='bbox 1860 1141 2135 1207; x_wconf 86' lang='lat' dir='ltr'>Arabum,</span> <span class='ocrx_word' id='word_1_296' title='bbox 2169 1144 2225 1196; x_wconf 89' lang='lat' dir='ltr'>et</span> <span class='ocrx_word' id='word_1_297' title='bbox 2250 1142 2597 1205; x_wconf 88' lang='lat' dir='ltr'>Turcorum,</span> <span class='ocrx_word' id='word_1_298' title='bbox 2630 1144 2687 1195; x_wconf 88' lang='lat' dir='ltr'>et</span> <span class='ocrx_word' id='word_1_299' title='bbox 2741 1141 3193 1195; x_wconf 85' lang='lat' dir='ltr'>Sarracenorum</span> <span class='ocrx_word' id='word_1_300' title='bbox 3254 1140 3414 1203; x_wconf 90' lang='lat' dir='ltr'>sunt,</span> <span class='ocrx_word' id='word_1_301' title='bbox 3445 1138 3505 1191; x_wconf 75' lang='lat' dir='ltr'>et&#39;</span> 
     </span>
    </p>
   </div>
   <div class='ocr_carea' id='block_1_43' title="bbox 1860 1225 3503 1287">
    <p class='ocr_par' dir='ltr' id='par_1_43' title="bbox 1860 1225 3503 1287">
     <span class='ocr_line' id='line_1_43' title="bbox 1860 1225 3503 1287; baseline -0.004 -1"><span class='ocrx_word' id='word_1_302' title='bbox 1860 1231 2105 1287; x_wconf 85' lang='lat' dir='ltr'>forsitan</span> <span class='ocrx_word' id='word_1_303' title='bbox 2138 1230 2418 1286; x_wconf 89' lang='lat' dir='ltr'>omnesin</span> <span class='ocrx_word' id='word_1_304' title='bbox 2436 1229 2545 1284; x_wconf 89' lang='lat' dir='ltr'>hac</span> <span class='ocrx_word' id='word_1_305' title='bbox 2574 1228 2718 1284; x_wconf 90' lang='lat' dir='ltr'>hora</span> <span class='ocrx_word' id='word_1_306' title='bbox 2748 1228 2961 1283; x_wconf 89' lang='lat' dir='ltr'>mortui</span> <span class='ocrx_word' id='word_1_307' title='bbox 2994 1230 3149 1283; x_wconf 89' lang='lat' dir='ltr'>sunt.</span> <span class='ocrx_word' id='word_1_308' title='bbox 3169 1225 3503 1281; x_wconf 89' lang='lat' dir='ltr'>Succurrite</span> 
     </span>
    </p>
   </div>
   <div class='ocr_carea' id='block_1_44' title="bbox 1859 1312 3499 1393">
    <p class='ocr_par' dir='ltr' id='par_1_44' title="bbox 1859 1312 3499 1393">
     <span class='ocr_line' id='line_1_44' title="bbox 1859 1312 3499 1393; baseline -0.005 -17"><span class='ocrx_word' id='word_1_309' title='bbox 1859 1336 1996 1393; x_wconf 88' lang='lat' dir='ltr'>ergo</span> <span class='ocrx_word' id='word_1_310' title='bbox 2029 1318 2167 1375; x_wconf 89' lang='lat' dir='ltr'>illis.</span> <span class='ocrx_word' id='word_1_311' title='bbox 2204 1342 2231 1370; x_wconf 88' lang='lat'>»</span> <span class='ocrx_word' id='word_1_312' title='bbox 2264 1318 2578 1375; x_wconf 86' lang='lat' dir='ltr'>Audientes</span> <span class='ocrx_word' id='word_1_313' title='bbox 2623 1321 2820 1373; x_wconf 89' lang='lat' dir='ltr'>autem</span> <span class='ocrx_word' id='word_1_314' title='bbox 2865 1315 3050 1372; x_wconf 89' lang='lat' dir='ltr'>nostri</span> <span class='ocrx_word' id='word_1_315' title='bbox 3079 1315 3256 1371; x_wconf 90' lang='lat' dir='ltr'>verba</span> <span class='ocrx_word' id='word_1_316' title='bbox 3286 1312 3499 1383; x_wconf 90' lang='lat' dir='ltr'>nuntii,</span> 
     </span>
    </p>
   </div>
   <div class='ocr_carea' id='block_1_45' title="bbox 1859 1406 3505 1476">
    <p class='ocr_par' dir='ltr' id='par_1_45' title="bbox 1859 1406 3505 1476">
     <span class='ocr_line' id='line_1_45' title="bbox 1859 1406 3505 1476; baseline -0.003 -12"><span class='ocrx_word' id='word_1_317' title='bbox 1859 1409 2060 1464; x_wconf 86' lang='lat' dir='ltr'>statim</span> <span class='ocrx_word' id='word_1_318' title='bbox 2092 1412 2477 1464; x_wconf 89' lang='lat' dir='ltr'>cucurrerunt</span> <span class='ocrx_word' id='word_1_319' title='bbox 2506 1406 2675 1463; x_wconf 87' lang='lat' dir='ltr'>celeri</span> <span class='ocrx_word' id='word_1_320' title='bbox 2708 1424 2905 1475; x_wconf 85' lang='lat' dir='ltr'>cursu,</span> <span class='ocrx_word' id='word_1_321' title='bbox 2924 1410 2981 1461; x_wconf 90' lang='lat' dir='ltr'>et</span> <span class='ocrx_word' id='word_1_322' title='bbox 3008 1408 3293 1461; x_wconf 88' lang='lat' dir='ltr'>venerunt</span> <span class='ocrx_word' id='word_1_323' title='bbox 3317 1419 3505 1476; x_wconf 90' lang='lat' dir='ltr'>usque</span> 
     </span>
    </p>
   </div>
   <div class='ocr_carea' id='block_1_46' title="bbox 1861 1491 3505 1569">
    <p class='ocr_par' dir='ltr' id='par_1_46' title="bbox 1861 1491 3505 1569">
     <span class='ocr_line' id='line_1_46' title="bbox 1861 1491 3505 1569; baseline -0.005 -14"><span class='ocrx_word' id='word_1_324' title='bbox 1861 1498 1935 1555; x_wconf 89' lang='lat' dir='ltr'>ad</span> <span class='ocrx_word' id='word_1_325' title='bbox 1965 1497 2115 1565; x_wconf 93' lang='lat' dir='ltr'>illos,</span> <span class='ocrx_word' id='word_1_326' title='bbox 2151 1514 2298 1569; x_wconf 90' lang='lat' dir='ltr'>quos</span> <span class='ocrx_word' id='word_1_327' title='bbox 2326 1498 2673 1552; x_wconf 90' lang='lat' dir='ltr'>invenerunt</span> <span class='ocrx_word' id='word_1_328' title='bbox 2702 1496 2893 1551; x_wconf 88' lang='lat' dir='ltr'>adhuc</span> <span class='ocrx_word' id='word_1_329' title='bbox 2924 1491 3505 1567; x_wconf 66' lang='lat' dir='ltr'>praeliantes.Pagani</span> 
     </span>
    </p>
   </div>
   <div class='ocr_carea' id='block_1_47' title="bbox 1861 1581 3505 1660">
    <p class='ocr_par' dir='ltr' id='par_1_47' title="bbox 1861 1581 3505 1660">
     <span class='ocr_line' id='line_1_47' title="bbox 1861 1581 3505 1660; baseline -0.002 -18"><span class='ocrx_word' id='word_1_330' title='bbox 1861 1603 2095 1660; x_wconf 89' lang='lat' dir='ltr'>quoque</span> <span class='ocrx_word' id='word_1_331' title='bbox 2121 1586 2383 1642; x_wconf 89' lang='lat' dir='ltr'>videntes</span> <span class='ocrx_word' id='word_1_332' title='bbox 2417 1585 2968 1658; x_wconf 83' lang='lat' dir='ltr'>Hierosolymitanos</span> <span class='ocrx_word' id='word_1_333' title='bbox 2989 1581 3505 1651; x_wconf 86' lang='lat' dir='ltr'>milites,continuo</span> 
     </span>
    </p>
   </div>
   <div class='ocr_carea' id='block_1_48' title="bbox 1862 1670 3507 1745">
    <p class='ocr_par' dir='ltr' id='par_1_48' title="bbox 1862 1670 3507 1745">
     <span class='ocr_line' id='line_1_48' title="bbox 1862 1670 3507 1745; baseline -0.003 -14"><span class='ocrx_word' id='word_1_334' title='bbox 1862 1675 2185 1732; x_wconf 90' lang='lat' dir='ltr'>diviserunt</span> <span class='ocrx_word' id='word_1_335' title='bbox 2215 1692 2296 1743; x_wconf 91' lang='lat' dir='ltr'>se,</span> <span class='ocrx_word' id='word_1_336' title='bbox 2330 1679 2388 1730; x_wconf 92' lang='lat' dir='ltr'>et</span> <span class='ocrx_word' id='word_1_337' title='bbox 2418 1675 2681 1731; x_wconf 88' lang='lat' dir='ltr'>fecerunt</span> <span class='ocrx_word' id='word_1_338' title='bbox 2707 1675 2859 1730; x_wconf 89' lang='lat' dir='ltr'>inter</span> <span class='ocrx_word' id='word_1_339' title='bbox 2888 1690 2950 1729; x_wconf 92' lang='lat' dir='ltr'>se</span> <span class='ocrx_word' id='word_1_340' title='bbox 2979 1674 3095 1728; x_wconf 91' lang='lat' dir='ltr'>duo</span> <span class='ocrx_word' id='word_1_341' title='bbox 3129 1670 3507 1745; x_wconf 86' lang='lat' dir='ltr'>agmina.No-</span> 
     </span>
    </p>
   </div>
   <div class='ocr_carea' id='block_1_49' title="bbox 1862 1760 3507 1834">
    <p class='ocr_par' dir='ltr' id='par_1_49' title="bbox 1862 1760 3507 1834">
     <span class='ocr_line' id='line_1_49' title="bbox 1862 1760 3507 1834; baseline -0.004 -12"><span class='ocrx_word' id='word_1_342' title='bbox 1862 1765 2267 1833; x_wconf 89' lang='lat' dir='ltr'>stri,invocato</span> <span class='ocrx_word' id='word_1_343' title='bbox 2291 1764 2504 1819; x_wconf 88' lang='lat' dir='ltr'>Christi</span> <span class='ocrx_word' id='word_1_344' title='bbox 2534 1763 2769 1819; x_wconf 90' lang='lat' dir='ltr'>nomine</span> <span class='ocrx_word' id='word_1_345' title='bbox 2799 1767 2857 1819; x_wconf 93' lang='lat' dir='ltr'>et</span> <span class='ocrx_word' id='word_1_346' title='bbox 2884 1762 3072 1818; x_wconf 88' lang='lat' dir='ltr'>sancti</span> <span class='ocrx_word' id='word_1_347' title='bbox 3103 1760 3353 1834; x_wconf 89' lang='lat' dir='ltr'>sepulcri</span> <span class='ocrx_word' id='word_1_348' title='bbox 3365 1763 3507 1829; x_wconf 89' lang='lat' dir='ltr'>,tam</span> 
     </span>
    </p>
   </div>
   <div class='ocr_carea' id='block_1_50' title="bbox 1865 1850 3508 1924">
    <p class='ocr_par' dir='ltr' id='par_1_50' title="bbox 1865 1850 3508 1924">
     <span class='ocr_line' id='line_1_50' title="bbox 1865 1850 3508 1924; baseline -0.004 -14"><span class='ocrx_word' id='word_1_349' title='bbox 1865 1853 2090 1910; x_wconf 88' lang='lat' dir='ltr'>fortiter</span> <span class='ocrx_word' id='word_1_350' title='bbox 2132 1852 2462 1909; x_wconf 91' lang='lat' dir='ltr'>incredulos</span> <span class='ocrx_word' id='word_1_351' title='bbox 2502 1853 2842 1908; x_wconf 90' lang='lat' dir='ltr'>invaserunt</span> <span class='ocrx_word' id='word_1_352' title='bbox 2882 1852 3037 1924; x_wconf 92' lang='lat' dir='ltr'>quod</span> <span class='ocrx_word' id='word_1_353' title='bbox 3097 1850 3508 1922; x_wconf 88' lang='lat' dir='ltr'>unusquisque</span> 
     </span>
    </p>
   </div>
   <div class='ocr_carea' id='block_1_51' title="bbox 1865 1938 3506 2013">
    <p class='ocr_par' dir='ltr' id='par_1_51' title="bbox 1865 1938 3506 2013">
     <span class='ocr_line' id='line_1_51' title="bbox 1865 1938 3506 2013; baseline -0.004 -14"><span class='ocrx_word' id='word_1_354' title='bbox 1865 1942 2069 1999; x_wconf 91' lang='lat' dir='ltr'>stravit</span> <span class='ocrx_word' id='word_1_355' title='bbox 2098 1959 2295 1999; x_wconf 89' lang='lat' dir='ltr'>suum.</span> <span class='ocrx_word' id='word_1_356' title='bbox 2314 1942 2589 1998; x_wconf 90' lang='lat' dir='ltr'>Videntes</span> <span class='ocrx_word' id='word_1_357' title='bbox 2619 1940 3055 1997; x_wconf 84' lang='lat' dir='ltr'>auteminimici</span> <span class='ocrx_word' id='word_1_358' title='bbox 3074 1941 3229 2013; x_wconf 90' lang='lat' dir='ltr'>quod</span> <span class='ocrx_word' id='word_1_359' title='bbox 3249 1938 3506 2012; x_wconf 90' lang='lat' dir='ltr'>amplius</span> 
     </span>
    </p>
   </div>
   <div class='ocr_carea' id='block_1_52' title="bbox 1866 2029 3510 2104">
    <p class='ocr_par' dir='ltr' id='par_1_52' title="bbox 1866 2029 3510 2104">
     <span class='ocr_line' id='line_1_52' title="bbox 1866 2029 3510 2104; baseline -0.003 -16"><span class='ocrx_word' id='word_1_360' title='bbox 1866 2049 1981 2088; x_wconf 92' lang='lat' dir='ltr'>non</span> <span class='ocrx_word' id='word_1_361' title='bbox 2013 2032 2346 2104; x_wconf 87' lang='lat' dir='ltr'>potuissent</span> <span class='ocrx_word' id='word_1_362' title='bbox 2376 2035 2530 2087; x_wconf 82' lang='lat' dir='ltr'>stare</span> <span class='ocrx_word' id='word_1_363' title='bbox 2560 2035 2761 2087; x_wconf 89' lang='lat' dir='ltr'>contra</span> <span class='ocrx_word' id='word_1_364' title='bbox 2789 2029 3251 2086; x_wconf 88' lang='lat' dir='ltr'>Christianorum</span> <span class='ocrx_word' id='word_1_365' title='bbox 3286 2029 3510 2085; x_wconf 87' lang='lat' dir='ltr'>fortitu-</span> 
     </span>
    </p>
   </div>
   <div class='ocr_carea' id='block_1_53' title="bbox 1867 2118 3510 2192">
    <p class='ocr_par' dir='ltr' id='par_1_53' title="bbox 1867 2118 3510 2192">
     <span class='ocr_line' id='line_1_53' title="bbox 1867 2118 3510 2192; baseline -0.002 -16"><span class='ocrx_word' id='word_1_366' title='bbox 1867 2121 2089 2189; x_wconf 89' lang='lat' dir='ltr'>dinem,</span> <span class='ocrx_word' id='word_1_367' title='bbox 2120 2120 2328 2176; x_wconf 91' lang='lat' dir='ltr'>timore</span> <span class='ocrx_word' id='word_1_368' title='bbox 2353 2119 2534 2175; x_wconf 90' lang='lat' dir='ltr'>nimio</span> <span class='ocrx_word' id='word_1_369' title='bbox 2564 2119 2877 2192; x_wconf 87' lang='lat' dir='ltr'>perterriti,</span> <span class='ocrx_word' id='word_1_370' title='bbox 2909 2122 3209 2175; x_wconf 90' lang='lat' dir='ltr'>verterunt</span> <span class='ocrx_word' id='word_1_371' title='bbox 3238 2118 3510 2191; x_wconf 88' lang='lat' dir='ltr'>scapulas</span> 
     </span>
    </p>
   </div>
   <div class='ocr_carea' id='block_1_54' title="bbox 1868 2208 3514 2282">
    <p class='ocr_par' dir='ltr' id='par_1_54' title="bbox 1868 2208 3514 2282">
     <span class='ocr_line' id='line_1_54' title="bbox 1868 2208 3514 2282; baseline -0.001 -17"><span class='ocrx_word' id='word_1_372' title='bbox 1868 2213 2021 2265; x_wconf 92' lang='lat' dir='ltr'>retro</span> <span class='ocrx_word' id='word_1_373' title='bbox 2069 2216 2128 2265; x_wconf 92' lang='lat' dir='ltr'>et</span> <span class='ocrx_word' id='word_1_374' title='bbox 2174 2210 2465 2282; x_wconf 88' lang='lat' dir='ltr'>fugerunt.</span> <span class='ocrx_word' id='word_1_375' title='bbox 2498 2211 2653 2274; x_wconf 87' lang='lat' dir='ltr'>Quos</span> <span class='ocrx_word' id='word_1_376' title='bbox 2709 2208 2891 2264; x_wconf 86' lang='lat' dir='ltr'>nostri</span> <span class='ocrx_word' id='word_1_377' title='bbox 2933 2212 3352 2280; x_wconf 89' lang='lat' dir='ltr'>persequentes</span> <span class='ocrx_word' id='word_1_378' title='bbox 3396 2208 3514 2264; x_wconf 87' lang='lat' dir='ltr'>fere</span> 
     </span>
    </p>
   </div>
   <div class='ocr_carea' id='block_1_55' title="bbox 1871 2296 3516 2371">
    <p class='ocr_par' dir='ltr' id='par_1_55' title="bbox 1871 2296 3516 2371">
     <span class='ocr_line' id='line_1_55' title="bbox 1871 2296 3516 2371; baseline -0.001 -18"><span class='ocrx_word' id='word_1_379' title='bbox 1871 2315 1975 2371; x_wconf 87' lang='lat' dir='ltr'>per</span> <span class='ocrx_word' id='word_1_380' title='bbox 1988 2297 2181 2370; x_wconf 90' lang='lat' dir='ltr'>spatia</span> <span class='ocrx_word' id='word_1_381' title='bbox 2200 2301 2452 2369; x_wconf 85' lang='lat' dir='ltr'>quatuor</span> <span class='ocrx_word' id='word_1_382' title='bbox 2480 2296 2909 2364; x_wconf 89' lang='lat' dir='ltr'>milliariorum,</span> <span class='ocrx_word' id='word_1_383' title='bbox 2930 2298 3267 2353; x_wconf 78' lang='lat' dir='ltr'>occiderunt</span> <span class='ocrx_word' id='word_1_384' title='bbox 3299 2296 3516 2352; x_wconf 90' lang='lat' dir='ltr'>multos</span> 
     </span>
    </p>
   </div>
   <div class='ocr_carea' id='block_1_56' title="bbox 1871 2384 3518 2458">
    <p class='ocr_par' dir='ltr' id='par_1_56' title="bbox 1871 2384 3518 2458">
     <span class='ocr_line' id='line_1_56' title="bbox 1871 2384 3518 2458; baseline 0.001 -17"><span class='ocrx_word' id='word_1_385' title='bbox 1871 2404 1939 2442; x_wconf 83' lang='lat' dir='ltr'>ex</span> <span class='ocrx_word' id='word_1_386' title='bbox 1969 2386 2074 2454; x_wconf 91' lang='lat' dir='ltr'>eis,</span> <span class='ocrx_word' id='word_1_387' title='bbox 2109 2402 2412 2458; x_wconf 89' lang='lat' dir='ltr'>unumque</span> <span class='ocrx_word' id='word_1_388' title='bbox 2462 2385 2831 2442; x_wconf 88' lang='lat' dir='ltr'>retinuerunt</span> <span class='ocrx_word' id='word_1_389' title='bbox 2876 2385 3095 2454; x_wconf 83' lang='lat' dir='ltr'>vivum,</span> <span class='ocrx_word' id='word_1_390' title='bbox 3125 2385 3227 2458; x_wconf 91' lang='lat' dir='ltr'>qui</span> <span class='ocrx_word' id='word_1_391' title='bbox 3257 2403 3405 2442; x_wconf 92' lang='lat' dir='ltr'>nova</span> <span class='ocrx_word' id='word_1_392' title='bbox 3433 2384 3518 2442; x_wconf 91' lang='lat' dir='ltr'>eis</span> 
     </span>
    </p>
   </div>
   <div class='ocr_carea' id='block_1_57' title="bbox 1874 2472 3521 2548">
    <p class='ocr_par' dir='ltr' id='par_1_57' title="bbox 1874 2472 3521 2548">
     <span class='ocr_line' id='line_1_57' title="bbox 1874 2472 3521 2548; baseline 0 -17"><span class='ocrx_word' id='word_1_393' title='bbox 1874 2492 1976 2548; x_wconf 90' lang='lat' dir='ltr'>per</span> <span class='ocrx_word' id='word_1_394' title='bbox 2003 2472 2268 2531; x_wconf 85' lang='lat' dir='ltr'>ordinem</span> <span class='ocrx_word' id='word_1_395' title='bbox 2300 2475 2535 2543; x_wconf 89' lang='lat' dir='ltr'>diceret,</span> <span class='ocrx_word' id='word_1_396' title='bbox 2561 2480 2618 2531; x_wconf 88' lang='lat' dir='ltr'>et</span> <span class='ocrx_word' id='word_1_397' title='bbox 2646 2477 3011 2532; x_wconf 77' lang='lat' dir='ltr'>retinuerunt</span> <span class='ocrx_word' id='word_1_398' title='bbox 3038 2480 3157 2532; x_wconf 87' lang='lat' dir='ltr'>tres</span> <span class='ocrx_word' id='word_1_399' title='bbox 3188 2477 3444 2548; x_wconf 91' lang='lat' dir='ltr'>[centum</span> <span class='ocrx_word' id='word_1_400' title='bbox 3464 2480 3521 2531; x_wconf 91' lang='lat' dir='ltr'>et</span> 
     </span>
    </p>
   </div>
   <div class='ocr_carea' id='block_1_58' title="bbox 1871 2565 2494 2637">
    <p class='ocr_par' dir='ltr' id='par_1_58' title="bbox 1871 2565 2494 2637">
     <span class='ocr_line' id='line_1_58' title="bbox 1871 2565 2494 2637; baseline 0.005 -18"><span class='ocrx_word' id='word_1_401' title='bbox 1871 2569 1991 2620; x_wconf 88' lang='lat' dir='ltr'>tres</span> <span class='ocrx_word' id='word_1_402' title='bbox 2022 2567 2079 2621; x_wconf 81' lang='lat' dir='ltr'>in</span> <span class='ocrx_word' id='word_1_403' title='bbox 2109 2565 2262 2636; x_wconf 50' lang='grc' dir='ltr'>αἰῶ]</span> <span class='ocrx_word' id='word_1_404' title='bbox 2294 2581 2494 2637; x_wconf 89' lang='lat' dir='ltr'>equos.</span> 
     </span>
    </p>
   </div>
   <div class='ocr_carea' id='block_1_59' title="bbox 1946 2653 3517 2728">
    <p class='ocr_par' dir='ltr' id='par_1_59' title="bbox 1946 2653 3517 2728">
     <span class='ocr_line' id='line_1_59' title="bbox 1946 2653 3517 2728; baseline 0 -19"><span class='ocrx_word' id='word_1_405' title='bbox 1946 2655 2008 2709; x_wconf 91' lang='lat' dir='ltr'>ln</span> <span class='ocrx_word' id='word_1_406' title='bbox 2046 2653 2564 2728; x_wconf 82' lang='lat' dir='ltr'>[lierosolymitana</span> <span class='ocrx_word' id='word_1_407' title='bbox 2593 2656 2935 2711; x_wconf 86' lang='lat' dir='ltr'>obsessione</span> <span class='ocrx_word' id='word_1_408' title='bbox 2967 2658 3188 2711; x_wconf 85' lang='lat' dir='ltr'>tantam</span> <span class='ocrx_word' id='word_1_409' title='bbox 3212 2655 3373 2711; x_wconf 89' lang='lat' dir='ltr'>sitim</span> <span class='ocrx_word' id='word_1_410' title='bbox 3394 2655 3517 2710; x_wconf 86' lang='lat' dir='ltr'>fue-</span> 
     </span>
    </p>
   </div>
   <div class='ocr_carea' id='block_1_60' title="bbox 1873 2743 3517 2816">
    <p class='ocr_par' dir='ltr' id='par_1_60' title="bbox 1873 2743 3517 2816">
     <span class='ocr_line' id='line_1_60' title="bbox 1873 2743 3517 2816; baseline 0.001 -17"><span class='ocrx_word' id='word_1_411' title='bbox 1873 2747 2011 2799; x_wconf 92' lang='lat' dir='ltr'>runt</span> <span class='ocrx_word' id='word_1_412' title='bbox 2040 2743 2300 2816; x_wconf 89' lang='lat' dir='ltr'>perpessi</span> <span class='ocrx_word' id='word_1_413' title='bbox 2330 2744 2486 2816; x_wconf 88' lang='lat' dir='ltr'>quod</span> <span class='ocrx_word' id='word_1_414' title='bbox 2518 2744 2769 2800; x_wconf 90' lang='lat' dir='ltr'>suebant</span> <span class='ocrx_word' id='word_1_415' title='bbox 2797 2745 2955 2800; x_wconf 91' lang='lat' dir='ltr'>coria</span> <span class='ocrx_word' id='word_1_416' title='bbox 2984 2745 3184 2811; x_wconf 89' lang='lat' dir='ltr'>boum,</span> <span class='ocrx_word' id='word_1_417' title='bbox 3203 2761 3269 2800; x_wconf 90' lang='lat' dir='ltr'>ac</span> <span class='ocrx_word' id='word_1_418' title='bbox 3290 2743 3517 2801; x_wconf 84' lang='lat' dir='ltr'>bufalo-</span> 
     </span>
    </p>
   </div>
   <div class='ocr_carea' id='block_1_61' title="bbox 1875 2832 3519 2906">
    <p class='ocr_par' dir='ltr' id='par_1_61' title="bbox 1875 2832 3519 2906">
     <span class='ocr_line' id='line_1_61' title="bbox 1875 2832 3519 2906; baseline 0.001 -19"><span class='ocrx_word' id='word_1_419' title='bbox 1875 2833 2167 2898; x_wconf 91' lang='lat' dir='ltr'>rum,sive</span> <span class='ocrx_word' id='word_1_420' title='bbox 2198 2848 2563 2904; x_wconf 84' lang='lat' dir='ltr'>caprearum,</span> <span class='ocrx_word' id='word_1_421' title='bbox 2585 2832 2645 2888; x_wconf 90' lang='lat' dir='ltr'>in</span> <span class='ocrx_word' id='word_1_422' title='bbox 2676 2834 2892 2906; x_wconf 89' lang='lat' dir='ltr'>quibus</span> <span class='ocrx_word' id='word_1_423' title='bbox 2926 2833 3187 2889; x_wconf 88' lang='lat' dir='ltr'>ferebant</span> <span class='ocrx_word' id='word_1_424' title='bbox 3216 2850 3398 2906; x_wconf 90' lang='lat' dir='ltr'>aquas</span> <span class='ocrx_word' id='word_1_425' title='bbox 3416 2849 3519 2906; x_wconf 92' lang='lat' dir='ltr'>per</span> 
     </span>
    </p>
   </div>
   <div class='ocr_carea' id='block_1_62' title="bbox 1875 2920 3520 2997">
    <p class='ocr_par' dir='ltr' id='par_1_62' title="bbox 1875 2920 3520 2997">
     <span class='ocr_line' id='line_1_62' title="bbox 1875 2920 3520 2997; baseline 0.001 -20"><span class='ocrx_word' id='word_1_426' title='bbox 1875 2921 2065 2993; x_wconf 89' lang='lat' dir='ltr'>spatia</span> <span class='ocrx_word' id='word_1_427' title='bbox 2094 2937 2194 2977; x_wconf 87' lang='lat' dir='ltr'>sex</span> <span class='ocrx_word' id='word_1_428' title='bbox 2222 2920 2653 2988; x_wconf 89' lang='lat' dir='ltr'>milliariorum,</span> <span class='ocrx_word' id='word_1_429' title='bbox 2679 2927 2736 2978; x_wconf 91' lang='lat' dir='ltr'>et</span> <span class='ocrx_word' id='word_1_430' title='bbox 2765 2924 2847 2978; x_wconf 90' lang='lat' dir='ltr'>ita</span> <span class='ocrx_word' id='word_1_431' title='bbox 2874 2939 2943 2978; x_wconf 87' lang='lat' dir='ltr'>ex</span> <span class='ocrx_word' id='word_1_432' title='bbox 2970 2922 3087 2978; x_wconf 90' lang='lat' dir='ltr'>illis</span> <span class='ocrx_word' id='word_1_433' title='bbox 3114 2922 3369 2997; x_wconf 85' lang='lat' dir='ltr'>vasculis</span> <span class='ocrx_word' id='word_1_434' title='bbox 3398 2927 3520 2980; x_wconf 87' lang='lat' dir='ltr'>ute-</span> 
     </span>
    </p>
   </div>
   <div class='ocr_carea' id='block_1_63' title="bbox 116 3009 3516 3083">
    <p class='ocr_par' dir='ltr' id='par_1_63' title="bbox 116 3009 3516 3083">
     <span class='ocr_line' id='line_1_63' title="bbox 116 3009 3516 3083; baseline -0.001 -11"><span class='ocrx_word' id='word_1_435' title='bbox 116 3019 318 3072; x_wconf 87' lang='lat' dir='ltr'>autem</span> <span class='ocrx_word' id='word_1_436' title='bbox 345 3012 439 3068; x_wconf 91' lang='lat' dir='ltr'>die</span> <span class='ocrx_word' id='word_1_437' title='bbox 469 3011 734 3068; x_wconf 82' lang='lat' dir='ltr'>exierunt</span> <span class='ocrx_word' id='word_1_438' title='bbox 765 3011 837 3067; x_wconf 93' lang='lat' dir='ltr'>de</span> <span class='ocrx_word' id='word_1_439' title='bbox 867 3009 1084 3067; x_wconf 86' lang='lat' dir='ltr'>nostris</span> <span class='ocrx_word' id='word_1_440' title='bbox 1114 3009 1403 3067; x_wconf 88' lang='lat' dir='ltr'>militibus</span> <span class='ocrx_word' id='word_1_441' title='bbox 1422 3011 1494 3065; x_wconf 92' lang='lat' dir='ltr'>de</span> <span class='ocrx_word' id='word_1_442' title='bbox 1514 3010 1768 3065; x_wconf 85' lang='lat' dir='ltr'>exercitu</span> <span class='ocrx_word' id='word_1_443' title='bbox 1876 3010 2092 3065; x_wconf 89' lang='lat' dir='ltr'>bantur</span> <span class='ocrx_word' id='word_1_444' title='bbox 2122 3009 2303 3065; x_wconf 90' lang='lat' dir='ltr'>fetida</span> <span class='ocrx_word' id='word_1_445' title='bbox 2331 3014 2507 3082; x_wconf 91' lang='lat' dir='ltr'>atque</span> <span class='ocrx_word' id='word_1_446' title='bbox 2538 3010 2693 3067; x_wconf 90' lang='lat' dir='ltr'>olida</span> <span class='ocrx_word' id='word_1_447' title='bbox 2722 3028 2893 3083; x_wconf 88' lang='lat' dir='ltr'>aqua,</span> <span class='ocrx_word' id='word_1_448' title='bbox 2925 3011 3037 3067; x_wconf 90' lang='lat' dir='ltr'>nisi</span> <span class='ocrx_word' id='word_1_449' title='bbox 3070 3015 3301 3068; x_wconf 88' lang='lat' dir='ltr'>tantum</span> <span class='ocrx_word' id='word_1_450' title='bbox 3332 3029 3399 3068; x_wconf 87' lang='lat' dir='ltr'>ex</span> <span class='ocrx_word' id='word_1_451' title='bbox 3430 3013 3516 3068; x_wconf 85' lang='lat' dir='ltr'>fe-</span> 
     </span>
    </p>
   </div>
   <div class='ocr_carea' id='block_1_64' title="bbox 116 3084 3516 3174">
    <p class='ocr_par' dir='ltr' id='par_1_64' title="bbox 116 3084 3516 3174">
     <span class='ocr_line' id='line_1_64' title="bbox 116 3084 3516 3174; baseline -0.001 -13"><span class='ocrx_word' id='word_1_452' title='bbox 116 3102 309 3163; x_wconf 81' lang='lat' dir='ltr'>sancti</span> <span class='ocrx_word' id='word_1_453' title='bbox 330 3099 586 3174; x_wconf 88' lang='lat' dir='ltr'>sepulcri</span> <span class='ocrx_word' id='word_1_454' title='bbox 609 3116 790 3156; x_wconf 88' lang='lat' dir='ltr'>causa</span> <span class='ocrx_word' id='word_1_455' title='bbox 808 3098 1502 3172; x_wconf 67' lang='lat' dir='ltr'>praedandi,Raimundus</span> <span class='ocrx_word' id='word_1_456' title='bbox 1525 3097 1764 3171; x_wconf 86' lang='lat' dir='ltr'>Piletus,</span> <span class='ocrx_word' id='word_1_457' title='bbox 1795 3084 1838 3151; x_wconf 65' lang='grc' dir='ltr'>(ἶ</span> <span class='ocrx_word' id='word_1_458' title='bbox 1874 3097 1997 3153; x_wconf 87' lang='lat' dir='ltr'>tida</span> <span class='ocrx_word' id='word_1_459' title='bbox 2021 3114 2193 3170; x_wconf 91' lang='lat' dir='ltr'>aqua,</span> <span class='ocrx_word' id='word_1_460' title='bbox 2232 3103 2290 3154; x_wconf 85' lang='lat' dir='ltr'>et</span> <span class='ocrx_word' id='word_1_461' title='bbox 2318 3098 2637 3154; x_wconf 89' lang='lat' dir='ltr'>hordeaceo</span> <span class='ocrx_word' id='word_1_462' title='bbox 2670 3116 2819 3172; x_wconf 88' lang='lat' dir='ltr'>pane</span> <span class='ocrx_word' id='word_1_463' title='bbox 2850 3099 2908 3154; x_wconf 91' lang='lat' dir='ltr'>in</span> <span class='ocrx_word' id='word_1_464' title='bbox 2941 3099 3126 3156; x_wconf 88' lang='lat' dir='ltr'>nimia</span> <span class='ocrx_word' id='word_1_465' title='bbox 3154 3100 3516 3157; x_wconf 88' lang='lat' dir='ltr'>districtione</span> 
     </span>
    </p>
   </div>
   <div class='ocr_carea' id='block_1_65' title="bbox 114 3186 1769 3255">
    <p class='ocr_par' dir='ltr' id='par_1_65' title="bbox 114 3186 1769 3255">
     <span class='ocr_line' id='line_1_65' title="bbox 114 3186 1769 3255; baseline -0.004 -6"><span class='ocrx_word' id='word_1_466' title='bbox 114 3198 172 3249; x_wconf 90' lang='lat' dir='ltr'>et</span> <span class='ocrx_word' id='word_1_467' title='bbox 201 3189 580 3253; x_wconf 77' lang='lat' dir='ltr'>Raimundus</span> <span class='ocrx_word' id='word_1_468' title='bbox 608 3189 681 3246; x_wconf 90' lang='lat' dir='ltr'>de</span> <span class='ocrx_word' id='word_1_469' title='bbox 710 3190 956 3255; x_wconf 91' lang='lat' dir='ltr'>Torena,</span> <span class='ocrx_word' id='word_1_470' title='bbox 988 3192 1046 3244; x_wconf 92' lang='lat' dir='ltr'>et</span> <span class='ocrx_word' id='word_1_471' title='bbox 1072 3187 1170 3243; x_wconf 81' lang='lat' dir='ltr'>alii</span> <span class='ocrx_word' id='word_1_472' title='bbox 1200 3203 1336 3244; x_wconf 90' lang='lat' dir='ltr'>cum</span> <span class='ocrx_word' id='word_1_473' title='bbox 1366 3186 1505 3243; x_wconf 88' lang='lat' dir='ltr'>illis.</span> <span class='ocrx_word' id='word_1_474' title='bbox 1536 3189 1769 3243; x_wconf 86' lang='lat' dir='ltr'>invene-</span> 
     </span>
    </p>
   </div>
   <div class='ocr_carea' id='block_1_66' title="bbox 116 3276 1768 3350">
    <p class='ocr_par' dir='ltr' id='par_1_66' title="bbox 116 3276 1768 3350">
     <span class='ocr_line' id='line_1_66' title="bbox 116 3276 1768 3350; baseline -0.003 -14"><span class='ocrx_word' id='word_1_475' title='bbox 116 3284 259 3337; x_wconf 90' lang='lat' dir='ltr'>runt</span> <span class='ocrx_word' id='word_1_476' title='bbox 288 3279 577 3336; x_wconf 89' lang='lat' dir='ltr'>ducentos</span> <span class='ocrx_word' id='word_1_477' title='bbox 609 3278 849 3345; x_wconf 83' lang='lat' dir='ltr'>Arabes,</span> <span class='ocrx_word' id='word_1_478' title='bbox 887 3282 946 3334; x_wconf 93' lang='lat' dir='ltr'>et</span> <span class='ocrx_word' id='word_1_479' title='bbox 975 3276 1220 3350; x_wconf 85' lang='lat' dir='ltr'>praeliati</span> <span class='ocrx_word' id='word_1_480' title='bbox 1250 3280 1391 3333; x_wconf 89' lang='lat' dir='ltr'>sunt</span> <span class='ocrx_word' id='word_1_481' title='bbox 1420 3276 1631 3333; x_wconf 88' lang='lat' dir='ltr'>Christi</span> <span class='ocrx_word' id='word_1_482' title='bbox 1658 3276 1768 3332; x_wconf 88' lang='lat' dir='ltr'>mi-</span> 
     </span>
    </p>
   </div>
   <div class='ocr_carea' id='block_1_67' title="bbox 115 3365 1769 3440">
    <p class='ocr_par' dir='ltr' id='par_1_67' title="bbox 115 3365 1769 3440">
     <span class='ocr_line' id='line_1_67' title="bbox 115 3365 1769 3440; baseline -0.002 -15"><span class='ocrx_word' id='word_1_483' title='bbox 115 3369 253 3426; x_wconf 84' lang='lat' dir='ltr'>lites</span> <span class='ocrx_word' id='word_1_484' title='bbox 284 3383 425 3424; x_wconf 88' lang='lat' dir='ltr'>cum</span> <span class='ocrx_word' id='word_1_485' title='bbox 452 3365 571 3423; x_wconf 89' lang='lat' dir='ltr'>illis</span> <span class='ocrx_word' id='word_1_486' title='bbox 602 3366 871 3440; x_wconf 87' lang='lat' dir='ltr'>paganis,</span> <span class='ocrx_word' id='word_1_487' title='bbox 903 3369 960 3421; x_wconf 93' lang='lat' dir='ltr'>et</span> <span class='ocrx_word' id='word_1_488' title='bbox 988 3366 1105 3422; x_wconf 92' lang='lat' dir='ltr'>Deo</span> <span class='ocrx_word' id='word_1_489' title='bbox 1136 3367 1468 3437; x_wconf 83' lang='lat' dir='ltr'>adjuvante,</span> <span class='ocrx_word' id='word_1_490' title='bbox 1491 3368 1547 3422; x_wconf 93' lang='lat' dir='ltr'>et</span> <span class='ocrx_word' id='word_1_491' title='bbox 1567 3369 1769 3422; x_wconf 86' lang='lat' dir='ltr'>sancto</span> 
     </span>
    </p>
   </div>
   <div class='ocr_carea' id='block_1_68' title="bbox 114 3453 1771 3531">
    <p class='ocr_par' dir='ltr' id='par_1_68' title="bbox 114 3453 1771 3531">
     <span class='ocr_line' id='line_1_68' title="bbox 114 3453 1771 3531; baseline -0.004 -14"><span class='ocrx_word' id='word_1_492' title='bbox 114 3455 421 3531; x_wconf 88' lang='lat' dir='ltr'>sepulcro,</span> <span class='ocrx_word' id='word_1_493' title='bbox 452 3454 586 3515; x_wconf 87' lang='lat' dir='ltr'>illos</span> <span class='ocrx_word' id='word_1_494' title='bbox 615 3453 969 3522; x_wconf 87' lang='lat' dir='ltr'>devicerunt,</span> <span class='ocrx_word' id='word_1_495' title='bbox 1002 3458 1061 3512; x_wconf 92' lang='lat' dir='ltr'>et</span> <span class='ocrx_word' id='word_1_496' title='bbox 1089 3453 1307 3512; x_wconf 89' lang='lat' dir='ltr'>multos</span> <span class='ocrx_word' id='word_1_497' title='bbox 1335 3471 1405 3511; x_wconf 84' lang='lat' dir='ltr'>ex</span> <span class='ocrx_word' id='word_1_498' title='bbox 1432 3455 1517 3512; x_wconf 90' lang='lat' dir='ltr'>eis</span> <span class='ocrx_word' id='word_1_499' title='bbox 1539 3455 1771 3512; x_wconf 90' lang='lat' dir='ltr'>occide-</span> 
     </span>
    </p>
   </div>
   <div class='ocr_carea' id='block_1_69' title="bbox 116 3543 1768 3617">
    <p class='ocr_par' dir='ltr' id='par_1_69' title="bbox 116 3543 1768 3617">
     <span class='ocr_line' id='line_1_69' title="bbox 116 3543 1768 3617; baseline -0.002 -13"><span class='ocrx_word' id='word_1_500' title='bbox 116 3552 285 3613; x_wconf 86' lang='lat' dir='ltr'>runt,</span> <span class='ocrx_word' id='word_1_501' title='bbox 318 3548 379 3602; x_wconf 90' lang='lat' dir='ltr'>et</span> <span class='ocrx_word' id='word_1_502' title='bbox 403 3561 588 3617; x_wconf 89' lang='lat' dir='ltr'>equos</span> <span class='ocrx_word' id='word_1_503' title='bbox 614 3543 1001 3601; x_wconf 89' lang='lat' dir='ltr'>retinuerunt.</span> <span class='ocrx_word' id='word_1_504' title='bbox 1035 3544 1305 3600; x_wconf 90' lang='lat' dir='ltr'>Secunda</span> <span class='ocrx_word' id='word_1_505' title='bbox 1348 3543 1442 3601; x_wconf 90' lang='lat' dir='ltr'>die</span> <span class='ocrx_word' id='word_1_506' title='bbox 1484 3543 1768 3614; x_wconf 89' lang='lat' dir='ltr'>veniente,</span> 
     </span>
    </p>
   </div>
   <div class='ocr_carea' id='block_1_70' title="bbox 116 3631 1771 3710">
    <p class='ocr_par' dir='ltr' id='par_1_70' title="bbox 116 3631 1771 3710">
     <span class='ocr_line' id='line_1_70' title="bbox 116 3631 1771 3710; baseline -0.001 -20"><span class='ocrx_word' id='word_1_507' title='bbox 116 3634 553 3710; x_wconf 79' lang='lat' dir='ltr'>aggrediuntur</span> <span class='ocrx_word' id='word_1_508' title='bbox 579 3638 702 3691; x_wconf 88' lang='lat' dir='ltr'>tam</span> <span class='ocrx_word' id='word_1_509' title='bbox 732 3632 959 3689; x_wconf 89' lang='lat' dir='ltr'>fortiter</span> <span class='ocrx_word' id='word_1_510' title='bbox 985 3631 1302 3699; x_wconf 88' lang='lat' dir='ltr'>civitatem,</span> <span class='ocrx_word' id='word_1_511' title='bbox 1335 3633 1490 3705; x_wconf 89' lang='lat' dir='ltr'>quod</span> <span class='ocrx_word' id='word_1_512' title='bbox 1522 3633 1573 3689; x_wconf 92' lang='lat' dir='ltr'>si</span> <span class='ocrx_word' id='word_1_513' title='bbox 1604 3632 1771 3689; x_wconf 65' lang='lat' dir='ltr'>scalas</span> 
     </span>
    </p>
   </div>
   <div class='ocr_carea' id='block_1_71' title="bbox 118 3721 1769 3794">
    <p class='ocr_par' dir='ltr' id='par_1_71' title="bbox 118 3721 1769 3794">
     <span class='ocr_line' id='line_1_71' title="bbox 118 3721 1769 3794; baseline -0.003 -13"><span class='ocrx_word' id='word_1_514' title='bbox 118 3726 381 3781; x_wconf 83' lang='lat' dir='ltr'>fuissent</span> <span class='ocrx_word' id='word_1_515' title='bbox 410 3726 644 3794; x_wconf 66' lang='lat' dir='ltr'>paratis,</span> <span class='ocrx_word' id='word_1_516' title='bbox 678 3722 739 3779; x_wconf 90' lang='lat' dir='ltr'>in</span> <span class='ocrx_word' id='word_1_517' title='bbox 795 3737 998 3778; x_wconf 91' lang='lat' dir='ltr'>eorum</span> <span class='ocrx_word' id='word_1_518' title='bbox 1042 3724 1331 3793; x_wconf 86' lang='lat' dir='ltr'>potestate</span> <span class='ocrx_word' id='word_1_519' title='bbox 1361 3726 1517 3778; x_wconf 90' lang='lat' dir='ltr'>esset</span> <span class='ocrx_word' id='word_1_520' title='bbox 1547 3721 1769 3778; x_wconf 87' lang='lat' dir='ltr'>civitas.</span> 
     </span>
    </p>
   </div>
   <div class='ocr_carea' id='block_1_72' title="bbox 118 3810 1773 3881">
    <p class='ocr_par' dir='ltr' id='par_1_72' title="bbox 118 3810 1773 3881">
     <span class='ocr_line' id='line_1_72' title="bbox 118 3810 1773 3881; baseline -0.002 -10"><span class='ocrx_word' id='word_1_521' title='bbox 118 3815 351 3871; x_wconf 81' lang='lat' dir='ltr'>Tamen</span> <span class='ocrx_word' id='word_1_522' title='bbox 383 3810 671 3868; x_wconf 89' lang='lat' dir='ltr'>minorem</span> <span class='ocrx_word' id='word_1_523' title='bbox 700 3814 1034 3868; x_wconf 88' lang='lat' dir='ltr'>straverunt</span> <span class='ocrx_word' id='word_1_524' title='bbox 1062 3826 1321 3881; x_wconf 88' lang='lat' dir='ltr'>murum,</span> <span class='ocrx_word' id='word_1_525' title='bbox 1353 3814 1411 3867; x_wconf 91' lang='lat' dir='ltr'>et</span> <span class='ocrx_word' id='word_1_526' title='bbox 1438 3828 1618 3867; x_wconf 91' lang='lat' dir='ltr'>unam</span> <span class='ocrx_word' id='word_1_527' title='bbox 1646 3827 1773 3867; x_wconf 86' lang='lat' dir='ltr'>sca-</span> 
     </span>
    </p>
   </div>
   <div class='ocr_carea' id='block_1_73' title="bbox 118 3900 1778 3973">
    <p class='ocr_par' dir='ltr' id='par_1_73' title="bbox 118 3900 1778 3973">
     <span class='ocr_line' id='line_1_73' title="bbox 118 3900 1778 3973; baseline -0.004 -11"><span class='ocrx_word' id='word_1_528' title='bbox 118 3904 241 3963; x_wconf 87' lang='lat' dir='ltr'>lam</span> <span class='ocrx_word' id='word_1_529' title='bbox 274 3902 356 3959; x_wconf 86' lang='lat' dir='ltr'>ad</span> <span class='ocrx_word' id='word_1_530' title='bbox 385 3901 669 3972; x_wconf 88' lang='lat' dir='ltr'>majorem</span> <span class='ocrx_word' id='word_1_531' title='bbox 698 3902 1022 3967; x_wconf 86' lang='lat' dir='ltr'>erexerunt,</span> <span class='ocrx_word' id='word_1_532' title='bbox 1056 3916 1236 3972; x_wconf 90' lang='lat' dir='ltr'>super</span> <span class='ocrx_word' id='word_1_533' title='bbox 1281 3916 1460 3973; x_wconf 89' lang='lat' dir='ltr'>quam</span> <span class='ocrx_word' id='word_1_534' title='bbox 1504 3900 1778 3957; x_wconf 83' lang='lat' dir='ltr'>ascende-</span> 
     </span>
    </p>
   </div>
   <div class='ocr_carea' id='block_1_74' title="bbox 120 3989 1780 4063">
    <p class='ocr_par' dir='ltr' id='par_1_74' title="bbox 120 3989 1780 4063">
     <span class='ocr_line' id='line_1_74' title="bbox 120 3989 1780 4063; baseline -0.004 -11"><span class='ocrx_word' id='word_1_535' title='bbox 120 3996 265 4052; x_wconf 84' lang='lat' dir='ltr'>runt</span> <span class='ocrx_word' id='word_1_536' title='bbox 295 3989 489 4049; x_wconf 87' lang='lat' dir='ltr'>nostri</span> <span class='ocrx_word' id='word_1_537' title='bbox 518 3989 757 4059; x_wconf 91' lang='lat' dir='ltr'>milites,</span> <span class='ocrx_word' id='word_1_538' title='bbox 789 3993 848 4046; x_wconf 93' lang='lat' dir='ltr'>et</span> <span class='ocrx_word' id='word_1_539' title='bbox 878 3989 1146 4047; x_wconf 88' lang='lat' dir='ltr'>cominus</span> <span class='ocrx_word' id='word_1_540' title='bbox 1178 3990 1581 4063; x_wconf 90' lang='lat' dir='ltr'>percutiebant</span> <span class='ocrx_word' id='word_1_541' title='bbox 1609 4007 1780 4063; x_wconf 90' lang='lat' dir='ltr'>paga-</span> 
     </span>
    </p>
   </div>
   <div class='ocr_carea' id='block_1_75' title="bbox 120 4077 1779 4153">
    <p class='ocr_par' dir='ltr' id='par_1_75' title="bbox 120 4077 1779 4153">
     <span class='ocr_line' id='line_1_75' title="bbox 120 4077 1779 4153; baseline -0.004 -13"><span class='ocrx_word' id='word_1_542' title='bbox 120 4099 233 4140; x_wconf 86' lang='lat' dir='ltr'>nos</span> <span class='ocrx_word' id='word_1_543' title='bbox 250 4079 513 4152; x_wconf 77' lang='lat' dir='ltr'>civitatis</span> <span class='ocrx_word' id='word_1_544' title='bbox 533 4077 658 4136; x_wconf 90' lang='lat' dir='ltr'>suis</span> <span class='ocrx_word' id='word_1_545' title='bbox 682 4078 925 4136; x_wconf 83' lang='lat' dir='ltr'>ensibus</span> <span class='ocrx_word' id='word_1_546' title='bbox 954 4082 1129 4153; x_wconf 88' lang='lat' dir='ltr'>atque</span> <span class='ocrx_word' id='word_1_547' title='bbox 1158 4077 1396 4135; x_wconf 90' lang='lat' dir='ltr'>lanceis.</span> <span class='ocrx_word' id='word_1_548' title='bbox 1424 4079 1670 4151; x_wconf 88' lang='lat' dir='ltr'>Fuitque</span> <span class='ocrx_word' id='word_1_549' title='bbox 1697 4078 1779 4135; x_wconf 91' lang='lat' dir='ltr'>ibi</span> 
     </span>
    </p>
   </div>
   <div class='ocr_carea' id='block_1_76' title="bbox 122 4165 1779 4242">
    <p class='ocr_par' dir='ltr' id='par_1_76' title="bbox 122 4165 1779 4242">
     <span class='ocr_line' id='line_1_76' title="bbox 122 4165 1779 4242; baseline -0.002 -14"><span class='ocrx_word' id='word_1_550' title='bbox 122 4173 409 4228; x_wconf 84' lang='lat' dir='ltr'>mortuus</span> <span class='ocrx_word' id='word_1_551' title='bbox 439 4165 762 4225; x_wconf 83' lang='lat' dir='ltr'>Rainaldus</span> <span class='ocrx_word' id='word_1_552' title='bbox 803 4167 1031 4241; x_wconf 88' lang='lat' dir='ltr'>dapifer</span> <span class='ocrx_word' id='word_1_553' title='bbox 1056 4167 1314 4242; x_wconf 83' lang='lat' dir='ltr'>Hugonis</span> <span class='ocrx_word' id='word_1_554' title='bbox 1344 4166 1779 4237; x_wconf 88' lang='lat' dir='ltr'>Liziniacensis,</span> 
     </span>
    </p>
   </div>
   <div class='ocr_carea' id='block_1_77' title="bbox 122 4255 1787 4329">
    <p class='ocr_par' dir='ltr' id='par_1_77' title="bbox 122 4255 1787 4329">
     <span class='ocr_line' id='line_1_77' title="bbox 122 4255 1787 4329; baseline -0.002 -13"><span class='ocrx_word' id='word_1_555' title='bbox 122 4264 181 4316; x_wconf 85' lang='lat' dir='ltr'>et</span> <span class='ocrx_word' id='word_1_556' title='bbox 200 4258 311 4316; x_wconf 85' lang='lat' dir='ltr'>alii</span> <span class='ocrx_word' id='word_1_557' title='bbox 331 4255 527 4325; x_wconf 91' lang='lat' dir='ltr'>multi,</span> <span class='ocrx_word' id='word_1_558' title='bbox 550 4257 652 4314; x_wconf 87' lang='lat' dir='ltr'>sed</span> <span class='ocrx_word' id='word_1_559' title='bbox 672 4255 872 4329; x_wconf 89' lang='lat' dir='ltr'>plures</span> <span class='ocrx_word' id='word_1_560' title='bbox 901 4256 1140 4313; x_wconf 81' lang='lat' dir='ltr'>fuerunt</span> <span class='ocrx_word' id='word_1_561' title='bbox 1169 4256 1387 4313; x_wconf 88' lang='lat' dir='ltr'>mortui</span> <span class='ocrx_word' id='word_1_562' title='bbox 1418 4272 1488 4312; x_wconf 84' lang='lat' dir='ltr'>ex</span> <span class='ocrx_word' id='word_1_563' title='bbox 1516 4256 1620 4312; x_wconf 90' lang='lat' dir='ltr'>eis.</span> <span class='ocrx_word' id='word_1_564' title='bbox 1646 4257 1787 4313; x_wconf 84' lang='lat' dir='ltr'>Fue-</span> 
     </span>
    </p>
   </div>
   <div class='ocr_carea' id='block_1_78' title="bbox 124 4343 1791 4419">
    <p class='ocr_par' dir='ltr' id='par_1_78' title="bbox 124 4343 1791 4419">
     <span class='ocr_line' id='line_1_78' title="bbox 124 4343 1791 4419; baseline -0.002 -16"><span class='ocrx_word' id='word_1_565' title='bbox 124 4351 401 4419; x_wconf 85' lang='lat' dir='ltr'>runtque</span> <span class='ocrx_word' id='word_1_566' title='bbox 420 4345 501 4402; x_wconf 91' lang='lat' dir='ltr'>ibi</span> <span class='ocrx_word' id='word_1_567' title='bbox 524 4344 587 4401; x_wconf 92' lang='lat' dir='ltr'>in</span> <span class='ocrx_word' id='word_1_568' title='bbox 608 4343 947 4402; x_wconf 90' lang='lat' dir='ltr'>obsessione</span> <span class='ocrx_word' id='word_1_569' title='bbox 966 4344 1113 4401; x_wconf 91' lang='lat' dir='ltr'>nihil</span> <span class='ocrx_word' id='word_1_570' title='bbox 1145 4345 1505 4402; x_wconf 89' lang='lat' dir='ltr'>invenientes</span> <span class='ocrx_word' id='word_1_571' title='bbox 1526 4345 1598 4401; x_wconf 91' lang='lat' dir='ltr'>ad</span> <span class='ocrx_word' id='word_1_572' title='bbox 1620 4346 1791 4401; x_wconf 91' lang='lat' dir='ltr'>eden-</span> 
     </span>
    </p>
   </div>
   <div class='ocr_carea' id='block_1_79' title="bbox 1877 3187 3520 3265">
    <p class='ocr_par' dir='ltr' id='par_1_79' title="bbox 1877 3187 3520 3265">
     <span class='ocr_line' id='line_1_79' title="bbox 1877 3187 3520 3265; baseline 0.003 -22"><span class='ocrx_word' id='word_1_573' title='bbox 1877 3191 1934 3243; x_wconf 89' lang='lat' dir='ltr'>et</span> <span class='ocrx_word' id='word_1_574' title='bbox 1950 3187 2263 3244; x_wconf 84' lang='lat' dir='ltr'>afﬂictione</span> <span class='ocrx_word' id='word_1_575' title='bbox 2292 3188 2551 3259; x_wconf 89' lang='lat' dir='ltr'>quotidie</span> <span class='ocrx_word' id='word_1_576' title='bbox 2580 3193 2763 3244; x_wconf 91' lang='lat' dir='ltr'>erant.</span> <span class='ocrx_word' id='word_1_577' title='bbox 2788 3188 2940 3246; x_wconf 92' lang='lat' dir='ltr'>Siloe</span> <span class='ocrx_word' id='word_1_578' title='bbox 2972 3207 3224 3264; x_wconf 90' lang='lat' dir='ltr'>namque</span> <span class='ocrx_word' id='word_1_579' title='bbox 3250 3192 3520 3265; x_wconf 81' lang='lat' dir='ltr'>fons,qui</span> 
     </span>
    </p>
   </div>
   <div class='ocr_carea' id='block_1_80' title="bbox 1877 3269 3524 3351">
    <p class='ocr_par' dir='ltr' id='par_1_80' title="bbox 1877 3269 3524 3351">
     <span class='ocr_line' id='line_1_80' title="bbox 1877 3269 3524 3351; baseline 0.003 -20"><span class='ocrx_word' id='word_1_580' title='bbox 1877 3278 1971 3331; x_wconf 91' lang='lat' dir='ltr'>est</span> <span class='ocrx_word' id='word_1_581' title='bbox 1997 3275 2070 3330; x_wconf 89' lang='lat' dir='ltr'>ad</span> <span class='ocrx_word' id='word_1_582' title='bbox 2102 3275 2353 3331; x_wconf 91' lang='lat' dir='ltr'>radicem</span> <span class='ocrx_word' id='word_1_583' title='bbox 2401 3276 2619 3333; x_wconf 90' lang='lat' dir='ltr'>montis</span> <span class='ocrx_word' id='word_1_584' title='bbox 2656 3269 2825 3344; x_wconf 82' lang='lat' dir='ltr'>Sion,</span> <span class='ocrx_word' id='word_1_585' title='bbox 2847 3294 3167 3351; x_wconf 89' lang='lat' dir='ltr'>parumper</span> <span class='ocrx_word' id='word_1_586' title='bbox 3194 3280 3524 3337; x_wconf 85' lang='lat' dir='ltr'>sustinebat</span> 
     </span>
    </p>
   </div>
   <div class='ocr_carea' id='block_1_81' title="bbox 1880 3364 3525 3439">
    <p class='ocr_par' dir='ltr' id='par_1_81' title="bbox 1880 3364 3525 3439">
     <span class='ocr_line' id='line_1_81' title="bbox 1880 3364 3525 3439; baseline 0.004 -20"><span class='ocrx_word' id='word_1_587' title='bbox 1880 3380 2006 3420; x_wconf 89' lang='lat' dir='ltr'>nos.</span> <span class='ocrx_word' id='word_1_588' title='bbox 2041 3364 2152 3420; x_wconf 91' lang='lat' dir='ltr'>Sed</span> <span class='ocrx_word' id='word_1_589' title='bbox 2184 3368 2380 3421; x_wconf 89' lang='lat' dir='ltr'>tamen</span> <span class='ocrx_word' id='word_1_590' title='bbox 2411 3381 2545 3421; x_wconf 82' lang='lat' dir='ltr'>cara</span> <span class='ocrx_word' id='word_1_591' title='bbox 2588 3366 2948 3422; x_wconf 82' lang='lat' dir='ltr'>vendebatur</span> <span class='ocrx_word' id='word_1_592' title='bbox 2989 3384 3143 3439; x_wconf 90' lang='lat' dir='ltr'>aqua</span> <span class='ocrx_word' id='word_1_593' title='bbox 3187 3368 3337 3424; x_wconf 91' lang='lat' dir='ltr'>inter</span> <span class='ocrx_word' id='word_1_594' title='bbox 3365 3369 3525 3425; x_wconf 89' lang='lat' dir='ltr'>Chri-</span> 
     </span>
    </p>
   </div>
   <div class='ocr_carea' id='block_1_82' title="bbox 1880 3453 3526 3528">
    <p class='ocr_par' dir='ltr' id='par_1_82' title="bbox 1880 3453 3526 3528">
     <span class='ocr_line' id='line_1_82' title="bbox 1880 3453 3526 3528; baseline 0.004 -19"><span class='ocrx_word' id='word_1_595' title='bbox 1880 3454 2103 3511; x_wconf 88' lang='lat' dir='ltr'>stianos</span> <span class='ocrx_word' id='word_1_596' title='bbox 2135 3454 2234 3510; x_wconf 91' lang='lat' dir='ltr'>Dei</span> <span class='ocrx_word' id='word_1_597' title='bbox 2267 3458 2324 3510; x_wconf 92' lang='lat' dir='ltr'>et</span> <span class='ocrx_word' id='word_1_598' title='bbox 2355 3453 2541 3510; x_wconf 90' lang='lat' dir='ltr'>sancti</span> <span class='ocrx_word' id='word_1_599' title='bbox 2574 3454 2848 3528; x_wconf 89' lang='lat' dir='ltr'>sepulcri,</span> <span class='ocrx_word' id='word_1_600' title='bbox 2873 3455 2954 3510; x_wconf 90' lang='lat' dir='ltr'>ita</span> <span class='ocrx_word' id='word_1_601' title='bbox 2975 3457 3130 3528; x_wconf 91' lang='lat' dir='ltr'>quod</span> <span class='ocrx_word' id='word_1_602' title='bbox 3165 3472 3320 3514; x_wconf 89' lang='lat' dir='ltr'>unus</span> <span class='ocrx_word' id='word_1_603' title='bbox 3349 3457 3526 3515; x_wconf 91' lang='lat' dir='ltr'>homo</span> 
     </span>
    </p>
   </div>
   <div class='ocr_carea' id='block_1_83' title="bbox 1882 3542 3532 3618">
    <p class='ocr_par' dir='ltr' id='par_1_83' title="bbox 1882 3542 3532 3618">
     <span class='ocr_line' id='line_1_83' title="bbox 1882 3542 3532 3618; baseline 0.002 -19"><span class='ocrx_word' id='word_1_604' title='bbox 1882 3560 1996 3599; x_wconf 92' lang='lat' dir='ltr'>non</span> <span class='ocrx_word' id='word_1_605' title='bbox 2019 3547 2247 3616; x_wconf 90' lang='lat' dir='ltr'>poterat</span> <span class='ocrx_word' id='word_1_606' title='bbox 2268 3542 2635 3617; x_wconf 86' lang='lat' dir='ltr'>exstinguere</span> <span class='ocrx_word' id='word_1_607' title='bbox 2658 3543 2815 3599; x_wconf 84' lang='lat' dir='ltr'>sitim</span> <span class='ocrx_word' id='word_1_608' title='bbox 2841 3561 3010 3601; x_wconf 91' lang='lat' dir='ltr'>suam</span> <span class='ocrx_word' id='word_1_609' title='bbox 3034 3562 3136 3618; x_wconf 91' lang='lat' dir='ltr'>per</span> <span class='ocrx_word' id='word_1_610' title='bbox 3155 3563 3341 3602; x_wconf 92' lang='lat' dir='ltr'>unum</span> <span class='ocrx_word' id='word_1_611' title='bbox 3365 3564 3532 3603; x_wconf 83' lang='lat' dir='ltr'>num-</span> 
     </span>
    </p>
   </div>
   <div class='ocr_carea' id='block_1_84' title="bbox 1881 3631 3531 3705">
    <p class='ocr_par' dir='ltr' id='par_1_84' title="bbox 1881 3631 3531 3705">
     <span class='ocr_line' id='line_1_84' title="bbox 1881 3631 3531 3705; baseline 0.003 -18"><span class='ocrx_word' id='word_1_612' title='bbox 1881 3649 2067 3687; x_wconf 91' lang='lat' dir='ltr'>mum.</span> <span class='ocrx_word' id='word_1_613' title='bbox 2102 3631 2407 3689; x_wconf 88' lang='lat' dir='ltr'>Sarraceni</span> <span class='ocrx_word' id='word_1_614' title='bbox 2438 3649 2672 3705; x_wconf 89' lang='lat' dir='ltr'>quoque</span> <span class='ocrx_word' id='word_1_615' title='bbox 2706 3634 2777 3689; x_wconf 91' lang='lat' dir='ltr'>ad</span> <span class='ocrx_word' id='word_1_616' title='bbox 2811 3638 3054 3690; x_wconf 90' lang='lat' dir='ltr'>cunctos</span> <span class='ocrx_word' id='word_1_617' title='bbox 3087 3635 3275 3691; x_wconf 87' lang='lat' dir='ltr'>fontes</span> <span class='ocrx_word' id='word_1_618' title='bbox 3312 3640 3369 3693; x_wconf 90' lang='lat' dir='ltr'>et</span> <span class='ocrx_word' id='word_1_619' title='bbox 3398 3636 3531 3692; x_wconf 91' lang='lat' dir='ltr'>uni-</span> 
     </span>
    </p>
   </div>
   <div class='ocr_carea' id='block_1_85' title="bbox 1879 3721 3537 3793">
    <p class='ocr_par' dir='ltr' id='par_1_85' title="bbox 1879 3721 3537 3793">
     <span class='ocr_line' id='line_1_85' title="bbox 1879 3721 3537 3793; baseline 0.005 -18"><span class='ocrx_word' id='word_1_620' title='bbox 1879 3737 2078 3776; x_wconf 90' lang='lat' dir='ltr'>versos</span> <span class='ocrx_word' id='word_1_621' title='bbox 2138 3726 2347 3793; x_wconf 89' lang='lat' dir='ltr'>puteos</span> <span class='ocrx_word' id='word_1_622' title='bbox 2406 3722 2504 3793; x_wconf 90' lang='lat' dir='ltr'>qui</span> <span class='ocrx_word' id='word_1_623' title='bbox 2555 3726 2740 3790; x_wconf 90' lang='lat' dir='ltr'>erant,</span> <span class='ocrx_word' id='word_1_624' title='bbox 2776 3721 3057 3790; x_wconf 88' lang='lat' dir='ltr'>latebant,</span> <span class='ocrx_word' id='word_1_625' title='bbox 3092 3723 3407 3781; x_wconf 90' lang='lat' dir='ltr'>insiliando</span> <span class='ocrx_word' id='word_1_626' title='bbox 3439 3742 3537 3783; x_wconf 89' lang='lat' dir='ltr'>no-</span> 
     </span>
    </p>
   </div>
   <div class='ocr_carea' id='block_1_86' title="bbox 1883 3808 3546 3885">
    <p class='ocr_par' dir='ltr' id='par_1_86' title="bbox 1883 3808 3546 3885">
     <span class='ocr_line' id='line_1_86' title="bbox 1883 3808 3546 3885; baseline 0.003 -21"><span class='ocrx_word' id='word_1_627' title='bbox 1883 3813 2037 3865; x_wconf 90' lang='lat' dir='ltr'>stros</span> <span class='ocrx_word' id='word_1_628' title='bbox 2067 3808 2356 3875; x_wconf 90' lang='lat' dir='ltr'>homines,</span> <span class='ocrx_word' id='word_1_629' title='bbox 2389 3814 2446 3865; x_wconf 91' lang='lat' dir='ltr'>et</span> <span class='ocrx_word' id='word_1_630' title='bbox 2487 3826 2586 3866; x_wconf 92' lang='lat' dir='ltr'>eos</span> <span class='ocrx_word' id='word_1_631' title='bbox 2628 3827 2775 3882; x_wconf 89' lang='lat' dir='ltr'>quos</span> <span class='ocrx_word' id='word_1_632' title='bbox 2808 3811 3065 3868; x_wconf 90' lang='lat' dir='ltr'>invenire</span> <span class='ocrx_word' id='word_1_633' title='bbox 3092 3816 3361 3885; x_wconf 88' lang='lat' dir='ltr'>poterant</span> <span class='ocrx_word' id='word_1_634' title='bbox 3391 3815 3546 3876; x_wconf 83' lang='lat' dir='ltr'>oeci.</span> 
     </span>
    </p>
   </div>
   <div class='ocr_carea' id='block_1_87' title="bbox 1885 3898 3539 3976">
    <p class='ocr_par' dir='ltr' id='par_1_87' title="bbox 1885 3898 3539 3976">
     <span class='ocr_line' id='line_1_87' title="bbox 1885 3898 3539 3976; baseline 0.004 -23"><span class='ocrx_word' id='word_1_635' title='bbox 1885 3898 2121 3967; x_wconf 89' lang='lat' dir='ltr'>debant,</span> <span class='ocrx_word' id='word_1_636' title='bbox 2152 3902 2211 3955; x_wconf 88' lang='lat' dir='ltr'>et</span> <span class='ocrx_word' id='word_1_637' title='bbox 2240 3898 2521 3955; x_wconf 89' lang='lat' dir='ltr'>animalia</span> <span class='ocrx_word' id='word_1_638' title='bbox 2564 3916 2765 3955; x_wconf 87' lang='lat' dir='ltr'>secum</span> <span class='ocrx_word' id='word_1_639' title='bbox 2798 3900 2857 3956; x_wconf 92' lang='lat' dir='ltr'>in</span> <span class='ocrx_word' id='word_1_640' title='bbox 2890 3901 3015 3957; x_wconf 89' lang='lat' dir='ltr'>suis</span> <span class='ocrx_word' id='word_1_641' title='bbox 3046 3903 3329 3971; x_wconf 90' lang='lat' dir='ltr'>cavernis,</span> <span class='ocrx_word' id='word_1_642' title='bbox 3363 3908 3539 3976; x_wconf 89' lang='lat' dir='ltr'>atque</span> 
     </span>
    </p>
   </div>
   <div class='ocr_carea' id='block_1_88' title="bbox 1887 3986 3539 4065">
    <p class='ocr_par' dir='ltr' id='par_1_88' title="bbox 1887 3986 3539 4065">
     <span class='ocr_line' id='line_1_88' title="bbox 1887 3986 3539 4065; baseline 0.004 -22"><span class='ocrx_word' id='word_1_643' title='bbox 1887 3986 2205 4060; x_wconf 91' lang='lat' dir='ltr'>speluncis,</span> <span class='ocrx_word' id='word_1_644' title='bbox 2240 3987 2359 4043; x_wconf 91' lang='lat' dir='ltr'>sive</span> <span class='ocrx_word' id='word_1_645' title='bbox 2410 3988 2759 4058; x_wconf 88' lang='lat' dir='ltr'>montaneis,</span> <span class='ocrx_word' id='word_1_646' title='bbox 2793 3990 3173 4047; x_wconf 88' lang='lat' dir='ltr'>deducebant.</span> <span class='ocrx_word' id='word_1_647' title='bbox 3210 3991 3337 4047; x_wconf 90' lang='lat' dir='ltr'>Alia</span> <span class='ocrx_word' id='word_1_648' title='bbox 3375 3998 3539 4065; x_wconf 90' lang='lat' dir='ltr'>parte</span> 
     </span>
    </p>
   </div>
   <div class='ocr_carea' id='block_1_89' title="bbox 1889 4076 3537 4150">
    <p class='ocr_par' dir='ltr' id='par_1_89' title="bbox 1889 4076 3537 4150">
     <span class='ocr_line' id='line_1_89' title="bbox 1889 4076 3537 4150; baseline 0.004 -19"><span class='ocrx_word' id='word_1_649' title='bbox 1889 4076 2236 4133; x_wconf 89' lang='lat' dir='ltr'>occidebant</span> <span class='ocrx_word' id='word_1_650' title='bbox 2256 4093 2376 4144; x_wconf 91' lang='lat' dir='ltr'>eos,</span> <span class='ocrx_word' id='word_1_651' title='bbox 2400 4076 2501 4149; x_wconf 88' lang='lat' dir='ltr'>qui</span> <span class='ocrx_word' id='word_1_652' title='bbox 2533 4079 2852 4150; x_wconf 83' lang='lat' dir='ltr'>pergebant</span> <span class='ocrx_word' id='word_1_653' title='bbox 2870 4078 2930 4134; x_wconf 91' lang='lat' dir='ltr'>in</span> <span class='ocrx_word' id='word_1_654' title='bbox 2953 4080 3138 4136; x_wconf 90' lang='lat' dir='ltr'>vineis</span> <span class='ocrx_word' id='word_1_655' title='bbox 3159 4082 3229 4137; x_wconf 91' lang='lat' dir='ltr'>ad</span> <span class='ocrx_word' id='word_1_656' title='bbox 3253 4098 3537 4138; x_wconf 88' lang='lat' dir='ltr'>racemos.</span> 
     </span>
    </p>
   </div>
   <div class='ocr_carea' id='block_1_90' title="bbox 1892 4165 3543 4236">
    <p class='ocr_par' dir='ltr' id='par_1_90' title="bbox 1892 4165 3543 4236">
     <span class='ocr_line' id='line_1_90' title="bbox 1892 4165 3543 4236; baseline 0.004 -15"><span class='ocrx_word' id='word_1_657' title='bbox 1892 4166 2055 4232; x_wconf 88' lang='lat' dir='ltr'>Quod</span> <span class='ocrx_word' id='word_1_658' title='bbox 2088 4182 2225 4221; x_wconf 91' lang='lat' dir='ltr'>cum</span> <span class='ocrx_word' id='word_1_659' title='bbox 2256 4165 2539 4221; x_wconf 89' lang='lat' dir='ltr'>vidissent</span> <span class='ocrx_word' id='word_1_660' title='bbox 2563 4166 2821 4223; x_wconf 90' lang='lat' dir='ltr'>seniores</span> <span class='ocrx_word' id='word_1_661' title='bbox 2843 4168 3048 4236; x_wconf 89' lang='lat' dir='ltr'>nostri,</span> <span class='ocrx_word' id='word_1_662' title='bbox 3072 4168 3250 4226; x_wconf 90' lang='lat' dir='ltr'>nimis</span> <span class='ocrx_word' id='word_1_663' title='bbox 3272 4170 3402 4227; x_wconf 89' lang='lat' dir='ltr'>irati</span> <span class='ocrx_word' id='word_1_664' title='bbox 3427 4171 3543 4228; x_wconf 86' lang='lat' dir='ltr'>fue-</span> 
     </span>
    </p>
   </div>
   <div class='ocr_carea' id='block_1_91' title="bbox 1894 4255 3543 4333">
    <p class='ocr_par' dir='ltr' id='par_1_91' title="bbox 1894 4255 3543 4333">
     <span class='ocr_line' id='line_1_91' title="bbox 1894 4255 3543 4333; baseline 0.004 -23"><span class='ocrx_word' id='word_1_665' title='bbox 1894 4259 2101 4311; x_wconf 89' lang='lat' dir='ltr'>runtet</span> <span class='ocrx_word' id='word_1_666' title='bbox 2113 4255 2378 4311; x_wconf 82' lang='lat' dir='ltr'>fecerunt</span> <span class='ocrx_word' id='word_1_667' title='bbox 2389 4255 2723 4323; x_wconf 91' lang='lat' dir='ltr'>concilium,</span> <span class='ocrx_word' id='word_1_668' title='bbox 2741 4256 2799 4310; x_wconf 87' lang='lat' dir='ltr'>in</span> <span class='ocrx_word' id='word_1_669' title='bbox 2814 4272 2928 4329; x_wconf 92' lang='lat' dir='ltr'>quo</span> <span class='ocrx_word' id='word_1_670' title='bbox 2951 4256 3205 4331; x_wconf 89' lang='lat' dir='ltr'>episcopi</span> <span class='ocrx_word' id='word_1_671' title='bbox 3224 4263 3281 4314; x_wconf 91' lang='lat' dir='ltr'>et</span> <span class='ocrx_word' id='word_1_672' title='bbox 3304 4260 3543 4333; x_wconf 84' lang='lat' dir='ltr'>presby-</span> 
     </span>
    </p>
   </div>
   <div class='ocr_carea' id='block_1_92' title="bbox 1896 4343 3544 4416">
    <p class='ocr_par' dir='ltr' id='par_1_92' title="bbox 1896 4343 3544 4416">
     <span class='ocr_line' id='line_1_92' title="bbox 1896 4343 3544 4416; baseline 0.002 -17"><span class='ocrx_word' id='word_1_673' title='bbox 1896 4343 2007 4400; x_wconf 91' lang='lat' dir='ltr'>teri</span> <span class='ocrx_word' id='word_1_674' title='bbox 2029 4345 2415 4401; x_wconf 87' lang='lat' dir='ltr'>laudaverunt</span> <span class='ocrx_word' id='word_1_675' title='bbox 2428 4349 2493 4400; x_wconf 90' lang='lat' dir='ltr'>ut</span> <span class='ocrx_word' id='word_1_676' title='bbox 2517 4344 2790 4401; x_wconf 87' lang='lat' dir='ltr'>fecissent</span> <span class='ocrx_word' id='word_1_677' title='bbox 2821 4347 3250 4416; x_wconf 89' lang='lat' dir='ltr'>processionem</span> <span class='ocrx_word' id='word_1_678' title='bbox 3282 4347 3435 4403; x_wconf 90' lang='lat' dir='ltr'>circa</span> <span class='ocrx_word' id='word_1_679' title='bbox 3463 4348 3544 4403; x_wconf 85' lang='lat' dir='ltr'>ci-</span> 
     </span>
    </p>
   </div>
   <div class='ocr_carea' id='block_1_93' title="bbox 123 4432 3545 4518">
    <p class='ocr_par' dir='ltr' id='par_1_93' title="bbox 123 4432 3545 4518">
     <span class='ocr_line' id='line_1_93' title="bbox 123 4432 3545 4518; baseline 0 -25"><span class='ocrx_word' id='word_1_680' title='bbox 123 4437 277 4493; x_wconf 84' lang='lat' dir='ltr'>dum</span> <span class='ocrx_word' id='word_1_681' title='bbox 310 4450 421 4507; x_wconf 90' lang='lat' dir='ltr'>per</span> <span class='ocrx_word' id='word_1_682' title='bbox 452 4434 652 4490; x_wconf 89' lang='lat' dir='ltr'>decem</span> <span class='ocrx_word' id='word_1_683' title='bbox 681 4432 827 4502; x_wconf 89' lang='lat' dir='ltr'>dies,</span> <span class='ocrx_word' id='word_1_684' title='bbox 861 4433 1044 4490; x_wconf 84' lang='lat' dir='ltr'>donec</span> <span class='ocrx_word' id='word_1_685' title='bbox 1081 4435 1241 4490; x_wconf 91' lang='lat' dir='ltr'>venit</span> <span class='ocrx_word' id='word_1_686' title='bbox 1286 4433 1532 4490; x_wconf 90' lang='lat' dir='ltr'>nuntius</span> <span class='ocrx_word' id='word_1_687' title='bbox 1560 4437 1790 4489; x_wconf 91' lang='lat' dir='ltr'>nostra-</span> <span class='ocrx_word' id='word_1_688' title='bbox 1826 4453 1872 4518; x_wconf 74' lang='grc' dir='ltr'>Ι)</span> <span class='ocrx_word' id='word_1_689' title='bbox 1901 4432 2160 4489; x_wconf 89' lang='lat' dir='ltr'>vitatem.</span> <span class='ocrx_word' id='word_1_690' title='bbox 2198 4434 2283 4489; x_wconf 90' lang='lat' dir='ltr'>Ita</span> <span class='ocrx_word' id='word_1_691' title='bbox 2313 4432 2571 4506; x_wconf 90' lang='lat' dir='ltr'>episcopi</span> <span class='ocrx_word' id='word_1_692' title='bbox 2601 4438 2659 4489; x_wconf 91' lang='lat' dir='ltr'>et</span> <span class='ocrx_word' id='word_1_693' title='bbox 2688 4435 3006 4507; x_wconf 75' lang='lat' dir='ltr'>presbyteri</span> <span class='ocrx_word' id='word_1_694' title='bbox 3051 4435 3224 4491; x_wconf 89' lang='lat' dir='ltr'>nudis</span> <span class='ocrx_word' id='word_1_695' title='bbox 3276 4436 3545 4507; x_wconf 87' lang='lat' dir='ltr'>pedibus,</span> 
     </span>
    </p>
   </div>
   <div class='ocr_carea' id='block_1_94' title="bbox 126 4522 1795 4596">
    <p class='ocr_par' dir='ltr' id='par_1_94' title="bbox 126 4522 1795 4596">
     <span class='ocr_line' id='line_1_94' title="bbox 126 4522 1795 4596; baseline -0.002 -15"><span class='ocrx_word' id='word_1_696' title='bbox 126 4542 265 4582; x_wconf 89' lang='lat' dir='ltr'>rum</span> <span class='ocrx_word' id='word_1_697' title='bbox 283 4522 554 4591; x_wconf 84' lang='lat' dir='ltr'>navium,</span> <span class='ocrx_word' id='word_1_698' title='bbox 570 4538 700 4595; x_wconf 69' lang='lat' dir='ltr'>quae</span> <span class='ocrx_word' id='word_1_699' title='bbox 712 4522 1123 4595; x_wconf 89' lang='lat' dir='ltr'>applicuerunt</span> <span class='ocrx_word' id='word_1_700' title='bbox 1135 4523 1327 4596; x_wconf 89' lang='lat' dir='ltr'>portui</span> <span class='ocrx_word' id='word_1_701' title='bbox 1339 4522 1795 4595; x_wconf 86' lang='lat' dir='ltr'>Jaii.Postquam</span> 
     </span>
    </p>
   </div>
   <div class='ocr_carea' id='block_1_95' title="bbox 1906 4522 3550 4590">
    <p class='ocr_par' dir='ltr' id='par_1_95' title="bbox 1906 4522 3550 4590">
     <span class='ocr_line' id='line_1_95' title="bbox 1906 4522 3550 4590; baseline 0.002 -12"><span class='ocrx_word' id='word_1_702' title='bbox 1906 4539 1974 4578; x_wconf 91' lang='lat' dir='ltr'>ac</span> <span class='ocrx_word' id='word_1_703' title='bbox 2002 4522 2186 4578; x_wconf 90' lang='lat' dir='ltr'>sacris</span> <span class='ocrx_word' id='word_1_704' title='bbox 2214 4522 2478 4579; x_wconf 89' lang='lat' dir='ltr'>vestibus</span> <span class='ocrx_word' id='word_1_705' title='bbox 2509 4522 2719 4590; x_wconf 89' lang='lat' dir='ltr'>induti,</span> <span class='ocrx_word' id='word_1_706' title='bbox 2751 4526 2807 4578; x_wconf 90' lang='lat' dir='ltr'>et</span> <span class='ocrx_word' id='word_1_707' title='bbox 2836 4540 3036 4579; x_wconf 89' lang='lat' dir='ltr'>cruces</span> <span class='ocrx_word' id='word_1_708' title='bbox 3063 4523 3122 4579; x_wconf 90' lang='lat' dir='ltr'>in</span> <span class='ocrx_word' id='word_1_709' title='bbox 3160 4524 3435 4582; x_wconf 89' lang='lat' dir='ltr'>manibus</span> <span class='ocrx_word' id='word_1_710' title='bbox 3468 4525 3550 4582; x_wconf 84' lang='lat' dir='ltr'>fe-</span> 
     </span>
    </p>
   </div>
   <div class='ocr_carea' id='block_1_96' title="bbox 123 4610 1795 4684">
    <p class='ocr_par' dir='ltr' id='par_1_96' title="bbox 123 4610 1795 4684">
     <span class='ocr_line' id='line_1_96' title="bbox 123 4610 1795 4684; baseline -0.002 -14"><span class='ocrx_word' id='word_1_711' title='bbox 123 4614 432 4670; x_wconf 85' lang='lat' dir='ltr'>venerunt</span> <span class='ocrx_word' id='word_1_712' title='bbox 477 4611 668 4667; x_wconf 90' lang='lat' dir='ltr'>nuntii</span> <span class='ocrx_word' id='word_1_713' title='bbox 717 4611 977 4680; x_wconf 89' lang='lat' dir='ltr'>navium,</span> <span class='ocrx_word' id='word_1_714' title='bbox 1010 4617 1290 4684; x_wconf 91' lang='lat' dir='ltr'>ceperunt</span> <span class='ocrx_word' id='word_1_715' title='bbox 1320 4611 1506 4667; x_wconf 92' lang='lat' dir='ltr'>nostri</span> <span class='ocrx_word' id='word_1_716' title='bbox 1535 4610 1795 4667; x_wconf 90' lang='lat' dir='ltr'>seniores</span> 
     </span>
    </p>
   </div>
   <div class='ocr_carea' id='block_1_97' title="bbox 126 4698 1795 4772">
    <p class='ocr_par' dir='ltr' id='par_1_97' title="bbox 126 4698 1795 4772">
     <span class='ocr_line' id='line_1_97' title="bbox 126 4698 1795 4772; baseline -0.002 -13"><span class='ocrx_word' id='word_1_717' title='bbox 126 4699 461 4759; x_wconf 87' lang='lat' dir='ltr'>consilium</span> <span class='ocrx_word' id='word_1_718' title='bbox 489 4698 642 4756; x_wconf 91' lang='lat' dir='ltr'>inter</span> <span class='ocrx_word' id='word_1_719' title='bbox 661 4715 726 4756; x_wconf 86' lang='lat' dir='ltr'>se</span> <span class='ocrx_word' id='word_1_720' title='bbox 745 4698 1003 4756; x_wconf 91' lang='lat' dir='ltr'>dicentes</span> <span class='ocrx_word' id='word_1_721' title='bbox 1031 4700 1187 4772; x_wconf 89' lang='lat' dir='ltr'>quod</span> <span class='ocrx_word' id='word_1_722' title='bbox 1219 4699 1439 4757; x_wconf 89' lang='lat' dir='ltr'>milites</span> <span class='ocrx_word' id='word_1_723' title='bbox 1466 4703 1525 4756; x_wconf 88' lang='lat' dir='ltr'>et</span> <span class='ocrx_word' id='word_1_724' title='bbox 1554 4698 1795 4756; x_wconf 89' lang='lat' dir='ltr'>clientes</span> 
     </span>
    </p>
   </div>
   <div class='ocr_carea' id='block_1_98' title="bbox 130 4787 1795 4861">
    <p class='ocr_par' dir='ltr' id='par_1_98' title="bbox 130 4787 1795 4861">
     <span class='ocr_line' id='line_1_98' title="bbox 130 4787 1795 4861; baseline -0.002 -14"><span class='ocrx_word' id='word_1_725' title='bbox 130 4790 477 4857; x_wconf 88' lang='lat' dir='ltr'>misissent,</span> <span class='ocrx_word' id='word_1_726' title='bbox 507 4787 610 4861; x_wconf 90' lang='lat' dir='ltr'>qui</span> <span class='ocrx_word' id='word_1_727' title='bbox 640 4787 890 4846; x_wconf 82' lang='lat' dir='ltr'>ﬁdeliter</span> <span class='ocrx_word' id='word_1_728' title='bbox 918 4788 1282 4845; x_wconf 89' lang='lat' dir='ltr'>custodirent</span> <span class='ocrx_word' id='word_1_729' title='bbox 1310 4788 1578 4846; x_wconf 91' lang='lat' dir='ltr'>homines</span> <span class='ocrx_word' id='word_1_730' title='bbox 1607 4793 1664 4845; x_wconf 90' lang='lat' dir='ltr'>et</span> <span class='ocrx_word' id='word_1_731' title='bbox 1690 4805 1795 4845; x_wconf 89' lang='lat' dir='ltr'>na-</span> 
     </span>
    </p>
   </div>
   <div class='ocr_carea' id='block_1_99' title="bbox 128 4877 1799 4952">
    <p class='ocr_par' dir='ltr' id='par_1_99' title="bbox 128 4877 1799 4952">
     <span class='ocr_line' id='line_1_99' title="bbox 128 4877 1799 4952; baseline 0 -18"><span class='ocrx_word' id='word_1_732' title='bbox 128 4897 257 4947; x_wconf 87' lang='lat' dir='ltr'>ves,</span> <span class='ocrx_word' id='word_1_733' title='bbox 283 4895 424 4952; x_wconf 66' lang='lat' dir='ltr'>que</span> <span class='ocrx_word' id='word_1_734' title='bbox 453 4880 733 4934; x_wconf 88' lang='lat' dir='ltr'>venerant</span> <span class='ocrx_word' id='word_1_735' title='bbox 760 4877 955 4951; x_wconf 89' lang='lat' dir='ltr'>portui</span> <span class='ocrx_word' id='word_1_736' title='bbox 985 4877 1119 4935; x_wconf 83' lang='lat' dir='ltr'>Jaﬁ.</span> <span class='ocrx_word' id='word_1_737' title='bbox 1151 4879 1394 4934; x_wconf 88' lang='lat' dir='ltr'>Summo</span> <span class='ocrx_word' id='word_1_738' title='bbox 1427 4882 1621 4935; x_wconf 90' lang='lat' dir='ltr'>autem</span> <span class='ocrx_word' id='word_1_739' title='bbox 1651 4877 1799 4934; x_wconf 85' lang='lat' dir='ltr'>dilu-</span> 
     </span>
    </p>
   </div>
   <div class='ocr_carea' id='block_1_100' title="bbox 132 4965 1798 5025">
    <p class='ocr_par' dir='ltr' id='par_1_100' title="bbox 132 4965 1798 5025">
     <span class='ocr_line' id='line_1_100' title="bbox 132 4965 1798 5025; baseline 0 -1"><span class='ocrx_word' id='word_1_740' title='bbox 132 4968 275 5025; x_wconf 87' lang='lat' dir='ltr'>culo</span> <span class='ocrx_word' id='word_1_741' title='bbox 293 4967 570 5025; x_wconf 82' lang='lat' dir='ltr'>exierunt</span> <span class='ocrx_word' id='word_1_742' title='bbox 597 4965 814 5024; x_wconf 88' lang='lat' dir='ltr'>milites</span> <span class='ocrx_word' id='word_1_743' title='bbox 843 4970 1083 5023; x_wconf 88' lang='lat' dir='ltr'>centum</span> <span class='ocrx_word' id='word_1_744' title='bbox 1113 4967 1185 5022; x_wconf 93' lang='lat' dir='ltr'>de</span> <span class='ocrx_word' id='word_1_745' title='bbox 1213 4967 1464 5023; x_wconf 84' lang='lat' dir='ltr'>exercitu</span> <span class='ocrx_word' id='word_1_746' title='bbox 1483 4966 1798 5024; x_wconf 81' lang='lat' dir='ltr'>Raimundi</span> 
     </span>
    </p>
   </div>
   <div class='ocr_carea' id='block_1_101' title="bbox 131 5054 3568 5128">
    <p class='ocr_par' dir='ltr' id='par_1_101' title="bbox 131 5054 3568 5128">
     <span class='ocr_line' id='line_1_101' title="bbox 131 5054 3568 5128; baseline 0.002 -14"><span class='ocrx_word' id='word_1_747' title='bbox 131 5056 384 5114; x_wconf 88' lang='lat' dir='ltr'>comitis</span> <span class='ocrx_word' id='word_1_748' title='bbox 412 5054 614 5112; x_wconf 88' lang='lat' dir='ltr'>Sancti</span> <span class='ocrx_word' id='word_1_749' title='bbox 643 5054 877 5128; x_wconf 69' lang='lat' dir='ltr'>Egidii,</span> <span class='ocrx_word' id='word_1_750' title='bbox 908 5055 1133 5112; x_wconf 89' lang='lat' dir='ltr'>scilicet</span> <span class='ocrx_word' id='word_1_751' title='bbox 1162 5055 1530 5114; x_wconf 80' lang='lat' dir='ltr'>Raimundus</span> <span class='ocrx_word' id='word_1_752' title='bbox 1561 5055 1798 5127; x_wconf 80' lang='lat' dir='ltr'>Pilatus,</span> <span class='ocrx_word' id='word_1_753' title='bbox 1909 5056 2086 5113; x_wconf 90' lang='lat' dir='ltr'>nibus</span> <span class='ocrx_word' id='word_1_754' title='bbox 2119 5055 2589 5113; x_wconf 89' lang='lat' dir='ltr'>Christianorum</span> <span class='ocrx_word' id='word_1_755' title='bbox 2616 5058 2687 5113; x_wconf 86' lang='lat' dir='ltr'>ad</span> <span class='ocrx_word' id='word_1_756' title='bbox 2720 5074 2896 5113; x_wconf 87' lang='lat' dir='ltr'>suum</span> <span class='ocrx_word' id='word_1_757' title='bbox 2942 5064 3214 5115; x_wconf 88' lang='lat' dir='ltr'>sanctum</span> <span class='ocrx_word' id='word_1_758' title='bbox 3263 5060 3568 5120; x_wconf 87' lang='lat' dir='ltr'>servitium</span> 
     </span>
    </p>
   </div>
   <div class='ocr_carea' id='block_1_102' title="bbox 134 5142 3573 5223">
    <p class='ocr_par' dir='ltr' id='par_1_102' title="bbox 134 5142 3573 5223">
     <span class='ocr_line' id='line_1_102' title="bbox 134 5142 3573 5223; baseline 0.001 -21"><span class='ocrx_word' id='word_1_759' title='bbox 134 5151 195 5202; x_wconf 89' lang='lat' dir='ltr'>et</span> <span class='ocrx_word' id='word_1_760' title='bbox 226 5144 649 5203; x_wconf 81' lang='lat' dir='ltr'>Gaudemarus</span> <span class='ocrx_word' id='word_1_761' title='bbox 686 5142 1071 5223; x_wconf 83' lang='lat' dir='ltr'>Carpinellus,</span> <span class='ocrx_word' id='word_1_762' title='bbox 1102 5149 1160 5203; x_wconf 90' lang='lat' dir='ltr'>et</span> <span class='ocrx_word' id='word_1_763' title='bbox 1183 5146 1486 5202; x_wconf 88' lang='lat' dir='ltr'>Achardus</span> <span class='ocrx_word' id='word_1_764' title='bbox 1516 5146 1588 5201; x_wconf 88' lang='lat' dir='ltr'>de</span> <span class='ocrx_word' id='word_1_765' title='bbox 1618 5146 1803 5201; x_wconf 84' lang='lat' dir='ltr'>Mom-</span> <span class='ocrx_word' id='word_1_766' title='bbox 1912 5145 2098 5202; x_wconf 86' lang='lat' dir='ltr'>facien</span> <span class='ocrx_word' id='word_1_767' title='bbox 2117 5146 2257 5201; x_wconf 90' lang='lat' dir='ltr'>dum</span> <span class='ocrx_word' id='word_1_768' title='bbox 2306 5146 2687 5201; x_wconf 74' lang='lat' dir='ltr'>tribueretur.</span> <span class='ocrx_word' id='word_1_769' title='bbox 2723 5145 2928 5202; x_wconf 88' lang='lat' dir='ltr'>Clerici</span> <span class='ocrx_word' id='word_1_770' title='bbox 2956 5149 3152 5220; x_wconf 86' lang='lat' dir='ltr'>itaque</span> <span class='ocrx_word' id='word_1_771' title='bbox 3183 5154 3350 5206; x_wconf 88' lang='lat' dir='ltr'>erant</span> <span class='ocrx_word' id='word_1_772' title='bbox 3376 5148 3573 5207; x_wconf 90' lang='lat' dir='ltr'>induti</span> 
     </span>
    </p>
   </div>
   <div class='ocr_carea' id='block_1_103' title="bbox 136 5231 3573 5308">
    <p class='ocr_par' dir='ltr' id='par_1_103' title="bbox 136 5231 3573 5308">
     <span class='ocr_line' id='line_1_103' title="bbox 136 5231 3573 5308; baseline 0.001 -16"><span class='ocrx_word' id='word_1_773' title='bbox 136 5233 361 5303; x_wconf 88' lang='lat' dir='ltr'>merlo,</span> <span class='ocrx_word' id='word_1_774' title='bbox 392 5236 455 5290; x_wconf 87' lang='lat' dir='ltr'>et</span> <span class='ocrx_word' id='word_1_775' title='bbox 480 5231 834 5292; x_wconf 87' lang='lat' dir='ltr'>Guillelmus</span> <span class='ocrx_word' id='word_1_776' title='bbox 862 5235 935 5292; x_wconf 91' lang='lat' dir='ltr'>de</span> <span class='ocrx_word' id='word_1_777' title='bbox 965 5235 1240 5303; x_wconf 89' lang='lat' dir='ltr'>Sabra,et</span> <span class='ocrx_word' id='word_1_778' title='bbox 1268 5233 1390 5302; x_wconf 90' lang='lat' dir='ltr'>alii,</span> <span class='ocrx_word' id='word_1_779' title='bbox 1423 5250 1677 5306; x_wconf 91' lang='lat' dir='ltr'>quorum</span> <span class='ocrx_word' id='word_1_780' title='bbox 1706 5250 1805 5291; x_wconf 90' lang='lat' dir='ltr'>no-</span> <span class='ocrx_word' id='word_1_781' title='bbox 1912 5234 2136 5291; x_wconf 90' lang='lat' dir='ltr'>milites</span> <span class='ocrx_word' id='word_1_782' title='bbox 2169 5238 2228 5289; x_wconf 89' lang='lat' dir='ltr'>et</span> <span class='ocrx_word' id='word_1_783' title='bbox 2258 5235 2501 5291; x_wconf 89' lang='lat' dir='ltr'>clientes</span> <span class='ocrx_word' id='word_1_784' title='bbox 2552 5236 2874 5308; x_wconf 89' lang='lat' dir='ltr'>pergebant</span> <span class='ocrx_word' id='word_1_785' title='bbox 2924 5237 3097 5307; x_wconf 85' lang='lat' dir='ltr'>juxta</span> <span class='ocrx_word' id='word_1_786' title='bbox 3152 5236 3282 5295; x_wconf 87' lang='lat' dir='ltr'>illos</span> <span class='ocrx_word' id='word_1_787' title='bbox 3337 5239 3573 5295; x_wconf 90' lang='lat' dir='ltr'>armati.</span> 
     </span>
    </p>
   </div>
   <div class='ocr_carea' id='block_1_104' title="bbox 137 5321 3581 5400">
    <p class='ocr_par' dir='ltr' id='par_1_104' title="bbox 137 5321 3581 5400">
     <span class='ocr_line' id='line_1_104' title="bbox 137 5321 3581 5400; baseline 0.001 -19"><span class='ocrx_word' id='word_1_788' title='bbox 137 5323 316 5381; x_wconf 82' lang='lat' dir='ltr'>mina</span> <span class='ocrx_word' id='word_1_789' title='bbox 347 5322 579 5397; x_wconf 80' lang='lat' dir='ltr'>ignoro.</span> <span class='ocrx_word' id='word_1_790' title='bbox 612 5321 877 5398; x_wconf 89' lang='lat' dir='ltr'>Cumque</span> <span class='ocrx_word' id='word_1_791' title='bbox 908 5322 1231 5379; x_wconf 89' lang='lat' dir='ltr'>militarent</span> <span class='ocrx_word' id='word_1_792' title='bbox 1258 5323 1331 5379; x_wconf 91' lang='lat' dir='ltr'>ad</span> <span class='ocrx_word' id='word_1_793' title='bbox 1361 5327 1617 5395; x_wconf 91' lang='lat' dir='ltr'>portum,</span> <span class='ocrx_word' id='word_1_794' title='bbox 1659 5323 1805 5379; x_wconf 90' lang='lat' dir='ltr'>divi-</span> <span class='ocrx_word' id='word_1_795' title='bbox 1915 5322 2223 5381; x_wconf 89' lang='lat' dir='ltr'>Sarraceni</span> <span class='ocrx_word' id='word_1_796' title='bbox 2259 5323 2371 5381; x_wconf 91' lang='lat' dir='ltr'>hoc</span> <span class='ocrx_word' id='word_1_797' title='bbox 2401 5322 2667 5381; x_wconf 89' lang='lat' dir='ltr'>videntes</span> <span class='ocrx_word' id='word_1_798' title='bbox 2690 5323 2970 5381; x_wconf 89' lang='lat' dir='ltr'>similiter</span> <span class='ocrx_word' id='word_1_799' title='bbox 2988 5326 3307 5400; x_wconf 88' lang='lat' dir='ltr'>pergebant</span> <span class='ocrx_word' id='word_1_800' title='bbox 3335 5344 3437 5400; x_wconf 92' lang='lat' dir='ltr'>per</span> <span class='ocrx_word' id='word_1_801' title='bbox 3453 5342 3581 5384; x_wconf 89' lang='lat' dir='ltr'>mu.</span> 
     </span>
    </p>
   </div>
   <div class='ocr_carea' id='block_1_105' title="bbox 138 5409 3580 5486">
    <p class='ocr_par' dir='ltr' id='par_1_105' title="bbox 138 5409 3580 5486">
     <span class='ocr_line' id='line_1_105' title="bbox 138 5409 3580 5486; baseline -0 -14"><span class='ocrx_word' id='word_1_802' title='bbox 138 5416 361 5472; x_wconf 83' lang='lat' dir='ltr'>serunt</span> <span class='ocrx_word' id='word_1_803' title='bbox 373 5428 441 5470; x_wconf 91' lang='lat' dir='ltr'>se</span> <span class='ocrx_word' id='word_1_804' title='bbox 463 5412 710 5485; x_wconf 87' lang='lat' dir='ltr'>triginta</span> <span class='ocrx_word' id='word_1_805' title='bbox 738 5412 956 5470; x_wconf 88' lang='lat' dir='ltr'>milites</span> <span class='ocrx_word' id='word_1_806' title='bbox 982 5427 1053 5468; x_wconf 87' lang='lat' dir='ltr'>ex</span> <span class='ocrx_word' id='word_1_807' title='bbox 1072 5410 1293 5469; x_wconf 88' lang='lat' dir='ltr'>nostris</span> <span class='ocrx_word' id='word_1_808' title='bbox 1321 5410 1393 5466; x_wconf 80' lang='lat' dir='ltr'>ab</span> <span class='ocrx_word' id='word_1_809' title='bbox 1423 5409 1574 5481; x_wconf 89' lang='lat' dir='ltr'>aliis,</span> <span class='ocrx_word' id='word_1_810' title='bbox 1588 5410 1811 5468; x_wconf 89' lang='lat' dir='ltr'>scilicet</span> <span class='ocrx_word' id='word_1_811' title='bbox 1915 5428 2016 5472; x_wconf 91' lang='lat' dir='ltr'>ros</span> <span class='ocrx_word' id='word_1_812' title='bbox 2046 5411 2660 5482; x_wconf 88' lang='lat' dir='ltr'>civitatis,Machomet</span> <span class='ocrx_word' id='word_1_813' title='bbox 2673 5413 2733 5469; x_wconf 92' lang='lat' dir='ltr'>in</span> <span class='ocrx_word' id='word_1_814' title='bbox 2750 5414 3010 5486; x_wconf 88' lang='lat' dir='ltr'>quadam</span> <span class='ocrx_word' id='word_1_815' title='bbox 3038 5414 3211 5472; x_wconf 89' lang='lat' dir='ltr'>hasta</span> <span class='ocrx_word' id='word_1_816' title='bbox 3233 5415 3580 5484; x_wconf 86' lang='lat' dir='ltr'>deferentes,</span> 
     </span>
    </p>
   </div>
   <div class='ocr_carea' id='block_1_106' title="bbox 141 5499 3588 5586">
    <p class='ocr_par' dir='ltr' id='par_1_106' title="bbox 141 5499 3588 5586">
     <span class='ocr_line' id='line_1_106' title="bbox 141 5499 3588 5586; baseline -0.001 -21"><span class='ocrx_word' id='word_1_817' title='bbox 141 5501 591 5576; x_wconf 78' lang='lat' dir='ltr'>Gaudemarus,</span> <span class='ocrx_word' id='word_1_818' title='bbox 621 5505 682 5564; x_wconf 89' lang='lat' dir='ltr'>et</span> <span class='ocrx_word' id='word_1_819' title='bbox 732 5501 1055 5575; x_wconf 77' lang='lat' dir='ltr'>Arachdus,</span> <span class='ocrx_word' id='word_1_820' title='bbox 1087 5505 1146 5563; x_wconf 84' lang='lat' dir='ltr'>et</span> <span class='ocrx_word' id='word_1_821' title='bbox 1192 5499 1541 5561; x_wconf 86' lang='lat' dir='ltr'>invenerunt</span> <span class='ocrx_word' id='word_1_822' title='bbox 1593 5499 1813 5578; x_wconf 82' lang='lat' dir='ltr'>septin-</span> <span class='ocrx_word' id='word_1_823' title='bbox 1915 5519 2041 5569; x_wconf 87' lang='lat' dir='ltr'>uno</span> <span class='ocrx_word' id='word_1_824' title='bbox 2073 5517 2271 5586; x_wconf 87' lang='lat' dir='ltr'>panno</span> <span class='ocrx_word' id='word_1_825' title='bbox 2306 5508 2667 5581; x_wconf 82' lang='lat' dir='ltr'>coopertum.</span> <span class='ocrx_word' id='word_1_826' title='bbox 2708 5500 3066 5564; x_wconf 79' lang='lat' dir='ltr'>Christianis</span> <span class='ocrx_word' id='word_1_827' title='bbox 3113 5500 3588 5582; x_wconf 85' lang='lat' dir='ltr'>pervenientibus</span> 
     </span>
    </p>
   </div>
   <div class='ocr_carea' id='block_1_107' title="bbox 1902 4609 3555 4687">
    <p class='ocr_par' dir='ltr' id='par_1_107' title="bbox 1902 4609 3555 4687">
     <span class='ocr_line' id='line_1_107' title="bbox 1902 4609 3555 4687; baseline 0.002 -20"><span class='ocrx_word' id='word_1_828' title='bbox 1902 4616 2099 4667; x_wconf 91' lang='lat' dir='ltr'>rentes</span> <span class='ocrx_word' id='word_1_829' title='bbox 2126 4616 2414 4667; x_wconf 88' lang='lat' dir='ltr'>venerunt</span> <span class='ocrx_word' id='word_1_830' title='bbox 2440 4612 2510 4666; x_wconf 92' lang='lat' dir='ltr'>de</span> <span class='ocrx_word' id='word_1_831' title='bbox 2541 4609 2786 4667; x_wconf 85' lang='lat' dir='ltr'>ecclesia</span> <span class='ocrx_word' id='word_1_832' title='bbox 2814 4612 3036 4667; x_wconf 73' lang='lat' dir='ltr'>Sancta:</span> <span class='ocrx_word' id='word_1_833' title='bbox 3068 4612 3282 4683; x_wconf 70' lang='lat' dir='ltr'>Mariae,</span> <span class='ocrx_word' id='word_1_834' title='bbox 3311 4631 3438 4687; x_wconf 69' lang='lat' dir='ltr'>quas</span> <span class='ocrx_word' id='word_1_835' title='bbox 3466 4618 3555 4671; x_wconf 91' lang='lat' dir='ltr'>est</span> 
     </span>
    </p>
   </div>
   <div class='ocr_carea' id='block_1_108' title="bbox 1901 4698 3556 4776">
    <p class='ocr_par' dir='ltr' id='par_1_108' title="bbox 1901 4698 3556 4776">
     <span class='ocr_line' id='line_1_108' title="bbox 1901 4698 3556 4776; baseline 0.003 -21"><span class='ocrx_word' id='word_1_836' title='bbox 1901 4699 1962 4755; x_wconf 90' lang='lat' dir='ltr'>in</span> <span class='ocrx_word' id='word_1_837' title='bbox 1994 4707 2192 4756; x_wconf 90' lang='lat' dir='ltr'>monte</span> <span class='ocrx_word' id='word_1_838' title='bbox 2221 4700 2469 4765; x_wconf 90' lang='lat' dir='ltr'>Sion,ad</span> <span class='ocrx_word' id='word_1_839' title='bbox 2499 4698 2805 4756; x_wconf 90' lang='lat' dir='ltr'>ecclesiam</span> <span class='ocrx_word' id='word_1_840' title='bbox 2832 4701 3027 4757; x_wconf 89' lang='lat' dir='ltr'>Sancti</span> <span class='ocrx_word' id='word_1_841' title='bbox 3060 4702 3556 4776; x_wconf 89' lang='lat' dir='ltr'>Stephaniproto-</span> 
     </span>
    </p>
   </div>
   <div class='ocr_carea' id='block_1_109' title="bbox 1904 4787 3563 4861">
    <p class='ocr_par' dir='ltr' id='par_1_109' title="bbox 1904 4787 3563 4861">
     <span class='ocr_line' id='line_1_109' title="bbox 1904 4787 3563 4861; baseline 0.004 -18"><span class='ocrx_word' id='word_1_842' title='bbox 1904 4787 2201 4861; x_wconf 78' lang='lat' dir='ltr'>martyris,</span> <span class='ocrx_word' id='word_1_843' title='bbox 2236 4788 2553 4861; x_wconf 88' lang='lat' dir='ltr'>psallentes</span> <span class='ocrx_word' id='word_1_844' title='bbox 2585 4793 2759 4861; x_wconf 90' lang='lat' dir='ltr'>atque</span> <span class='ocrx_word' id='word_1_845' title='bbox 2791 4794 3129 4857; x_wconf 88' lang='lat' dir='ltr'>orantes,ut</span> <span class='ocrx_word' id='word_1_846' title='bbox 3157 4791 3442 4850; x_wconf 89' lang='lat' dir='ltr'>Dominus</span> <span class='ocrx_word' id='word_1_847' title='bbox 3471 4793 3563 4850; x_wconf 89' lang='lat' dir='ltr'>Je-</span> 
     </span>
    </p>
   </div>
   <div class='ocr_carea' id='block_1_110' title="bbox 1906 4877 3561 4950">
    <p class='ocr_par' dir='ltr' id='par_1_110' title="bbox 1906 4877 3561 4950">
     <span class='ocr_line' id='line_1_110' title="bbox 1906 4877 3561 4950; baseline 0.004 -16"><span class='ocrx_word' id='word_1_848' title='bbox 1906 4895 2009 4934; x_wconf 90' lang='lat' dir='ltr'>sus</span> <span class='ocrx_word' id='word_1_849' title='bbox 2040 4877 2311 4934; x_wconf 89' lang='lat' dir='ltr'>Christus</span> <span class='ocrx_word' id='word_1_850' title='bbox 2345 4895 2514 4935; x_wconf 90' lang='lat' dir='ltr'>suam</span> <span class='ocrx_word' id='word_1_851' title='bbox 2546 4883 2811 4934; x_wconf 88' lang='lat' dir='ltr'>sanctam</span> <span class='ocrx_word' id='word_1_852' title='bbox 2862 4879 3175 4950; x_wconf 87' lang='lat' dir='ltr'>civitatem,</span> <span class='ocrx_word' id='word_1_853' title='bbox 3208 4886 3266 4937; x_wconf 92' lang='lat' dir='ltr'>et</span> <span class='ocrx_word' id='word_1_854' title='bbox 3290 4887 3561 4940; x_wconf 87' lang='lat' dir='ltr'>sanctum</span> 
     </span>
    </p>
   </div>
   <div class='ocr_carea' id='block_1_111' title="bbox 1908 4965 3567 5044">
    <p class='ocr_par' dir='ltr' id='par_1_111' title="bbox 1908 4965 3567 5044">
     <span class='ocr_line' id='line_1_111' title="bbox 1908 4965 3567 5044; baseline 0.004 -21"><span class='ocrx_word' id='word_1_855' title='bbox 1908 4965 2275 5039; x_wconf 88' lang='lat' dir='ltr'>sepulcrum,</span> <span class='ocrx_word' id='word_1_856' title='bbox 2311 4985 2345 5023; x_wconf 91' lang='lat' dir='ltr'>a</span> <span class='ocrx_word' id='word_1_857' title='bbox 2374 4983 2740 5041; x_wconf 87' lang='lat' dir='ltr'>paganorum</span> <span class='ocrx_word' id='word_1_858' title='bbox 2770 4967 3044 5025; x_wconf 86' lang='lat' dir='ltr'>liberaret</span> <span class='ocrx_word' id='word_1_859' title='bbox 3071 4974 3263 5044; x_wconf 85' lang='lat' dir='ltr'>gente,</span> <span class='ocrx_word' id='word_1_860' title='bbox 3289 4976 3347 5029; x_wconf 89' lang='lat' dir='ltr'>et</span> <span class='ocrx_word' id='word_1_861' title='bbox 3367 4973 3425 5027; x_wconf 89' lang='lat' dir='ltr'>in</span> <span class='ocrx_word' id='word_1_862' title='bbox 3448 4989 3567 5029; x_wconf 91' lang='lat' dir='ltr'>ma-</span> 
     </span>
    </p>
   </div>
  </div>
