  <div class='ocr_page' id='page_1' title='image "/cluster/home/n/w/nwhite01/storage/ocr_20150623/155/hvd.32044054760137/411.png"; bbox 0 0 3998 6088; ppageno 0'>
   <div class='ocr_carea' id='block_1_1' title="bbox 465 306 585 368">
    <p class='ocr_par' dir='ltr' id='par_1_1' title="bbox 465 306 585 368">
     <span class='ocr_line' id='line_1_1' title="bbox 465 306 585 368; baseline -0.017 0"><span class='ocrx_word' id='word_1_1' title='bbox 465 306 585 368; x_wconf 69' lang='grc'>815</span> 
     </span>
    </p>
   </div>
   <div class='ocr_carea' id='block_1_2' title="bbox 987 301 3337 370">
    <p class='ocr_par' dir='ltr' id='par_1_2' title="bbox 987 301 3337 370">
     <span class='ocr_line' id='line_1_2' title="bbox 987 301 3337 370; baseline -0.003 -2"><span class='ocrx_word' id='word_1_2' title='bbox 987 308 1092 368; x_wconf 81' lang='lat' dir='ltr'>AD</span> <span class='ocrx_word' id='word_1_3' title='bbox 1138 305 1644 370; x_wconf 78' lang='lat' dir='ltr'>GODEFRIDUM</span> <span class='ocrx_word' id='word_1_4' title='bbox 1695 303 2022 366; x_wconf 83' lang='lat' dir='ltr'>APPEND.</span> <span class='ocrx_word' id='word_1_5' title='bbox 2057 303 2132 365; x_wconf 81' lang='lat' dir='ltr'>Il.</span> <span class='ocrx_word' id='word_1_6' title='bbox 2160 335 2238 346; x_wconf 89' lang='lat'><strong>-</strong></span> <span class='ocrx_word' id='word_1_7' title='bbox 2267 301 2578 366; x_wconf 81' lang='lat' dir='ltr'>MONUM.</span> <span class='ocrx_word' id='word_1_8' title='bbox 2624 302 2726 364; x_wconf 90' lang='lat' dir='ltr'>DE</span> <span class='ocrx_word' id='word_1_9' title='bbox 2769 301 3018 364; x_wconf 87' lang='lat' dir='ltr'><strong>BELLO</strong></span> <span class='ocrx_word' id='word_1_10' title='bbox 3065 301 3337 363; x_wconf 82' lang='lat' dir='ltr'>SACRO.</span> 
     </span>
    </p>
   </div>
   <div class='ocr_carea' id='block_1_3' title="bbox 3756 297 3874 362">
    <p class='ocr_par' dir='ltr' id='par_1_3' title="bbox 3756 297 3874 362">
     <span class='ocr_line' id='line_1_3' title="bbox 3756 297 3874 362; baseline 0.008 -1"><span class='ocrx_word' id='word_1_11' title='bbox 3756 297 3874 362; x_wconf 67' lang='lat'>816</span> 
     </span>
    </p>
   </div>
   <div class='ocr_carea' id='block_1_4' title="bbox 467 429 3876 512">
    <p class='ocr_par' dir='ltr' id='par_1_4' title="bbox 467 429 3876 512">
     <span class='ocr_line' id='line_1_4' title="bbox 467 429 3876 512; baseline -0.003 -15"><span class='ocrx_word' id='word_1_12' title='bbox 467 441 538 497; x_wconf 90' lang='lat' dir='ltr'>ad</span> <span class='ocrx_word' id='word_1_13' title='bbox 568 439 870 496; x_wconf 81' lang='lat' dir='ltr'>ecclesiam</span> <span class='ocrx_word' id='word_1_14' title='bbox 904 439 1102 496; x_wconf 88' lang='lat' dir='ltr'>Sancti</span> <span class='ocrx_word' id='word_1_15' title='bbox 1133 438 1438 512; x_wconf 83' lang='lat' dir='ltr'>Stephani,</span> <span class='ocrx_word' id='word_1_16' title='bbox 1457 437 1653 510; x_wconf 91' lang='lat' dir='ltr'>ibique</span> <span class='ocrx_word' id='word_1_17' title='bbox 1685 437 1998 493; x_wconf 77' lang='lat' dir='ltr'>stationem</span> <span class='ocrx_word' id='word_1_18' title='bbox 2030 435 2110 490; x_wconf 88' lang='lat' dir='ltr'>fa-</span> <span class='ocrx_word' id='word_1_19' title='bbox 2136 435 2190 501; x_wconf 82' lang='grc' dir='ltr'>Α</span> <span class='ocrx_word' id='word_1_20' title='bbox 2220 434 2300 489; x_wconf 91' lang='lat' dir='ltr'>ait</span> <span class='ocrx_word' id='word_1_21' title='bbox 2333 451 2364 512; x_wconf 21' lang='lat' dir='ltr'>:A</span> <span class='ocrx_word' id='word_1_22' title='bbox 2385 457 2412 485; x_wconf 86' lang='lat'>«</span> <span class='ocrx_word' id='word_1_23' title='bbox 2444 429 2750 490; x_wconf 88' lang='lat' dir='ltr'>Sarraceni</span> <span class='ocrx_word' id='word_1_24' title='bbox 2782 433 2898 489; x_wconf 90' lang='lat' dir='ltr'>huc</span> <span class='ocrx_word' id='word_1_25' title='bbox 2948 449 3042 488; x_wconf 89' lang='lat' dir='ltr'>me</span> <span class='ocrx_word' id='word_1_26' title='bbox 3090 433 3400 498; x_wconf 88' lang='lat' dir='ltr'>miserunt,</span> <span class='ocrx_word' id='word_1_27' title='bbox 3430 432 3692 488; x_wconf 90' lang='lat' dir='ltr'>volentes</span> <span class='ocrx_word' id='word_1_28' title='bbox 3727 432 3876 487; x_wconf 88' lang='lat' dir='ltr'>scire</span> 
     </span>
    </p>
   </div>
   <div class='ocr_carea' id='block_1_5' title="bbox 468 525 2109 600">
    <p class='ocr_par' dir='ltr' id='par_1_5' title="bbox 468 525 2109 600">
     <span class='ocr_line' id='line_1_5' title="bbox 468 525 2109 600; baseline -0.002 -17"><span class='ocrx_word' id='word_1_29' title='bbox 468 528 782 595; x_wconf 84' lang='lat' dir='ltr'>cientibus,</span> <span class='ocrx_word' id='word_1_30' title='bbox 815 529 969 584; x_wconf 85' lang='lat' dir='ltr'>sicut</span> <span class='ocrx_word' id='word_1_31' title='bbox 998 543 1126 584; x_wconf 87' lang='lat' dir='ltr'>mos</span> <span class='ocrx_word' id='word_1_32' title='bbox 1158 528 1216 583; x_wconf 92' lang='lat' dir='ltr'>in</span> <span class='ocrx_word' id='word_1_33' title='bbox 1245 526 1719 600; x_wconf 84' lang='lat' dir='ltr'>processionibus</span> <span class='ocrx_word' id='word_1_34' title='bbox 1750 525 1968 582; x_wconf 79' lang='lat' dir='ltr'>nostris</span> <span class='ocrx_word' id='word_1_35' title='bbox 1999 529 2109 594; x_wconf 90' lang='lat' dir='ltr'>est,</span> 
     </span>
    </p>
   </div>
   <div class='ocr_carea' id='block_1_6' title="bbox 468 613 2115 689">
    <p class='ocr_par' dir='ltr' id='par_1_6' title="bbox 468 613 2115 689">
     <span class='ocr_line' id='line_1_6' title="bbox 468 613 2115 689; baseline -0.004 -15"><span class='ocrx_word' id='word_1_36' title='bbox 468 624 525 674; x_wconf 91' lang='lat' dir='ltr'>et</span> <span class='ocrx_word' id='word_1_37' title='bbox 540 617 650 689; x_wconf 88' lang='lat' dir='ltr'>ipsi</span> <span class='ocrx_word' id='word_1_38' title='bbox 675 617 980 674; x_wconf 87' lang='lat' dir='ltr'>Sarraceni</span> <span class='ocrx_word' id='word_1_39' title='bbox 1007 618 1259 688; x_wconf 85' lang='lat' dir='ltr'>desuper</span> <span class='ocrx_word' id='word_1_40' title='bbox 1288 633 1489 672; x_wconf 81' lang='lat' dir='ltr'>muros</span> <span class='ocrx_word' id='word_1_41' title='bbox 1510 620 1767 671; x_wconf 76' lang='lat' dir='ltr'>astantes</span> <span class='ocrx_word' id='word_1_42' title='bbox 1779 613 2115 670; x_wconf 86' lang='lat' dir='ltr'>clamabant</span> 
     </span>
    </p>
   </div>
   <div class='ocr_carea' id='block_1_7' title="bbox 471 702 2118 776">
    <p class='ocr_par' dir='ltr' id='par_1_7' title="bbox 471 702 2118 776">
     <span class='ocr_line' id='line_1_7' title="bbox 471 702 2118 776; baseline -0.002 -14"><span class='ocrx_word' id='word_1_43' title='bbox 471 711 528 762; x_wconf 89' lang='lat' dir='ltr'>et</span> <span class='ocrx_word' id='word_1_44' title='bbox 559 705 869 762; x_wconf 85' lang='lat' dir='ltr'>ululabant</span> <span class='ocrx_word' id='word_1_45' title='bbox 899 723 1035 762; x_wconf 91' lang='lat' dir='ltr'>cum</span> <span class='ocrx_word' id='word_1_46' title='bbox 1067 705 1353 772; x_wconf 89' lang='lat' dir='ltr'>buccinis,</span> <span class='ocrx_word' id='word_1_47' title='bbox 1375 710 1430 761; x_wconf 90' lang='lat' dir='ltr'>et</span> <span class='ocrx_word' id='word_1_48' title='bbox 1460 719 1634 760; x_wconf 90' lang='lat' dir='ltr'>omne</span> <span class='ocrx_word' id='word_1_49' title='bbox 1662 721 1848 776; x_wconf 89' lang='lat' dir='ltr'>genus</span> <span class='ocrx_word' id='word_1_50' title='bbox 1881 702 2118 758; x_wconf 90' lang='lat' dir='ltr'>derisio-</span> 
     </span>
    </p>
   </div>
   <div class='ocr_carea' id='block_1_8' title="bbox 472 792 2117 868">
    <p class='ocr_par' dir='ltr' id='par_1_8' title="bbox 472 792 2117 868">
     <span class='ocr_line' id='line_1_8' title="bbox 472 792 2117 868; baseline -0.002 -17"><span class='ocrx_word' id='word_1_51' title='bbox 472 794 583 862; x_wconf 90' lang='lat' dir='ltr'>nis,</span> <span class='ocrx_word' id='word_1_52' title='bbox 605 796 996 868; x_wconf 87' lang='lat' dir='ltr'>quodcunque</span> <span class='ocrx_word' id='word_1_53' title='bbox 1028 794 1277 867; x_wconf 82' lang='lat' dir='ltr'>reperire</span> <span class='ocrx_word' id='word_1_54' title='bbox 1306 800 1593 866; x_wconf 88' lang='lat' dir='ltr'>poterant,</span> <span class='ocrx_word' id='word_1_55' title='bbox 1613 792 1919 848; x_wconf 76' lang='lat' dir='ltr'>faciebant.</span> <span class='ocrx_word' id='word_1_56' title='bbox 1956 793 2117 847; x_wconf 88' lang='lat' dir='ltr'>Insu-</span> 
     </span>
    </p>
   </div>
   <div class='ocr_carea' id='block_1_9' title="bbox 473 879 2115 957">
    <p class='ocr_par' dir='ltr' id='par_1_9' title="bbox 473 879 2115 957">
     <span class='ocr_line' id='line_1_9' title="bbox 473 879 2115 957; baseline -0.004 -17"><span class='ocrx_word' id='word_1_57' title='bbox 473 900 576 956; x_wconf 87' lang='lat' dir='ltr'>per</span> <span class='ocrx_word' id='word_1_58' title='bbox 605 884 895 940; x_wconf 79' lang='lat' dir='ltr'>faciebant</span> <span class='ocrx_word' id='word_1_59' title='bbox 924 885 996 940; x_wconf 91' lang='lat' dir='ltr'>de</span> <span class='ocrx_word' id='word_1_60' title='bbox 1026 883 1186 957; x_wconf 91' lang='lat' dir='ltr'>ligno</span> <span class='ocrx_word' id='word_1_61' title='bbox 1219 899 1450 940; x_wconf 87' lang='lat' dir='ltr'>crucem</span> <span class='ocrx_word' id='word_1_62' title='bbox 1484 884 1541 938; x_wconf 91' lang='lat' dir='ltr'>in</span> <span class='ocrx_word' id='word_1_63' title='bbox 1576 882 2022 938; x_wconf 82' lang='lat' dir='ltr'>similitudinem</span> <span class='ocrx_word' id='word_1_64' title='bbox 2047 879 2115 935; x_wconf 83' lang='lat' dir='ltr'>il-</span> 
     </span>
    </p>
   </div>
   <div class='ocr_carea' id='block_1_10' title="bbox 472 969 2120 1044">
    <p class='ocr_par' dir='ltr' id='par_1_10' title="bbox 472 969 2120 1044">
     <span class='ocr_line' id='line_1_10' title="bbox 472 969 2120 1044; baseline -0.001 -18"><span class='ocrx_word' id='word_1_65' title='bbox 472 971 607 1038; x_wconf 90' lang='lat' dir='ltr'>lius,</span> <span class='ocrx_word' id='word_1_66' title='bbox 657 971 756 1044; x_wconf 87' lang='lat' dir='ltr'>qui</span> <span class='ocrx_word' id='word_1_67' title='bbox 806 971 1105 1027; x_wconf 87' lang='lat' dir='ltr'>fundendo</span> <span class='ocrx_word' id='word_1_68' title='bbox 1157 971 1505 1044; x_wconf 85' lang='lat' dir='ltr'>sanguinem</span> <span class='ocrx_word' id='word_1_69' title='bbox 1557 985 1732 1026; x_wconf 88' lang='lat' dir='ltr'>suum</span> <span class='ocrx_word' id='word_1_70' title='bbox 1787 969 2120 1024; x_wconf 81' lang='lat' dir='ltr'>misericors</span> 
     </span>
    </p>
   </div>
   <div class='ocr_carea' id='block_1_11' title="bbox 475 1058 2162 1133">
    <p class='ocr_par' dir='ltr' id='par_1_11' title="bbox 475 1058 2162 1133">
     <span class='ocr_line' id='line_1_11' title="bbox 475 1058 2162 1133; baseline -0.002 -17"><span class='ocrx_word' id='word_1_71' title='bbox 475 1059 743 1116; x_wconf 88' lang='lat' dir='ltr'>Christus</span> <span class='ocrx_word' id='word_1_72' title='bbox 774 1060 1103 1116; x_wconf 90' lang='lat' dir='ltr'>humanum</span> <span class='ocrx_word' id='word_1_73' title='bbox 1136 1077 1320 1133; x_wconf 91' lang='lat' dir='ltr'>genus</span> <span class='ocrx_word' id='word_1_74' title='bbox 1351 1061 1890 1131; x_wconf 89' lang='lat' dir='ltr'>redemit,eamque,</span> <span class='ocrx_word' id='word_1_75' title='bbox 1921 1058 2120 1113; x_wconf 87' lang='lat' dir='ltr'>viden-</span> <span class='ocrx_word' id='word_1_76' title='bbox 2160 1124 2162 1127; x_wconf 26' lang='grc' dir='ltr'>ι</span> 
     </span>
    </p>
   </div>
   <div class='ocr_carea' id='block_1_12' title="bbox 477 1145 2121 1213">
    <p class='ocr_par' dir='ltr' id='par_1_12' title="bbox 477 1145 2121 1213">
     <span class='ocr_line' id='line_1_12' title="bbox 477 1145 2121 1213; baseline -0.001 -9"><span class='ocrx_word' id='word_1_77' title='bbox 477 1149 638 1205; x_wconf 85' lang='lat' dir='ltr'>tibus</span> <span class='ocrx_word' id='word_1_78' title='bbox 687 1145 964 1204; x_wconf 86' lang='lat' dir='ltr'>omnibus</span> <span class='ocrx_word' id='word_1_79' title='bbox 1021 1147 1368 1205; x_wconf 85' lang='lat' dir='ltr'>Christianis</span> <span class='ocrx_word' id='word_1_80' title='bbox 1418 1153 1484 1203; x_wconf 90' lang='lat' dir='ltr'>ut</span> <span class='ocrx_word' id='word_1_81' title='bbox 1520 1148 1802 1204; x_wconf 82' lang='lat' dir='ltr'>inferrent</span> <span class='ocrx_word' id='word_1_82' title='bbox 1839 1147 2121 1213; x_wconf 87' lang='lat' dir='ltr'>dolorem,</span> 
     </span>
    </p>
   </div>
   <div class='ocr_carea' id='block_1_13' title="bbox 480 1236 2122 1310">
    <p class='ocr_par' dir='ltr' id='par_1_13' title="bbox 480 1236 2122 1310">
     <span class='ocr_line' id='line_1_13' title="bbox 480 1236 2122 1310; baseline -0.001 -17"><span class='ocrx_word' id='word_1_83' title='bbox 480 1255 614 1294; x_wconf 90' lang='lat' dir='ltr'>cum</span> <span class='ocrx_word' id='word_1_84' title='bbox 646 1237 900 1310; x_wconf 89' lang='lat' dir='ltr'>quodam</span> <span class='ocrx_word' id='word_1_85' title='bbox 933 1236 1095 1310; x_wconf 91' lang='lat' dir='ltr'>ligno</span> <span class='ocrx_word' id='word_1_86' title='bbox 1122 1238 1525 1306; x_wconf 83' lang='lat' dir='ltr'>verberabant,</span> <span class='ocrx_word' id='word_1_87' title='bbox 1559 1241 1618 1292; x_wconf 88' lang='lat' dir='ltr'>et</span> <span class='ocrx_word' id='word_1_88' title='bbox 1667 1243 1872 1310; x_wconf 82' lang='lat' dir='ltr'>postea</span> <span class='ocrx_word' id='word_1_89' title='bbox 1901 1240 1966 1292; x_wconf 91' lang='lat' dir='ltr'>ut</span> <span class='ocrx_word' id='word_1_90' title='bbox 1997 1252 2122 1292; x_wconf 88' lang='lat' dir='ltr'>ma-</span> 
     </span>
    </p>
   </div>
   <div class='ocr_carea' id='block_1_14' title="bbox 465 1325 2121 1400">
    <p class='ocr_par' dir='ltr' id='par_1_14' title="bbox 465 1325 2121 1400">
     <span class='ocr_line' id='line_1_14' title="bbox 465 1325 2121 1400; baseline -0.001 -18"><span class='ocrx_word' id='word_1_91' title='bbox 465 1329 661 1400; x_wconf 84' lang='lat' dir='ltr'>jorem</span> <span class='ocrx_word' id='word_1_92' title='bbox 711 1327 994 1382; x_wconf 79' lang='lat' dir='ltr'>inferrent</span> <span class='ocrx_word' id='word_1_93' title='bbox 1023 1326 1306 1396; x_wconf 85' lang='lat' dir='ltr'>dolorem,</span> <span class='ocrx_word' id='word_1_94' title='bbox 1341 1327 1412 1382; x_wconf 88' lang='lat' dir='ltr'>ad</span> <span class='ocrx_word' id='word_1_95' title='bbox 1445 1343 1680 1382; x_wconf 90' lang='lat' dir='ltr'>murum</span> <span class='ocrx_word' id='word_1_96' title='bbox 1711 1325 1961 1382; x_wconf 87' lang='lat' dir='ltr'>civitatis</span> <span class='ocrx_word' id='word_1_97' title='bbox 1993 1341 2121 1381; x_wconf 87' lang='lat' dir='ltr'>eam</span> 
     </span>
    </p>
   </div>
   <div class='ocr_carea' id='block_1_15' title="bbox 478 1414 2121 1489">
    <p class='ocr_par' dir='ltr' id='par_1_15' title="bbox 478 1414 2121 1489">
     <span class='ocr_line' id='line_1_15' title="bbox 478 1414 2121 1489; baseline -0.001 -19"><span class='ocrx_word' id='word_1_98' title='bbox 478 1415 845 1489; x_wconf 81' lang='lat' dir='ltr'>frangebant,</span> <span class='ocrx_word' id='word_1_99' title='bbox 861 1415 1124 1472; x_wconf 83' lang='lat' dir='ltr'>dicentes</span> <span class='ocrx_word' id='word_1_100' title='bbox 1143 1415 1262 1472; x_wconf 89' lang='lat' dir='ltr'>alta</span> <span class='ocrx_word' id='word_1_101' title='bbox 1281 1433 1443 1471; x_wconf 89' lang='lat' dir='ltr'>voce:</span> <span class='ocrx_word' id='word_1_102' title='bbox 1484 1438 1510 1466; x_wconf 86' lang='lat'><strong>«</strong></span> <span class='ocrx_word' id='word_1_103' title='bbox 1527 1415 1756 1487; x_wconf 85' lang='lat' dir='ltr'>Frangi,</span> <span class='ocrx_word' id='word_1_104' title='bbox 1777 1415 1898 1487; x_wconf 87' lang='lat' dir='ltr'>ogit</span> <span class='ocrx_word' id='word_1_105' title='bbox 1919 1414 2121 1480; x_wconf 83' lang='lat' dir='ltr'>salio,»</span> 
     </span>
    </p>
   </div>
   <div class='ocr_carea' id='block_1_16' title="bbox 477 1504 2124 1577">
    <p class='ocr_par' dir='ltr' id='par_1_16' title="bbox 477 1504 2124 1577">
     <span class='ocr_line' id='line_1_16' title="bbox 477 1504 2124 1577; baseline -0.002 -17"><span class='ocrx_word' id='word_1_106' title='bbox 477 1504 631 1577; x_wconf 91' lang='lat' dir='ltr'>quod</span> <span class='ocrx_word' id='word_1_107' title='bbox 669 1504 825 1577; x_wconf 89' lang='lat' dir='ltr'>apud</span> <span class='ocrx_word' id='word_1_108' title='bbox 856 1521 963 1560; x_wconf 91' lang='lat' dir='ltr'>nos</span> <span class='ocrx_word' id='word_1_109' title='bbox 994 1507 1185 1572; x_wconf 89' lang='lat' dir='ltr'>sonat,</span> <span class='ocrx_word' id='word_1_110' title='bbox 1217 1528 1246 1554; x_wconf 78' lang='grc' dir='ltr'>α</span> <span class='ocrx_word' id='word_1_111' title='bbox 1281 1505 1508 1570; x_wconf 87' lang='lat' dir='ltr'>Franci,</span> <span class='ocrx_word' id='word_1_112' title='bbox 1541 1509 1630 1560; x_wconf 90' lang='lat' dir='ltr'>est</span> <span class='ocrx_word' id='word_1_113' title='bbox 1687 1505 1839 1560; x_wconf 88' lang='lat' dir='ltr'>bona</span> <span class='ocrx_word' id='word_1_114' title='bbox 1897 1519 2055 1559; x_wconf 84' lang='lat' dir='ltr'>crux.</span> <span class='ocrx_word' id='word_1_115' title='bbox 2092 1523 2124 1556; x_wconf 70' lang='grc' dir='ltr'><strong><em>ι</em></strong></span> 
     </span>
    </p>
   </div>
   <div class='ocr_carea' id='block_1_17' title="bbox 479 1593 2124 1664">
    <p class='ocr_par' dir='ltr' id='par_1_17' title="bbox 479 1593 2124 1664">
     <span class='ocr_line' id='line_1_17' title="bbox 479 1593 2124 1664; baseline -0.001 -15"><span class='ocrx_word' id='word_1_116' title='bbox 479 1595 602 1660; x_wconf 87' lang='lat' dir='ltr'>Quo</span> <span class='ocrx_word' id='word_1_117' title='bbox 650 1593 793 1661; x_wconf 92' lang='lat' dir='ltr'>viso,</span> <span class='ocrx_word' id='word_1_118' title='bbox 827 1593 1141 1650; x_wconf 84' lang='lat' dir='ltr'>Christiani</span> <span class='ocrx_word' id='word_1_119' title='bbox 1199 1594 1474 1650; x_wconf 86' lang='lat' dir='ltr'>commoti</span> <span class='ocrx_word' id='word_1_120' title='bbox 1535 1593 1733 1649; x_wconf 92' lang='lat' dir='ltr'>dolore</span> <span class='ocrx_word' id='word_1_121' title='bbox 1789 1609 2023 1664; x_wconf 85' lang='lat' dir='ltr'>magno,</span> <span class='ocrx_word' id='word_1_122' title='bbox 2053 1593 2124 1648; x_wconf 90' lang='lat' dir='ltr'>ab</span> 
     </span>
    </p>
   </div>
   <div class='ocr_carea' id='block_1_18' title="bbox 481 1682 2128 1755">
    <p class='ocr_par' dir='ltr' id='par_1_18' title="bbox 481 1682 2128 1755">
     <span class='ocr_line' id='line_1_18' title="bbox 481 1682 2128 1755; baseline -0.001 -17"><span class='ocrx_word' id='word_1_123' title='bbox 481 1682 852 1738; x_wconf 85' lang='lat' dir='ltr'>orationibus</span> <span class='ocrx_word' id='word_1_124' title='bbox 893 1699 1008 1738; x_wconf 90' lang='lat' dir='ltr'>non</span> <span class='ocrx_word' id='word_1_125' title='bbox 1053 1683 1424 1749; x_wconf 88' lang='lat' dir='ltr'>desistentes,</span> <span class='ocrx_word' id='word_1_126' title='bbox 1459 1699 1590 1738; x_wconf 91' lang='lat' dir='ltr'>cum</span> <span class='ocrx_word' id='word_1_127' title='bbox 1625 1683 1993 1755; x_wconf 90' lang='lat' dir='ltr'>processione</span> <span class='ocrx_word' id='word_1_128' title='bbox 2020 1699 2128 1738; x_wconf 87' lang='lat' dir='ltr'>sua</span> 
     </span>
    </p>
   </div>
   <div class='ocr_carea' id='block_1_19' title="bbox 484 1771 2128 1844">
    <p class='ocr_par' dir='ltr' id='par_1_19' title="bbox 484 1771 2128 1844">
     <span class='ocr_line' id='line_1_19' title="bbox 484 1771 2128 1844; baseline -0.001 -16"><span class='ocrx_word' id='word_1_129' title='bbox 484 1772 872 1828; x_wconf 89' lang='lat' dir='ltr'>ascenderunt</span> <span class='ocrx_word' id='word_1_130' title='bbox 903 1773 975 1827; x_wconf 86' lang='lat' dir='ltr'>ad</span> <span class='ocrx_word' id='word_1_131' title='bbox 1027 1771 1332 1828; x_wconf 84' lang='lat' dir='ltr'>ecclesiam</span> <span class='ocrx_word' id='word_1_132' title='bbox 1384 1773 1602 1828; x_wconf 91' lang='lat' dir='ltr'>montis</span> <span class='ocrx_word' id='word_1_133' title='bbox 1657 1771 1882 1840; x_wconf 89' lang='lat' dir='ltr'>Oliveti,</span> <span class='ocrx_word' id='word_1_134' title='bbox 1915 1789 1983 1826; x_wconf 87' lang='lat' dir='ltr'>ex</span> <span class='ocrx_word' id='word_1_135' title='bbox 2012 1788 2128 1844; x_wconf 90' lang='lat' dir='ltr'>quo</span> 
     </span>
    </p>
   </div>
   <div class='ocr_carea' id='block_1_20' title="bbox 482 1860 2129 1928">
    <p class='ocr_par' dir='ltr' id='par_1_20' title="bbox 482 1860 2129 1928">
     <span class='ocr_line' id='line_1_20' title="bbox 482 1860 2129 1928; baseline 0.001 -13"><span class='ocrx_word' id='word_1_136' title='bbox 482 1860 609 1917; x_wconf 90' lang='lat' dir='ltr'>loco</span> <span class='ocrx_word' id='word_1_137' title='bbox 638 1860 908 1916; x_wconf 90' lang='lat' dir='ltr'>Christus</span> <span class='ocrx_word' id='word_1_138' title='bbox 935 1860 996 1916; x_wconf 90' lang='lat' dir='ltr'>in</span> <span class='ocrx_word' id='word_1_139' title='bbox 1027 1861 1238 1917; x_wconf 85' lang='lat' dir='ltr'>coelum</span> <span class='ocrx_word' id='word_1_140' title='bbox 1271 1861 1554 1928; x_wconf 88' lang='lat' dir='ltr'>ascendit,</span> <span class='ocrx_word' id='word_1_141' title='bbox 1585 1866 1642 1917; x_wconf 91' lang='lat' dir='ltr'>et</span> <span class='ocrx_word' id='word_1_142' title='bbox 1672 1860 1753 1916; x_wconf 92' lang='lat' dir='ltr'>ibi</span> <span class='ocrx_word' id='word_1_143' title='bbox 1797 1877 2129 1916; x_wconf 87' lang='lat' dir='ltr'>sermonem</span> 
     </span>
    </p>
   </div>
   <div class='ocr_carea' id='block_1_21' title="bbox 481 1948 2132 2022">
    <p class='ocr_par' dir='ltr' id='par_1_21' title="bbox 481 1948 2132 2022">
     <span class='ocr_line' id='line_1_21' title="bbox 481 1948 2132 2022; baseline 0 -16"><span class='ocrx_word' id='word_1_144' title='bbox 481 1967 658 2006; x_wconf 88' lang='lat' dir='ltr'>suum</span> <span class='ocrx_word' id='word_1_145' title='bbox 690 1949 828 2006; x_wconf 88' lang='lat' dir='ltr'>fecit</span> <span class='ocrx_word' id='word_1_146' title='bbox 856 1949 1098 2022; x_wconf 87' lang='lat' dir='ltr'>quidam</span> <span class='ocrx_word' id='word_1_147' title='bbox 1129 1950 1582 2007; x_wconf 88' lang='lat' dir='ltr'>honestissimus</span> <span class='ocrx_word' id='word_1_148' title='bbox 1614 1948 1882 2018; x_wconf 87' lang='lat' dir='ltr'>clericus,</span> <span class='ocrx_word' id='word_1_149' title='bbox 1908 1949 2132 2006; x_wconf 85' lang='lat' dir='ltr'>scilicet</span> 
     </span>
    </p>
   </div>
   <div class='ocr_carea' id='block_1_22' title="bbox 480 2037 2132 2111">
    <p class='ocr_par' dir='ltr' id='par_1_22' title="bbox 480 2037 2132 2111">
     <span class='ocr_line' id='line_1_22' title="bbox 480 2037 2132 2111; baseline 0 -16"><span class='ocrx_word' id='word_1_150' title='bbox 480 2037 782 2107; x_wconf 85' lang='lat' dir='ltr'>Arnult&#39;us,</span> <span class='ocrx_word' id='word_1_151' title='bbox 815 2040 1174 2096; x_wconf 89' lang='lat' dir='ltr'>ostendendo</span> <span class='ocrx_word' id='word_1_152' title='bbox 1234 2038 1719 2106; x_wconf 89' lang='lat' dir='ltr'>misericordiam,</span> <span class='ocrx_word' id='word_1_153' title='bbox 1755 2055 1931 2111; x_wconf 91' lang='lat' dir='ltr'>quam</span> <span class='ocrx_word' id='word_1_154' title='bbox 1981 2045 2132 2095; x_wconf 89' lang='lat' dir='ltr'>Deus</span> 
     </span>
    </p>
   </div>
   <div class='ocr_carea' id='block_1_23' title="bbox 485 2125 2131 2200">
    <p class='ocr_par' dir='ltr' id='par_1_23' title="bbox 485 2125 2131 2200">
     <span class='ocr_line' id='line_1_23' title="bbox 485 2125 2131 2200; baseline 0.001 -17"><span class='ocrx_word' id='word_1_155' title='bbox 485 2127 833 2184; x_wconf 87' lang='lat' dir='ltr'>Christianis</span> <span class='ocrx_word' id='word_1_156' title='bbox 863 2125 1096 2195; x_wconf 80' lang='lat' dir='ltr'>fecerat,</span> <span class='ocrx_word' id='word_1_157' title='bbox 1133 2128 1232 2200; x_wconf 88' lang='lat' dir='ltr'>qui</span> <span class='ocrx_word' id='word_1_158' title='bbox 1283 2129 1468 2184; x_wconf 88' lang='lat' dir='ltr'>secuti</span> <span class='ocrx_word' id='word_1_159' title='bbox 1519 2133 1658 2184; x_wconf 88' lang='lat' dir='ltr'>sunt</span> <span class='ocrx_word' id='word_1_160' title='bbox 1705 2127 1873 2184; x_wconf 91' lang='lat' dir='ltr'>illum</span> <span class='ocrx_word' id='word_1_161' title='bbox 1919 2144 1987 2182; x_wconf 85' lang='lat' dir='ltr'>ex</span> <span class='ocrx_word' id='word_1_162' title='bbox 2015 2145 2131 2200; x_wconf 89' lang='lat' dir='ltr'>quo</span> 
     </span>
    </p>
   </div>
   <div class='ocr_carea' id='block_1_24' title="bbox 485 2215 2133 2290">
    <p class='ocr_par' dir='ltr' id='par_1_24' title="bbox 485 2215 2133 2290">
     <span class='ocr_line' id='line_1_24' title="bbox 485 2215 2133 2290; baseline 0.001 -18"><span class='ocrx_word' id='word_1_163' title='bbox 485 2216 752 2272; x_wconf 89' lang='lat' dir='ltr'>ascendit</span> <span class='ocrx_word' id='word_1_164' title='bbox 777 2216 838 2270; x_wconf 89' lang='lat' dir='ltr'>in</span> <span class='ocrx_word' id='word_1_165' title='bbox 869 2215 1102 2272; x_wconf 72' lang='lat' dir='ltr'>omium.</span> <span class='ocrx_word' id='word_1_166' title='bbox 1137 2217 1302 2273; x_wconf 90' lang='lat' dir='ltr'>Tunc</span> <span class='ocrx_word' id='word_1_167' title='bbox 1349 2216 1458 2290; x_wconf 86' lang='lat' dir='ltr'>ipsi</span> <span class='ocrx_word' id='word_1_168' title='bbox 1508 2217 1813 2273; x_wconf 88' lang='lat' dir='ltr'>Sarraceni</span> <span class='ocrx_word' id='word_1_169' title='bbox 1870 2216 2133 2273; x_wconf 88' lang='lat' dir='ltr'>videntes</span> 
     </span>
    </p>
   </div>
   <div class='ocr_carea' id='block_1_25' title="bbox 487 2305 2136 2378">
    <p class='ocr_par' dir='ltr' id='par_1_25' title="bbox 487 2305 2136 2378">
     <span class='ocr_line' id='line_1_25' title="bbox 487 2305 2136 2378; baseline 0.001 -18"><span class='ocrx_word' id='word_1_170' title='bbox 487 2305 851 2362; x_wconf 88' lang='lat' dir='ltr'>Christianos</span> <span class='ocrx_word' id='word_1_171' title='bbox 873 2305 952 2360; x_wconf 88' lang='lat' dir='ltr'>ibi</span> <span class='ocrx_word' id='word_1_172' title='bbox 977 2310 1236 2361; x_wconf 88' lang='lat' dir='ltr'>astantes</span> <span class='ocrx_word' id='word_1_173' title='bbox 1261 2306 1462 2378; x_wconf 90' lang='lat' dir='ltr'>(quam</span> <span class='ocrx_word' id='word_1_174' title='bbox 1494 2305 1710 2377; x_wconf 90' lang='lat' dir='ltr'>optime</span> <span class='ocrx_word' id='word_1_175' title='bbox 1738 2322 1836 2362; x_wconf 91' lang='lat' dir='ltr'>eos</span> <span class='ocrx_word' id='word_1_176' title='bbox 1869 2310 2136 2378; x_wconf 83' lang='lat' dir='ltr'>poterant</span> 
     </span>
    </p>
   </div>
   <div class='ocr_carea' id='block_1_26' title="bbox 485 2393 2134 2467">
    <p class='ocr_par' dir='ltr' id='par_1_26' title="bbox 485 2393 2134 2467">
     <span class='ocr_line' id='line_1_26' title="bbox 485 2393 2134 2467; baseline 0 -17"><span class='ocrx_word' id='word_1_177' title='bbox 485 2393 725 2462; x_wconf 88' lang='lat' dir='ltr'>videre),</span> <span class='ocrx_word' id='word_1_178' title='bbox 755 2398 980 2450; x_wconf 85' lang='lat' dir='ltr'>stantes</span> <span class='ocrx_word' id='word_1_179' title='bbox 1011 2394 1160 2450; x_wconf 90' lang='lat' dir='ltr'>inter</span> <span class='ocrx_word' id='word_1_180' title='bbox 1180 2394 1466 2467; x_wconf 87' lang='lat' dir='ltr'>templum</span> <span class='ocrx_word' id='word_1_181' title='bbox 1500 2395 1729 2450; x_wconf 88' lang='lat' dir='ltr'>Domini</span> <span class='ocrx_word' id='word_1_182' title='bbox 1760 2400 1818 2450; x_wconf 90' lang='lat' dir='ltr'>et</span> <span class='ocrx_word' id='word_1_183' title='bbox 1847 2395 2134 2467; x_wconf 87' lang='lat' dir='ltr'>templum</span> 
     </span>
    </p>
   </div>
   <div class='ocr_carea' id='block_1_27' title="bbox 491 2481 2138 2554">
    <p class='ocr_par' dir='ltr' id='par_1_27' title="bbox 491 2481 2138 2554">
     <span class='ocr_line' id='line_1_27' title="bbox 491 2481 2138 2554; baseline 0 -16"><span class='ocrx_word' id='word_1_184' title='bbox 491 2481 843 2548; x_wconf 88' lang='lat' dir='ltr'>Salomonis,</span> <span class='ocrx_word' id='word_1_185' title='bbox 863 2499 997 2538; x_wconf 87' lang='lat' dir='ltr'>cum</span> <span class='ocrx_word' id='word_1_186' title='bbox 1029 2482 1241 2554; x_wconf 88' lang='lat' dir='ltr'>gladiis</span> <span class='ocrx_word' id='word_1_187' title='bbox 1271 2489 1329 2538; x_wconf 89' lang='lat' dir='ltr'>et</span> <span class='ocrx_word' id='word_1_188' title='bbox 1359 2483 1615 2538; x_wconf 88' lang='lat' dir='ltr'>fustibus</span> <span class='ocrx_word' id='word_1_189' title='bbox 1647 2483 1760 2538; x_wconf 88' lang='lat' dir='ltr'>huc</span> <span class='ocrx_word' id='word_1_190' title='bbox 1781 2488 1837 2538; x_wconf 90' lang='lat' dir='ltr'>et</span> <span class='ocrx_word' id='word_1_191' title='bbox 1859 2482 1996 2538; x_wconf 89' lang='lat' dir='ltr'>illuc</span> <span class='ocrx_word' id='word_1_192' title='bbox 2013 2501 2138 2538; x_wconf 82' lang='lat' dir='ltr'>cur-</span> 
     </span>
    </p>
   </div>
   <div class='ocr_carea' id='block_1_28' title="bbox 497 2571 2136 2639">
    <p class='ocr_par' dir='ltr' id='par_1_28' title="bbox 497 2571 2136 2639">
     <span class='ocr_line' id='line_1_28' title="bbox 497 2571 2136 2639; baseline 0 -13"><span class='ocrx_word' id='word_1_193' title='bbox 497 2575 713 2639; x_wconf 86' lang='lat' dir='ltr'>rentes,</span> <span class='ocrx_word' id='word_1_194' title='bbox 746 2571 1092 2627; x_wconf 85' lang='lat' dir='ltr'>Christianis</span> <span class='ocrx_word' id='word_1_195' title='bbox 1122 2571 1520 2627; x_wconf 87' lang='lat' dir='ltr'>minabantur.</span> <span class='ocrx_word' id='word_1_196' title='bbox 1556 2572 1694 2628; x_wconf 88' lang='lat' dir='ltr'>Inde</span> <span class='ocrx_word' id='word_1_197' title='bbox 1723 2573 1935 2628; x_wconf 88' lang='lat' dir='ltr'>iterum</span> <span class='ocrx_word' id='word_1_198' title='bbox 1969 2571 2136 2627; x_wconf 89' lang='lat' dir='ltr'>Chri-</span> 
     </span>
    </p>
   </div>
   <div class='ocr_carea' id='block_1_29' title="bbox 495 2659 2136 2732">
    <p class='ocr_par' dir='ltr' id='par_1_29' title="bbox 495 2659 2136 2732">
     <span class='ocr_line' id='line_1_29' title="bbox 495 2659 2136 2732; baseline 0.001 -17"><span class='ocrx_word' id='word_1_199' title='bbox 495 2659 672 2715; x_wconf 89' lang='lat' dir='ltr'>stiani</span> <span class='ocrx_word' id='word_1_200' title='bbox 705 2676 839 2715; x_wconf 90' lang='lat' dir='ltr'>cum</span> <span class='ocrx_word' id='word_1_201' title='bbox 883 2660 1084 2716; x_wconf 89' lang='lat' dir='ltr'>eadem</span> <span class='ocrx_word' id='word_1_202' title='bbox 1118 2660 1485 2732; x_wconf 84' lang='lat' dir='ltr'>processione</span> <span class='ocrx_word' id='word_1_203' title='bbox 1517 2666 1801 2716; x_wconf 88' lang='lat' dir='ltr'>venerunt</span> <span class='ocrx_word' id='word_1_204' title='bbox 1831 2662 1902 2716; x_wconf 88' lang='lat' dir='ltr'>ad</span> <span class='ocrx_word' id='word_1_205' title='bbox 1936 2679 2136 2716; x_wconf 85' lang='lat' dir='ltr'>mona-</span> 
     </span>
    </p>
   </div>
   <div class='ocr_carea' id='block_1_30' title="bbox 495 2747 2137 2823">
    <p class='ocr_par' dir='ltr' id='par_1_30' title="bbox 495 2747 2137 2823">
     <span class='ocr_line' id='line_1_30' title="bbox 495 2747 2137 2823; baseline 0.001 -19"><span class='ocrx_word' id='word_1_206' title='bbox 495 2747 739 2805; x_wconf 90' lang='lat' dir='ltr'>sterium</span> <span class='ocrx_word' id='word_1_207' title='bbox 799 2749 1022 2804; x_wconf 79' lang='lat' dir='ltr'>Sanctae</span> <span class='ocrx_word' id='word_1_208' title='bbox 1071 2749 1267 2805; x_wconf 67' lang='lat' dir='ltr'>Mariae</span> <span class='ocrx_word' id='word_1_209' title='bbox 1317 2750 1375 2804; x_wconf 90' lang='lat' dir='ltr'>in</span> <span class='ocrx_word' id='word_1_210' title='bbox 1407 2749 1553 2806; x_wconf 89' lang='lat' dir='ltr'>valle</span> <span class='ocrx_word' id='word_1_211' title='bbox 1585 2750 1890 2822; x_wconf 82' lang='lat' dir='ltr'>Josaphat.</span> <span class='ocrx_word' id='word_1_212' title='bbox 1923 2767 1990 2806; x_wconf 86' lang='lat' dir='ltr'>ex</span> <span class='ocrx_word' id='word_1_213' title='bbox 2021 2767 2137 2823; x_wconf 91' lang='lat' dir='ltr'>quo</span> 
     </span>
    </p>
   </div>
   <div class='ocr_carea' id='block_1_31' title="bbox 495 2837 2140 2912">
    <p class='ocr_par' dir='ltr' id='par_1_31' title="bbox 495 2837 2140 2912">
     <span class='ocr_line' id='line_1_31' title="bbox 495 2837 2140 2912; baseline 0.001 -20"><span class='ocrx_word' id='word_1_214' title='bbox 495 2837 848 2893; x_wconf 89' lang='lat' dir='ltr'>monasterio</span> <span class='ocrx_word' id='word_1_215' title='bbox 880 2839 1317 2894; x_wconf 89' lang='lat' dir='ltr'>sanctissimum</span> <span class='ocrx_word' id='word_1_216' title='bbox 1351 2855 1563 2912; x_wconf 89' lang='lat' dir='ltr'>corpus</span> <span class='ocrx_word' id='word_1_217' title='bbox 1604 2841 1732 2911; x_wconf 82' lang='lat' dir='ltr'>ejus</span> <span class='ocrx_word' id='word_1_218' title='bbox 1763 2844 1996 2912; x_wconf 90' lang='lat' dir='ltr'>raptum</span> <span class='ocrx_word' id='word_1_219' title='bbox 2031 2839 2140 2894; x_wconf 89' lang='lat' dir='ltr'>fuit</span> 
     </span>
    </p>
   </div>
   <div class='ocr_carea' id='block_1_32' title="bbox 493 2925 2136 3000">
    <p class='ocr_par' dir='ltr' id='par_1_32' title="bbox 493 2925 2136 3000">
     <span class='ocr_line' id='line_1_32' title="bbox 493 2925 2136 3000; baseline 0.002 -19"><span class='ocrx_word' id='word_1_220' title='bbox 493 2925 551 2981; x_wconf 91' lang='lat' dir='ltr'>in</span> <span class='ocrx_word' id='word_1_221' title='bbox 570 2925 1007 3000; x_wconf 67' lang='lat' dir='ltr'>caelum.Atque</span> <span class='ocrx_word' id='word_1_222' title='bbox 1035 2927 1248 2984; x_wconf 88' lang='lat' dir='ltr'>iterum</span> <span class='ocrx_word' id='word_1_223' title='bbox 1278 2927 1412 2984; x_wconf 91' lang='lat' dir='ltr'>inde</span> <span class='ocrx_word' id='word_1_224' title='bbox 1443 2928 1654 2984; x_wconf 89' lang='lat' dir='ltr'>reversi</span> <span class='ocrx_word' id='word_1_225' title='bbox 1681 2934 1822 2998; x_wconf 68' lang='lat' dir='ltr'>sunt</span> <span class='ocrx_word' id='word_1_226' title='bbox 1865 2929 1934 2984; x_wconf 91' lang='lat' dir='ltr'>ad</span> <span class='ocrx_word' id='word_1_227' title='bbox 1971 2945 2136 2985; x_wconf 86' lang='lat' dir='ltr'>mon-</span> 
     </span>
    </p>
   </div>
   <div class='ocr_carea' id='block_1_33' title="bbox 493 3015 2137 3089">
    <p class='ocr_par' dir='ltr' id='par_1_33' title="bbox 493 3015 2137 3089">
     <span class='ocr_line' id='line_1_33' title="bbox 493 3015 2137 3089; baseline 0.001 -18"><span class='ocrx_word' id='word_1_228' title='bbox 493 3019 609 3071; x_wconf 89' lang='lat' dir='ltr'>tem</span> <span class='ocrx_word' id='word_1_229' title='bbox 641 3017 799 3072; x_wconf 91' lang='lat' dir='ltr'>Sion.</span> <span class='ocrx_word' id='word_1_230' title='bbox 835 3019 957 3083; x_wconf 91' lang='lat' dir='ltr'>Quo</span> <span class='ocrx_word' id='word_1_231' title='bbox 991 3015 1114 3073; x_wconf 88' lang='lat' dir='ltr'>loco</span> <span class='ocrx_word' id='word_1_232' title='bbox 1147 3016 1446 3089; x_wconf 88' lang='lat' dir='ltr'>cupientes</span> <span class='ocrx_word' id='word_1_233' title='bbox 1471 3017 1691 3074; x_wconf 87' lang='lat' dir='ltr'>intrare</span> <span class='ocrx_word' id='word_1_234' title='bbox 1721 3017 1780 3074; x_wconf 91' lang='lat' dir='ltr'>in</span> <span class='ocrx_word' id='word_1_235' title='bbox 1808 3018 2137 3086; x_wconf 89' lang='lat' dir='ltr'>ecclesiam,</span> 
     </span>
    </p>
   </div>
   <div class='ocr_carea' id='block_1_34' title="bbox 492 3104 2137 3180">
    <p class='ocr_par' dir='ltr' id='par_1_34' title="bbox 492 3104 2137 3180">
     <span class='ocr_line' id='line_1_34' title="bbox 492 3104 2137 3180; baseline 0.001 -19"><span class='ocrx_word' id='word_1_236' title='bbox 492 3104 732 3177; x_wconf 87' lang='lat' dir='ltr'>quidam</span> <span class='ocrx_word' id='word_1_237' title='bbox 763 3104 1029 3172; x_wconf 89' lang='lat' dir='ltr'>clericus,</span> <span class='ocrx_word' id='word_1_238' title='bbox 1063 3107 1163 3177; x_wconf 88' lang='lat' dir='ltr'>qui</span> <span class='ocrx_word' id='word_1_239' title='bbox 1198 3107 1356 3180; x_wconf 88' lang='lat' dir='ltr'>prior</span> <span class='ocrx_word' id='word_1_240' title='bbox 1384 3107 1442 3162; x_wconf 88' lang='lat' dir='ltr'>in</span> <span class='ocrx_word' id='word_1_241' title='bbox 1477 3107 1850 3179; x_wconf 89' lang='lat' dir='ltr'>processione</span> <span class='ocrx_word' id='word_1_242' title='bbox 1870 3108 2137 3163; x_wconf 89' lang='lat' dir='ltr'>veniebat</span> 
     </span>
    </p>
   </div>
   <div class='ocr_carea' id='block_1_35' title="bbox 2223 509 3878 595">
    <p class='ocr_par' dir='ltr' id='par_1_35' title="bbox 2223 509 3878 595">
     <span class='ocr_line' id='line_1_35' title="bbox 2223 509 3878 595; baseline -0.002 -16"><span class='ocrx_word' id='word_1_243' title='bbox 2223 509 2558 595; x_wconf 76' lang='lat' dir='ltr'>cujusmodi</span> <span class='ocrx_word' id='word_1_244' title='bbox 2588 527 2784 578; x_wconf 88' lang='lat' dir='ltr'>essent</span> <span class='ocrx_word' id='word_1_245' title='bbox 2807 527 2996 578; x_wconf 88' lang='lat' dir='ltr'>vestra</span> <span class='ocrx_word' id='word_1_246' title='bbox 3013 522 3308 595; x_wconf 83' lang='lat' dir='ltr'>ingenia.»</span> <span class='ocrx_word' id='word_1_247' title='bbox 3329 521 3433 588; x_wconf 88' lang='lat' dir='ltr'>Qui</span> <span class='ocrx_word' id='word_1_248' title='bbox 3457 522 3878 594; x_wconf 85' lang='lat' dir='ltr'>respondentes</span> 
     </span>
    </p>
   </div>
   <div class='ocr_carea' id='block_1_36' title="bbox 2225 611 3877 682">
    <p class='ocr_par' dir='ltr' id='par_1_36' title="bbox 2225 611 3877 682">
     <span class='ocr_line' id='line_1_36' title="bbox 2225 611 3877 682; baseline -0.002 -15"><span class='ocrx_word' id='word_1_249' title='bbox 2225 611 2560 678; x_wconf 88' lang='lat' dir='ltr'>Christiani,</span> <span class='ocrx_word' id='word_1_250' title='bbox 2595 612 2870 668; x_wconf 84' lang='lat' dir='ltr'>dixerunt</span> <span class='ocrx_word' id='word_1_251' title='bbox 2903 613 3121 667; x_wconf 91' lang='lat' dir='ltr'>bonum</span> <span class='ocrx_word' id='word_1_252' title='bbox 3153 627 3305 676; x_wconf 86' lang='lat' dir='ltr'>esse,</span> <span class='ocrx_word' id='word_1_253' title='bbox 3338 615 3515 682; x_wconf 87' lang='lat' dir='ltr'>atque</span> <span class='ocrx_word' id='word_1_254' title='bbox 3544 627 3678 664; x_wconf 89' lang='lat' dir='ltr'>eum</span> <span class='ocrx_word' id='word_1_255' title='bbox 3713 625 3877 664; x_wconf 89' lang='lat' dir='ltr'>acce-</span> 
     </span>
    </p>
   </div>
   <div class='ocr_carea' id='block_1_37' title="bbox 2225 698 3881 773">
    <p class='ocr_par' dir='ltr' id='par_1_37' title="bbox 2225 698 3881 773">
     <span class='ocr_line' id='line_1_37' title="bbox 2225 698 3881 773; baseline -0.002 -17"><span class='ocrx_word' id='word_1_256' title='bbox 2225 704 2390 772; x_wconf 90' lang='lat' dir='ltr'>ptum</span> <span class='ocrx_word' id='word_1_257' title='bbox 2424 699 2620 773; x_wconf 85' lang='lat' dir='ltr'>ligatis</span> <span class='ocrx_word' id='word_1_258' title='bbox 2655 700 2933 757; x_wconf 91' lang='lat' dir='ltr'>manibus</span> <span class='ocrx_word' id='word_1_259' title='bbox 2962 706 3020 756; x_wconf 91' lang='lat' dir='ltr'>et</span> <span class='ocrx_word' id='word_1_260' title='bbox 3051 701 3299 772; x_wconf 90' lang='lat' dir='ltr'>pedibus</span> <span class='ocrx_word' id='word_1_261' title='bbox 3329 698 3734 771; x_wconf 87' lang='lat' dir='ltr'>posueruntin</span> <span class='ocrx_word' id='word_1_262' title='bbox 3757 699 3881 753; x_wconf 89' lang='lat' dir='ltr'>fun-</span> 
     </span>
    </p>
   </div>
   <div class='ocr_carea' id='block_1_38' title="bbox 2227 789 3878 862">
    <p class='ocr_par' dir='ltr' id='par_1_38' title="bbox 2227 789 3878 862">
     <span class='ocr_line' id='line_1_38' title="bbox 2227 789 3878 862; baseline -0.001 -17"><span class='ocrx_word' id='word_1_263' title='bbox 2227 790 2361 845; x_wconf 87' lang='lat' dir='ltr'>dam</span> <span class='ocrx_word' id='word_1_264' title='bbox 2385 791 2694 860; x_wconf 86' lang='lat' dir='ltr'>cujusdam</span> <span class='ocrx_word' id='word_1_265' title='bbox 2728 789 2968 862; x_wconf 86' lang='lat' dir='ltr'>ingenii,</span> <span class='ocrx_word' id='word_1_266' title='bbox 2997 790 3150 861; x_wconf 91' lang='lat' dir='ltr'>quod</span> <span class='ocrx_word' id='word_1_267' title='bbox 3185 789 3391 844; x_wconf 89' lang='lat' dir='ltr'>Perrea</span> <span class='ocrx_word' id='word_1_268' title='bbox 3419 793 3682 855; x_wconf 86' lang='lat' dir='ltr'>vocatur,</span> <span class='ocrx_word' id='word_1_269' title='bbox 3703 792 3878 860; x_wconf 86' lang='lat' dir='ltr'>atque</span> 
     </span>
    </p>
   </div>
   <div class='ocr_carea' id='block_1_39' title="bbox 2227 875 3876 951">
    <p class='ocr_par' dir='ltr' id='par_1_39' title="bbox 2227 875 3876 951">
     <span class='ocr_line' id='line_1_39' title="bbox 2227 875 3876 951; baseline -0.002 -17"><span class='ocrx_word' id='word_1_270' title='bbox 2227 895 2360 934; x_wconf 89' lang='lat' dir='ltr'>cum</span> <span class='ocrx_word' id='word_1_271' title='bbox 2376 878 2650 934; x_wconf 87' lang='lat' dir='ltr'>omnibus</span> <span class='ocrx_word' id='word_1_272' title='bbox 2665 875 3123 951; x_wconf 88' lang='lat' dir='ltr'>suiscogitantes</span> <span class='ocrx_word' id='word_1_273' title='bbox 3147 893 3278 932; x_wconf 91' lang='lat' dir='ltr'>eum</span> <span class='ocrx_word' id='word_1_274' title='bbox 3299 877 3578 950; x_wconf 87' lang='lat' dir='ltr'>projicere</span> <span class='ocrx_word' id='word_1_275' title='bbox 3599 877 3658 932; x_wconf 90' lang='lat' dir='ltr'>in</span> <span class='ocrx_word' id='word_1_276' title='bbox 3674 877 3876 931; x_wconf 83' lang='lat' dir='ltr'>civita-</span> 
     </span>
    </p>
   </div>
   <div class='ocr_carea' id='block_1_40' title="bbox 2227 967 3878 1038">
    <p class='ocr_par' dir='ltr' id='par_1_40' title="bbox 2227 967 3878 1038">
     <span class='ocr_line' id='line_1_40' title="bbox 2227 967 3878 1038; baseline -0.001 -16"><span class='ocrx_word' id='word_1_277' title='bbox 2227 971 2344 1023; x_wconf 89' lang='lat' dir='ltr'>tem</span> <span class='ocrx_word' id='word_1_278' title='bbox 2361 967 2763 1038; x_wconf 75' lang='lat' dir='ltr'>nequiverunt.</span> <span class='ocrx_word' id='word_1_279' title='bbox 2785 967 2928 1022; x_wconf 88' lang='lat' dir='ltr'>Nam</span> <span class='ocrx_word' id='word_1_280' title='bbox 2943 981 3076 1022; x_wconf 92' lang='lat' dir='ltr'>cum</span> <span class='ocrx_word' id='word_1_281' title='bbox 3101 971 3260 1022; x_wconf 89' lang='lat' dir='ltr'>tanto</span> <span class='ocrx_word' id='word_1_282' title='bbox 3282 967 3504 1038; x_wconf 85' lang='lat' dir='ltr'>impetu</span> <span class='ocrx_word' id='word_1_283' title='bbox 3518 967 3696 1034; x_wconf 90' lang='lat' dir='ltr'>venit,</span> <span class='ocrx_word' id='word_1_284' title='bbox 3723 967 3878 1038; x_wconf 90' lang='lat' dir='ltr'>quod</span> 
     </span>
    </p>
   </div>
   <div class='ocr_carea' id='block_1_41' title="bbox 2230 1055 3881 1128">
    <p class='ocr_par' dir='ltr' id='par_1_41' title="bbox 2230 1055 3881 1128">
     <span class='ocr_line' id='line_1_41' title="bbox 2230 1055 3881 1128; baseline -0.001 -17"><span class='ocrx_word' id='word_1_285' title='bbox 2230 1056 2419 1128; x_wconf 88' lang='lat' dir='ltr'>ruptis</span> <span class='ocrx_word' id='word_1_286' title='bbox 2449 1055 2699 1111; x_wconf 84' lang='lat' dir='ltr'>vinculis</span> <span class='ocrx_word' id='word_1_287' title='bbox 2729 1059 3043 1128; x_wconf 88' lang='lat' dir='ltr'>antequam</span> <span class='ocrx_word' id='word_1_288' title='bbox 3073 1055 3428 1127; x_wconf 89' lang='lat' dir='ltr'>pervenisset</span> <span class='ocrx_word' id='word_1_289' title='bbox 3448 1055 3520 1110; x_wconf 90' lang='lat' dir='ltr'>ad</span> <span class='ocrx_word' id='word_1_290' title='bbox 3547 1071 3789 1110; x_wconf 87' lang='lat' dir='ltr'>murum</span> <span class='ocrx_word' id='word_1_291' title='bbox 3809 1055 3881 1110; x_wconf 88' lang='lat' dir='ltr'>ci-</span> 
     </span>
    </p>
   </div>
   <div class='ocr_carea' id='block_1_42' title="bbox 2229 1144 3880 1201">
    <p class='ocr_par' dir='ltr' id='par_1_42' title="bbox 2229 1144 3880 1201">
     <span class='ocr_line' id='line_1_42' title="bbox 2229 1144 3880 1201; baseline 0 -1"><span class='ocrx_word' id='word_1_292' title='bbox 2229 1145 2427 1201; x_wconf 85' lang='lat' dir='ltr'>vitatis</span> <span class='ocrx_word' id='word_1_293' title='bbox 2447 1144 2798 1200; x_wconf 88' lang='lat' dir='ltr'>dilaceratus</span> <span class='ocrx_word' id='word_1_294' title='bbox 2830 1144 3229 1200; x_wconf 86' lang='lat' dir='ltr'>est.Videntes</span> <span class='ocrx_word' id='word_1_295' title='bbox 3260 1149 3453 1200; x_wconf 89' lang='lat' dir='ltr'>autem</span> <span class='ocrx_word' id='word_1_296' title='bbox 3482 1144 3664 1199; x_wconf 78' lang='lat' dir='ltr'>nostri</span> <span class='ocrx_word' id='word_1_297' title='bbox 3689 1145 3880 1200; x_wconf 89' lang='lat' dir='ltr'>senio-</span> 
     </span>
    </p>
   </div>
   <div class='ocr_carea' id='block_1_43' title="bbox 2232 1235 3881 1308">
    <p class='ocr_par' dir='ltr' id='par_1_43' title="bbox 2232 1235 3881 1308">
     <span class='ocr_line' id='line_1_43' title="bbox 2232 1235 3881 1308; baseline -0.001 -18"><span class='ocrx_word' id='word_1_298' title='bbox 2232 1253 2346 1302; x_wconf 87' lang='lat' dir='ltr'>res,</span> <span class='ocrx_word' id='word_1_299' title='bbox 2371 1252 2439 1291; x_wconf 81' lang='lat' dir='ltr'>ex</span> <span class='ocrx_word' id='word_1_300' title='bbox 2461 1251 2577 1308; x_wconf 81' lang='lat' dir='ltr'>qua</span> <span class='ocrx_word' id='word_1_301' title='bbox 2598 1240 2758 1307; x_wconf 88' lang='lat' dir='ltr'>parte</span> <span class='ocrx_word' id='word_1_302' title='bbox 2780 1235 2982 1290; x_wconf 87' lang='lat' dir='ltr'>civitas</span> <span class='ocrx_word' id='word_1_303' title='bbox 3002 1241 3156 1291; x_wconf 88' lang='lat' dir='ltr'>esset</span> <span class='ocrx_word' id='word_1_304' title='bbox 3175 1235 3476 1308; x_wconf 87' lang='lat' dir='ltr'>languida.</span> <span class='ocrx_word' id='word_1_305' title='bbox 3501 1235 3619 1290; x_wconf 88' lang='lat' dir='ltr'>illic</span> <span class='ocrx_word' id='word_1_306' title='bbox 3651 1235 3712 1289; x_wconf 93' lang='lat' dir='ltr'>in</span> <span class='ocrx_word' id='word_1_307' title='bbox 3747 1251 3881 1307; x_wconf 84' lang='lat' dir='ltr'>qua-</span> 
     </span>
    </p>
   </div>
   <div class='ocr_carea' id='block_1_44' title="bbox 2232 1319 3878 1396">
    <p class='ocr_par' dir='ltr' id='par_1_44' title="bbox 2232 1319 3878 1396">
     <span class='ocr_line' id='line_1_44' title="bbox 2232 1319 3878 1396; baseline -0.001 -16"><span class='ocrx_word' id='word_1_308' title='bbox 2232 1326 2366 1380; x_wconf 90' lang='lat' dir='ltr'>dam</span> <span class='ocrx_word' id='word_1_309' title='bbox 2393 1329 2560 1380; x_wconf 90' lang='lat' dir='ltr'>nocte</span> <span class='ocrx_word' id='word_1_310' title='bbox 2585 1324 2822 1381; x_wconf 88' lang='lat' dir='ltr'>Sabbati</span> <span class='ocrx_word' id='word_1_311' title='bbox 2843 1319 3290 1396; x_wconf 89' lang='lat' dir='ltr'>deportaverunt</span> <span class='ocrx_word' id='word_1_312' title='bbox 3307 1327 3537 1380; x_wconf 89' lang='lat' dir='ltr'>nostras</span> <span class='ocrx_word' id='word_1_313' title='bbox 3552 1324 3878 1393; x_wconf 87' lang='lat' dir='ltr'>machinas,</span> 
     </span>
    </p>
   </div>
   <div class='ocr_carea' id='block_1_45' title="bbox 2232 1411 3881 1487">
    <p class='ocr_par' dir='ltr' id='par_1_45' title="bbox 2232 1411 3881 1487">
     <span class='ocr_line' id='line_1_45' title="bbox 2232 1411 3881 1487; baseline -0.001 -18"><span class='ocrx_word' id='word_1_314' title='bbox 2232 1418 2289 1470; x_wconf 89' lang='lat' dir='ltr'>et</span> <span class='ocrx_word' id='word_1_315' title='bbox 2317 1414 2512 1487; x_wconf 84' lang='lat' dir='ltr'>lignea</span> <span class='ocrx_word' id='word_1_316' title='bbox 2540 1419 2753 1468; x_wconf 87' lang='lat' dir='ltr'>castra.</span> <span class='ocrx_word' id='word_1_317' title='bbox 2780 1414 3024 1469; x_wconf 87' lang='lat' dir='ltr'>Summo</span> <span class='ocrx_word' id='word_1_318' title='bbox 3056 1418 3252 1468; x_wconf 87' lang='lat' dir='ltr'>autem</span> <span class='ocrx_word' id='word_1_319' title='bbox 3287 1411 3544 1468; x_wconf 80' lang='lat' dir='ltr'>diluculo</span> <span class='ocrx_word' id='word_1_320' title='bbox 3574 1417 3881 1468; x_wconf 87' lang='lat' dir='ltr'>erexerunt</span> 
     </span>
    </p>
   </div>
   <div class='ocr_carea' id='block_1_46' title="bbox 2232 1501 3883 1574">
    <p class='ocr_par' dir='ltr' id='par_1_46' title="bbox 2232 1501 3883 1574">
     <span class='ocr_line' id='line_1_46' title="bbox 2232 1501 3883 1574; baseline -0.001 -17"><span class='ocrx_word' id='word_1_321' title='bbox 2232 1502 2353 1570; x_wconf 89' lang='lat' dir='ltr'>illa,</span> <span class='ocrx_word' id='word_1_322' title='bbox 2369 1507 2425 1558; x_wconf 92' lang='lat' dir='ltr'>et</span> <span class='ocrx_word' id='word_1_323' title='bbox 2453 1506 2818 1574; x_wconf 90' lang='lat' dir='ltr'>aptaverunt,</span> <span class='ocrx_word' id='word_1_324' title='bbox 2838 1505 2893 1557; x_wconf 90' lang='lat' dir='ltr'>et</span> <span class='ocrx_word' id='word_1_325' title='bbox 2915 1504 3265 1556; x_wconf 89' lang='lat' dir='ltr'>ornaverunt</span> <span class='ocrx_word' id='word_1_326' title='bbox 3296 1505 3509 1566; x_wconf 91' lang='lat' dir='ltr'>castra,</span> <span class='ocrx_word' id='word_1_327' title='bbox 3532 1501 3590 1556; x_wconf 91' lang='lat' dir='ltr'>in</span> <span class='ocrx_word' id='word_1_328' title='bbox 3617 1501 3808 1574; x_wconf 88' lang='lat' dir='ltr'>prima</span> <span class='ocrx_word' id='word_1_329' title='bbox 3827 1506 3883 1557; x_wconf 90' lang='lat' dir='ltr'>et</span> 
     </span>
    </p>
   </div>
   <div class='ocr_carea' id='block_1_47' title="bbox 2237 1589 3884 1661">
    <p class='ocr_par' dir='ltr' id='par_1_47' title="bbox 2237 1589 3884 1661">
     <span class='ocr_line' id='line_1_47' title="bbox 2237 1589 3884 1661; baseline -0.001 -14"><span class='ocrx_word' id='word_1_330' title='bbox 2237 1591 2505 1647; x_wconf 90' lang='lat' dir='ltr'>secunda</span> <span class='ocrx_word' id='word_1_331' title='bbox 2537 1595 2593 1646; x_wconf 92' lang='lat' dir='ltr'>et</span> <span class='ocrx_word' id='word_1_332' title='bbox 2623 1591 2792 1645; x_wconf 87' lang='lat' dir='ltr'>tertia</span> <span class='ocrx_word' id='word_1_333' title='bbox 2822 1589 2984 1657; x_wconf 88' lang='lat' dir='ltr'>feria,</span> <span class='ocrx_word' id='word_1_334' title='bbox 3019 1594 3186 1645; x_wconf 91' lang='lat' dir='ltr'>nocte</span> <span class='ocrx_word' id='word_1_335' title='bbox 3234 1595 3290 1644; x_wconf 91' lang='lat' dir='ltr'>et</span> <span class='ocrx_word' id='word_1_336' title='bbox 3335 1589 3448 1645; x_wconf 90' lang='lat' dir='ltr'>die.</span> <span class='ocrx_word' id='word_1_337' title='bbox 3482 1591 3551 1644; x_wconf 87' lang='lat' dir='ltr'>Et</span> <span class='ocrx_word' id='word_1_338' title='bbox 3582 1590 3640 1645; x_wconf 93' lang='lat' dir='ltr'>in</span> <span class='ocrx_word' id='word_1_339' title='bbox 3675 1594 3884 1661; x_wconf 82' lang='lat' dir='ltr'>quarta</span> 
     </span>
    </p>
   </div>
   <div class='ocr_carea' id='block_1_48' title="bbox 2237 1677 3880 1752">
    <p class='ocr_par' dir='ltr' id='par_1_48' title="bbox 2237 1677 3880 1752">
     <span class='ocr_line' id='line_1_48' title="bbox 2237 1677 3880 1752; baseline -0.001 -17"><span class='ocrx_word' id='word_1_340' title='bbox 2237 1680 2380 1736; x_wconf 89' lang='lat' dir='ltr'>feria</span> <span class='ocrx_word' id='word_1_341' title='bbox 2409 1695 2594 1752; x_wconf 90' lang='lat' dir='ltr'>usque</span> <span class='ocrx_word' id='word_1_342' title='bbox 2626 1679 2698 1734; x_wconf 89' lang='lat' dir='ltr'>ad</span> <span class='ocrx_word' id='word_1_343' title='bbox 2731 1679 3003 1750; x_wconf 86' lang='lat' dir='ltr'>primam,</span> <span class='ocrx_word' id='word_1_344' title='bbox 3025 1678 3156 1733; x_wconf 90' lang='lat' dir='ltr'>etin</span> <span class='ocrx_word' id='word_1_345' title='bbox 3188 1678 3392 1749; x_wconf 89' lang='lat' dir='ltr'>quinta</span> <span class='ocrx_word' id='word_1_346' title='bbox 3423 1677 3880 1752; x_wconf 81' lang='lat' dir='ltr'>mirabiliterag—</span> 
     </span>
    </p>
   </div>
   <div class='ocr_carea' id='block_1_49' title="bbox 2237 1767 3883 1841">
    <p class='ocr_par' dir='ltr' id='par_1_49' title="bbox 2237 1767 3883 1841">
     <span class='ocr_line' id='line_1_49' title="bbox 2237 1767 3883 1841; baseline -0.002 -18"><span class='ocrx_word' id='word_1_347' title='bbox 2237 1769 2586 1841; x_wconf 88' lang='lat' dir='ltr'>grediuntur</span> <span class='ocrx_word' id='word_1_348' title='bbox 2616 1769 2906 1823; x_wconf 87' lang='lat' dir='ltr'>civitatem</span> <span class='ocrx_word' id='word_1_349' title='bbox 2933 1783 3002 1822; x_wconf 84' lang='lat' dir='ltr'>ex</span> <span class='ocrx_word' id='word_1_350' title='bbox 3031 1767 3190 1822; x_wconf 89' lang='lat' dir='ltr'>omni</span> <span class='ocrx_word' id='word_1_351' title='bbox 3223 1771 3600 1839; x_wconf 78' lang='lat' dir='ltr'>parte,usque</span> <span class='ocrx_word' id='word_1_352' title='bbox 3631 1767 3688 1822; x_wconf 92' lang='lat' dir='ltr'>in</span> <span class='ocrx_word' id='word_1_353' title='bbox 3725 1783 3883 1822; x_wconf 90' lang='lat' dir='ltr'>mon-</span> 
     </span>
    </p>
   </div>
   <div class='ocr_carea' id='block_1_50' title="bbox 2240 1857 3888 1930">
    <p class='ocr_par' dir='ltr' id='par_1_50' title="bbox 2240 1857 3888 1930">
     <span class='ocr_line' id='line_1_50' title="bbox 2240 1857 3888 1930; baseline -0.002 -16"><span class='ocrx_word' id='word_1_354' title='bbox 2240 1863 2379 1914; x_wconf 90' lang='lat' dir='ltr'>tem.</span> <span class='ocrx_word' id='word_1_355' title='bbox 2398 1858 2570 1913; x_wconf 85' lang='lat' dir='ltr'>Sexta</span> <span class='ocrx_word' id='word_1_356' title='bbox 2598 1873 2730 1912; x_wconf 89' lang='lat' dir='ltr'>vero</span> <span class='ocrx_word' id='word_1_357' title='bbox 2763 1857 2905 1912; x_wconf 88' lang='lat' dir='ltr'>feria</span> <span class='ocrx_word' id='word_1_358' title='bbox 2936 1873 3169 1912; x_wconf 87' lang='lat' dir='ltr'>summo</span> <span class='ocrx_word' id='word_1_359' title='bbox 3201 1872 3373 1911; x_wconf 87' lang='lat' dir='ltr'>mane</span> <span class='ocrx_word' id='word_1_360' title='bbox 3403 1857 3662 1928; x_wconf 90' lang='lat' dir='ltr'>undique</span> <span class='ocrx_word' id='word_1_361' title='bbox 3685 1873 3888 1930; x_wconf 86' lang='lat' dir='ltr'>aggre-</span> 
     </span>
    </p>
   </div>
   <div class='ocr_carea' id='block_1_51' title="bbox 2240 1945 3888 2018">
    <p class='ocr_par' dir='ltr' id='par_1_51' title="bbox 2240 1945 3888 2018">
     <span class='ocr_line' id='line_1_51' title="bbox 2240 1945 3888 2018; baseline -0.001 -16"><span class='ocrx_word' id='word_1_362' title='bbox 2240 1947 2485 2002; x_wconf 91' lang='lat' dir='ltr'>diuntur</span> <span class='ocrx_word' id='word_1_363' title='bbox 2515 1947 2832 2015; x_wconf 88' lang='lat' dir='ltr'>civitatem,</span> <span class='ocrx_word' id='word_1_364' title='bbox 2867 1945 3131 2018; x_wconf 89' lang='lat' dir='ltr'>nihilque</span> <span class='ocrx_word' id='word_1_365' title='bbox 3179 1945 3229 2001; x_wconf 90' lang='lat' dir='ltr'>ei</span> <span class='ocrx_word' id='word_1_366' title='bbox 3288 1962 3494 2001; x_wconf 89' lang='lat' dir='ltr'>nocere</span> <span class='ocrx_word' id='word_1_367' title='bbox 3552 1949 3888 2018; x_wconf 85' lang='lat' dir='ltr'>potuerunt,</span> 
     </span>
    </p>
   </div>
   <div class='ocr_carea' id='block_1_52' title="bbox 2241 2035 3892 2108">
    <p class='ocr_par' dir='ltr' id='par_1_52' title="bbox 2241 2035 3892 2108">
     <span class='ocr_line' id='line_1_52' title="bbox 2241 2035 3892 2108; baseline -0.001 -16"><span class='ocrx_word' id='word_1_368' title='bbox 2241 2041 2527 2108; x_wconf 88' lang='lat' dir='ltr'>erantque</span> <span class='ocrx_word' id='word_1_369' title='bbox 2557 2053 2759 2092; x_wconf 89' lang='lat' dir='ltr'>omnes</span> <span class='ocrx_word' id='word_1_370' title='bbox 2789 2035 3120 2108; x_wconf 82' lang='lat' dir='ltr'>stupefacti,</span> <span class='ocrx_word' id='word_1_371' title='bbox 3153 2052 3219 2090; x_wconf 89' lang='lat' dir='ltr'>ac</span> <span class='ocrx_word' id='word_1_372' title='bbox 3253 2036 3309 2090; x_wconf 92' lang='lat' dir='ltr'>in</span> <span class='ocrx_word' id='word_1_373' title='bbox 3344 2035 3525 2090; x_wconf 89' lang='lat' dir='ltr'>nimio</span> <span class='ocrx_word' id='word_1_374' title='bbox 3557 2051 3769 2107; x_wconf 87' lang='lat' dir='ltr'>pavore</span> <span class='ocrx_word' id='word_1_375' title='bbox 3793 2051 3892 2108; x_wconf 91' lang='lat' dir='ltr'>po-</span> 
     </span>
    </p>
   </div>
   <div class='ocr_carea' id='block_1_53' title="bbox 2243 2125 2363 2182">
    <p class='ocr_par' dir='ltr' id='par_1_53' title="bbox 2243 2125 2363 2182">
     <span class='ocr_line' id='line_1_53' title="bbox 2243 2125 2363 2182; baseline -0.017 0"><span class='ocrx_word' id='word_1_376' title='bbox 2243 2125 2363 2182; x_wconf 89' lang='lat' dir='ltr'>siti.</span> 
     </span>
    </p>
   </div>
   <div class='ocr_carea' id='block_1_54' title="bbox 2553 2215 3578 2287">
    <p class='ocr_par' dir='ltr' id='par_1_54' title="bbox 2553 2215 3578 2287">
     <span class='ocr_line' id='line_1_54' title="bbox 2553 2215 3578 2287; baseline -0.002 -16"><span class='ocrx_word' id='word_1_377' title='bbox 2553 2215 2718 2271; x_wconf 73' lang='lat' dir='ltr'>Sexta</span> <span class='ocrx_word' id='word_1_378' title='bbox 2743 2217 2887 2287; x_wconf 77' lang='lat' dir='ltr'>feria</span> <span class='ocrx_word' id='word_1_379' title='bbox 2915 2222 3069 2286; x_wconf 81' lang='lat' dir='ltr'>capta</span> <span class='ocrx_word' id='word_1_380' title='bbox 3107 2222 3187 2271; x_wconf 77' lang='lat' dir='ltr'>est</span> <span class='ocrx_word' id='word_1_381' title='bbox 3215 2215 3578 2270; x_wconf 72' lang='lat' dir='ltr'>Hierusalem.</span> 
     </span>
    </p>
   </div>
   <div class='ocr_carea' id='block_1_55' title="bbox 2313 2302 3891 2376">
    <p class='ocr_par' dir='ltr' id='par_1_55' title="bbox 2313 2302 3891 2376">
     <span class='ocr_line' id='line_1_55' title="bbox 2313 2302 3891 2376; baseline -0.003 -16"><span class='ocrx_word' id='word_1_382' title='bbox 2313 2303 2832 2376; x_wconf 82' lang='lat' dir='ltr'>Appropinquante</span> <span class='ocrx_word' id='word_1_383' title='bbox 2863 2308 3057 2359; x_wconf 89' lang='lat' dir='ltr'>autem</span> <span class='ocrx_word' id='word_1_384' title='bbox 3091 2304 3254 2371; x_wconf 90' lang='lat' dir='ltr'>hora,</span> <span class='ocrx_word' id='word_1_385' title='bbox 3285 2302 3506 2358; x_wconf 88' lang='lat' dir='ltr'>scilicet</span> <span class='ocrx_word' id='word_1_386' title='bbox 3535 2302 3594 2358; x_wconf 89' lang='lat' dir='ltr'>in</span> <span class='ocrx_word' id='word_1_387' title='bbox 3630 2319 3747 2374; x_wconf 89' lang='lat' dir='ltr'>qua</span> <span class='ocrx_word' id='word_1_388' title='bbox 3780 2303 3891 2357; x_wconf 82' lang='lat' dir='ltr'>Do-</span> 
     </span>
    </p>
   </div>
   <div class='ocr_carea' id='block_1_56' title="bbox 2245 2391 3897 2464">
    <p class='ocr_par' dir='ltr' id='par_1_56' title="bbox 2245 2391 3897 2464">
     <span class='ocr_line' id='line_1_56' title="bbox 2245 2391 3897 2464; baseline -0.001 -16"><span class='ocrx_word' id='word_1_389' title='bbox 2245 2393 2444 2449; x_wconf 90' lang='lat' dir='ltr'>minus</span> <span class='ocrx_word' id='word_1_390' title='bbox 2465 2397 2664 2448; x_wconf 88' lang='lat' dir='ltr'>noster</span> <span class='ocrx_word' id='word_1_391' title='bbox 2681 2393 2854 2448; x_wconf 88' lang='lat' dir='ltr'>Jesns</span> <span class='ocrx_word' id='word_1_392' title='bbox 2868 2393 3134 2449; x_wconf 89' lang='lat' dir='ltr'>Christus</span> <span class='ocrx_word' id='word_1_393' title='bbox 3158 2393 3432 2464; x_wconf 85' lang='lat' dir='ltr'>dignatus</span> <span class='ocrx_word' id='word_1_394' title='bbox 3454 2394 3541 2447; x_wconf 89' lang='lat' dir='ltr'>est</span> <span class='ocrx_word' id='word_1_395' title='bbox 3561 2391 3897 2464; x_wconf 85' lang='lat' dir='ltr'>passionem</span> 
     </span>
    </p>
   </div>
   <div class='ocr_carea' id='block_1_57' title="bbox 2246 2480 3900 2554">
    <p class='ocr_par' dir='ltr' id='par_1_57' title="bbox 2246 2480 3900 2554">
     <span class='ocr_line' id='line_1_57' title="bbox 2246 2480 3900 2554; baseline -0.001 -18"><span class='ocrx_word' id='word_1_396' title='bbox 2246 2482 2488 2537; x_wconf 77' lang='lat' dir='ltr'>sufferre</span> <span class='ocrx_word' id='word_1_397' title='bbox 2521 2499 2621 2554; x_wconf 92' lang='lat' dir='ltr'>pro</span> <span class='ocrx_word' id='word_1_398' title='bbox 2641 2481 2831 2550; x_wconf 89' lang='lat' dir='ltr'>nobis,</span> <span class='ocrx_word' id='word_1_399' title='bbox 2853 2481 3268 2537; x_wconf 89' lang='lat' dir='ltr'>nostrimilites</span> <span class='ocrx_word' id='word_1_400' title='bbox 3303 2481 3526 2536; x_wconf 87' lang='lat' dir='ltr'>fortiter</span> <span class='ocrx_word' id='word_1_401' title='bbox 3557 2480 3900 2553; x_wconf 85' lang='lat' dir='ltr'>pugnabant</span> 
     </span>
    </p>
   </div>
   <div class='ocr_carea' id='block_1_58' title="bbox 2247 2570 3895 2636">
    <p class='ocr_par' dir='ltr' id='par_1_58' title="bbox 2247 2570 3895 2636">
     <span class='ocr_line' id='line_1_58' title="bbox 2247 2570 3895 2636; baseline -0.001 -12"><span class='ocrx_word' id='word_1_402' title='bbox 2247 2571 2306 2625; x_wconf 92' lang='lat' dir='ltr'>in</span> <span class='ocrx_word' id='word_1_403' title='bbox 2339 2570 2598 2636; x_wconf 88' lang='lat' dir='ltr'>castello,</span> <span class='ocrx_word' id='word_1_404' title='bbox 2629 2570 2900 2626; x_wconf 86' lang='lat' dir='ltr'>videlicet</span> <span class='ocrx_word' id='word_1_405' title='bbox 2928 2571 3046 2626; x_wconf 83' lang='lat' dir='ltr'>dux</span> <span class='ocrx_word' id='word_1_406' title='bbox 3076 2571 3446 2636; x_wconf 88' lang='lat' dir='ltr'>Godefridus,</span> <span class='ocrx_word' id='word_1_407' title='bbox 3481 2575 3537 2623; x_wconf 91' lang='lat' dir='ltr'>et</span> <span class='ocrx_word' id='word_1_408' title='bbox 3569 2585 3768 2624; x_wconf 88' lang='lat' dir='ltr'>comes</span> <span class='ocrx_word' id='word_1_409' title='bbox 3791 2571 3895 2624; x_wconf 87' lang='lat' dir='ltr'>Eu-</span> 
     </span>
    </p>
   </div>
   <div class='ocr_carea' id='block_1_59' title="bbox 2247 2657 3897 2730">
    <p class='ocr_par' dir='ltr' id='par_1_59' title="bbox 2247 2657 3897 2730">
     <span class='ocr_line' id='line_1_59' title="bbox 2247 2657 3897 2730; baseline 0 -16"><span class='ocrx_word' id='word_1_410' title='bbox 2247 2659 2509 2714; x_wconf 89' lang='lat' dir='ltr'>stachius</span> <span class='ocrx_word' id='word_1_411' title='bbox 2541 2659 2718 2714; x_wconf 87' lang='lat' dir='ltr'>frater</span> <span class='ocrx_word' id='word_1_412' title='bbox 2747 2661 2894 2730; x_wconf 89' lang='lat' dir='ltr'>ejus.</span> <span class='ocrx_word' id='word_1_413' title='bbox 2928 2661 3093 2714; x_wconf 89' lang='lat' dir='ltr'>Tunc</span> <span class='ocrx_word' id='word_1_414' title='bbox 3136 2658 3399 2714; x_wconf 88' lang='lat' dir='ltr'>ascendit</span> <span class='ocrx_word' id='word_1_415' title='bbox 3429 2657 3668 2730; x_wconf 89' lang='lat' dir='ltr'>quidam</span> <span class='ocrx_word' id='word_1_416' title='bbox 3702 2657 3897 2727; x_wconf 82' lang='lat' dir='ltr'>miles,</span> 
     </span>
    </p>
   </div>
   <div class='ocr_carea' id='block_1_60' title="bbox 2248 2745 3898 2821">
    <p class='ocr_par' dir='ltr' id='par_1_60' title="bbox 2248 2745 3898 2821">
     <span class='ocr_line' id='line_1_60' title="bbox 2248 2745 3898 2821; baseline 0 -18"><span class='ocrx_word' id='word_1_417' title='bbox 2248 2749 2346 2821; x_wconf 90' lang='lat' dir='ltr'>qui</span> <span class='ocrx_word' id='word_1_418' title='bbox 2381 2749 2695 2803; x_wconf 86' lang='lat' dir='ltr'>vocabatur</span> <span class='ocrx_word' id='word_1_419' title='bbox 2721 2747 2956 2803; x_wconf 92' lang='lat' dir='ltr'>nomine</span> <span class='ocrx_word' id='word_1_420' title='bbox 2985 2745 3214 2814; x_wconf 85' lang='lat' dir='ltr'>Lethot,</span> <span class='ocrx_word' id='word_1_421' title='bbox 3233 2763 3301 2803; x_wconf 82' lang='lat' dir='ltr'>ex</span> <span class='ocrx_word' id='word_1_422' title='bbox 3331 2747 3546 2802; x_wconf 86' lang='lat' dir='ltr'>nostris</span> <span class='ocrx_word' id='word_1_423' title='bbox 3578 2763 3898 2818; x_wconf 83' lang='lat' dir='ltr'>supermu-</span> 
     </span>
    </p>
   </div>
   <div class='ocr_carea' id='block_1_61' title="bbox 2248 2835 3894 2908">
    <p class='ocr_par' dir='ltr' id='par_1_61' title="bbox 2248 2835 3894 2908">
     <span class='ocr_line' id='line_1_61' title="bbox 2248 2835 3894 2908; baseline -0.001 -15"><span class='ocrx_word' id='word_1_424' title='bbox 2248 2855 2379 2893; x_wconf 89' lang='lat' dir='ltr'>rum</span> <span class='ocrx_word' id='word_1_425' title='bbox 2429 2837 2698 2893; x_wconf 87' lang='lat' dir='ltr'>civitatis.</span> <span class='ocrx_word' id='word_1_426' title='bbox 2732 2837 3020 2892; x_wconf 89' lang='lat' dir='ltr'>Continuo</span> <span class='ocrx_word' id='word_1_427' title='bbox 3077 2840 3387 2908; x_wconf 87' lang='lat' dir='ltr'>postquam</span> <span class='ocrx_word' id='word_1_428' title='bbox 3446 2835 3616 2891; x_wconf 88' lang='lat' dir='ltr'>miles</span> <span class='ocrx_word' id='word_1_429' title='bbox 3675 2835 3894 2891; x_wconf 86' lang='lat' dir='ltr'>Christi</span> 
     </span>
    </p>
   </div>
   <div class='ocr_carea' id='block_1_62' title="bbox 2248 2925 3895 2998">
    <p class='ocr_par' dir='ltr' id='par_1_62' title="bbox 2248 2925 3895 2998">
     <span class='ocr_line' id='line_1_62' title="bbox 2248 2925 3895 2998; baseline -0.001 -16"><span class='ocrx_word' id='word_1_430' title='bbox 2248 2927 2510 2982; x_wconf 89' lang='lat' dir='ltr'>ascendit</span> <span class='ocrx_word' id='word_1_431' title='bbox 2538 2943 2715 2998; x_wconf 91' lang='lat' dir='ltr'>super</span> <span class='ocrx_word' id='word_1_432' title='bbox 2745 2942 2980 2981; x_wconf 90' lang='lat' dir='ltr'>murum</span> <span class='ocrx_word' id='word_1_433' title='bbox 3015 2925 3280 2991; x_wconf 83' lang='lat' dir='ltr'>civitatis,</span> <span class='ocrx_word' id='word_1_434' title='bbox 3315 2925 3494 2980; x_wconf 89' lang='lat' dir='ltr'>secuti</span> <span class='ocrx_word' id='word_1_435' title='bbox 3528 2929 3668 2978; x_wconf 91' lang='lat' dir='ltr'>sunt</span> <span class='ocrx_word' id='word_1_436' title='bbox 3696 2941 3895 2980; x_wconf 88' lang='lat' dir='ltr'>comes</span> 
     </span>
    </p>
   </div>
   <div class='ocr_carea' id='block_1_63' title="bbox 2248 3013 3894 3086">
    <p class='ocr_par' dir='ltr' id='par_1_63' title="bbox 2248 3013 3894 3086">
     <span class='ocr_line' id='line_1_63' title="bbox 2248 3013 3894 3086; baseline -0.002 -16"><span class='ocrx_word' id='word_1_437' title='bbox 2248 3015 2596 3070; x_wconf 87' lang='lat' dir='ltr'>Eustachius</span> <span class='ocrx_word' id='word_1_438' title='bbox 2628 3021 2684 3070; x_wconf 90' lang='lat' dir='ltr'>et</span> <span class='ocrx_word' id='word_1_439' title='bbox 2709 3016 2823 3071; x_wconf 89' lang='lat' dir='ltr'>dux</span> <span class='ocrx_word' id='word_1_440' title='bbox 2854 3015 3220 3072; x_wconf 88' lang='lat' dir='ltr'>Godefridus.</span> <span class='ocrx_word' id='word_1_441' title='bbox 3241 3015 3456 3070; x_wconf 88' lang='lat' dir='ltr'>Omnes</span> <span class='ocrx_word' id='word_1_442' title='bbox 3478 3014 3674 3086; x_wconf 88' lang='lat' dir='ltr'>itaque</span> <span class='ocrx_word' id='word_1_443' title='bbox 3697 3013 3894 3069; x_wconf 84' lang='lat' dir='ltr'>defen-</span> 
     </span>
    </p>
   </div>
   <div class='ocr_carea' id='block_1_64' title="bbox 2249 3103 3896 3176">
    <p class='ocr_par' dir='ltr' id='par_1_64' title="bbox 2249 3103 3896 3176">
     <span class='ocr_line' id='line_1_64' title="bbox 2249 3103 3896 3176; baseline -0.002 -16"><span class='ocrx_word' id='word_1_444' title='bbox 2249 3122 2410 3160; x_wconf 90' lang='lat' dir='ltr'>sores</span> <span class='ocrx_word' id='word_1_445' title='bbox 2431 3105 2682 3159; x_wconf 84' lang='lat' dir='ltr'>civitatis</span> <span class='ocrx_word' id='word_1_446' title='bbox 2705 3103 2990 3159; x_wconf 90' lang='lat' dir='ltr'>dederunt</span> <span class='ocrx_word' id='word_1_447' title='bbox 3011 3105 3209 3176; x_wconf 86' lang='lat' dir='ltr'>fugam</span> <span class='ocrx_word' id='word_1_448' title='bbox 3233 3120 3335 3175; x_wconf 91' lang='lat' dir='ltr'>per</span> <span class='ocrx_word' id='word_1_449' title='bbox 3358 3119 3576 3169; x_wconf 90' lang='lat' dir='ltr'>muros,</span> <span class='ocrx_word' id='word_1_450' title='bbox 3602 3106 3659 3157; x_wconf 90' lang='lat' dir='ltr'>et</span> <span class='ocrx_word' id='word_1_451' title='bbox 3681 3119 3786 3174; x_wconf 91' lang='lat' dir='ltr'>per</span> <span class='ocrx_word' id='word_1_452' title='bbox 3816 3103 3896 3157; x_wconf 88' lang='lat' dir='ltr'>ci-</span> 
     </span>
    </p>
   </div>
   <div class='ocr_carea' id='block_1_65' title="bbox 492 3179 3896 3269">
    <p class='ocr_par' dir='ltr' id='par_1_65' title="bbox 492 3179 3896 3269">
     <span class='ocr_line' id='line_1_65' title="bbox 492 3179 3896 3269; baseline -0.001 -19"><span class='ocrx_word' id='word_1_453' title='bbox 492 3195 565 3250; x_wconf 90' lang='lat' dir='ltr'>ad</span> <span class='ocrx_word' id='word_1_454' title='bbox 596 3193 812 3250; x_wconf 88' lang='lat' dir='ltr'>ostium</span> <span class='ocrx_word' id='word_1_455' title='bbox 843 3193 1029 3268; x_wconf 86' lang='lat' dir='ltr'>ipsius</span> <span class='ocrx_word' id='word_1_456' title='bbox 1061 3179 1422 3263; x_wconf 80' lang='lat' dir='ltr'>monasterii,</span> <span class='ocrx_word' id='word_1_457' title='bbox 1456 3197 1876 3268; x_wconf 83' lang='lat' dir='ltr'>cum‘quadam</span> <span class='ocrx_word' id='word_1_458' title='bbox 1926 3197 2139 3269; x_wconf 85' lang='lat' dir='ltr'>sagitta</span> <span class='ocrx_word' id='word_1_459' title='bbox 2170 3179 2212 3246; x_wconf 84' lang='lat' dir='ltr'>C</span> <span class='ocrx_word' id='word_1_460' title='bbox 2247 3194 2504 3260; x_wconf 89' lang='lat' dir='ltr'>vitatem,</span> <span class='ocrx_word' id='word_1_461' title='bbox 2537 3193 2838 3265; x_wconf 90' lang='lat' dir='ltr'>nostrique</span> <span class='ocrx_word' id='word_1_462' title='bbox 2869 3193 3000 3248; x_wconf 88' lang='lat' dir='ltr'>illos</span> <span class='ocrx_word' id='word_1_463' title='bbox 3051 3197 3216 3248; x_wconf 89' lang='lat' dir='ltr'>erant</span> <span class='ocrx_word' id='word_1_464' title='bbox 3267 3196 3704 3264; x_wconf 84' lang='lat' dir='ltr'>persequentes,</span> <span class='ocrx_word' id='word_1_465' title='bbox 3740 3192 3896 3247; x_wconf 87' lang='lat' dir='ltr'>occi-</span> 
     </span>
    </p>
   </div>
   <div class='ocr_carea' id='block_1_66' title="bbox 490 3283 2135 3358">
    <p class='ocr_par' dir='ltr' id='par_1_66' title="bbox 490 3283 2135 3358">
     <span class='ocr_line' id='line_1_66' title="bbox 490 3283 2135 3358; baseline 0.001 -19"><span class='ocrx_word' id='word_1_466' title='bbox 490 3283 550 3339; x_wconf 89' lang='lat' dir='ltr'>in</span> <span class='ocrx_word' id='word_1_467' title='bbox 582 3285 776 3341; x_wconf 90' lang='lat' dir='ltr'>media</span> <span class='ocrx_word' id='word_1_468' title='bbox 833 3285 1020 3341; x_wconf 88' lang='lat' dir='ltr'>fronte</span> <span class='ocrx_word' id='word_1_469' title='bbox 1078 3284 1417 3341; x_wconf 88' lang='lat' dir='ltr'>vulneratus</span> <span class='ocrx_word' id='word_1_470' title='bbox 1448 3291 1556 3353; x_wconf 89' lang='lat' dir='ltr'>est,</span> <span class='ocrx_word' id='word_1_471' title='bbox 1590 3286 1788 3358; x_wconf 83' lang='lat' dir='ltr'>ibique</span> <span class='ocrx_word' id='word_1_472' title='bbox 1822 3287 2135 3341; x_wconf 83' lang='lat' dir='ltr'>defunctus</span> 
     </span>
    </p>
   </div>
   <div class='ocr_carea' id='block_1_67' title="bbox 491 3374 2136 3448">
    <p class='ocr_par' dir='ltr' id='par_1_67' title="bbox 491 3374 2136 3448">
     <span class='ocr_line' id='line_1_67' title="bbox 491 3374 2136 3448; baseline -0.001 -17"><span class='ocrx_word' id='word_1_473' title='bbox 491 3378 599 3431; x_wconf 83' lang='lat' dir='ltr'>est.</span> <span class='ocrx_word' id='word_1_474' title='bbox 633 3374 814 3446; x_wconf 90' lang='lat' dir='ltr'>Cujus</span> <span class='ocrx_word' id='word_1_475' title='bbox 843 3374 1061 3442; x_wconf 88' lang='lat' dir='ltr'>anima,</span> <span class='ocrx_word' id='word_1_476' title='bbox 1095 3378 1160 3429; x_wconf 89' lang='lat' dir='ltr'>ut</span> <span class='ocrx_word' id='word_1_477' title='bbox 1191 3375 1382 3442; x_wconf 88' lang='lat' dir='ltr'>credo,</span> <span class='ocrx_word' id='word_1_478' title='bbox 1418 3375 1683 3448; x_wconf 87' lang='lat' dir='ltr'>regnabit</span> <span class='ocrx_word' id='word_1_479' title='bbox 1731 3391 1864 3429; x_wconf 91' lang='lat' dir='ltr'>cum</span> <span class='ocrx_word' id='word_1_480' title='bbox 1907 3375 2136 3430; x_wconf 89' lang='lat' dir='ltr'>Christo</span> 
     </span>
    </p>
   </div>
   <div class='ocr_carea' id='block_1_68' title="bbox 490 3461 2138 3535">
    <p class='ocr_par' dir='ltr' id='par_1_68' title="bbox 490 3461 2138 3535">
     <span class='ocr_line' id='line_1_68' title="bbox 490 3461 2138 3535; baseline 0.001 -18"><span class='ocrx_word' id='word_1_481' title='bbox 490 3479 596 3535; x_wconf 90' lang='lat' dir='ltr'>per</span> <span class='ocrx_word' id='word_1_482' title='bbox 609 3461 842 3518; x_wconf 85' lang='lat' dir='ltr'>infinita</span> <span class='ocrx_word' id='word_1_483' title='bbox 871 3461 1084 3519; x_wconf 61' lang='lat' dir='ltr'>saecula</span> <span class='ocrx_word' id='word_1_484' title='bbox 1103 3463 1448 3519; x_wconf 71' lang='lat' dir='ltr'>saeculorum</span> <span class='ocrx_word' id='word_1_485' title='bbox 1461 3504 1474 3528; x_wconf 97' lang='lat'>,</span> <span class='ocrx_word' id='word_1_486' title='bbox 1489 3480 1679 3518; x_wconf 87' lang='lat' dir='ltr'>amen.</span> <span class='ocrx_word' id='word_1_487' title='bbox 1697 3463 1955 3518; x_wconf 91' lang='lat' dir='ltr'>Credend</span> <span class='ocrx_word' id='word_1_488' title='bbox 1965 3481 2031 3519; x_wconf 91' lang='lat' dir='ltr'>us</span> <span class='ocrx_word' id='word_1_489' title='bbox 2049 3467 2138 3519; x_wconf 88' lang='lat' dir='ltr'>est</span> 
     </span>
    </p>
   </div>
   <div class='ocr_carea' id='block_1_69' title="bbox 493 3549 2135 3624">
    <p class='ocr_par' dir='ltr' id='par_1_69' title="bbox 493 3549 2135 3624">
     <span class='ocr_line' id='line_1_69' title="bbox 493 3549 2135 3624; baseline 0.002 -20"><span class='ocrx_word' id='word_1_490' title='bbox 493 3549 594 3621; x_wconf 92' lang='lat' dir='ltr'>qui</span> <span class='ocrx_word' id='word_1_491' title='bbox 650 3550 876 3622; x_wconf 91' lang='lat' dir='ltr'>primus</span> <span class='ocrx_word' id='word_1_492' title='bbox 933 3549 1186 3623; x_wconf 88' lang='lat' dir='ltr'>scripsit,</span> <span class='ocrx_word' id='word_1_493' title='bbox 1221 3551 1361 3622; x_wconf 90' lang='lat' dir='ltr'>quia</span> <span class='ocrx_word' id='word_1_494' title='bbox 1390 3551 1449 3606; x_wconf 89' lang='lat' dir='ltr'>in</span> <span class='ocrx_word' id='word_1_495' title='bbox 1481 3552 1850 3624; x_wconf 90' lang='lat' dir='ltr'>processione</span> <span class='ocrx_word' id='word_1_496' title='bbox 1908 3551 2135 3624; x_wconf 88' lang='lat' dir='ltr'>primus</span> 
     </span>
    </p>
   </div>
   <div class='ocr_carea' id='block_1_70' title="bbox 490 3637 2134 3710">
    <p class='ocr_par' dir='ltr' id='par_1_70' title="bbox 490 3637 2134 3710">
     <span class='ocr_line' id='line_1_70' title="bbox 490 3637 2134 3710; baseline 0.002 -18"><span class='ocrx_word' id='word_1_497' title='bbox 490 3637 621 3707; x_wconf 78' lang='lat' dir='ltr'>fuit,</span> <span class='ocrx_word' id='word_1_498' title='bbox 655 3643 711 3693; x_wconf 92' lang='lat' dir='ltr'>et</span> <span class='ocrx_word' id='word_1_499' title='bbox 738 3637 923 3694; x_wconf 91' lang='lat' dir='ltr'>oculis</span> <span class='ocrx_word' id='word_1_500' title='bbox 953 3638 1291 3694; x_wconf 90' lang='lat' dir='ltr'>carnalibus</span> <span class='ocrx_word' id='word_1_501' title='bbox 1320 3639 1482 3710; x_wconf 91' lang='lat' dir='ltr'>vidit,</span> <span class='ocrx_word' id='word_1_502' title='bbox 1517 3639 1739 3696; x_wconf 87' lang='lat' dir='ltr'>scilicet</span> <span class='ocrx_word' id='word_1_503' title='bbox 1793 3640 1998 3696; x_wconf 88' lang='lat' dir='ltr'>Petrus</span> <span class='ocrx_word' id='word_1_504' title='bbox 2043 3657 2134 3696; x_wconf 70' lang='lat' dir='ltr'>sa~</span> 
     </span>
    </p>
   </div>
   <div class='ocr_carea' id='block_1_71' title="bbox 490 3727 1490 3784">
    <p class='ocr_par' dir='ltr' id='par_1_71' title="bbox 490 3727 1490 3784">
     <span class='ocr_line' id='line_1_71' title="bbox 490 3727 1490 3784; baseline -0.001 -1"><span class='ocrx_word' id='word_1_505' title='bbox 490 3727 694 3784; x_wconf 91' lang='lat' dir='ltr'>cerdos</span> <span class='ocrx_word' id='word_1_506' title='bbox 725 3728 1002 3783; x_wconf 93' lang='lat' dir='ltr'>Tudebod</span> <span class='ocrx_word' id='word_1_507' title='bbox 1015 3745 1079 3784; x_wconf 86' lang='lat' dir='ltr'>us</span> <span class='ocrx_word' id='word_1_508' title='bbox 1111 3727 1490 3784; x_wconf 89' lang='lat' dir='ltr'>Sivracensis.</span> 
     </span>
    </p>
   </div>
   <div class='ocr_carea' id='block_1_72' title="bbox 561 3815 2134 3889">
    <p class='ocr_par' dir='ltr' id='par_1_72' title="bbox 561 3815 2134 3889">
     <span class='ocr_line' id='line_1_72' title="bbox 561 3815 2134 3889; baseline 0.001 -18"><span class='ocrx_word' id='word_1_509' title='bbox 561 3815 769 3871; x_wconf 89' lang='lat' dir='ltr'>Statim</span> <span class='ocrx_word' id='word_1_510' title='bbox 822 3815 1081 3872; x_wconf 91' lang='lat' dir='ltr'>seniores</span> <span class='ocrx_word' id='word_1_511' title='bbox 1128 3817 1312 3872; x_wconf 86' lang='lat' dir='ltr'>nostri</span> <span class='ocrx_word' id='word_1_512' title='bbox 1365 3815 1799 3886; x_wconf 84' lang='lat' dir='ltr'>ordinaverunt,</span> <span class='ocrx_word' id='word_1_513' title='bbox 1843 3818 2134 3889; x_wconf 92' lang='lat' dir='ltr'>quomodo</span> 
     </span>
    </p>
   </div>
   <div class='ocr_carea' id='block_1_73' title="bbox 487 3903 2132 3978">
    <p class='ocr_par' dir='ltr' id='par_1_73' title="bbox 487 3903 2132 3978">
     <span class='ocr_line' id='line_1_73' title="bbox 487 3903 2132 3978; baseline 0.002 -19"><span class='ocrx_word' id='word_1_514' title='bbox 487 3903 639 3959; x_wconf 89' lang='lat' dir='ltr'>hanc</span> <span class='ocrx_word' id='word_1_515' title='bbox 671 3903 962 3960; x_wconf 88' lang='lat' dir='ltr'>civitatem</span> <span class='ocrx_word' id='word_1_516' title='bbox 1009 3905 1306 3978; x_wconf 90' lang='lat' dir='ltr'>ingeniare</span> <span class='ocrx_word' id='word_1_517' title='bbox 1338 3905 1688 3978; x_wconf 89' lang='lat' dir='ltr'>potuissent,</span> <span class='ocrx_word' id='word_1_518' title='bbox 1723 3911 1780 3962; x_wconf 91' lang='lat' dir='ltr'>et</span> <span class='ocrx_word' id='word_1_519' title='bbox 1810 3907 2029 3962; x_wconf 91' lang='lat' dir='ltr'>orando</span> <span class='ocrx_word' id='word_1_520' title='bbox 2062 3907 2132 3962; x_wconf 88' lang='lat' dir='ltr'>ad</span> 
     </span>
    </p>
   </div>
   <div class='ocr_carea' id='block_1_74' title="bbox 363 3979 2136 4066">
    <p class='ocr_par' dir='ltr' id='par_1_74' title="bbox 363 3979 2136 4066">
     <span class='ocr_line' id='line_1_74' title="bbox 363 3979 2136 4066; baseline 0.001 -17"><span class='ocrx_word' id='word_1_521' title='bbox 363 4019 366 4022; x_wconf 53' lang='grc'><strong>’</strong></span> <span class='ocrx_word' id='word_1_522' title='bbox 470 3979 673 4049; x_wconf 38' lang='lat' dir='ltr'>“nostri</span> <span class='ocrx_word' id='word_1_523' title='bbox 698 3991 1014 4050; x_wconf 90' lang='lat' dir='ltr'>Salvatoris</span> <span class='ocrx_word' id='word_1_524' title='bbox 1044 3995 1331 4050; x_wconf 89' lang='lat' dir='ltr'>intrarent</span> <span class='ocrx_word' id='word_1_525' title='bbox 1361 3995 1719 4066; x_wconf 87' lang='lat' dir='ltr'>sepulcrum.</span> <span class='ocrx_word' id='word_1_526' title='bbox 1738 3996 2136 4066; x_wconf 83' lang='lat' dir='ltr'>Feceruntque</span> 
     </span>
    </p>
   </div>
   <div class='ocr_carea' id='block_1_75' title="bbox 489 4080 2136 4154">
    <p class='ocr_par' dir='ltr' id='par_1_75' title="bbox 489 4080 2136 4154">
     <span class='ocr_line' id='line_1_75' title="bbox 489 4080 2136 4154; baseline 0 -16"><span class='ocrx_word' id='word_1_527' title='bbox 489 4083 603 4138; x_wconf 93' lang='lat' dir='ltr'>duo</span> <span class='ocrx_word' id='word_1_528' title='bbox 634 4080 827 4154; x_wconf 83' lang='lat' dir='ltr'>lignea</span> <span class='ocrx_word' id='word_1_529' title='bbox 866 4087 1077 4151; x_wconf 89' lang='lat' dir='ltr'>castra,</span> <span class='ocrx_word' id='word_1_530' title='bbox 1110 4088 1169 4140; x_wconf 89' lang='lat' dir='ltr'>et</span> <span class='ocrx_word' id='word_1_531' title='bbox 1217 4082 1361 4138; x_wconf 90' lang='lat' dir='ltr'>alias</span> <span class='ocrx_word' id='word_1_532' title='bbox 1405 4082 1602 4154; x_wconf 90' lang='lat' dir='ltr'>plures</span> <span class='ocrx_word' id='word_1_533' title='bbox 1654 4083 1978 4138; x_wconf 86' lang='lat' dir='ltr'>machinas.</span> <span class='ocrx_word' id='word_1_534' title='bbox 2012 4088 2136 4138; x_wconf 78' lang='lat' dir='ltr'>Dux</span> 
     </span>
    </p>
   </div>
   <div class='ocr_carea' id='block_1_76' title="bbox 376 4170 2136 4238">
    <p class='ocr_par' dir='ltr' id='par_1_76' title="bbox 376 4170 2136 4238">
     <span class='ocr_line' id='line_1_76' title="bbox 376 4170 2136 4238; baseline -0.001 -9"><span class='ocrx_word' id='word_1_535' title='bbox 376 4170 388 4181; x_wconf 82' lang='grc'><em>’</em></span> <span class='ocrx_word' id='word_1_536' title='bbox 489 4171 836 4229; x_wconf 86' lang='lat' dir='ltr'>Godefridus</span> <span class='ocrx_word' id='word_1_537' title='bbox 868 4189 1040 4227; x_wconf 89' lang='lat' dir='ltr'>suum</span> <span class='ocrx_word' id='word_1_538' title='bbox 1075 4172 1210 4228; x_wconf 87' lang='lat' dir='ltr'>fecit</span> <span class='ocrx_word' id='word_1_539' title='bbox 1241 4176 1500 4227; x_wconf 91' lang='lat' dir='ltr'>castrum</span> <span class='ocrx_word' id='word_1_540' title='bbox 1553 4189 1686 4228; x_wconf 89' lang='lat' dir='ltr'>cum</span> <span class='ocrx_word' id='word_1_541' title='bbox 1738 4171 2051 4238; x_wconf 88' lang='lat' dir='ltr'>machinis,</span> <span class='ocrx_word' id='word_1_542' title='bbox 2079 4176 2136 4228; x_wconf 89' lang='lat' dir='ltr'>et</span> 
     </span>
    </p>
   </div>
   <div class='ocr_carea' id='block_1_77' title="bbox 489 4258 2136 4332">
    <p class='ocr_par' dir='ltr' id='par_1_77' title="bbox 489 4258 2136 4332">
     <span class='ocr_line' id='line_1_77' title="bbox 489 4258 2136 4332; baseline -0.001 -17"><span class='ocrx_word' id='word_1_543' title='bbox 489 4259 858 4315; x_wconf 83' lang='lat' dir='ltr'>Raimundus</span> <span class='ocrx_word' id='word_1_544' title='bbox 887 4276 1083 4316; x_wconf 90' lang='lat' dir='ltr'>comes</span> <span class='ocrx_word' id='word_1_545' title='bbox 1113 4258 1309 4316; x_wconf 84' lang='lat' dir='ltr'>Sancti</span> <span class='ocrx_word' id='word_1_546' title='bbox 1338 4259 1547 4332; x_wconf 60' lang='lat' dir='ltr'>[Egidii</span> <span class='ocrx_word' id='word_1_547' title='bbox 1580 4259 1868 4315; x_wconf 90' lang='lat' dir='ltr'>similiter.</span> <span class='ocrx_word' id='word_1_548' title='bbox 1902 4260 1982 4315; x_wconf 90' lang='lat' dir='ltr'>De</span> <span class='ocrx_word' id='word_1_549' title='bbox 2015 4259 2136 4315; x_wconf 80' lang='lat' dir='ltr'>lon-</span> 
     </span>
    </p>
   </div>
   <div class='ocr_carea' id='block_1_78' title="bbox 487 4345 2138 4422">
    <p class='ocr_par' dir='ltr' id='par_1_78' title="bbox 487 4345 2138 4422">
     <span class='ocr_line' id='line_1_78' title="bbox 487 4345 2138 4422; baseline 0 -18"><span class='ocrx_word' id='word_1_550' title='bbox 487 4345 724 4422; x_wconf 88' lang='lat' dir='ltr'>ginquis</span> <span class='ocrx_word' id='word_1_551' title='bbox 747 4347 915 4404; x_wconf 91' lang='lat' dir='ltr'>terris</span> <span class='ocrx_word' id='word_1_552' title='bbox 937 4348 1308 4404; x_wconf 90' lang='lat' dir='ltr'>attrahebant</span> <span class='ocrx_word' id='word_1_553' title='bbox 1326 4347 1506 4420; x_wconf 84' lang='lat' dir='ltr'>ligna,</span> <span class='ocrx_word' id='word_1_554' title='bbox 1533 4365 1658 4420; x_wconf 69' lang='lat' dir='ltr'>quae</span> <span class='ocrx_word' id='word_1_555' title='bbox 1683 4348 1842 4420; x_wconf 91' lang='lat' dir='ltr'>ligna</span> <span class='ocrx_word' id='word_1_556' title='bbox 1870 4353 2138 4421; x_wconf 84' lang='lat' dir='ltr'>apporta-</span> 
     </span>
    </p>
   </div>
   <div class='ocr_carea' id='block_1_79' title="bbox 489 4436 2133 4510">
    <p class='ocr_par' dir='ltr' id='par_1_79' title="bbox 489 4436 2133 4510">
     <span class='ocr_line' id='line_1_79' title="bbox 489 4436 2133 4510; baseline -0.001 -17"><span class='ocrx_word' id='word_1_557' title='bbox 489 4438 630 4493; x_wconf 90' lang='lat' dir='ltr'>bant</span> <span class='ocrx_word' id='word_1_558' title='bbox 659 4437 824 4492; x_wconf 90' lang='lat' dir='ltr'>collis</span> <span class='ocrx_word' id='word_1_559' title='bbox 856 4437 980 4494; x_wconf 90' lang='lat' dir='ltr'>suis</span> <span class='ocrx_word' id='word_1_560' title='bbox 1011 4437 1441 4510; x_wconf 90' lang='lat' dir='ltr'>quinquaginta</span> <span class='ocrx_word' id='word_1_561' title='bbox 1487 4436 1790 4493; x_wconf 89' lang='lat' dir='ltr'>Sarraceni</span> <span class='ocrx_word' id='word_1_562' title='bbox 1837 4437 1924 4492; x_wconf 87' lang='lat' dir='ltr'>vel</span> <span class='ocrx_word' id='word_1_563' title='bbox 1972 4453 2133 4493; x_wconf 80' lang='lat' dir='ltr'>sexa-</span> 
     </span>
    </p>
   </div>
   <div class='ocr_carea' id='block_1_80' title="bbox 2248 3281 3896 3338">
    <p class='ocr_par' dir='ltr' id='par_1_80' title="bbox 2248 3281 3896 3338">
     <span class='ocr_line' id='line_1_80' title="bbox 2248 3281 3896 3338; baseline -0.001 -1"><span class='ocrx_word' id='word_1_564' title='bbox 2248 3283 2436 3338; x_wconf 91' lang='lat' dir='ltr'>dendo</span> <span class='ocrx_word' id='word_1_565' title='bbox 2468 3287 2526 3337; x_wconf 91' lang='lat' dir='ltr'>et</span> <span class='ocrx_word' id='word_1_566' title='bbox 2552 3282 3060 3337; x_wconf 87' lang='lat' dir='ltr'>detruncando.At</span> <span class='ocrx_word' id='word_1_567' title='bbox 3074 3281 3443 3336; x_wconf 79' lang='lat' dir='ltr'>Baimundus</span> <span class='ocrx_word' id='word_1_568' title='bbox 3473 3297 3669 3335; x_wconf 87' lang='lat' dir='ltr'>eomes</span> <span class='ocrx_word' id='word_1_569' title='bbox 3695 3283 3896 3336; x_wconf 89' lang='lat' dir='ltr'>Sancti</span> 
     </span>
    </p>
   </div>
   <div class='ocr_carea' id='block_1_81' title="bbox 2245 3370 3898 3443">
    <p class='ocr_par' dir='ltr' id='par_1_81' title="bbox 2245 3370 3898 3443">
     <span class='ocr_line' id='line_1_81' title="bbox 2245 3370 3898 3443; baseline 0 -17"><span class='ocrx_word' id='word_1_570' title='bbox 2245 3371 2453 3443; x_wconf 64' lang='lat' dir='ltr'>Egidii</span> <span class='ocrx_word' id='word_1_571' title='bbox 2488 3389 2521 3426; x_wconf 90' lang='lat' dir='ltr'>a</span> <span class='ocrx_word' id='word_1_572' title='bbox 2553 3371 2797 3426; x_wconf 90' lang='lat' dir='ltr'>meridie</span> <span class='ocrx_word' id='word_1_573' title='bbox 2843 3387 3017 3426; x_wconf 89' lang='lat' dir='ltr'>suum</span> <span class='ocrx_word' id='word_1_574' title='bbox 3067 3370 3344 3425; x_wconf 84' lang='lat' dir='ltr'>conduxit</span> <span class='ocrx_word' id='word_1_575' title='bbox 3397 3373 3655 3424; x_wconf 88' lang='lat' dir='ltr'>castrum</span> <span class='ocrx_word' id='word_1_576' title='bbox 3707 3387 3898 3441; x_wconf 90' lang='lat' dir='ltr'>usque</span> 
     </span>
    </p>
   </div>
   <div class='ocr_carea' id='block_1_82' title="bbox 2249 3459 3900 3532">
    <p class='ocr_par' dir='ltr' id='par_1_82' title="bbox 2249 3459 3900 3532">
     <span class='ocr_line' id='line_1_82' title="bbox 2249 3459 3900 3532; baseline 0.001 -18"><span class='ocrx_word' id='word_1_577' title='bbox 2249 3477 2425 3532; x_wconf 91' lang='lat' dir='ltr'>prope</span> <span class='ocrx_word' id='word_1_578' title='bbox 2457 3477 2714 3528; x_wconf 89' lang='lat' dir='ltr'>murum,</span> <span class='ocrx_word' id='word_1_579' title='bbox 2751 3460 2850 3514; x_wconf 88' lang='lat' dir='ltr'>sed</span> <span class='ocrx_word' id='word_1_580' title='bbox 2903 3459 3055 3515; x_wconf 88' lang='lat' dir='ltr'>inter</span> <span class='ocrx_word' id='word_1_581' title='bbox 3106 3465 3365 3514; x_wconf 89' lang='lat' dir='ltr'>castrum</span> <span class='ocrx_word' id='word_1_582' title='bbox 3398 3465 3454 3514; x_wconf 91' lang='lat' dir='ltr'>et</span> <span class='ocrx_word' id='word_1_583' title='bbox 3487 3475 3723 3514; x_wconf 84' lang='lat' dir='ltr'>murum</span> <span class='ocrx_word' id='word_1_584' title='bbox 3773 3465 3900 3515; x_wconf 83' lang='lat' dir='ltr'>erat</span> 
     </span>
    </p>
   </div>
   <div class='ocr_carea' id='block_1_83' title="bbox 2247 3547 3895 3621">
    <p class='ocr_par' dir='ltr' id='par_1_83' title="bbox 2247 3547 3895 3621">
     <span class='ocr_line' id='line_1_83' title="bbox 2247 3547 3895 3621; baseline -0.001 -17"><span class='ocrx_word' id='word_1_585' title='bbox 2247 3550 2513 3621; x_wconf 65' lang='lat' dir='ltr'>quaedam</span> <span class='ocrx_word' id='word_1_586' title='bbox 2549 3549 2728 3616; x_wconf 89' lang='lat' dir='ltr'>fovea,</span> <span class='ocrx_word' id='word_1_587' title='bbox 2750 3565 2877 3620; x_wconf 68' lang='lat' dir='ltr'>quas</span> <span class='ocrx_word' id='word_1_588' title='bbox 2909 3547 3086 3603; x_wconf 89' lang='lat' dir='ltr'>nimis</span> <span class='ocrx_word' id='word_1_589' title='bbox 3118 3552 3242 3603; x_wconf 89' lang='lat' dir='ltr'>erat</span> <span class='ocrx_word' id='word_1_590' title='bbox 3273 3548 3580 3620; x_wconf 90' lang='lat' dir='ltr'>profunda.</span> <span class='ocrx_word' id='word_1_591' title='bbox 3615 3549 3895 3603; x_wconf 86' lang='lat' dir='ltr'>Consilia-</span> 
     </span>
    </p>
   </div>
   <div class='ocr_carea' id='block_1_84' title="bbox 2247 3635 3897 3711">
    <p class='ocr_par' dir='ltr' id='par_1_84' title="bbox 2247 3635 3897 3711">
     <span class='ocr_line' id='line_1_84' title="bbox 2247 3635 3897 3711; baseline -0.001 -17"><span class='ocrx_word' id='word_1_592' title='bbox 2247 3644 2344 3694; x_wconf 89' lang='lat' dir='ltr'>tus</span> <span class='ocrx_word' id='word_1_593' title='bbox 2373 3643 2463 3694; x_wconf 91' lang='lat' dir='ltr'>est</span> <span class='ocrx_word' id='word_1_594' title='bbox 2493 3654 2627 3711; x_wconf 90' lang='lat' dir='ltr'>ergo</span> <span class='ocrx_word' id='word_1_595' title='bbox 2661 3635 3032 3693; x_wconf 80' lang='lat' dir='ltr'>Raimundus</span> <span class='ocrx_word' id='word_1_596' title='bbox 3061 3636 3120 3692; x_wconf 91' lang='lat' dir='ltr'>in</span> <span class='ocrx_word' id='word_1_597' title='bbox 3149 3636 3249 3692; x_wconf 89' lang='lat' dir='ltr'>illa</span> <span class='ocrx_word' id='word_1_598' title='bbox 3279 3637 3440 3704; x_wconf 88' lang='lat' dir='ltr'>hora,</span> <span class='ocrx_word' id='word_1_599' title='bbox 3463 3637 3618 3708; x_wconf 89' lang='lat' dir='ltr'>quod</span> <span class='ocrx_word' id='word_1_600' title='bbox 3651 3637 3897 3708; x_wconf 85' lang='lat' dir='ltr'>implere</span> 
     </span>
    </p>
   </div>
   <div class='ocr_carea' id='block_1_85' title="bbox 2247 3725 3894 3798">
    <p class='ocr_par' dir='ltr' id='par_1_85' title="bbox 2247 3725 3894 3798">
     <span class='ocr_line' id='line_1_85' title="bbox 2247 3725 3894 3798; baseline -0.001 -17"><span class='ocrx_word' id='word_1_601' title='bbox 2247 3727 2479 3782; x_wconf 85' lang='lat' dir='ltr'>fecisset</span> <span class='ocrx_word' id='word_1_602' title='bbox 2511 3725 2668 3780; x_wconf 88' lang='lat' dir='ltr'>illam</span> <span class='ocrx_word' id='word_1_603' title='bbox 2701 3727 2944 3794; x_wconf 86' lang='lat' dir='ltr'>foveam,</span> <span class='ocrx_word' id='word_1_604' title='bbox 2967 3725 3218 3798; x_wconf 88' lang='lat' dir='ltr'>fecitque</span> <span class='ocrx_word' id='word_1_605' title='bbox 3250 3726 3587 3798; x_wconf 68' lang='lat' dir='ltr'>praeconari,</span> <span class='ocrx_word' id='word_1_606' title='bbox 3613 3731 3674 3780; x_wconf 88' lang='lat' dir='ltr'>ut</span> <span class='ocrx_word' id='word_1_607' title='bbox 3703 3726 3753 3780; x_wconf 89' lang='lat' dir='ltr'>si</span> <span class='ocrx_word' id='word_1_608' title='bbox 3785 3725 3894 3780; x_wconf 86' lang='lat' dir='ltr'>ali-</span> 
     </span>
    </p>
   </div>
   <div class='ocr_carea' id='block_1_86' title="bbox 2247 3811 3893 3888">
    <p class='ocr_par' dir='ltr' id='par_1_86' title="bbox 2247 3811 3893 3888">
     <span class='ocr_line' id='line_1_86' title="bbox 2247 3811 3893 3888; baseline -0.001 -18"><span class='ocrx_word' id='word_1_609' title='bbox 2247 3814 2632 3887; x_wconf 87' lang='lat' dir='ltr'>quisinillam</span> <span class='ocrx_word' id='word_1_610' title='bbox 2668 3811 2889 3870; x_wconf 77' lang='lat' dir='ltr'>foveam</span> <span class='ocrx_word' id='word_1_611' title='bbox 2922 3819 3213 3888; x_wconf 88' lang='lat' dir='ltr'>portasset</span> <span class='ocrx_word' id='word_1_612' title='bbox 3241 3820 3360 3870; x_wconf 86' lang='lat' dir='ltr'>tres</span> <span class='ocrx_word' id='word_1_613' title='bbox 3390 3819 3608 3887; x_wconf 88' lang='lat' dir='ltr'>petras,</span> <span class='ocrx_word' id='word_1_614' title='bbox 3629 3816 3788 3886; x_wconf 80' lang='lat' dir='ltr'>quod</span> <span class='ocrx_word' id='word_1_615' title='bbox 3813 3814 3893 3871; x_wconf 88' lang='lat' dir='ltr'>illi</span> 
     </span>
    </p>
   </div>
   <div class='ocr_carea' id='block_1_87' title="bbox 2245 3903 3896 3975">
    <p class='ocr_par' dir='ltr' id='par_1_87' title="bbox 2245 3903 3896 3975">
     <span class='ocr_line' id='line_1_87' title="bbox 2245 3903 3896 3975; baseline 0.001 -17"><span class='ocrx_word' id='word_1_616' title='bbox 2245 3905 2409 3959; x_wconf 89' lang='lat' dir='ltr'>daret</span> <span class='ocrx_word' id='word_1_617' title='bbox 2439 3920 2541 3975; x_wconf 91' lang='lat' dir='ltr'>per</span> <span class='ocrx_word' id='word_1_618' title='bbox 2568 3909 2686 3959; x_wconf 91' lang='lat' dir='ltr'>tres</span> <span class='ocrx_word' id='word_1_619' title='bbox 2719 3908 2913 3975; x_wconf 89' lang='lat' dir='ltr'>petras</span> <span class='ocrx_word' id='word_1_620' title='bbox 2946 3919 3127 3958; x_wconf 88' lang='lat' dir='ltr'>unum</span> <span class='ocrx_word' id='word_1_621' title='bbox 3148 3904 3475 3970; x_wconf 90' lang='lat' dir='ltr'>denarium,</span> <span class='ocrx_word' id='word_1_622' title='bbox 3495 3907 3550 3958; x_wconf 88' lang='lat' dir='ltr'>et</span> <span class='ocrx_word' id='word_1_623' title='bbox 3569 3905 3757 3975; x_wconf 89' lang='lat' dir='ltr'>potuit</span> <span class='ocrx_word' id='word_1_624' title='bbox 3775 3903 3896 3959; x_wconf 67' lang='lat' dir='ltr'>hare</span> 
     </span>
    </p>
   </div>
   <div class='ocr_carea' id='block_1_88' title="bbox 2246 3991 3896 4065">
    <p class='ocr_par' dir='ltr' id='par_1_88' title="bbox 2246 3991 3896 4065">
     <span class='ocr_line' id='line_1_88' title="bbox 2246 3991 3896 4065; baseline 0.001 -18"><span class='ocrx_word' id='word_1_625' title='bbox 2246 3993 2407 4048; x_wconf 85' lang='lat' dir='ltr'>fovea</span> <span class='ocrx_word' id='word_1_626' title='bbox 2439 3991 2669 4065; x_wconf 90' lang='lat' dir='ltr'>impleri</span> <span class='ocrx_word' id='word_1_627' title='bbox 2699 4007 2802 4064; x_wconf 90' lang='lat' dir='ltr'>per</span> <span class='ocrx_word' id='word_1_628' title='bbox 2844 3997 2961 4048; x_wconf 91' lang='lat' dir='ltr'>tres</span> <span class='ocrx_word' id='word_1_629' title='bbox 2993 3993 3118 4048; x_wconf 91' lang='lat' dir='ltr'>dies</span> <span class='ocrx_word' id='word_1_630' title='bbox 3151 3998 3207 4048; x_wconf 90' lang='lat' dir='ltr'>et</span> <span class='ocrx_word' id='word_1_631' title='bbox 3236 3993 3383 4048; x_wconf 88' lang='lat' dir='ltr'>duas</span> <span class='ocrx_word' id='word_1_632' title='bbox 3415 3999 3633 4048; x_wconf 88' lang='lat' dir='ltr'>noctes.</span> <span class='ocrx_word' id='word_1_633' title='bbox 3669 3992 3757 4047; x_wconf 88' lang='lat' dir='ltr'>Illi</span> <span class='ocrx_word' id='word_1_634' title='bbox 3789 4010 3896 4048; x_wconf 44' lang='lat' dir='ltr'>aus</span> 
     </span>
    </p>
   </div>
   <div class='ocr_carea' id='block_1_89' title="bbox 2245 4081 3895 4154">
    <p class='ocr_par' dir='ltr' id='par_1_89' title="bbox 2245 4081 3895 4154">
     <span class='ocr_line' id='line_1_89' title="bbox 2245 4081 3895 4154; baseline 0 -17"><span class='ocrx_word' id='word_1_635' title='bbox 2245 4087 2384 4152; x_wconf 89' lang='lat' dir='ltr'>tem,</span> <span class='ocrx_word' id='word_1_636' title='bbox 2405 4082 2503 4154; x_wconf 90' lang='lat' dir='ltr'>qui</span> <span class='ocrx_word' id='word_1_637' title='bbox 2535 4087 2701 4137; x_wconf 89' lang='lat' dir='ltr'>erant</span> <span class='ocrx_word' id='word_1_638' title='bbox 2730 4081 2788 4136; x_wconf 88' lang='lat' dir='ltr'>in</span> <span class='ocrx_word' id='word_1_639' title='bbox 2815 4081 3108 4137; x_wconf 89' lang='lat' dir='ltr'>civitatem</span> <span class='ocrx_word' id='word_1_640' title='bbox 3141 4083 3201 4136; x_wconf 91' lang='lat' dir='ltr'>in</span> <span class='ocrx_word' id='word_1_641' title='bbox 3220 4086 3401 4146; x_wconf 88' lang='lat' dir='ltr'>turre,</span> <span class='ocrx_word' id='word_1_642' title='bbox 3423 4081 3644 4136; x_wconf 87' lang='lat' dir='ltr'>fortiter</span> <span class='ocrx_word' id='word_1_643' title='bbox 3659 4081 3895 4153; x_wconf 64' lang='lat' dir='ltr'>pratia-</span> 
     </span>
    </p>
   </div>
   <div class='ocr_carea' id='block_1_90' title="bbox 2245 4170 3895 4243">
    <p class='ocr_par' dir='ltr' id='par_1_90' title="bbox 2245 4170 3895 4243">
     <span class='ocr_line' id='line_1_90' title="bbox 2245 4170 3895 4243; baseline 0.001 -18"><span class='ocrx_word' id='word_1_644' title='bbox 2245 4172 2460 4226; x_wconf 89' lang='lat' dir='ltr'>bantur</span> <span class='ocrx_word' id='word_1_645' title='bbox 2488 4187 2622 4226; x_wconf 91' lang='lat' dir='ltr'>cum</span> <span class='ocrx_word' id='word_1_646' title='bbox 2649 4171 2865 4226; x_wconf 88' lang='lat' dir='ltr'>nostris</span> <span class='ocrx_word' id='word_1_647' title='bbox 2883 4187 3012 4226; x_wconf 88' lang='lat' dir='ltr'>cum</span> <span class='ocrx_word' id='word_1_648' title='bbox 3034 4171 3166 4243; x_wconf 89' lang='lat' dir='ltr'>igne</span> <span class='ocrx_word' id='word_1_649' title='bbox 3183 4176 3239 4226; x_wconf 91' lang='lat' dir='ltr'>et</span> <span class='ocrx_word' id='word_1_650' title='bbox 3256 4170 3572 4243; x_wconf 88' lang='lat' dir='ltr'>lapidibus,</span> <span class='ocrx_word' id='word_1_651' title='bbox 3592 4171 3895 4227; x_wconf 89' lang='lat' dir='ltr'>intantum</span> 
     </span>
    </p>
   </div>
   <div class='ocr_carea' id='block_1_91' title="bbox 2245 4259 3899 4333">
    <p class='ocr_par' dir='ltr' id='par_1_91' title="bbox 2245 4259 3899 4333">
     <span class='ocr_line' id='line_1_91' title="bbox 2245 4259 3899 4333; baseline -0.001 -18"><span class='ocrx_word' id='word_1_652' title='bbox 2245 4261 2399 4332; x_wconf 89' lang='lat' dir='ltr'>quod</span> <span class='ocrx_word' id='word_1_653' title='bbox 2434 4259 2698 4314; x_wconf 88' lang='lat' dir='ltr'>altiorem</span> <span class='ocrx_word' id='word_1_654' title='bbox 2729 4264 2954 4331; x_wconf 87' lang='lat' dir='ltr'>partem</span> <span class='ocrx_word' id='word_1_655' title='bbox 2989 4260 3160 4315; x_wconf 89' lang='lat' dir='ltr'>castri</span> <span class='ocrx_word' id='word_1_656' title='bbox 3195 4259 3899 4333; x_wconf 74' lang='lat' dir='ltr'>RaimundiSancti.Egi-</span> 
     </span>
    </p>
   </div>
   <div class='ocr_carea' id='block_1_92' title="bbox 2244 4347 3895 4421">
    <p class='ocr_par' dir='ltr' id='par_1_92' title="bbox 2244 4347 3895 4421">
     <span class='ocr_line' id='line_1_92' title="bbox 2244 4347 3895 4421; baseline 0 -17"><span class='ocrx_word' id='word_1_657' title='bbox 2244 4349 2324 4404; x_wconf 91' lang='lat' dir='ltr'>dii</span> <span class='ocrx_word' id='word_1_658' title='bbox 2359 4349 2674 4421; x_wconf 86' lang='lat' dir='ltr'>fregerunt,</span> <span class='ocrx_word' id='word_1_659' title='bbox 2708 4353 2765 4404; x_wconf 89' lang='lat' dir='ltr'>et</span> <span class='ocrx_word' id='word_1_660' title='bbox 2808 4350 3012 4404; x_wconf 88' lang='lat' dir='ltr'>ardere</span> <span class='ocrx_word' id='word_1_661' title='bbox 3059 4349 3371 4404; x_wconf 85' lang='lat' dir='ltr'>faciebant.</span> <span class='ocrx_word' id='word_1_662' title='bbox 3403 4348 3497 4404; x_wconf 90' lang='lat' dir='ltr'>Sic</span> <span class='ocrx_word' id='word_1_663' title='bbox 3527 4349 3724 4420; x_wconf 88' lang='lat' dir='ltr'>itaque</span> <span class='ocrx_word' id='word_1_664' title='bbox 3757 4347 3895 4404; x_wconf 79' lang='lat' dir='ltr'>Rai-</span> 
     </span>
    </p>
   </div>
   <div class='ocr_carea' id='block_1_93' title="bbox 2245 4437 3896 4510">
    <p class='ocr_par' dir='ltr' id='par_1_93' title="bbox 2245 4437 3896 4510">
     <span class='ocr_line' id='line_1_93' title="bbox 2245 4437 3896 4510; baseline 0 -18"><span class='ocrx_word' id='word_1_665' title='bbox 2245 4439 2465 4494; x_wconf 92' lang='lat' dir='ltr'>mundo</span> <span class='ocrx_word' id='word_1_666' title='bbox 2515 4438 2659 4492; x_wconf 90' lang='lat' dir='ltr'>irato</span> <span class='ocrx_word' id='word_1_667' title='bbox 2705 4443 2881 4510; x_wconf 89' lang='lat' dir='ltr'>atque</span> <span class='ocrx_word' id='word_1_668' title='bbox 2929 4438 3294 4504; x_wconf 89' lang='lat' dir='ltr'>conturbato,</span> <span class='ocrx_word' id='word_1_669' title='bbox 3331 4437 3738 4508; x_wconf 88' lang='lat' dir='ltr'>militibusque</span> <span class='ocrx_word' id='word_1_670' title='bbox 3772 4437 3896 4494; x_wconf 88' lang='lat' dir='ltr'>suis</span> 
     </span>
    </p>
   </div>
   <div class='ocr_carea' id='block_1_94' title="bbox 488 4525 3888 4614">
    <p class='ocr_par' dir='ltr' id='par_1_94' title="bbox 488 4525 3888 4614">
     <span class='ocr_line' id='line_1_94' title="bbox 488 4525 3888 4614; baseline 0.001 -33"><span class='ocrx_word' id='word_1_671' title='bbox 488 4525 670 4600; x_wconf 88' lang='lat' dir='ltr'>ginta,</span> <span class='ocrx_word' id='word_1_672' title='bbox 696 4526 794 4599; x_wconf 92' lang='lat' dir='ltr'>qui</span> <span class='ocrx_word' id='word_1_673' title='bbox 814 4525 872 4580; x_wconf 92' lang='lat' dir='ltr'>in</span> <span class='ocrx_word' id='word_1_674' title='bbox 897 4531 1181 4598; x_wconf 90' lang='lat' dir='ltr'>potestate</span> <span class='ocrx_word' id='word_1_675' title='bbox 1211 4525 1676 4580; x_wconf 86' lang='lat' dir='ltr'>Christianorum</span> <span class='ocrx_word' id='word_1_676' title='bbox 1697 4530 1882 4594; x_wconf 91' lang='lat' dir='ltr'>erant,</span> <span class='ocrx_word' id='word_1_677' title='bbox 1903 4530 1961 4582; x_wconf 89' lang='lat' dir='ltr'>et</span> <span class='ocrx_word' id='word_1_678' title='bbox 1982 4526 2136 4581; x_wconf 86' lang='lat' dir='ltr'>sicut</span> <span class='ocrx_word' id='word_1_679' title='bbox 2165 4551 2211 4614; x_wconf 67' lang='grc' dir='ltr'>Ι)</span> <span class='ocrx_word' id='word_1_680' title='bbox 2245 4531 2478 4599; x_wconf 89' lang='lat' dir='ltr'>propter</span> <span class='ocrx_word' id='word_1_681' title='bbox 2507 4531 2765 4582; x_wconf 87' lang='lat' dir='ltr'>castrum</span> <span class='ocrx_word' id='word_1_682' title='bbox 2797 4541 2994 4592; x_wconf 87' lang='lat' dir='ltr'>suum,</span> <span class='ocrx_word' id='word_1_683' title='bbox 3031 4528 3203 4598; x_wconf 88' lang='lat' dir='ltr'>cujus</span> <span class='ocrx_word' id='word_1_684' title='bbox 3252 4527 3612 4598; x_wconf 88' lang='lat' dir='ltr'>superiorem</span> <span class='ocrx_word' id='word_1_685' title='bbox 3659 4533 3888 4599; x_wconf 87' lang='lat' dir='ltr'>partem</span> 
     </span>
    </p>
   </div>
   <div class='ocr_carea' id='block_1_95' title="bbox 488 4614 2135 4687">
    <p class='ocr_par' dir='ltr' id='par_1_95' title="bbox 488 4614 2135 4687">
     <span class='ocr_line' id='line_1_95' title="bbox 488 4614 2135 4687; baseline -0.001 -15"><span class='ocrx_word' id='word_1_686' title='bbox 488 4615 798 4672; x_wconf 90' lang='lat' dir='ltr'>Christiani</span> <span class='ocrx_word' id='word_1_687' title='bbox 834 4617 1185 4672; x_wconf 88' lang='lat' dir='ltr'>Sarracenos</span> <span class='ocrx_word' id='word_1_688' title='bbox 1215 4632 1434 4687; x_wconf 87' lang='lat' dir='ltr'>per.....</span> <span class='ocrx_word' id='word_1_689' title='bbox 1466 4614 1920 4671; x_wconf 89' lang='lat' dir='ltr'>confundebant.</span> <span class='ocrx_word' id='word_1_690' title='bbox 1942 4615 2135 4671; x_wconf 83' lang='lat' dir='ltr'>Sarra~</span> 
     </span>
    </p>
   </div>
   <div class='ocr_carea' id='block_1_96' title="bbox 487 4703 2130 4777">
    <p class='ocr_par' dir='ltr' id='par_1_96' title="bbox 487 4703 2130 4777">
     <span class='ocr_line' id='line_1_96' title="bbox 487 4703 2130 4777; baseline -0.001 -15"><span class='ocrx_word' id='word_1_691' title='bbox 487 4703 614 4762; x_wconf 91' lang='lat' dir='ltr'>ceni</span> <span class='ocrx_word' id='word_1_692' title='bbox 634 4703 814 4777; x_wconf 89' lang='lat' dir='ltr'>igitur</span> <span class='ocrx_word' id='word_1_693' title='bbox 826 4703 1087 4760; x_wconf 89' lang='lat' dir='ltr'>videntes</span> <span class='ocrx_word' id='word_1_694' title='bbox 1112 4709 1346 4760; x_wconf 91' lang='lat' dir='ltr'>nostros</span> <span class='ocrx_word' id='word_1_695' title='bbox 1376 4703 1656 4760; x_wconf 87' lang='lat' dir='ltr'>facientes</span> <span class='ocrx_word' id='word_1_696' title='bbox 1677 4703 1784 4759; x_wconf 88' lang='lat' dir='ltr'>has</span> <span class='ocrx_word' id='word_1_697' title='bbox 1805 4703 2130 4774; x_wconf 89' lang='lat' dir='ltr'>machinas,</span> 
     </span>
    </p>
   </div>
   <div class='ocr_carea' id='block_1_97' title="bbox 487 4779 2135 4858">
    <p class='ocr_par' dir='ltr' id='par_1_97' title="bbox 487 4779 2135 4858">
     <span class='ocr_line' id='line_1_97' title="bbox 487 4779 2135 4858; baseline 0 -8"><span class='ocrx_word' id='word_1_698' title='bbox 487 4793 836 4850; x_wconf 88' lang='lat' dir='ltr'>mirabiliter</span> <span class='ocrx_word' id='word_1_699' title='bbox 855 4794 1201 4850; x_wconf 88' lang='lat' dir='ltr'>muniebant</span> <span class='ocrx_word' id='word_1_700' title='bbox 1229 4792 1545 4858; x_wconf 90' lang='lat' dir='ltr'>civitatem,</span> <span class='ocrx_word' id='word_1_701' title='bbox 1565 4795 1622 4848; x_wconf 91' lang='lat' dir='ltr'>et</span> <span class='ocrx_word' id='word_1_702' title='bbox 1637 4779 1828 4848; x_wconf 63' lang='lat' dir='ltr'>turres</span> <span class='ocrx_word' id='word_1_703' title='bbox 1845 4791 1939 4848; x_wconf 90' lang='lat' dir='ltr'>die</span> <span class='ocrx_word' id='word_1_704' title='bbox 1955 4810 2020 4848; x_wconf 88' lang='lat' dir='ltr'>ac</span> <span class='ocrx_word' id='word_1_705' title='bbox 2038 4811 2135 4850; x_wconf 92' lang='lat' dir='ltr'>no-</span> 
     </span>
    </p>
   </div>
   <div class='ocr_carea' id='block_1_98' title="bbox 475 4881 2131 4960">
    <p class='ocr_par' dir='ltr' id='par_1_98' title="bbox 475 4881 2131 4960">
     <span class='ocr_line' id='line_1_98' title="bbox 475 4881 2131 4960; baseline -0.001 -21"><span class='ocrx_word' id='word_1_706' title='bbox 475 4891 575 4960; x_wconf 78' lang='lat' dir='ltr'>cte</span> <span class='ocrx_word' id='word_1_707' title='bbox 593 4884 950 4940; x_wconf 90' lang='lat' dir='ltr'>crescebant.</span> <span class='ocrx_word' id='word_1_708' title='bbox 971 4885 1235 4950; x_wconf 84' lang='lat' dir='ltr'>Quadam</span> <span class='ocrx_word' id='word_1_709' title='bbox 1252 4884 1346 4939; x_wconf 87' lang='lat' dir='ltr'>die</span> <span class='ocrx_word' id='word_1_710' title='bbox 1369 4881 1658 4938; x_wconf 89' lang='lat' dir='ltr'>miserunt</span> <span class='ocrx_word' id='word_1_711' title='bbox 1682 4883 1794 4955; x_wconf 90' lang='lat' dir='ltr'>ipsi</span> <span class='ocrx_word' id='word_1_712' title='bbox 1830 4882 2131 4939; x_wconf 88' lang='lat' dir='ltr'>Sarraceni</span> 
     </span>
    </p>
   </div>
   <div class='ocr_carea' id='block_1_99' title="bbox 487 4971 2134 5044">
    <p class='ocr_par' dir='ltr' id='par_1_99' title="bbox 487 4971 2134 5044">
     <span class='ocr_line' id='line_1_99' title="bbox 487 4971 2134 5044; baseline 0 -18"><span class='ocrx_word' id='word_1_713' title='bbox 487 4973 800 5044; x_wconf 89' lang='lat' dir='ltr'>quemdam</span> <span class='ocrx_word' id='word_1_714' title='bbox 833 4973 1242 5038; x_wconf 89' lang='lat' dir='ltr'>Sarracenum,</span> <span class='ocrx_word' id='word_1_715' title='bbox 1263 4972 1332 5028; x_wconf 91' lang='lat' dir='ltr'>ad</span> <span class='ocrx_word' id='word_1_716' title='bbox 1352 4971 1668 5027; x_wconf 89' lang='lat' dir='ltr'>videndum</span> <span class='ocrx_word' id='word_1_717' title='bbox 1700 4971 2032 5042; x_wconf 89' lang='lat' dir='ltr'>cujusmodi</span> <span class='ocrx_word' id='word_1_718' title='bbox 2051 4973 2134 5026; x_wconf 78' lang='lat' dir='ltr'>in-</span> 
     </span>
    </p>
   </div>
   <div class='ocr_carea' id='block_1_100' title="bbox 485 5059 2133 5133">
    <p class='ocr_par' dir='ltr' id='par_1_100' title="bbox 485 5059 2133 5133">
     <span class='ocr_line' id='line_1_100' title="bbox 485 5059 2133 5133; baseline 0.001 -18"><span class='ocrx_word' id='word_1_719' title='bbox 485 5061 657 5133; x_wconf 89' lang='lat' dir='ltr'>genia</span> <span class='ocrx_word' id='word_1_720' title='bbox 687 5059 998 5116; x_wconf 84' lang='lat' dir='ltr'>Christiani</span> <span class='ocrx_word' id='word_1_721' title='bbox 1033 5061 1340 5116; x_wconf 84' lang='lat' dir='ltr'>faciebant.</span> <span class='ocrx_word' id='word_1_722' title='bbox 1361 5060 1592 5116; x_wconf 88' lang='lat' dir='ltr'>Suriani</span> <span class='ocrx_word' id='word_1_723' title='bbox 1622 5077 1754 5115; x_wconf 91' lang='lat' dir='ltr'>vero</span> <span class='ocrx_word' id='word_1_724' title='bbox 1785 5065 1842 5115; x_wconf 89' lang='lat' dir='ltr'>et</span> <span class='ocrx_word' id='word_1_725' title='bbox 1861 5060 2133 5116; x_wconf 68' lang='lat' dir='ltr'>Graecivi-</span> 
     </span>
    </p>
   </div>
   <div class='ocr_carea' id='block_1_101' title="bbox 487 5147 2130 5216">
    <p class='ocr_par' dir='ltr' id='par_1_101' title="bbox 487 5147 2130 5216">
     <span class='ocr_line' id='line_1_101' title="bbox 487 5147 2130 5216; baseline 0.001 -12"><span class='ocrx_word' id='word_1_726' title='bbox 487 5149 689 5204; x_wconf 89' lang='lat' dir='ltr'>dentes</span> <span class='ocrx_word' id='word_1_727' title='bbox 721 5147 888 5204; x_wconf 90' lang='lat' dir='ltr'>illum</span> <span class='ocrx_word' id='word_1_728' title='bbox 922 5151 1327 5216; x_wconf 88' lang='lat' dir='ltr'>Sarracenum,</span> <span class='ocrx_word' id='word_1_729' title='bbox 1363 5150 1764 5204; x_wconf 86' lang='lat' dir='ltr'>indicaverunt</span> <span class='ocrx_word' id='word_1_730' title='bbox 1801 5165 1936 5204; x_wconf 88' lang='lat' dir='ltr'>eum</span> <span class='ocrx_word' id='word_1_731' title='bbox 1968 5149 2130 5205; x_wconf 88' lang='lat' dir='ltr'>Chri-</span> 
     </span>
    </p>
   </div>
   <div class='ocr_carea' id='block_1_102' title="bbox 485 5237 2130 5303">
    <p class='ocr_par' dir='ltr' id='par_1_102' title="bbox 485 5237 2130 5303">
     <span class='ocr_line' id='line_1_102' title="bbox 485 5237 2130 5303; baseline -0.003 -9"><span class='ocrx_word' id='word_1_732' title='bbox 485 5237 716 5303; x_wconf 88' lang='lat' dir='ltr'>stianis,</span> <span class='ocrx_word' id='word_1_733' title='bbox 749 5237 1008 5294; x_wconf 83' lang='lat' dir='ltr'>dicentes</span> <span class='ocrx_word' id='word_1_734' title='bbox 1042 5255 1055 5293; x_wconf 89' lang='lat'><strong>:</strong></span> <span class='ocrx_word' id='word_1_735' title='bbox 1100 5261 1128 5288; x_wconf 89' lang='grc'>‹‹</span> <span class='ocrx_word' id='word_1_736' title='bbox 1164 5239 1315 5294; x_wconf 89' lang='lat' dir='ltr'>Mate</span> <span class='ocrx_word' id='word_1_737' title='bbox 1344 5239 1570 5295; x_wconf 87' lang='lat' dir='ltr'>Christo</span> <span class='ocrx_word' id='word_1_738' title='bbox 1601 5254 1737 5294; x_wconf 90' lang='lat' dir='ltr'>caeo</span> <span class='ocrx_word' id='word_1_739' title='bbox 1769 5238 2057 5294; x_wconf 88' lang='lat' dir='ltr'>Sarrazin.</span> <span class='ocrx_word' id='word_1_740' title='bbox 2101 5261 2130 5289; x_wconf 80' lang='lat'><strong>»</strong></span> 
     </span>
    </p>
   </div>
   <div class='ocr_carea' id='block_1_103' title="bbox 486 5325 2132 5400">
    <p class='ocr_par' dir='ltr' id='par_1_103' title="bbox 486 5325 2132 5400">
     <span class='ocr_line' id='line_1_103' title="bbox 486 5325 2132 5400; baseline 0.004 -20"><span class='ocrx_word' id='word_1_741' title='bbox 486 5325 648 5392; x_wconf 89' lang='lat' dir='ltr'>Quod</span> <span class='ocrx_word' id='word_1_742' title='bbox 673 5331 842 5381; x_wconf 91' lang='lat' dir='ltr'>sonat</span> <span class='ocrx_word' id='word_1_743' title='bbox 862 5326 922 5382; x_wconf 90' lang='lat' dir='ltr'>in</span> <span class='ocrx_word' id='word_1_744' title='bbox 949 5332 1150 5384; x_wconf 89' lang='lat' dir='ltr'>nostra</span> <span class='ocrx_word' id='word_1_745' title='bbox 1171 5327 1394 5400; x_wconf 87' lang='lat' dir='ltr'>lingua,</span> <span class='ocrx_word' id='word_1_746' title='bbox 1421 5351 1447 5376; x_wconf 88' lang='grc'>‹‹</span> <span class='ocrx_word' id='word_1_747' title='bbox 1476 5343 1578 5398; x_wconf 88' lang='lat' dir='ltr'>per</span> <span class='ocrx_word' id='word_1_748' title='bbox 1598 5327 1894 5383; x_wconf 88' lang='lat' dir='ltr'>Christum</span> <span class='ocrx_word' id='word_1_749' title='bbox 1917 5327 2012 5383; x_wconf 90' lang='lat' dir='ltr'>hic</span> <span class='ocrx_word' id='word_1_750' title='bbox 2042 5333 2132 5386; x_wconf 88' lang='lat' dir='ltr'>est</span> 
     </span>
    </p>
   </div>
   <div class='ocr_carea' id='block_1_104' title="bbox 484 5413 2131 5489">
    <p class='ocr_par' dir='ltr' id='par_1_104' title="bbox 484 5413 2131 5489">
     <span class='ocr_line' id='line_1_104' title="bbox 484 5413 2131 5489; baseline 0.002 -21"><span class='ocrx_word' id='word_1_751' title='bbox 484 5413 732 5486; x_wconf 86' lang='lat' dir='ltr'>ignavus</span> <span class='ocrx_word' id='word_1_752' title='bbox 762 5414 1144 5473; x_wconf 89' lang='lat' dir='ltr'>Sarracenus.</span> <span class='ocrx_word' id='word_1_753' title='bbox 1181 5439 1202 5466; x_wconf 73' lang='grc' dir='ltr'>ι</span> <span class='ocrx_word' id='word_1_754' title='bbox 1239 5420 1420 5483; x_wconf 89' lang='lat' dir='ltr'>Quem</span> <span class='ocrx_word' id='word_1_755' title='bbox 1453 5414 1766 5471; x_wconf 88' lang='lat' dir='ltr'>Christiani</span> <span class='ocrx_word' id='word_1_756' title='bbox 1801 5417 2131 5489; x_wconf 83' lang='lat' dir='ltr'>apprehen-</span> 
     </span>
    </p>
   </div>
   <div class='ocr_carea' id='block_1_105' title="bbox 484 5499 2133 5580">
    <p class='ocr_par' dir='ltr' id='par_1_105' title="bbox 484 5499 2133 5580">
     <span class='ocr_line' id='line_1_105' title="bbox 484 5499 2133 5580; baseline 0.004 -25"><span class='ocrx_word' id='word_1_757' title='bbox 484 5499 690 5558; x_wconf 88' lang='lat' dir='ltr'>dentes</span> <span class='ocrx_word' id='word_1_758' title='bbox 718 5503 1220 5580; x_wconf 87' lang='lat' dir='ltr'>interrogaverunt</span> <span class='ocrx_word' id='word_1_759' title='bbox 1249 5522 1352 5578; x_wconf 85' lang='lat' dir='ltr'>per</span> <span class='ocrx_word' id='word_1_760' title='bbox 1383 5505 1874 5576; x_wconf 85' lang='lat' dir='ltr'>drogamundum,</span> <span class='ocrx_word' id='word_1_761' title='bbox 1911 5505 2133 5564; x_wconf 87' lang='lat' dir='ltr'>scilicet</span> 
     </span>
    </p>
   </div>
   <div class='ocr_carea' id='block_1_106' title="bbox 482 5589 2127 5672">
    <p class='ocr_par' dir='ltr' id='par_1_106' title="bbox 482 5589 2127 5672">
     <span class='ocr_line' id='line_1_106' title="bbox 482 5589 2127 5672; baseline 0.002 -24"><span class='ocrx_word' id='word_1_762' title='bbox 482 5606 587 5670; x_wconf 89' lang='lat' dir='ltr'>per</span> <span class='ocrx_word' id='word_1_763' title='bbox 615 5589 1013 5672; x_wconf 84' lang='lat' dir='ltr'>interpretem,</span> <span class='ocrx_word' id='word_1_764' title='bbox 1045 5597 1119 5658; x_wconf 87' lang='lat' dir='ltr'>ad</span> <span class='ocrx_word' id='word_1_765' title='bbox 1148 5589 1290 5670; x_wconf 80' lang='lat' dir='ltr'>quid</span> <span class='ocrx_word' id='word_1_766' title='bbox 1319 5596 1576 5654; x_wconf 87' lang='lat' dir='ltr'>venerat.</span> <span class='ocrx_word' id='word_1_767' title='bbox 1608 5592 1718 5663; x_wconf 86' lang='lat' dir='ltr'>Qui</span> <span class='ocrx_word' id='word_1_768' title='bbox 1748 5595 2127 5669; x_wconf 88' lang='lat' dir='ltr'>respondens,</span> 
     </span>
    </p>
   </div>
   <div class='ocr_carea' id='block_1_107' title="bbox 2236 4615 3897 4687">
    <p class='ocr_par' dir='ltr' id='par_1_107' title="bbox 2236 4615 3897 4687">
     <span class='ocr_line' id='line_1_107' title="bbox 2236 4615 3897 4687; baseline 0 -16"><span class='ocrx_word' id='word_1_769' title='bbox 2236 4618 2360 4686; x_wconf 85' lang='lat' dir='ltr'>jam</span> <span class='ocrx_word' id='word_1_770' title='bbox 2394 4615 2687 4686; x_wconf 77' lang='lat' dir='ltr'>fregerant</span> <span class='ocrx_word' id='word_1_771' title='bbox 2717 4615 2950 4687; x_wconf 88' lang='lat' dir='ltr'>pagani,</span> <span class='ocrx_word' id='word_1_772' title='bbox 2971 4620 3144 4686; x_wconf 90' lang='lat' dir='ltr'>atque</span> <span class='ocrx_word' id='word_1_773' title='bbox 3175 4615 3378 4671; x_wconf 90' lang='lat' dir='ltr'>ardere</span> <span class='ocrx_word' id='word_1_774' title='bbox 3410 4616 3718 4684; x_wconf 88' lang='lat' dir='ltr'>faciebant,</span> <span class='ocrx_word' id='word_1_775' title='bbox 3751 4615 3897 4672; x_wconf 83' lang='lat' dir='ltr'>vidit</span> 
     </span>
    </p>
   </div>
   <div class='ocr_carea' id='block_1_108' title="bbox 2244 4704 3890 4777">
    <p class='ocr_par' dir='ltr' id='par_1_108' title="bbox 2244 4704 3890 4777">
     <span class='ocr_line' id='line_1_108' title="bbox 2244 4704 3890 4777; baseline 0.001 -17"><span class='ocrx_word' id='word_1_776' title='bbox 2244 4705 2438 4761; x_wconf 90' lang='lat' dir='ltr'>subito</span> <span class='ocrx_word' id='word_1_777' title='bbox 2471 4705 2593 4776; x_wconf 90' lang='lat' dir='ltr'>ipse</span> <span class='ocrx_word' id='word_1_778' title='bbox 2624 4704 2994 4759; x_wconf 83' lang='lat' dir='ltr'>Raimundus</span> <span class='ocrx_word' id='word_1_779' title='bbox 3025 4704 3223 4759; x_wconf 89' lang='lat' dir='ltr'>Sancti</span> <span class='ocrx_word' id='word_1_780' title='bbox 3259 4704 3464 4777; x_wconf 61' lang='lat' dir='ltr'>Egidii</span> <span class='ocrx_word' id='word_1_781' title='bbox 3498 4708 3615 4759; x_wconf 88' lang='lat' dir='ltr'>tres</span> <span class='ocrx_word' id='word_1_782' title='bbox 3648 4705 3890 4770; x_wconf 87' lang='lat' dir='ltr'>milites,</span> 
     </span>
    </p>
   </div>
   <div class='ocr_carea' id='block_1_109' title="bbox 2243 4792 3892 4866">
    <p class='ocr_par' dir='ltr' id='par_1_109' title="bbox 2243 4792 3892 4866">
     <span class='ocr_line' id='line_1_109' title="bbox 2243 4792 3892 4866; baseline 0 -18"><span class='ocrx_word' id='word_1_783' title='bbox 2243 4793 2342 4866; x_wconf 90' lang='lat' dir='ltr'>qui</span> <span class='ocrx_word' id='word_1_784' title='bbox 2375 4794 2444 4849; x_wconf 89' lang='lat' dir='ltr'>de</span> <span class='ocrx_word' id='word_1_785' title='bbox 2473 4792 2728 4848; x_wconf 88' lang='lat' dir='ltr'>exercitu</span> <span class='ocrx_word' id='word_1_786' title='bbox 2760 4792 2926 4847; x_wconf 88' lang='lat' dir='ltr'>ducis</span> <span class='ocrx_word' id='word_1_787' title='bbox 2955 4793 3248 4848; x_wconf 87' lang='lat' dir='ltr'>Godefridi</span> <span class='ocrx_word' id='word_1_788' title='bbox 3280 4798 3463 4858; x_wconf 89' lang='lat' dir='ltr'>erant,</span> <span class='ocrx_word' id='word_1_789' title='bbox 3499 4809 3601 4864; x_wconf 91' lang='lat' dir='ltr'>per</span> <span class='ocrx_word' id='word_1_790' title='bbox 3632 4799 3892 4848; x_wconf 90' lang='lat' dir='ltr'>montem</span> 
     </span>
    </p>
   </div>
   <div class='ocr_carea' id='block_1_110' title="bbox 2242 4880 3894 4954">
    <p class='ocr_par' dir='ltr' id='par_1_110' title="bbox 2242 4880 3894 4954">
     <span class='ocr_line' id='line_1_110' title="bbox 2242 4880 3894 4954; baseline 0 -17"><span class='ocrx_word' id='word_1_791' title='bbox 2242 4882 2444 4938; x_wconf 87' lang='lat' dir='ltr'>Oliveti</span> <span class='ocrx_word' id='word_1_792' title='bbox 2466 4882 2783 4948; x_wconf 89' lang='lat' dir='ltr'>venientes,</span> <span class='ocrx_word' id='word_1_793' title='bbox 2809 4886 2865 4936; x_wconf 90' lang='lat' dir='ltr'>et</span> <span class='ocrx_word' id='word_1_794' title='bbox 2885 4880 3207 4937; x_wconf 90' lang='lat' dir='ltr'>clamantes</span> <span class='ocrx_word' id='word_1_795' title='bbox 3229 4883 3384 4954; x_wconf 87' lang='lat' dir='ltr'>quod</span> <span class='ocrx_word' id='word_1_796' title='bbox 3409 4882 3526 4936; x_wconf 86' lang='lat' dir='ltr'>dux</span> <span class='ocrx_word' id='word_1_797' title='bbox 3545 4880 3894 4937; x_wconf 86' lang='lat' dir='ltr'>Godefridus</span> 
     </span>
    </p>
   </div>
   <div class='ocr_carea' id='block_1_111' title="bbox 2241 4969 3894 5042">
    <p class='ocr_par' dir='ltr' id='par_1_111' title="bbox 2241 4969 3894 5042">
     <span class='ocr_line' id='line_1_111' title="bbox 2241 4969 3894 5042; baseline 0 -16"><span class='ocrx_word' id='word_1_798' title='bbox 2241 4976 2413 5042; x_wconf 89' lang='lat' dir='ltr'>atque</span> <span class='ocrx_word' id='word_1_799' title='bbox 2445 4970 2535 5026; x_wconf 92' lang='lat' dir='ltr'>sui</span> <span class='ocrx_word' id='word_1_800' title='bbox 2569 4969 2836 5024; x_wconf 89' lang='lat' dir='ltr'>homines</span> <span class='ocrx_word' id='word_1_801' title='bbox 2860 4970 2986 5039; x_wconf 88' lang='lat' dir='ltr'>jam</span> <span class='ocrx_word' id='word_1_802' title='bbox 3016 4974 3184 5024; x_wconf 91' lang='lat' dir='ltr'>erant</span> <span class='ocrx_word' id='word_1_803' title='bbox 3215 4971 3274 5024; x_wconf 91' lang='lat' dir='ltr'>in</span> <span class='ocrx_word' id='word_1_804' title='bbox 3298 4971 3613 5025; x_wconf 87' lang='lat' dir='ltr'>civitatem.</span> <span class='ocrx_word' id='word_1_805' title='bbox 3633 4971 3894 5026; x_wconf 87' lang='lat' dir='ltr'>Audiens</span> 
     </span>
    </p>
   </div>
   <div class='ocr_carea' id='block_1_112' title="bbox 2239 5059 3892 5132">
    <p class='ocr_par' dir='ltr' id='par_1_112' title="bbox 2239 5059 3892 5132">
     <span class='ocr_line' id='line_1_112' title="bbox 2239 5059 3892 5132; baseline 0 -18"><span class='ocrx_word' id='word_1_806' title='bbox 2239 5060 2434 5132; x_wconf 90' lang='lat' dir='ltr'>itaque</span> <span class='ocrx_word' id='word_1_807' title='bbox 2467 5059 2832 5114; x_wconf 82' lang='lat' dir='ltr'>Raimundus</span> <span class='ocrx_word' id='word_1_808' title='bbox 2866 5059 3062 5114; x_wconf 89' lang='lat' dir='ltr'>Sancti</span> <span class='ocrx_word' id='word_1_809' title='bbox 3091 5059 3302 5132; x_wconf 63' lang='lat' dir='ltr'>IEgidii</span> <span class='ocrx_word' id='word_1_810' title='bbox 3333 5059 3487 5131; x_wconf 90' lang='lat' dir='ltr'>quod</span> <span class='ocrx_word' id='word_1_811' title='bbox 3523 5059 3892 5132; x_wconf 65' lang='lat' dir='ltr'>Francigene</span> 
     </span>
    </p>
   </div>
   <div class='ocr_carea' id='block_1_113' title="bbox 2232 5147 3891 5220">
    <p class='ocr_par' dir='ltr' id='par_1_113' title="bbox 2232 5147 3891 5220">
     <span class='ocr_line' id='line_1_113' title="bbox 2232 5147 3891 5220; baseline 0 -16"><span class='ocrx_word' id='word_1_812' title='bbox 2232 5150 2358 5220; x_wconf 90' lang='lat' dir='ltr'>jam</span> <span class='ocrx_word' id='word_1_813' title='bbox 2381 5152 2576 5204; x_wconf 90' lang='lat' dir='ltr'>essent</span> <span class='ocrx_word' id='word_1_814' title='bbox 2593 5147 2650 5201; x_wconf 92' lang='lat' dir='ltr'>in</span> <span class='ocrx_word' id='word_1_815' title='bbox 2669 5147 3113 5214; x_wconf 88' lang='lat' dir='ltr'>civitatem,suis</span> <span class='ocrx_word' id='word_1_816' title='bbox 3131 5147 3274 5203; x_wconf 82' lang='lat' dir='ltr'>dixit</span> <span class='ocrx_word' id='word_1_817' title='bbox 3291 5147 3638 5204; x_wconf 85' lang='lat' dir='ltr'>hominibus</span> <span class='ocrx_word' id='word_1_818' title='bbox 3659 5166 3672 5203; x_wconf 92' lang='lat'>:</span> <span class='ocrx_word' id='word_1_819' title='bbox 3695 5171 3722 5198; x_wconf 87' lang='grc'>‹‹</span> <span class='ocrx_word' id='word_1_820' title='bbox 3745 5149 3891 5214; x_wconf 88' lang='lat' dir='ltr'>Quid</span> 
     </span>
    </p>
   </div>
   <div class='ocr_carea' id='block_1_114' title="bbox 2239 5236 3894 5308">
    <p class='ocr_par' dir='ltr' id='par_1_114' title="bbox 2239 5236 3894 5308">
     <span class='ocr_line' id='line_1_114' title="bbox 2239 5236 3894 5308; baseline -0.002 -13"><span class='ocrx_word' id='word_1_821' title='bbox 2239 5237 2532 5295; x_wconf 81' lang='lat' dir='ltr'>tardatis?</span> <span class='ocrx_word' id='word_1_822' title='bbox 2563 5237 2703 5291; x_wconf 89' lang='lat' dir='ltr'>Ecce</span> <span class='ocrx_word' id='word_1_823' title='bbox 2733 5252 2936 5291; x_wconf 91' lang='lat' dir='ltr'>omnes</span> <span class='ocrx_word' id='word_1_824' title='bbox 2970 5237 3336 5308; x_wconf 65' lang='lat' dir='ltr'>Francigenaa</span> <span class='ocrx_word' id='word_1_825' title='bbox 3360 5239 3488 5308; x_wconf 89' lang='lat' dir='ltr'>jam</span> <span class='ocrx_word' id='word_1_826' title='bbox 3521 5236 3744 5292; x_wconf 90' lang='lat' dir='ltr'>suntin</span> <span class='ocrx_word' id='word_1_827' title='bbox 3765 5254 3894 5292; x_wconf 86' lang='lat' dir='ltr'>san-</span> 
     </span>
    </p>
   </div>
   <div class='ocr_carea' id='block_1_115' title="bbox 2239 5323 3895 5397">
    <p class='ocr_par' dir='ltr' id='par_1_115' title="bbox 2239 5323 3895 5397">
     <span class='ocr_line' id='line_1_115' title="bbox 2239 5323 3895 5397; baseline -0.002 -13"><span class='ocrx_word' id='word_1_828' title='bbox 2239 5333 2334 5384; x_wconf 90' lang='lat' dir='ltr'>cta</span> <span class='ocrx_word' id='word_1_829' title='bbox 2377 5327 2609 5384; x_wconf 88' lang='lat' dir='ltr'>civitate</span> <span class='ocrx_word' id='word_1_830' title='bbox 2661 5323 3042 5380; x_wconf 83' lang='lat' dir='ltr'>Hierusalem.</span> <span class='ocrx_word' id='word_1_831' title='bbox 3074 5348 3102 5375; x_wconf 84' lang='lat'>»</span> <span class='ocrx_word' id='word_1_832' title='bbox 3138 5325 3234 5381; x_wconf 79' lang='lat' dir='ltr'>llis</span> <span class='ocrx_word' id='word_1_833' title='bbox 3263 5326 3504 5392; x_wconf 90' lang='lat' dir='ltr'>auditis,</span> <span class='ocrx_word' id='word_1_834' title='bbox 3542 5331 3895 5397; x_wconf 85' lang='lat' dir='ltr'>acceperunt</span> 
     </span>
    </p>
   </div>
   <div class='ocr_carea' id='block_1_116' title="bbox 2241 5413 3893 5488">
    <p class='ocr_par' dir='ltr' id='par_1_116' title="bbox 2241 5413 3893 5488">
     <span class='ocr_line' id='line_1_116' title="bbox 2241 5413 3893 5488; baseline -0.002 -15"><span class='ocrx_word' id='word_1_835' title='bbox 2241 5415 2451 5481; x_wconf 87' lang='lat' dir='ltr'>scalas,</span> <span class='ocrx_word' id='word_1_836' title='bbox 2473 5419 2531 5471; x_wconf 90' lang='lat' dir='ltr'>et</span> <span class='ocrx_word' id='word_1_837' title='bbox 2551 5419 2857 5470; x_wconf 81' lang='lat' dir='ltr'>erexerunt</span> <span class='ocrx_word' id='word_1_838' title='bbox 2885 5415 2956 5470; x_wconf 89' lang='lat' dir='ltr'>ad</span> <span class='ocrx_word' id='word_1_839' title='bbox 2992 5430 3252 5482; x_wconf 89' lang='lat' dir='ltr'>murum,</span> <span class='ocrx_word' id='word_1_840' title='bbox 3271 5418 3329 5470; x_wconf 90' lang='lat' dir='ltr'>et</span> <span class='ocrx_word' id='word_1_841' title='bbox 3350 5413 3434 5470; x_wconf 90' lang='lat' dir='ltr'>sic</span> <span class='ocrx_word' id='word_1_842' title='bbox 3466 5415 3790 5488; x_wconf 84' lang='lat' dir='ltr'>pugnando</span> <span class='ocrx_word' id='word_1_843' title='bbox 3810 5414 3893 5469; x_wconf 58' lang='lat' dir='ltr'>in.</span> 
     </span>
    </p>
   </div>
   <div class='ocr_carea' id='block_1_117' title="bbox 2238 5501 3888 5576">
    <p class='ocr_par' dir='ltr' id='par_1_117' title="bbox 2238 5501 3888 5576">
     <span class='ocr_line' id='line_1_117' title="bbox 2238 5501 3888 5576; baseline -0.002 -15"><span class='ocrx_word' id='word_1_844' title='bbox 2238 5505 2540 5561; x_wconf 87' lang='lat' dir='ltr'>traverunt</span> <span class='ocrx_word' id='word_1_845' title='bbox 2559 5502 2876 5559; x_wconf 89' lang='lat' dir='ltr'>civitatem.</span> <span class='ocrx_word' id='word_1_846' title='bbox 2899 5501 3284 5560; x_wconf 87' lang='lat' dir='ltr'>Ammiralius</span> <span class='ocrx_word' id='word_1_847' title='bbox 3307 5519 3562 5576; x_wconf 86' lang='lat' dir='ltr'>quoque,</span> <span class='ocrx_word' id='word_1_848' title='bbox 3579 5503 3680 5576; x_wconf 90' lang='lat' dir='ltr'>qui</span> <span class='ocrx_word' id='word_1_849' title='bbox 3701 5502 3888 5560; x_wconf 85' lang='lat' dir='ltr'>eratin</span> 
     </span>
    </p>
   </div>
   <div class='ocr_carea' id='block_1_118' title="bbox 2240 5591 3886 5667">
    <p class='ocr_par' dir='ltr' id='par_1_118' title="bbox 2240 5591 3886 5667">
     <span class='ocr_line' id='line_1_118' title="bbox 2240 5591 3886 5667; baseline -0.002 -14"><span class='ocrx_word' id='word_1_850' title='bbox 2240 5595 2388 5653; x_wconf 88' lang='lat' dir='ltr'>turri</span> <span class='ocrx_word' id='word_1_851' title='bbox 2422 5593 2626 5659; x_wconf 83' lang='lat' dir='ltr'>David,</span> <span class='ocrx_word' id='word_1_852' title='bbox 2660 5591 2916 5651; x_wconf 84' lang='lat' dir='ltr'>reddidit</span> <span class='ocrx_word' id='word_1_853' title='bbox 2945 5608 3007 5651; x_wconf 89' lang='lat' dir='ltr'>se</span> <span class='ocrx_word' id='word_1_854' title='bbox 3039 5593 3370 5651; x_wconf 85' lang='lat' dir='ltr'>Raimundo</span> <span class='ocrx_word' id='word_1_855' title='bbox 3415 5592 3616 5651; x_wconf 81' lang='lat' dir='ltr'>Sancti</span> <span class='ocrx_word' id='word_1_856' title='bbox 3659 5591 3886 5667; x_wconf 57' lang='lat' dir='ltr'>ﬂgidii,</span> 
     </span>
    </p>
   </div>
  </div>
