3998 6088
83 266 204 333 817

785 268 860 334 Ρ.
903 267 1304 334 TUDEBODI
1346 266 1548 331 HIST.
1596 265 1697 327 DE
1741 263 2156 329 HIEBOSOL.
2202 265 2387 329 ITIN.
2421 300 2499 312 --
2527 265 2676 330 LIB.
2722 265 2796 327 ‘V.

3371 261 3493 331 818

83 404 255 478 eique
288 402 518 476 aperuit
549 406 801 476 portam,
833 419 936 476 per
956 419 1132 477 quam
1178 402 1466 476 peregrini
1517 400 1729 458 dissol-
1758 398 1815 472 Α
1847 405 2140 478 Postquam
2177 408 2334 472 capta
2379 408 2470 478 est
2504 400 2861 478 Hierusalem,
2891 405 3278 478 pugnaverunt
3326 395 3490 478 Chri-

78 511 213 552 vere
245 493 514 550 solebant
533 494 770 561 tributa,
797 493 900 548 tali
929 497 1098 566 pacto
1128 493 1282 565 quod
1337 509 1470 548 eum
1503 496 1560 547 et
1587 490 1732 547 alios

80 584 181 657 qui
213 601 350 639 cum
381 600 447 639 eo
477 587 646 639 erant
673 583 732 638 in
763 587 921 638 turre
952 599 1139 655 usque
1171 581 1500 638 Scaloniam
1533 581 1731 637 civita-

75 680 194 730 tem
229 690 407 728 sanos
435 677 492 727 et
517 672 732 728 illaesos
757 672 1080 728 conducere
1114 672 1366 728 fecisset.
1404 672 1566 737 Quod
1599 671 1733 727 fecit

76 761 288 818 libenti
321 762 537 818 animo.
573 762 941 818 Intraverunt
971 765 1168 817 autem
1209 761 1392 816 nostri
1442 759 1728 833 peregrini

77 852 378 908 civitatem
412 856 675 906 sanctam
707 850 1091 918 Hierusalem,
1114 854 1534 923 persequentes
1564 854 1622 904 et
1643 866 1733 904 oc-

78 942 344 998 cidentes
366 942 716 996 Sarracenos
747 956 933 1011 usque
966 941 1036 995 ad
1065 939 1345 1012 templum
1377 938 1728 1004 Salomonis,

78 1036 134 1086 et
161 1029 455 1102 templum
489 1028 948 1100 Domini.lbique
970 1029 1302 1102 congregati
1325 1028 1534 1101 pagani
1560 1028 1732 1083 dedc-

83 1125 221 1176 runt
253 1118 476 1191 npstris
508 1119 832 1174 maximum
865 1117 1082 1174 bellum
1105 1135 1290 1191 usque
1315 1119 1386 1174 ad
1408 1134 1730 1189 vesperam.

83 1208 399 1281 Nostrique
410 1212 605 1264 tantos
619 1207 852 1264 illorum
870 1206 1306 1274 interfecerunt,
1324 1207 1475 1279 quod
1489 1206 1732 1280 sanguis

83 1301 392 1372 per:totum
405 1295 690 1368 templum
703 1295 1030 1352 Salomonis
1045 1296 1280 1362 ﬂuebat,
1294 1300 1349 1351 et
1368 1313 1470 1368 per
1481 1295 1732 1368 plateam

86 1405 211 1460 quae
242 1391 336 1443 est
367 1385 520 1441 circa
549 1384 834 1456 templum
866 1385 1118 1440 Domini.
1152 1386 1414 1440 Tandem
1445 1384 1734 1457 superatis

83 1476 354 1550 paganis,
372 1474 884 1547 apprehenderunt
909 1474 1094 1530 nostri
1110 1473 1404 1530 masculos
1418 1477 1470 1530 et
1488 1473 1736 1530 feminas

85 1573 172 1623 sat
204 1567 267 1621 in
296 1563 610 1636 tamplo,et
629 1562 968 1618 occiderunt
992 1580 1140 1634 quos
1168 1563 1567 1630 voluerunt,et
1587 1579 1734 1634 quos

86 1657 406 1712 noluerunt
436 1653 803 1708 retinuerunt
830 1651 1008 1707 vivos.
1045 1653 1234 1725 Super
1265 1669 1397 1708 vero
1447 1651 1734 1724 templum

1840 469 2018 600 ῗείαῄί
2063 469 2254 529 contrd
2299 473 2680 530 ammiralium
2745 469 3065 545 Bady'loniaz
3115 487 3283 544 prope
3330 469 3491 526 Asca-

1865 561 2070 600 omam.

1865 561 2070 601 omam.

1913 671 2136 726 Interea
2160 669 2404 724 nuntius
2433 669 2592 724 venit
2621 669 2921 724 Tancredo
2953 671 3010 724 et
3035 668 3234 724 comiti
3277 669 3488 724 Eusta-

1843 759 2064 827 chio,ut
2076 763 2468 832 praapararent
2481 775 2562 823 se,
2579 763 2636 814 et
2649 762 2954 831 pergerent
2967 758 3036 813 ad
3052 757 3491 830 Neopolitanam

1843 849 2153 904 civitatem.
2188 847 2464 904 Exierunt
2484 865 2620 921 ergo
2651 847 2756 916 illi,
2791 852 2846 904 et
2877 848 3168 909 duxerunt
3197 846 3413 904 milites
3435 852 3493 904 et

1843 939 2150 1010 pedites,et
2171 942 2560 1010 pervenerunt
2583 953 2768 1008 usque
2791 937 2860 992 ad
2884 936 3377 1009 civitatem,cujus
3394 937 3493 992 ha-

1843 1027 2120 1083 bitatores
2152 1044 2212 1082 se
2252 1026 2526 1082 continuo
2560 1025 2676 1081 illis
2707 1026 3104 1081 reddiderunt.
3141 1027 3358 1086 Iterum
3391 1043 3492 1098 per

1844 1115 2118 1172 nuntium
2146 1116 2264 1171 dux
2289 1115 2639 1171 Godel‘ridus
2662 1115 3296 1184 mandavit'l‘ancredo,
3313 1119 3368 1170 et
3386 1117 3493 1170 Eu-

1845 1205 2069 1262 stachio
2102 1204 2267 1260 fratri
2303 1222 2430 1272 suo,
2466 1209 2758 1276 quatenus
2789 1204 2902 1260 cito
2933 1204 3188 1260 venisset
3217 1205 3288 1264 ad
3329 1222 3487 1261 eum.

1842 1295 2152 1350 Audiverat
2170 1311 2426 1366 namque
2447 1294 2600 1366 quod
2629 1292 2996 1350 ammiralius
3020 1293 3344 1370 BabyloniaeI
3368 1299 3490 1350 erat

1846 1382 2123 1440 Scaloniae
2153 1383 2395 1448 civitati,
2427 1382 2528 1439 ubi
2562 1383 2924 1456 preparabat
2954 1401 3014 1438 se
3059 1383 3311 1456 qualiter
3357 1401 3488 1458 pos-

1845 1477 1935 1530 set
1982 1489 2312 1546 expugnare
2359 1471 2744 1540 Hierusalem,
2778 1471 3042 1533 deferens
3090 1489 3289 1530 secum
3338 1477 3488 1532 cate-

1845 1579 1973 1629 nas,
2007 1566 2064 1618 et
2087 1560 2201 1618 alia
2239 1561 2442 1626 ferrea,
2476 1577 2610 1616 cum
2659 1561 2876 1632 quibus
2912 1561 3157 1634 juvenes
3205 1561 3488 1617 Christia-

1846 1667 1952 1706 nos
1985 1649 2242 1722 ligasset,
2277 1649 2380 1721 qui
2429 1649 2486 1703 in
2534 1650 2810 1705 servitute
2860 1637 3115 1722 amplius
3164 1650 3490 1710 habeantur

85 1744 420 1801 Salomonis
477 1747 602 1798 erat
651 1740 907 1796 maxima
959 1758 1318 1814 paganorum
1363 1742 1734 1814 congregatio
1764 1770 1815 1838 Β
1848 1737 1985 1805 illis,
2019 1743 2076 1794 et
2104 1754 2306 1794 eorum
2337 1737 2556 1811 generi,
2590 1754 2875 1811 senesque
2928 1755 3131 1795 omnes
3180 1741 3488 1813 utriusque

85 1834 399 1904 utriusque
448 1847 643 1896 sexus,
678 1829 892 1902 quibus
943 1831 1280 1885 Tancredus
1322 1835 1378 1886 et
1425 1831 1634 1886 Gastos
1667 1831 1737 1885 de
1764 1826 1814 1838 “’
1846 1844 2020 1884 sexus
2043 1828 2302 1899 jusserat
2327 1826 2594 1883 interfici.
2624 1828 2785 1893 Quod
2832 1845 2965 1883 cum
3013 1828 3254 1886 vidisset
3296 1847 3490 1886 comes

89 1930 274 1980 Bearn
309 1921 597 1977 dederunt
625 1937 734 1974 sua
762 1918 987 1975 vexilla.
1012 1919 1216 1975 Postea
1235 1924 1619 1976 cucurrerunt
1638 1937 1741 1991 per

91 2013 433 2068 universam
456 2009 776 2079 civitatem,
797 2008 1090 2080 capientes
1102 2026 1310 2064 aurum
1329 2014 1384 2064 et
1406 2013 1736 2082 argentum,

91 2118 276 2174 equos
315 2105 372 2155 et
398 2098 608 2163 mulos,
641 2102 697 2153 et
727 2098 932 2153 domos
978 2097 1179 2169 plenas
1223 2098 1498 2153 omnibus
1548 2097 1739 2164 bonis,

93 2193 304 2248 Postea
339 2192 625 2244 venerunt
673 2203 878 2242 omnes
921 2188 1266 2260 gaudentes,
1293 2191 1350 2242 et
1396 2205 1512 2260 prae
1562 2186 1742 2242 nimio

91 2280 310 2354 gaudio
335 2277 650 2350 plorantes,
686 2276 756 2331 ad
789 2275 973 2331 nostri
1021 2275 1335 2332 Salvatoris
1383 2276 1741 2348 sepulcrum.

95 2371 266 2428 Hane
299 2373 495 2423 autem
537 2366 686 2421 facto
736 2364 871 2420 fecit
925 2365 1242 2437 preconari
1291 2366 1648 2432 Tancredus,
1683 2369 1747 2420 ut

95 2475 306 2516 omnes
329 2458 480 2512 irent
511 2456 582 2510 ad
615 2455 898 2526 templum
931 2454 1281 2520 Salomonis,
1315 2460 1372 2510 et
1419 2455 1748 2510 occiderent

97 2550 476 2612 Sarracenos,
493 2545 578 2599 Ad
609 2543 895 2616 templum
922 2548 1232 2616 postquam
1253 2549 1555 2611 venerunt,
1573 2544 1748 2616 coepit

97 2636 512 2708 unusquisque
544 2651 676 2689 eum
709 2651 847 2689 arcu
874 2649 980 2689 suo
1012 2633 1262 2701 trahere,
1290 2633 1627 2706 multosque
1657 2632 1745 2688 in-

97 2723 506 2782 terﬁcere.Alii
539 2739 670 2778 vero
700 2739 768 2778 ex
789 2721 903 2778 alia
927 2725 1087 2795 parte
1110 2727 1517 2794 supertectum
1544 2721 1748 2794 templi

97 2815 590 2878 ascendebant,et
617 2813 956 2867 invaserunt
983 2812 1335 2868 Sarracenos
1360 2817 1481 2868 tam
1514 2830 1746 2868 mascu-

99 2904 188 2960 los
219 2919 402 2976 quam
435 2902 702 2969 feminas,
727 2899 1082 2956 decollantes
1113 2917 1210 2956 eos
1261 2902 1438 2956 nudis
1485 2902 1746 2958 ensibus.

101 2996 362 3061 Quorum
389 2991 484 3046 alii
506 2991 723 3046 dabant
749 3007 809 3046 se
830 2988 1158 3064 praecipites
1188 3007 1217 3045 e
1247 2989 1486 3062 templo,
1506 2989 1604 3046 alii
1627 3008 1750 3047 sur-

99 3101 234 3140 sum
270 3081 689 3137 moriebantur.

371 3173 473 3226 Hic
497 3171 775 3239 elegerunt
805 3169 1152 3240 Godefribum
1171 3171 1230 3224 in.
1261 3185 1460 3239 regem.

171 3261 304 3318 Alia
317 3261 410 3316 die
423 3261 684 3316 fecerunt
700 3257 1013 3314 concilium
1033 3262 1166 3314 ante
1184 3257 1468 3331 templum
1495 3257 1747 3328 Domini,

102 3353 370 3408 dicentes
401 3354 468 3404 ut
501 3347 908 3420 unusquisque
939 3348 1152 3402 faceret
1199 3347 1488 3404 orationes
1519 3354 1576 3404 et
1603 3347 1752 3405 elee-

103 3444 598 3513 mosynas,atque
620 3443 685 3493 ut
716 3441 864 3492 Deus
896 3435 1133 3510 eligeret
1153 3436 1264 3491 sibi
1293 3438 1628 3509 quempiam
1653 3439 1752 3511 qui

101 3531 151 3586 ei
186 3528 508 3602 placuisset
538 3543 778 3600 regnare
806 3542 984 3596 suqer
1013 3524 1180 3593 alios,
1210 3530 1267 3580 et
1297 3526 1586 3582 civitatem
1619 3545 1754 3584 san-

101 3625 259 3676 ctam
295 3616 659 3673 Hierusalem
680 3618 924 3688 regeret,
939 3619 995 3669 et
1023 3630 1282 3687 paganos
1306 3615 1752 3688 expraaliaretur.

102 3709 216 3764 Sed
248 3705 510 3779 episcopi
544 3710 600 3760 et
621 3703 950 3759 sacerdotes
973 3701 1459 3770 laudaverunt,ut
1482 3705 1756 3776 primitus

103 3813 315 3855 omnes
346 3795 698 3850 Sarracenos
730 3797 990 3848 mortuos
1023 3791 1178 3848 foras
1207 3791 1504 3863 ejicerent,
1534 3811 1603 3850 ne
1626 3811 1754 3850 ma-

101 3904 259 3961 gnus
295 3885 464 3948 fetor,
498 3881 597 3956 qui
630 3881 710 3938 ibi
742 3885 886 3946 erat,
919 3881 1004 3936 eis
1034 3880 1568 3937 nocuissei.0mnis
1590 3900 1757 3938 nam-

104 3994 218 4051 que
251 3974 462 4031 civitas
492 3975 617 4028 erat
643 3969 814 4043 plena
863 3968 1092 4025 illorum
1146 3969 1549 4036 cadaveribus,
1585 3976 1642 4027 et
1673 3971 1757 4028 sic

105 4068 375 4122 fecerunt
405 4062 463 4118 in
494 4061 604 4116 viis
647 4061 997 4115 Sarracenos
1046 4058 1276 4115 trahere
1323 4064 1586 4115 mortuos
1625 4067 1759 4117 ante

104 4161 416 4228 portarum
445 4150 652 4206 exitus.
689 4149 914 4204 Montes
946 4164 1015 4203 ex
1043 4147 1148 4215 eis,
1184 4149 1352 4218 quasi
1385 4148 1633 4204 fuissent
1663 4149 1760 4206 do-

106 4261 264 4310 mus,
287 4240 996 4308 ordinabant,omnesque
1026 4241 1226 4308 postea
1259 4236 1390 4308 igne
1421 4238 1759 4294 combusse-

104 4317 270 4387 ru'nt.
287 4328 458 4384 Tales
483 4325 800 4382 occisiones
823 4325 893 4379 de
915 4340 1278 4396 paganorum
1310 4329 1482 4397 gente
1504 4325 1635 4397 quis
1660 4343 1763 4382 un-

105 4435 294 4493 quam
326 4417 475 4470 vidit
506 4421 608 4470 aut
637 4413 908 4470 audivit?
936 4413 1260 4468 Numerum
1312 4430 1544 4486 quoque
1588 4432 1760 4472 nemo

1846 1917 2287 1982 Eustachius,et
2317 1917 2824 1983 Tancredus,cum
2856 1934 3068 1990 magno
3089 1920 3304 1992 gaudio
3324 1938 3493 1978 vene-

1850 2012 1986 2062 runt
2003 2023 2106 2079 per
2118 2010 2480 2070 montaneas,
2497 2009 2819 2078 quaerentes
2841 2006 3294 2064 Sarracenorum
3318 2009 3489 2082 bella,

1851 2095 1931 2151 ita
1963 2095 2179 2150 muniti
2209 2094 2382 2161 bello,
2416 2095 2484 2149 Et
2505 2093 2800 2151 venientes
2850 2096 2920 2151 ad
2972 2096 3263 2156 civitatem
3303 2099 3494 2157 Caesa-

1852 2183 2258 2250 ream,deinde
2286 2188 2568 2240 venerunt
2589 2185 2759 2255 juxta
2790 2201 2948 2240 mare
2980 2203 3164 2259 usque
3196 2188 3266 2244 ad
3299 2188 3498 2245 civita-

1853 2279 1971 2330 tem
2005 2291 2132 2346 qum
2156 2272 2372 2330 dicitur
2395 2274 2596 2329 Rama.
2614 2272 2736 2329 Illic
2762 2274 3108 2334 invenerunt
3130 2276 3347 2338 multos
3367 2280 3503 2334 Ara-

1855 2364 1976 2430 bes,
1993 2363 2092 2436 qui
2108 2379 2296 2435 praecu
2307 2379 2494 2418 rsores
2507 2367 2671 2418 erant
2685 2362 2818 2418 belli
2839 2364 3220 2422 ammiravisi.
3239 2369 3393 2433 Quos
3407 2367 3503 2425 ille

1856 2469 2234 2526 persequens,
2269 2451 2654 2524 apprehendit
2675 2451 2870 2525 plures
2903 2469 2972 2508 ex
3001 2452 3136 2526 illis,
3171 2456 3268 2528 qui
3295 2457 3504 2514 voluis-

1857 2547 1986 2598 sent
2012 2541 2360 2607 noluissent,
2391 2539 2661 2597 dixerunt
2691 2541 2889 2597 omnia
2915 2560 3062 2598 nova
3091 2543 3174 2600 eis
3224 2545 3355 2601 belli
3402 2563 3505 2618 per

1857 2630 2142 2697 ordinem,
2178 2630 2278 2686 ubi
2311 2633 2494 2695 erant,
2527 2635 2586 2685 et
2615 2635 2758 2702 quot
2787 2635 2973 2702 erant,
3007 2637 3110 2692 aut
3157 2634 3254 2690 ubi
3288 2635 3503 2693 bellare

1857 2724 2062 2777 contra
2088 2719 2446 2774 Christianos
2475 2718 2765 2774 volebant.
2801 2721 2959 2784 Quod
3014 2721 3318 2780 audientes
3347 2727 3501 2781 Tan-

1857 2809 2066 2864 credus
2098 2812 2154 2863 et
2183 2825 2377 2863 comes
2400 2807 2768 2873 Eustachius,
2785 2809 2980 2864 statim
2997 2811 3282 2868 miserunt
3304 2813 3504 2869 Hieru-

1857 2897 2038 2954 salem
2070 2896 2202 2952 duci
2235 2896 2566 2961 G‘odefrido,
2599 2901 2657 2952 et
2703 2898 3046 2968 patriarchae
3087 2901 3410 2974 Arnulpho,
3443 2907 3502 2962 et

1858 2987 2133 3043 omnibus
2163 2985 2546 3058 principibus,
2564 2985 2822 3046 dicentes
2856 3003 2869 3042 :
2903 3011 2930 3037 «
2965 2988 3176 3046 Sciatis
3207 2991 3359 3064 quod
3383 2991 3502 3048 δεδι-

1861 3075 1982 3135 lum
2015 3081 2282 3150 paratum
2314 3079 2404 3130 est
2433 3073 2689 3130 Scalonze
2713 3074 3090 3142 civitati.Qua
3110 3078 3179 3134 de
3207 3095 3388 3136 causa
3406 3098 3502 3136 ve-

1779 3141 1824 3210 C
1862 3165 1979 3220 nite
2005 3141 2365 3230 festinanter,
2387 3178 2521 3218 cum
2553 3162 2711 3218 omni
2733 3163 2947 3218 virtute
2969 3141 3148 3236 quam
3173 3165 3385 3224 habere
3406 3187 3505 3242 po-

1859 3253 2066 3310 teritis.
2100 3275 2127 3302 »
2162 3253 2325 3308 Tunc
2342 3251 2525 3323 jUSsit
2554 3252 2670 3306 dux
2699 3252 3036 3324 praeconiari
3067 3271 3169 3327 per
3211 3256 3502 3314 civitatem

1862 3340 2222 3398 Hierusalem
2255 3345 2319 3395 ut
2349 3340 2595 3396 ﬁdciiter
2626 3345 2932 3414 pergerent
2962 3341 3176 3400 civitati
3199 3348 3507 3418 praeparati

1863 3431 1935 3486 ad
1968 3430 2182 3486 bellum
2216 3428 2518 3500 Scalonize,
2550 3429 2780 3490 obviam
2813 3430 3070 3487 inimicis
3100 3433 3222 3489 Dei.
3248 3434 3346 3496 Ille
3375 3453 3507 3498 vero

1863 3537 1996 3575 cum
2030 3518 2360 3592 patriarcha
2389 3517 2647 3589 Arnulfo,
2674 3524 2732 3574 et
2764 3518 3104 3576 Flandrensi
3135 3522 3345 3579 comite
3379 3525 3510 3580 Rot—

1863 3609 2118 3677 berto,et
2147 3607 2612 3662 Marthoronensi
2643 3607 3011 3680 episcopo,in
3042 3611 3215 3667 tertia
3247 3612 3387 3670 feria
3409 3630 3508 3670 ex—

1864 3697 1967 3752 ivit
1993 3698 2064 3752 ab
2097 3695 2456 3752 Hierusalem
2491 3696 3123 3759 civitate.Raimundus
3154 3700 3349 3756 Sancti
3363 3703 3509 3776 Egi-

1865 3787 1945 3842 dii
1973 3792 2029 3842 et
2061 3786 2370 3842 Rotbertus
2392 3785 2833 3840 Northmannus
2852 3786 3122 3846 dixerunt
3144 3790 3299 3861 quod
3324 3790 3505 3864 nullaj

1864 3880 2040 3932 tenus
2068 3875 2238 3941 irent,
2273 3873 2385 3928 nisi
2417 3879 2640 3928 certum
2690 3874 2909 3930 bellum
2956 3876 3190 3932 scirent.
3226 3878 3512 3938 Miserunt

1865 3981 2000 4038 ergo
2026 3980 2164 4019 suos
2196 3961 2432 4032 milites,
2458 3967 2521 4016 ut
2550 3963 2701 4018 irent
2735 3963 2920 4019 visum
2954 3965 3001 4020 si
3035 3966 3141 4021 hoc
3173 3967 3392 4024 bellum
3420 3985 3510 4025 ve-

1867 4071 1999 4109 rum
2031 4056 2203 4108 esset.
2235 4051 2456 4117 Quibus
2491 4051 2761 4106 dixerunt
2796 4069 2808 4108 :
2843 4077 2870 4102 ‹‹
2905 4054 2963 4110 Si
2996 4053 3103 4112 hoc
3152 4073 3356 4113 verum
3397 4063 3507 4127 est,

1867 4141 2220 4198 revertimini
2238 4141 2605 4212 quantocius,
2621 4145 2680 4196 et
2698 4158 2802 4196 nos
2825 4141 3046 4199 erimus
3069 4145 3255 4217 parati
3276 4145 3358 4201 ire
3373 4164 3511 4203 con-

1865 4231 2098 4285 tinuo.»
2126 4229 2501 4284 Perrexerunt
2529 4225 2727 4298 itaque
2760 4226 2938 4294 illi,et
2966 4229 3240 4286 viderunt
3269 4231 3510 4301 bellum,

1867 4323 1923 4375 et
1953 4318 2128 4374 citius
2163 4316 2457 4372 redierunt
2491 4315 3174 4382 llierusalem,dicentes:
3199 4341 3227 4368 ‹‹
3247 4324 3410 4376 Certe
3427 4338 3516 4377 ve-

1869 4425 2000 4462 rum
2032 4411 2139 4474 est,
2168 4405 2319 4460 sicut
2349 4403 2534 4460 oculis
2565 4403 2783 4460 nostris
2814 4405 3141 4463 vidimus.»
3175 4407 3378 4464 Postea
3399 4410 3518 4465 dux

105 4508 304 4571 scivit,
337 4505 449 4560 nisi
485 4503 646 4559 solus
677 4504 851 4560 Deus.
885 4502 1095 4558 Octavo
1145 4519 1278 4558 vero
1328 4502 1421 4558 die
1453 4508 1765 4576 postquam
1795 4511 1844 4578 Ῑ)
1873 4493 2941 4552 GodefridusmisitMarthoronensem
2962 4495 3299 4567 episcopum
3317 4497 3516 4554 Hieru-

106 4597 318 4654 civitas
350 4594 460 4649 fuit
493 4591 1132 4665 capta,celebraverunt
1154 4592 1370 4647 festum
1404 4609 1506 4664 per
1525 4609 1762 4656 omnem

108 4687 411 4743 civitatem
446 4680 824 4748 Ilierusalem,
854 4680 1176 4752 eademque
1207 4680 1299 4735 die
1332 4681 1595 4736 fecerunt
1623 4699 1766 4738 con-

108 4772 418 4840 cilium,in
452 4788 566 4844 quo
595 4769 894 4843 elegerunt
915 4769 1122 4824 ducem
1143 4769 1522 4825 Godel‘ridum
1545 4771 1765 4842 princi-

111 4881 249 4938 pem
273 4861 548 4928 civitatis,
567 4859 664 4932 qui
695 4858 1056 4932 praaliaretur
1075 4875 1356 4931 paganos,
1372 4863 1427 4914 et
1449 4859 1769 4916 custodiret

112 4951 509 5009 Christianos.
551 4947 829 5005 Similiter
849 4947 1148 5019 elegerunt
1179 4947 1236 5001 in
1269 4945 1393 5002 loco
1424 4948 1766 5020 patriarcha

112 5041 441 5115 quemdam
473 5036 975 5109 sapientissimum
993 5040 1050 5090 et
1066 5034 1467 5092 honorabilem
1491 5036 1766 5094 clericum

115 5130 210 5186 cui
243 5144 464 5184 nomen
489 5129 612 5181 erat
638 5124 938 5190 Arnulfus,
971 5123 1032 5178 in
1064 5122 1584 5180 festivitateSancti
1621 5125 1768 5182 Petri

115 5221 187 5275 ad
213 5215 472 5272 vincula.
507 5214 636 5269 Haec
666 5213 869 5269 civitas
903 5211 1010 5267 fuit
1041 5217 1209 5286 capta
1239 5229 1271 5266 a
1302 5212 1652 5270 Christianis
1670 5214 1770 5269 Dei

119 5311 186 5364 15
217 5307 314 5362 die
339 5303 485 5361 Julii
517 5304 574 5358 in
605 5321 663 5358 v1
694 5302 856 5367 feria,
882 5317 1034 5357 anno
1079 5301 1151 5356 ab
1205 5300 1607 5358 Incarnatione
1657 5303 1766 5357 Do-

117 5395 266 5453 mini
303 5394 461 5461 1099,
496 5392 813 5448 auxiliante
843 5390 1089 5446 Domino
1120 5395 1318 5445 nostro
1349 5390 1485 5445 Jesu
1519 5389 1769 5458 Christo,

118 5487 210 5542 cui
265 5490 359 5541 est
408 5483 596 5538 honor
640 5485 695 5537 et
755 5479 941 5554 gloria
1002 5479 1061 5533 in
1124 5476 1336 5534 saecula
1402 5480 1770 5534 smrulurum.

118 5579 328 5632 Amen.

1872 4585 2054 4642 salem
2082 4582 2410 4639 Raimundo
2442 4581 2637 4637 Sancti
2669 4581 2898 4654 Egidii,
2924 4588 2978 4638 et
3010 4584 3283 4640 Rotberto
3313 4586 3519 4644 North-

1875 4691 2091 4730 manno
2123 4676 2178 4726 et
2207 4671 2336 4727 aliis
2369 4669 2701 4726 scnioribus
2732 4671 2884 4743 quod
2933 4671 3046 4728 cito
3092 4679 3399 4746 pergerent
3445 4677 3518 4733 ad

1875 4780 2032 4828 eum,
2056 4761 2104 4816 si
2135 4758 2383 4833 praeliari
2415 4775 2548 4814 cum
2572 4759 2816 4832 paganis
2844 4759 3184 4819 voluissent.
3202 4761 3520 4836 Episcopus

1873 4869 2006 4908 vero
2061 4847 2554 4906 Marthoronensis
2602 4848 2855 4916 rediens,
2901 4850 3140 4906 recitata
3189 4852 3366 4910 verba
3412 4871 3520 4928 pa-

1875 4941 2141 4998 triarcha:
2173 4944 2230 4995 et
2260 4938 2428 4993 ducis
2455 4937 2664 5003 ferens,
2681 4937 2901 4994 invenit
2923 4939 3272 4997 Sarracenos
3295 4941 3394 5014 qui
3417 4959 3520 5016 ap.-

1876 5029 2311 5104 prehenderunt
2337 5027 2861 5100 illum,secumque
2883 5027 3178 5084 nescimus
3207 5028 3310 5085 ubi
3341 5030 3523 5088 duxe-

1879 5124 2034 5176 runt.
2069 5117 2436 5173 Raimundus
2465 5131 2699 5188 quoque
2729 5116 2929 5171 Sancti
2963 5117 3190 5189 Egidii,
3216 5122 3273 5174 et
3301 5119 3400 5175 alii
3432 5137 3526 5178 se-

1879 5210 2072 5266 niores
2103 5206 2366 5262 exierunt
2397 5205 2467 5260 de
2499 5205 2728 5260 civitate
2760 5205 2817 5260 in
2849 5211 3060 5278 quarta
3105 5206 3266 5276 feria,
3289 5212 3346 5264 et
3395 5225 3528 5273 mu-

1882 5299 1988 5354 niti
2025 5295 2190 5368 siguo
2211 5297 2402 5350 crucis
2435 5293 2833 5350 militaverunt
2863 5311 3051 5368 usque
3085 5295 3156 5350 ad
3191 5296 3400 5352 ducem
3424 5298 3535 5358 Go-

1883 5387 2198 5446 defridum.
2216 5384 2418 5440 Petrus
2439 5401 2568 5439 vero
2581 5384 2836 5440 Eremita
2847 5383 3536 5456 remansltHierusalem,

1883 5473 2215 5538 ordinando
2241 5480 2298 5530 et
2329 5474 2693 5546 praedicando
2723 5475 2937 5530 Graecis
2968 5479 3024 5530 et
3046 5473 3372 5541 Latinis,ut
3401 5474 3544 5539 ﬁde-

1885 5565 2036 5634 liter
2081 5563 2196 5622 Deo
2252 5565 2682 5638 processionem
2737 5560 2998 5619 facerent
3041 5564 3099 5618 et
3139 5559 3453 5626 orationes,
3488 5561 3550 5616 et
