  <div class='ocr_page' id='page_1' title='image "/cluster/home/n/w/nwhite01/storage/ocr_20150623/155/hvd.32044054760137/413.png"; bbox 0 0 3998 6088; ppageno 0'>
   <div class='ocr_carea' id='block_1_1' title="bbox 427 274 548 341">
    <p class='ocr_par' dir='ltr' id='par_1_1' title="bbox 427 274 548 341">
     <span class='ocr_line' id='line_1_1' title="bbox 427 274 548 341; baseline 0.017 -2"><span class='ocrx_word' id='word_1_1' title='bbox 427 274 548 341; x_wconf 79' lang='grc'><strong>819</strong></span> 
     </span>
    </p>
   </div>
   <div class='ocr_carea' id='block_1_2' title="bbox 939 271 3326 343">
    <p class='ocr_par' dir='ltr' id='par_1_2' title="bbox 939 271 3326 343">
     <span class='ocr_line' id='line_1_2' title="bbox 939 271 3326 343; baseline 0.001 -4"><span class='ocrx_word' id='word_1_2' title='bbox 939 276 1043 341; x_wconf 85' lang='lat' dir='ltr'><strong>AD</strong></span> <span class='ocrx_word' id='word_1_3' title='bbox 1089 275 1604 343; x_wconf 84' lang='lat' dir='ltr'><strong>GODEFRIDUM</strong></span> <span class='ocrx_word' id='word_1_4' title='bbox 1646 276 1985 341; x_wconf 84' lang='lat' dir='ltr'><strong>APPEND.</strong></span> <span class='ocrx_word' id='word_1_5' title='bbox 2031 274 2111 338; x_wconf 87' lang='lat' dir='ltr'><strong>II.</strong></span> <span class='ocrx_word' id='word_1_6' title='bbox 2143 271 2564 340; x_wconf 62' lang='lat' dir='ltr'><strong>~MONUM.</strong></span> <span class='ocrx_word' id='word_1_7' title='bbox 2608 276 2712 340; x_wconf 82' lang='lat' dir='ltr'><strong>DE</strong></span> <span class='ocrx_word' id='word_1_8' title='bbox 2752 276 3006 342; x_wconf 84' lang='lat' dir='ltr'><strong>BELLO</strong></span> <span class='ocrx_word' id='word_1_9' title='bbox 3048 276 3326 343; x_wconf 78' lang='lat' dir='ltr'><strong>SACRO.</strong></span> 
     </span>
    </p>
   </div>
   <div class='ocr_carea' id='block_1_3' title="bbox 3714 275 3841 342">
    <p class='ocr_par' dir='ltr' id='par_1_3' title="bbox 3714 275 3841 342">
     <span class='ocr_line' id='line_1_3' title="bbox 3714 275 3841 342; baseline 0 0"><span class='ocrx_word' id='word_1_10' title='bbox 3714 275 3841 342; x_wconf 70' lang='lat'><strong>820</strong></span> 
     </span>
    </p>
   </div>
   <div class='ocr_carea' id='block_1_4' title="bbox 430 406 3839 486">
    <p class='ocr_par' dir='ltr' id='par_1_4' title="bbox 430 406 3839 486">
     <span class='ocr_line' id='line_1_4' title="bbox 430 406 3839 486; baseline 0.001 -19"><span class='ocrx_word' id='word_1_11' title='bbox 430 410 830 484; x_wconf 80' lang='lat' dir='ltr'><strong>eleemosynas</strong></span> <span class='ocrx_word' id='word_1_12' title='bbox 862 411 1217 484; x_wconf 83' lang='lat' dir='ltr'><strong>pauperibus</strong></span> <span class='ocrx_word' id='word_1_13' title='bbox 1237 412 1675 477; x_wconf 88' lang='lat' dir='ltr'><strong>distribuerent,</strong></span> <span class='ocrx_word' id='word_1_14' title='bbox 1707 414 1771 467; x_wconf 89' lang='lat' dir='ltr'><strong>ut</strong></span> <span class='ocrx_word' id='word_1_15' title='bbox 1795 411 1949 466; x_wconf 88' lang='lat' dir='ltr'><strong>Deus</strong></span> <span class='ocrx_word' id='word_1_16' title='bbox 1971 427 2072 482; x_wconf 89' lang='lat' dir='ltr'><strong>po-</strong></span> <span class='ocrx_word' id='word_1_17' title='bbox 2101 407 2158 476; x_wconf 79' lang='grc' dir='ltr'><strong>Α</strong></span> <span class='ocrx_word' id='word_1_18' title='bbox 2185 406 2288 464; x_wconf 91' lang='lat' dir='ltr'><strong>illa</strong></span> <span class='ocrx_word' id='word_1_19' title='bbox 2316 414 2481 466; x_wconf 91' lang='lat' dir='ltr'><strong>erant</strong></span> <span class='ocrx_word' id='word_1_20' title='bbox 2500 409 2811 479; x_wconf 91' lang='lat' dir='ltr'><strong>immensa,</strong></span> <span class='ocrx_word' id='word_1_21' title='bbox 2827 411 2966 484; x_wconf 83' lang='lat' dir='ltr'><strong>quia</strong></span> <span class='ocrx_word' id='word_1_22' title='bbox 2986 427 3350 486; x_wconf 80' lang='lat' dir='ltr'><strong>paganorum</strong></span> <span class='ocrx_word' id='word_1_23' title='bbox 3372 411 3690 470; x_wconf 80' lang='lat' dir='ltr'><strong>multitudo</strong></span> <span class='ocrx_word' id='word_1_24' title='bbox 3712 416 3839 469; x_wconf 90' lang='lat' dir='ltr'><strong>erat</strong></span> 
     </span>
    </p>
   </div>
   <div class='ocr_carea' id='block_1_5' title="bbox 431 496 2076 571">
    <p class='ocr_par' dir='ltr' id='par_1_5' title="bbox 431 496 2076 571">
     <span class='ocr_line' id='line_1_5' title="bbox 431 496 2076 571; baseline 0.001 -18"><span class='ocrx_word' id='word_1_25' title='bbox 431 496 570 569; x_wconf 91' lang='lat' dir='ltr'><strong>pulo</strong></span> <span class='ocrx_word' id='word_1_26' title='bbox 601 514 707 553; x_wconf 91' lang='lat' dir='ltr'><strong>suo</strong></span> <span class='ocrx_word' id='word_1_27' title='bbox 738 497 1043 553; x_wconf 81' lang='lat' dir='ltr'><strong>victoriam</strong></span> <span class='ocrx_word' id='word_1_28' title='bbox 1074 498 1455 571; x_wconf 83' lang='lat' dir='ltr'><strong>impenderet.</strong></span> <span class='ocrx_word' id='word_1_29' title='bbox 1486 500 1554 555; x_wconf 88' lang='lat' dir='ltr'><strong>Et</strong></span> <span class='ocrx_word' id='word_1_30' title='bbox 1580 498 1663 554; x_wconf 91' lang='lat' dir='ltr'><strong>ita</strong></span> <span class='ocrx_word' id='word_1_31' title='bbox 1694 497 1888 554; x_wconf 84' lang='lat' dir='ltr'><strong>clerici</strong></span> <span class='ocrx_word' id='word_1_32' title='bbox 1924 500 2076 555; x_wconf 85' lang='lat' dir='ltr'><strong>fece-</strong></span> 
     </span>
    </p>
   </div>
   <div class='ocr_carea' id='block_1_6' title="bbox 388 586 2078 660">
    <p class='ocr_par' dir='ltr' id='par_1_6' title="bbox 388 586 2078 660">
     <span class='ocr_line' id='line_1_6' title="bbox 388 586 2078 660; baseline 0.002 -21"><span class='ocrx_word' id='word_1_33' title='bbox 388 620 398 637; x_wconf 62' lang='grc' dir='ltr'><strong>ς</strong></span> <span class='ocrx_word' id='word_1_34' title='bbox 433 590 572 641; x_wconf 90' lang='lat' dir='ltr'><strong>runt</strong></span> <span class='ocrx_word' id='word_1_35' title='bbox 592 587 1024 658; x_wconf 84' lang='lat' dir='ltr'><strong>proeessionem</strong></span> <span class='ocrx_word' id='word_1_36' title='bbox 1057 589 1233 643; x_wconf 91' lang='lat' dir='ltr'><strong>nudis</strong></span> <span class='ocrx_word' id='word_1_37' title='bbox 1259 588 1525 660; x_wconf 86' lang='lat' dir='ltr'><strong>pedibus,</strong></span> <span class='ocrx_word' id='word_1_38' title='bbox 1555 592 1610 644; x_wconf 91' lang='lat' dir='ltr'><strong>et</strong></span> <span class='ocrx_word' id='word_1_39' title='bbox 1656 588 1848 642; x_wconf 83' lang='lat' dir='ltr'><strong>induti</strong></span> <span class='ocrx_word' id='word_1_40' title='bbox 1897 586 2078 643; x_wconf 90' lang='lat' dir='ltr'><strong>sacris</strong></span> 
     </span>
    </p>
   </div>
   <div class='ocr_carea' id='block_1_7' title="bbox 432 675 2074 746">
    <p class='ocr_par' dir='ltr' id='par_1_7' title="bbox 432 675 2074 746">
     <span class='ocr_line' id='line_1_7' title="bbox 432 675 2074 746; baseline 0.002 -16"><span class='ocrx_word' id='word_1_41' title='bbox 432 675 715 743; x_wconf 81' lang='lat' dir='ltr'><strong>vestibus,</strong></span> <span class='ocrx_word' id='word_1_42' title='bbox 732 680 790 730; x_wconf 90' lang='lat' dir='ltr'><strong>et</strong></span> <span class='ocrx_word' id='word_1_43' title='bbox 820 692 1021 731; x_wconf 86' lang='lat' dir='ltr'><strong>cruces</strong></span> <span class='ocrx_word' id='word_1_44' title='bbox 1044 677 1099 731; x_wconf 92' lang='lat' dir='ltr'><strong>in</strong></span> <span class='ocrx_word' id='word_1_45' title='bbox 1126 676 1400 732; x_wconf 88' lang='lat' dir='ltr'><strong>manibus</strong></span> <span class='ocrx_word' id='word_1_46' title='bbox 1419 678 1685 745; x_wconf 85' lang='lat' dir='ltr'><strong>ferentes,</strong></span> <span class='ocrx_word' id='word_1_47' title='bbox 1702 694 1832 733; x_wconf 89' lang='lat' dir='ltr'><strong>cum</strong></span> <span class='ocrx_word' id='word_1_48' title='bbox 1852 676 2074 746; x_wconf 89' lang='lat' dir='ltr'><strong>litania,</strong></span> 
     </span>
    </p>
   </div>
   <div class='ocr_carea' id='block_1_8' title="bbox 437 763 2079 839">
    <p class='ocr_par' dir='ltr' id='par_1_8' title="bbox 437 763 2079 839">
     <span class='ocr_line' id='line_1_8' title="bbox 437 763 2079 839; baseline 0.002 -20"><span class='ocrx_word' id='word_1_49' title='bbox 437 768 494 820; x_wconf 82' lang='lat' dir='ltr'><strong>et</strong></span> <span class='ocrx_word' id='word_1_50' title='bbox 523 764 654 820; x_wconf 89' lang='lat' dir='ltr'><strong>aliis</strong></span> <span class='ocrx_word' id='word_1_51' title='bbox 685 763 1063 833; x_wconf 78' lang='lat' dir='ltr'><strong>orationibus,</strong></span> <span class='ocrx_word' id='word_1_52' title='bbox 1081 766 1150 820; x_wconf 90' lang='lat' dir='ltr'><strong>de</strong></span> <span class='ocrx_word' id='word_1_53' title='bbox 1176 770 1374 821; x_wconf 90' lang='lat' dir='ltr'><strong>saneto</strong></span> <span class='ocrx_word' id='word_1_54' title='bbox 1406 766 1673 838; x_wconf 88' lang='lat' dir='ltr'><strong>sepulcro</strong></span> <span class='ocrx_word' id='word_1_55' title='bbox 1700 767 1771 822; x_wconf 89' lang='lat' dir='ltr'><strong>ad</strong></span> <span class='ocrx_word' id='word_1_56' title='bbox 1792 768 2079 839; x_wconf 86' lang='lat' dir='ltr'><strong>templum</strong></span> 
     </span>
    </p>
   </div>
   <div class='ocr_carea' id='block_1_9' title="bbox 440 853 2079 925">
    <p class='ocr_par' dir='ltr' id='par_1_9' title="bbox 440 853 2079 925">
     <span class='ocr_line' id='line_1_9' title="bbox 440 853 2079 925; baseline 0.001 -16"><span class='ocrx_word' id='word_1_57' title='bbox 440 853 694 909; x_wconf 90' lang='lat' dir='ltr'><strong>Domini.</strong></span> <span class='ocrx_word' id='word_1_58' title='bbox 728 853 969 925; x_wconf 87' lang='lat' dir='ltr'><strong>Duxque</strong></span> <span class='ocrx_word' id='word_1_59' title='bbox 1000 854 1368 920; x_wconf 83' lang='lat' dir='ltr'><strong>Godefridus,</strong></span> <span class='ocrx_word' id='word_1_60' title='bbox 1400 859 1456 910; x_wconf 90' lang='lat' dir='ltr'><strong>et</strong></span> <span class='ocrx_word' id='word_1_61' title='bbox 1487 854 1854 911; x_wconf 82' lang='lat' dir='ltr'><strong>Raimundus</strong></span> <span class='ocrx_word' id='word_1_62' title='bbox 1885 857 2079 912; x_wconf 83' lang='lat' dir='ltr'><strong>Sancti</strong></span> 
     </span>
    </p>
   </div>
   <div class='ocr_carea' id='block_1_10' title="bbox 440 940 2081 1014">
    <p class='ocr_par' dir='ltr' id='par_1_10' title="bbox 440 940 2081 1014">
     <span class='ocr_line' id='line_1_10' title="bbox 440 940 2081 1014; baseline 0.001 -17"><span class='ocrx_word' id='word_1_63' title='bbox 440 940 668 1014; x_wconf 66' lang='lat' dir='ltr'><strong>IEgidii,</strong></span> <span class='ocrx_word' id='word_1_64' title='bbox 703 945 759 996; x_wconf 90' lang='lat' dir='ltr'><strong>et</strong></span> <span class='ocrx_word' id='word_1_65' title='bbox 788 940 1136 1013; x_wconf 79' lang='lat' dir='ltr'><strong>patriarcha,</strong></span> <span class='ocrx_word' id='word_1_66' title='bbox 1170 946 1226 997; x_wconf 90' lang='lat' dir='ltr'><strong>et</strong></span> <span class='ocrx_word' id='word_1_67' title='bbox 1258 943 1568 999; x_wconf 78' lang='lat' dir='ltr'><strong>Rotbertus</strong></span> <span class='ocrx_word' id='word_1_68' title='bbox 1614 944 2081 1011; x_wconf 83' lang='lat' dir='ltr'><strong>Northmannus,</strong></span> 
     </span>
    </p>
   </div>
   <div class='ocr_carea' id='block_1_11' title="bbox 442 1029 2084 1106">
    <p class='ocr_par' dir='ltr' id='par_1_11' title="bbox 442 1029 2084 1106">
     <span class='ocr_line' id='line_1_11' title="bbox 442 1029 2084 1106; baseline 0.003 -21"><span class='ocrx_word' id='word_1_69' title='bbox 442 1034 499 1085; x_wconf 91' lang='lat' dir='ltr'><strong>et</strong></span> <span class='ocrx_word' id='word_1_70' title='bbox 547 1031 859 1085; x_wconf 83' lang='lat' dir='ltr'><strong>Rotbertus</strong></span> <span class='ocrx_word' id='word_1_71' title='bbox 904 1029 1277 1086; x_wconf 87' lang='lat' dir='ltr'><strong>Flandrensis</strong></span> <span class='ocrx_word' id='word_1_72' title='bbox 1320 1048 1535 1098; x_wconf 88' lang='lat' dir='ltr'><strong>eomes,</strong></span> <span class='ocrx_word' id='word_1_73' title='bbox 1593 1037 1649 1087; x_wconf 85' lang='lat' dir='ltr'><strong>et</strong></span> <span class='ocrx_word' id='word_1_74' title='bbox 1698 1032 1974 1106; x_wconf 88' lang='lat' dir='ltr'><strong>episcopi,</strong></span> <span class='ocrx_word' id='word_1_75' title='bbox 2025 1039 2084 1090; x_wconf 91' lang='lat' dir='ltr'><strong>et</strong></span> 
     </span>
    </p>
   </div>
   <div class='ocr_carea' id='block_1_12' title="bbox 443 1117 2086 1195">
    <p class='ocr_par' dir='ltr' id='par_1_12' title="bbox 443 1117 2086 1195">
     <span class='ocr_line' id='line_1_12' title="bbox 443 1117 2086 1195; baseline 0.003 -21"><span class='ocrx_word' id='word_1_76' title='bbox 443 1117 543 1174; x_wconf 91' lang='lat' dir='ltr'>alii</span> <span class='ocrx_word' id='word_1_77' title='bbox 574 1119 833 1175; x_wconf 89' lang='lat' dir='ltr'><strong>seniores</strong></span> <span class='ocrx_word' id='word_1_78' title='bbox 863 1136 1066 1174; x_wconf 89' lang='lat' dir='ltr'><strong>omnes</strong></span> <span class='ocrx_word' id='word_1_79' title='bbox 1095 1125 1377 1175; x_wconf 89' lang='lat' dir='ltr'><strong>venerunt</strong></span> <span class='ocrx_word' id='word_1_80' title='bbox 1415 1121 1487 1176; x_wconf 90' lang='lat' dir='ltr'><strong>ad</strong></span> <span class='ocrx_word' id='word_1_81' title='bbox 1518 1122 1755 1189; x_wconf 87' lang='lat' dir='ltr'><strong>ﬂumen,</strong></span> <span class='ocrx_word' id='word_1_82' title='bbox 1788 1123 1945 1195; x_wconf 92' lang='lat' dir='ltr'><strong>quod</strong></span> <span class='ocrx_word' id='word_1_83' title='bbox 1997 1128 2086 1179; x_wconf 92' lang='lat' dir='ltr'><strong>est</strong></span> 
     </span>
    </p>
   </div>
   <div class='ocr_carea' id='block_1_13' title="bbox 442 1207 2083 1283">
    <p class='ocr_par' dir='ltr' id='par_1_13' title="bbox 442 1207 2083 1283">
     <span class='ocr_line' id='line_1_13' title="bbox 442 1207 2083 1283; baseline 0.002 -19"><span class='ocrx_word' id='word_1_84' title='bbox 442 1225 511 1264; x_wconf 84' lang='lat' dir='ltr'><strong>ex</strong></span> <span class='ocrx_word' id='word_1_85' title='bbox 557 1211 721 1280; x_wconf 88' lang='lat' dir='ltr'><strong>parte</strong></span> <span class='ocrx_word' id='word_1_86' title='bbox 768 1207 1067 1271; x_wconf 63' lang='lat' dir='ltr'><strong>Scaloniaa,</strong></span> <span class='ocrx_word' id='word_1_87' title='bbox 1101 1208 1299 1281; x_wconf 88' lang='lat' dir='ltr'><strong>ibique</strong></span> <span class='ocrx_word' id='word_1_88' title='bbox 1347 1210 1679 1283; x_wconf 84' lang='lat' dir='ltr'><strong>congregati</strong></span> <span class='ocrx_word' id='word_1_89' title='bbox 1740 1211 1976 1267; x_wconf 88' lang='lat' dir='ltr'><strong>fuerunt</strong></span> <span class='ocrx_word' id='word_1_90' title='bbox 2023 1213 2083 1267; x_wconf 92' lang='lat' dir='ltr'><strong>in</strong></span> 
     </span>
    </p>
   </div>
   <div class='ocr_carea' id='block_1_14' title="bbox 442 1296 2084 1369">
    <p class='ocr_par' dir='ltr' id='par_1_14' title="bbox 442 1296 2084 1369">
     <span class='ocr_line' id='line_1_14' title="bbox 442 1296 2084 1369; baseline 0.004 -18"><span class='ocrx_word' id='word_1_91' title='bbox 442 1314 651 1352; x_wconf 90' lang='lat' dir='ltr'><strong>unum.</strong></span> <span class='ocrx_word' id='word_1_92' title='bbox 686 1296 924 1369; x_wconf 88' lang='lat' dir='ltr'><strong>Illicque</strong></span> <span class='ocrx_word' id='word_1_93' title='bbox 954 1296 1141 1353; x_wconf 89' lang='lat' dir='ltr'><strong>multa</strong></span> <span class='ocrx_word' id='word_1_94' title='bbox 1171 1296 1449 1354; x_wconf 87' lang='lat' dir='ltr'><strong>animalia</strong></span> <span class='ocrx_word' id='word_1_95' title='bbox 1480 1298 1607 1355; x_wconf 90' lang='lat' dir='ltr'><strong>sine</strong></span> <span class='ocrx_word' id='word_1_96' title='bbox 1638 1316 1883 1356; x_wconf 90' lang='lat' dir='ltr'><strong>numero</strong></span> <span class='ocrx_word' id='word_1_97' title='bbox 1925 1300 2084 1357; x_wconf 88' lang='lat' dir='ltr'><strong>inve-</strong></span> 
     </span>
    </p>
   </div>
   <div class='ocr_carea' id='block_1_15' title="bbox 444 1385 2088 1457">
    <p class='ocr_par' dir='ltr' id='par_1_15' title="bbox 444 1385 2088 1457">
     <span class='ocr_line' id='line_1_15' title="bbox 444 1385 2088 1457; baseline 0.002 -15"><span class='ocrx_word' id='word_1_98' title='bbox 444 1390 681 1457; x_wconf 85' lang='lat' dir='ltr'><strong>nerunt,</strong></span> <span class='ocrx_word' id='word_1_99' title='bbox 728 1386 927 1454; x_wconf 91' lang='lat' dir='ltr'><strong>boum,</strong></span> <span class='ocrx_word' id='word_1_100' title='bbox 971 1385 1352 1455; x_wconf 84' lang='lat' dir='ltr'><strong>camelorum,</strong></span> <span class='ocrx_word' id='word_1_101' title='bbox 1403 1388 1618 1455; x_wconf 90' lang='lat' dir='ltr'><strong>ovium,</strong></span> <span class='ocrx_word' id='word_1_102' title='bbox 1667 1389 1988 1457; x_wconf 90' lang='lat' dir='ltr'><strong>asinorum,</strong></span> <span class='ocrx_word' id='word_1_103' title='bbox 2031 1394 2088 1447; x_wconf 93' lang='lat' dir='ltr'><strong>et</strong></span> 
     </span>
    </p>
   </div>
   <div class='ocr_carea' id='block_1_16' title="bbox 445 1474 2089 1548">
    <p class='ocr_par' dir='ltr' id='par_1_16' title="bbox 445 1474 2089 1548">
     <span class='ocr_line' id='line_1_16' title="bbox 445 1474 2089 1548; baseline 0.003 -17"><span class='ocrx_word' id='word_1_104' title='bbox 445 1474 694 1531; x_wconf 89' lang='lat' dir='ltr'><strong>aliorum</strong></span> <span class='ocrx_word' id='word_1_105' title='bbox 726 1475 1039 1548; x_wconf 90' lang='lat' dir='ltr'><strong>pecudum,</strong></span> <span class='ocrx_word' id='word_1_106' title='bbox 1066 1493 1192 1548; x_wconf 68' lang='lat' dir='ltr'><strong>qua:</strong></span> <span class='ocrx_word' id='word_1_107' title='bbox 1240 1477 1530 1532; x_wconf 88' lang='lat' dir='ltr'><strong>miserunt</strong></span> <span class='ocrx_word' id='word_1_108' title='bbox 1578 1478 1877 1534; x_wconf 84' lang='lat' dir='ltr'><strong>Sarraceni</strong></span> <span class='ocrx_word' id='word_1_109' title='bbox 1910 1496 2089 1536; x_wconf 91' lang='lat' dir='ltr'><strong>causa</strong></span> 
     </span>
    </p>
   </div>
   <div class='ocr_carea' id='block_1_17' title="bbox 445 1564 2088 1642">
    <p class='ocr_par' dir='ltr' id='par_1_17' title="bbox 445 1564 2088 1642">
     <span class='ocr_line' id='line_1_17' title="bbox 445 1564 2088 1642; baseline 0.004 -23"><span class='ocrx_word' id='word_1_110' title='bbox 445 1564 830 1637; x_wconf 83' lang='lat' dir='ltr'><strong>proditionis;</strong></span> <span class='ocrx_word' id='word_1_111' title='bbox 861 1564 961 1621; x_wconf 88' lang='lat' dir='ltr'><strong>sed</strong></span> <span class='ocrx_word' id='word_1_112' title='bbox 993 1564 1144 1621; x_wconf 90' lang='lat' dir='ltr'><strong>Deus</strong></span> <span class='ocrx_word' id='word_1_113' title='bbox 1174 1566 1362 1621; x_wconf 91' lang='lat' dir='ltr'><strong>adhuc</strong></span> <span class='ocrx_word' id='word_1_114' title='bbox 1411 1566 1601 1622; x_wconf 87' lang='lat' dir='ltr'><strong>noluit</strong></span> <span class='ocrx_word' id='word_1_115' title='bbox 1643 1568 1906 1625; x_wconf 88' lang='lat' dir='ltr'><strong>deserere</strong></span> <span class='ocrx_word' id='word_1_116' title='bbox 1955 1586 2088 1642; x_wconf 88' lang='lat' dir='ltr'><strong>pro-</strong></span> 
     </span>
    </p>
   </div>
   <div class='ocr_carea' id='block_1_18' title="bbox 445 1653 2091 1726">
    <p class='ocr_par' dir='ltr' id='par_1_18' title="bbox 445 1653 2091 1726">
     <span class='ocr_line' id='line_1_18' title="bbox 445 1653 2091 1726; baseline 0.003 -17"><span class='ocrx_word' id='word_1_117' title='bbox 445 1659 574 1726; x_wconf 90' lang='lat' dir='ltr'><strong>pter</strong></span> <span class='ocrx_word' id='word_1_118' title='bbox 622 1660 888 1709; x_wconf 90' lang='lat' dir='ltr'><strong>sanetum</strong></span> <span class='ocrx_word' id='word_1_119' title='bbox 939 1653 1295 1726; x_wconf 86' lang='lat' dir='ltr'><strong>sepulcrum.</strong></span> <span class='ocrx_word' id='word_1_120' title='bbox 1349 1655 1559 1711; x_wconf 90' lang='lat' dir='ltr'><strong>Omnia</strong></span> <span class='ocrx_word' id='word_1_121' title='bbox 1624 1674 1756 1713; x_wconf 91' lang='lat' dir='ltr'><strong>vero</strong></span> <span class='ocrx_word' id='word_1_122' title='bbox 1813 1657 2091 1715; x_wconf 89' lang='lat' dir='ltr'><strong>animalia</strong></span> 
     </span>
    </p>
   </div>
   <div class='ocr_carea' id='block_1_19' title="bbox 2186 498 3835 575">
    <p class='ocr_par' dir='ltr' id='par_1_19' title="bbox 2186 498 3835 575">
     <span class='ocr_line' id='line_1_19' title="bbox 2186 498 3835 575; baseline 0.003 -22"><span class='ocrx_word' id='word_1_123' title='bbox 2186 498 2654 555; x_wconf 89' lang='lat' dir='ltr'><strong>innumerabilis.</strong></span> <span class='ocrx_word' id='word_1_124' title='bbox 2688 500 2953 557; x_wconf 90' lang='lat' dir='ltr'><strong>Sexeenti</strong></span> <span class='ocrx_word' id='word_1_125' title='bbox 2984 499 3285 575; x_wconf 82' lang='lat' dir='ltr'><strong>sexaginta</strong></span> <span class='ocrx_word' id='word_1_126' title='bbox 3313 501 3519 570; x_wconf 89' lang='lat' dir='ltr'><strong>millia,</strong></span> <span class='ocrx_word' id='word_1_127' title='bbox 3555 502 3710 560; x_wconf 89' lang='lat' dir='ltr'><strong>sicut</strong></span> <span class='ocrx_word' id='word_1_128' title='bbox 3739 502 3835 559; x_wconf 89' lang='lat' dir='ltr'><strong>di-</strong></span> 
     </span>
    </p>
   </div>
   <div class='ocr_carea' id='block_1_20' title="bbox 2187 587 3839 657">
    <p class='ocr_par' dir='ltr' id='par_1_20' title="bbox 2187 587 3839 657">
     <span class='ocr_line' id='line_1_20' title="bbox 2187 587 3839 657; baseline 0.004 -15"><span class='ocrx_word' id='word_1_129' title='bbox 2187 591 2348 643; x_wconf 89' lang='lat' dir='ltr'><strong>ctum</strong></span> <span class='ocrx_word' id='word_1_130' title='bbox 2377 591 2489 655; x_wconf 89' lang='lat' dir='ltr'><strong>est,</strong></span> <span class='ocrx_word' id='word_1_131' title='bbox 2519 587 2601 644; x_wconf 91' lang='lat' dir='ltr'><strong>ibi</strong></span> <span class='ocrx_word' id='word_1_132' title='bbox 2633 589 2886 657; x_wconf 87' lang='lat' dir='ltr'><strong>fuerunt,</strong></span> <span class='ocrx_word' id='word_1_133' title='bbox 2917 593 2973 646; x_wconf 90' lang='lat' dir='ltr'><strong>et</strong></span> <span class='ocrx_word' id='word_1_134' title='bbox 3000 594 3196 645; x_wconf 89' lang='lat' dir='ltr'><strong>tamen</strong></span> <span class='ocrx_word' id='word_1_135' title='bbox 3228 606 3400 646; x_wconf 91' lang='lat' dir='ltr'><strong>nemo</strong></span> <span class='ocrx_word' id='word_1_136' title='bbox 3432 590 3600 646; x_wconf 84' lang='lat' dir='ltr'><strong>scivit</strong></span> <span class='ocrx_word' id='word_1_137' title='bbox 3628 607 3839 648; x_wconf 89' lang='lat' dir='ltr'><strong>nume-</strong></span> 
     </span>
    </p>
   </div>
   <div class='ocr_carea' id='block_1_21' title="bbox 2188 678 3841 738">
    <p class='ocr_par' dir='ltr' id='par_1_21' title="bbox 2188 678 3841 738">
     <span class='ocr_line' id='line_1_21' title="bbox 2188 678 3841 738; baseline 0.004 -6"><span class='ocrx_word' id='word_1_138' title='bbox 2188 694 2316 732; x_wconf 87' lang='lat' dir='ltr'><strong>rum</strong></span> <span class='ocrx_word' id='word_1_139' title='bbox 2344 694 2547 733; x_wconf 88' lang='lat' dir='ltr'><strong>eorum</strong></span> <span class='ocrx_word' id='word_1_140' title='bbox 2581 678 2695 733; x_wconf 71' lang='lat' dir='ltr'><strong>nisx</strong></span> <span class='ocrx_word' id='word_1_141' title='bbox 2721 678 2895 734; x_wconf 90' lang='lat' dir='ltr'><strong>Deus.</strong></span> <span class='ocrx_word' id='word_1_142' title='bbox 2930 679 3041 735; x_wconf 90' lang='lat' dir='ltr'><strong>Sed</strong></span> <span class='ocrx_word' id='word_1_143' title='bbox 3065 679 3252 735; x_wconf 90' lang='lat' dir='ltr'><strong>virtus</strong></span> <span class='ocrx_word' id='word_1_144' title='bbox 3278 679 3477 735; x_wconf 91' lang='lat' dir='ltr'><strong>divina</strong></span> <span class='ocrx_word' id='word_1_145' title='bbox 3505 681 3841 738; x_wconf 80' lang='lat' dir='ltr'><strong>comitaba-</strong></span> 
     </span>
    </p>
   </div>
   <div class='ocr_carea' id='block_1_22' title="bbox 2187 766 3837 840">
    <p class='ocr_par' dir='ltr' id='par_1_22' title="bbox 2187 766 3837 840">
     <span class='ocr_line' id='line_1_22' title="bbox 2187 766 3837 840; baseline 0.004 -20"><span class='ocrx_word' id='word_1_146' title='bbox 2187 769 2285 820; x_wconf 86' lang='lat' dir='ltr'><strong>tur</strong></span> <span class='ocrx_word' id='word_1_147' title='bbox 2314 782 2449 821; x_wconf 89' lang='lat' dir='ltr'><strong>cum</strong></span> <span class='ocrx_word' id='word_1_148' title='bbox 2477 766 2856 839; x_wconf 75' lang='lat' dir='ltr'><strong>nostris,quze</strong></span> <span class='ocrx_word' id='word_1_149' title='bbox 2888 773 3009 822; x_wconf 86' lang='lat' dir='ltr'><strong>tam</strong></span> <span class='ocrx_word' id='word_1_150' title='bbox 3040 784 3257 840; x_wconf 88' lang='lat' dir='ltr'><strong>magna</strong></span> <span class='ocrx_word' id='word_1_151' title='bbox 3285 772 3343 823; x_wconf 89' lang='lat' dir='ltr'><strong>et</strong></span> <span class='ocrx_word' id='word_1_152' title='bbox 3360 771 3483 824; x_wconf 89' lang='lat' dir='ltr'><strong>tam</strong></span> <span class='ocrx_word' id='word_1_153' title='bbox 3514 769 3685 826; x_wconf 85' lang='lat' dir='ltr'><strong>fortis</strong></span> <span class='ocrx_word' id='word_1_154' title='bbox 3705 770 3837 837; x_wconf 87' lang='lat' dir='ltr'><strong>fuit,</strong></span> 
     </span>
    </p>
   </div>
   <div class='ocr_carea' id='block_1_23' title="bbox 2190 855 3839 927">
    <p class='ocr_par' dir='ltr' id='par_1_23' title="bbox 2190 855 3839 927">
     <span class='ocr_line' id='line_1_23' title="bbox 2190 855 3839 927; baseline 0.002 -18"><span class='ocrx_word' id='word_1_155' title='bbox 2190 855 2343 926; x_wconf 93' lang='lat' dir='ltr'><strong>quod</strong></span> <span class='ocrx_word' id='word_1_156' title='bbox 2367 855 2549 911; x_wconf 88' lang='lat' dir='ltr'><strong>nostri</strong></span> <span class='ocrx_word' id='word_1_157' title='bbox 2581 855 3079 927; x_wconf 88' lang='lat' dir='ltr'><strong>parvipendebant</strong></span> <span class='ocrx_word' id='word_1_158' title='bbox 3108 855 3546 913; x_wconf 90' lang='lat' dir='ltr'><strong>multitudinem</strong></span> <span class='ocrx_word' id='word_1_159' title='bbox 3577 857 3839 914; x_wconf 88' lang='lat' dir='ltr'><strong>illorum.</strong></span> 
     </span>
    </p>
   </div>
   <div class='ocr_carea' id='block_1_24' title="bbox 2191 943 3841 1020">
    <p class='ocr_par' dir='ltr' id='par_1_24' title="bbox 2191 943 3841 1020">
     <span class='ocr_line' id='line_1_24' title="bbox 2191 943 3841 1020; baseline 0.003 -22"><span class='ocrx_word' id='word_1_160' title='bbox 2191 943 2435 999; x_wconf 88' lang='lat' dir='ltr'><strong>Stabant</strong></span> <span class='ocrx_word' id='word_1_161' title='bbox 2456 948 2651 999; x_wconf 88' lang='lat' dir='ltr'><strong>autem</strong></span> <span class='ocrx_word' id='word_1_162' title='bbox 2668 943 2891 1000; x_wconf 90' lang='lat' dir='ltr'><strong>inimici</strong></span> <span class='ocrx_word' id='word_1_163' title='bbox 2904 944 3001 1000; x_wconf 91' lang='lat' dir='ltr'><strong>Dei</strong></span> <span class='ocrx_word' id='word_1_164' title='bbox 3016 945 3282 1001; x_wconf 65' lang='lat' dir='ltr'><strong>excwcati</strong></span> <span class='ocrx_word' id='word_1_165' title='bbox 3301 951 3476 1019; x_wconf 88' lang='lat' dir='ltr'><strong>atque</strong></span> <span class='ocrx_word' id='word_1_166' title='bbox 3507 947 3841 1020; x_wconf 80' lang='lat' dir='ltr'><strong>stupefacti;</strong></span> 
     </span>
    </p>
   </div>
   <div class='ocr_carea' id='block_1_25' title="bbox 2190 1032 3844 1109">
    <p class='ocr_par' dir='ltr' id='par_1_25' title="bbox 2190 1032 3844 1109">
     <span class='ocr_line' id='line_1_25' title="bbox 2190 1032 3844 1109; baseline 0.003 -22"><span class='ocrx_word' id='word_1_167' title='bbox 2190 1032 2456 1089; x_wconf 87' lang='lat' dir='ltr'><strong>videntes</strong></span> <span class='ocrx_word' id='word_1_168' title='bbox 2504 1032 3063 1106; x_wconf 81' lang='lat' dir='ltr'><strong>Hierosolymitanos</strong></span> <span class='ocrx_word' id='word_1_169' title='bbox 3112 1033 3327 1091; x_wconf 89' lang='lat' dir='ltr'><strong>milites</strong></span> <span class='ocrx_word' id='word_1_170' title='bbox 3372 1034 3579 1104; x_wconf 91' lang='lat' dir='ltr'><strong>Chisti,</strong></span> <span class='ocrx_word' id='word_1_171' title='bbox 3621 1037 3844 1109; x_wconf 88' lang='lat' dir='ltr'><strong>apertis</strong></span> 
     </span>
    </p>
   </div>
   <div class='ocr_carea' id='block_1_26' title="bbox 2192 1120 3845 1199">
    <p class='ocr_par' dir='ltr' id='par_1_26' title="bbox 2192 1120 3845 1199">
     <span class='ocr_line' id='line_1_26' title="bbox 2192 1120 3845 1199; baseline 0.002 -21"><span class='ocrx_word' id='word_1_172' title='bbox 2192 1120 2377 1178; x_wconf 90' lang='lat' dir='ltr'><strong>oculis</strong></span> <span class='ocrx_word' id='word_1_173' title='bbox 2408 1121 2489 1177; x_wconf 92' lang='lat' dir='ltr'><strong>nil</strong></span> <span class='ocrx_word' id='word_1_174' title='bbox 2519 1122 2813 1190; x_wconf 89' lang='lat' dir='ltr'><strong>videbant,</strong></span> <span class='ocrx_word' id='word_1_175' title='bbox 2846 1126 2903 1179; x_wconf 89' lang='lat' dir='ltr'><strong>et</strong></span> <span class='ocrx_word' id='word_1_176' title='bbox 2930 1126 3135 1180; x_wconf 92' lang='lat' dir='ltr'><strong>eontra</strong></span> <span class='ocrx_word' id='word_1_177' title='bbox 3163 1123 3499 1181; x_wconf 87' lang='lat' dir='ltr'><strong>Chistianos</strong></span> <span class='ocrx_word' id='word_1_178' title='bbox 3527 1142 3592 1182; x_wconf 87' lang='lat' dir='ltr'><strong>se</strong></span> <span class='ocrx_word' id='word_1_179' title='bbox 3619 1124 3845 1199; x_wconf 89' lang='lat' dir='ltr'><strong>erigere</strong></span> 
     </span>
    </p>
   </div>
   <div class='ocr_carea' id='block_1_27' title="bbox 2192 1210 3842 1278">
    <p class='ocr_par' dir='ltr' id='par_1_27' title="bbox 2192 1210 3842 1278">
     <span class='ocr_line' id='line_1_27' title="bbox 2192 1210 3842 1278; baseline 0.003 -12"><span class='ocrx_word' id='word_1_180' title='bbox 2192 1227 2312 1267; x_wconf 92' lang='lat' dir='ltr'><strong>non</strong></span> <span class='ocrx_word' id='word_1_181' title='bbox 2360 1211 2673 1278; x_wconf 86' lang='lat' dir='ltr'><strong>audebant,</strong></span> <span class='ocrx_word' id='word_1_182' title='bbox 2708 1210 2919 1267; x_wconf 88' lang='lat' dir='ltr'><strong>virtute</strong></span> <span class='ocrx_word' id='word_1_183' title='bbox 2964 1213 3289 1268; x_wconf 84' lang='lat' dir='ltr'><strong>tremefacti</strong></span> <span class='ocrx_word' id='word_1_184' title='bbox 3336 1213 3459 1271; x_wconf 89' lang='lat' dir='ltr'><strong>Dei.</strong></span> <span class='ocrx_word' id='word_1_185' title='bbox 3492 1213 3612 1270; x_wconf 73' lang='lat' dir='ltr'><strong>Praa</strong></span> <span class='ocrx_word' id='word_1_186' title='bbox 3657 1215 3842 1271; x_wconf 90' lang='lat' dir='ltr'><strong>nimio</strong></span> 
     </span>
    </p>
   </div>
   <div class='ocr_carea' id='block_1_28' title="bbox 2193 1299 3842 1375">
    <p class='ocr_par' dir='ltr' id='par_1_28' title="bbox 2193 1299 3842 1375">
     <span class='ocr_line' id='line_1_28' title="bbox 2193 1299 3842 1375; baseline 0.004 -21"><span class='ocrx_word' id='word_1_187' title='bbox 2193 1299 2403 1355; x_wconf 85' lang='lat' dir='ltr'><strong>timore</strong></span> <span class='ocrx_word' id='word_1_188' title='bbox 2433 1299 2827 1356; x_wconf 87' lang='lat' dir='ltr'><strong>ascendebant</strong></span> <span class='ocrx_word' id='word_1_189' title='bbox 2858 1299 2918 1356; x_wconf 91' lang='lat' dir='ltr'><strong>in</strong></span> <span class='ocrx_word' id='word_1_190' title='bbox 2942 1300 3200 1369; x_wconf 88' lang='lat' dir='ltr'><strong>arbores,</strong></span> <span class='ocrx_word' id='word_1_191' title='bbox 3222 1300 3284 1356; x_wconf 91' lang='lat' dir='ltr'><strong>in</strong></span> <span class='ocrx_word' id='word_1_192' title='bbox 3315 1302 3530 1375; x_wconf 88' lang='lat' dir='ltr'><strong>quibus</strong></span> <span class='ocrx_word' id='word_1_193' title='bbox 3561 1304 3842 1361; x_wconf 91' lang='lat' dir='ltr'><strong>reconde-</strong></span> 
     </span>
    </p>
   </div>
   <div class='ocr_carea' id='block_1_29' title="bbox 2194 1388 3845 1464">
    <p class='ocr_par' dir='ltr' id='par_1_29' title="bbox 2194 1388 3845 1464">
     <span class='ocr_line' id='line_1_29' title="bbox 2194 1388 3845 1464; baseline 0.004 -20"><span class='ocrx_word' id='word_1_194' title='bbox 2194 1389 2337 1445; x_wconf 92' lang='lat' dir='ltr'><strong>bant</strong></span> <span class='ocrx_word' id='word_1_195' title='bbox 2363 1405 2445 1445; x_wconf 92' lang='lat' dir='ltr'><strong>se.</strong></span> <span class='ocrx_word' id='word_1_196' title='bbox 2479 1391 2547 1444; x_wconf 80' lang='lat' dir='ltr'><strong>At</strong></span> <span class='ocrx_word' id='word_1_197' title='bbox 2566 1390 2749 1445; x_wconf 87' lang='lat' dir='ltr'><strong>nostri</strong></span> <span class='ocrx_word' id='word_1_198' title='bbox 2784 1388 2917 1446; x_wconf 91' lang='lat' dir='ltr'><strong>illos</strong></span> <span class='ocrx_word' id='word_1_199' title='bbox 2948 1390 3329 1464; x_wconf 86' lang='lat' dir='ltr'><strong>sagittabant,</strong></span> <span class='ocrx_word' id='word_1_200' title='bbox 3359 1395 3418 1448; x_wconf 87' lang='lat' dir='ltr'><strong>et</strong></span> <span class='ocrx_word' id='word_1_201' title='bbox 3445 1408 3581 1449; x_wconf 89' lang='lat' dir='ltr'><strong>cum</strong></span> <span class='ocrx_word' id='word_1_202' title='bbox 3624 1391 3845 1451; x_wconf 84' lang='lat' dir='ltr'><strong>lanceis</strong></span> 
     </span>
    </p>
   </div>
   <div class='ocr_carea' id='block_1_30' title="bbox 2196 1476 3852 1553">
    <p class='ocr_par' dir='ltr' id='par_1_30' title="bbox 2196 1476 3852 1553">
     <span class='ocr_line' id='line_1_30' title="bbox 2196 1476 3852 1553; baseline 0.002 -19"><span class='ocrx_word' id='word_1_203' title='bbox 2196 1476 2538 1534; x_wconf 91' lang='lat' dir='ltr'><strong>occidebant</strong></span> <span class='ocrx_word' id='word_1_204' title='bbox 2567 1478 2898 1535; x_wconf 84' lang='lat' dir='ltr'><strong>eos.Nostri</strong></span> <span class='ocrx_word' id='word_1_205' title='bbox 2928 1479 3110 1553; x_wconf 90' lang='lat' dir='ltr'><strong>igitur</strong></span> <span class='ocrx_word' id='word_1_206' title='bbox 3135 1478 3270 1536; x_wconf 91' lang='lat' dir='ltr'><strong>illos</strong></span> <span class='ocrx_word' id='word_1_207' title='bbox 3298 1484 3503 1553; x_wconf 91' lang='lat' dir='ltr'><strong>postea</strong></span> <span class='ocrx_word' id='word_1_208' title='bbox 3530 1497 3667 1538; x_wconf 91' lang='lat' dir='ltr'><strong>cum</strong></span> <span class='ocrx_word' id='word_1_209' title='bbox 3696 1481 3852 1539; x_wconf 89' lang='lat' dir='ltr'><strong>ensi-</strong></span> 
     </span>
    </p>
   </div>
   <div class='ocr_carea' id='block_1_31' title="bbox 2195 1565 3849 1641">
    <p class='ocr_par' dir='ltr' id='par_1_31' title="bbox 2195 1565 3849 1641">
     <span class='ocr_line' id='line_1_31' title="bbox 2195 1565 3849 1641; baseline 0.003 -19"><span class='ocrx_word' id='word_1_210' title='bbox 2195 1567 2309 1622; x_wconf 89' lang='lat' dir='ltr'><strong>bus</strong></span> <span class='ocrx_word' id='word_1_211' title='bbox 2339 1571 2396 1622; x_wconf 92' lang='lat' dir='ltr'><strong>et</strong></span> <span class='ocrx_word' id='word_1_212' title='bbox 2425 1566 2556 1622; x_wconf 90' lang='lat' dir='ltr'><strong>aliis</strong></span> <span class='ocrx_word' id='word_1_213' title='bbox 2586 1565 2798 1641; x_wconf 89' lang='lat' dir='ltr'><strong>gladiis</strong></span> <span class='ocrx_word' id='word_1_214' title='bbox 2828 1567 3123 1625; x_wconf 82' lang='lat' dir='ltr'><strong>frustatim</strong></span> <span class='ocrx_word' id='word_1_215' title='bbox 3146 1569 3715 1627; x_wconf 83' lang='lat' dir='ltr'><strong>detruneabant.Alii</strong></span> <span class='ocrx_word' id='word_1_216' title='bbox 3742 1587 3849 1628; x_wconf 89' lang='lat' dir='ltr'><strong>au-</strong></span> 
     </span>
    </p>
   </div>
   <div class='ocr_carea' id='block_1_32' title="bbox 2197 1654 3849 1729">
    <p class='ocr_par' dir='ltr' id='par_1_32' title="bbox 2197 1654 3849 1729">
     <span class='ocr_line' id='line_1_32' title="bbox 2197 1654 3849 1729; baseline 0.005 -19"><span class='ocrx_word' id='word_1_217' title='bbox 2197 1659 2317 1710; x_wconf 90' lang='lat' dir='ltr'><strong>tem</strong></span> <span class='ocrx_word' id='word_1_218' title='bbox 2351 1654 2561 1729; x_wconf 87' lang='lat' dir='ltr'><strong>pagani</strong></span> <span class='ocrx_word' id='word_1_219' title='bbox 2584 1657 2888 1728; x_wconf 88' lang='lat' dir='ltr'><strong>jactabant</strong></span> <span class='ocrx_word' id='word_1_220' title='bbox 2908 1674 2972 1713; x_wconf 89' lang='lat' dir='ltr'><strong>se</strong></span> <span class='ocrx_word' id='word_1_221' title='bbox 3001 1657 3061 1713; x_wconf 91' lang='lat' dir='ltr'><strong>in</strong></span> <span class='ocrx_word' id='word_1_222' title='bbox 3090 1661 3327 1727; x_wconf 88' lang='lat' dir='ltr'><strong>terram,</strong></span> <span class='ocrx_word' id='word_1_223' title='bbox 3343 1677 3460 1715; x_wconf 93' lang='lat' dir='ltr'><strong>non</strong></span> <span class='ocrx_word' id='word_1_224' title='bbox 3481 1661 3764 1717; x_wconf 87' lang='lat' dir='ltr'><strong>audentes</strong></span> <span class='ocrx_word' id='word_1_225' title='bbox 3785 1676 3849 1717; x_wconf 83' lang='lat' dir='ltr'><strong>se</strong></span> 
     </span>
    </p>
   </div>
   <div class='ocr_carea' id='block_1_33' title="bbox 446 1743 3849 1845">
    <p class='ocr_par' dir='ltr' id='par_1_33' title="bbox 446 1743 3849 1845">
     <span class='ocr_line' id='line_1_33' title="bbox 446 1743 3849 1845; baseline 0.002 -45"><span class='ocrx_word' id='word_1_226' title='bbox 446 1743 959 1817; x_wconf 84' lang='lat' dir='ltr'><strong>apprehenderunt</strong></span> <span class='ocrx_word' id='word_1_227' title='bbox 989 1743 1201 1799; x_wconf 89' lang='lat' dir='ltr'><strong>Christi</strong></span> <span class='ocrx_word' id='word_1_228' title='bbox 1242 1744 1480 1811; x_wconf 88' lang='lat' dir='ltr'><strong>milites,</strong></span> <span class='ocrx_word' id='word_1_229' title='bbox 1513 1751 1569 1802; x_wconf 89' lang='lat' dir='ltr'><strong>et</strong></span> <span class='ocrx_word' id='word_1_230' title='bbox 1615 1746 1855 1804; x_wconf 83' lang='lat' dir='ltr'><strong>clientes</strong></span> <span class='ocrx_word' id='word_1_231' title='bbox 1901 1748 2090 1804; x_wconf 86' lang='lat' dir='ltr'><strong>sancti</strong></span> <span class='ocrx_word' id='word_1_232' title='bbox 2119 1781 2167 1845; x_wconf 83' lang='lat' dir='ltr'><strong>B</strong></span> <span class='ocrx_word' id='word_1_233' title='bbox 2199 1744 2420 1817; x_wconf 88' lang='lat' dir='ltr'><strong>erigere</strong></span> <span class='ocrx_word' id='word_1_234' title='bbox 2441 1749 2642 1800; x_wconf 89' lang='lat' dir='ltr'><strong>contra</strong></span> <span class='ocrx_word' id='word_1_235' title='bbox 2671 1744 3057 1845; x_wconf 71' lang='lat' dir='ltr'><strong>Christianos.</strong></span> <span class='ocrx_word' id='word_1_236' title='bbox 3090 1747 3286 1803; x_wconf 77' lang='lat' dir='ltr'><strong>Nostri</strong></span> <span class='ocrx_word' id='word_1_237' title='bbox 3327 1748 3544 1845; x_wconf 40' lang='lat' dir='ltr'><strong>igitur.</strong></span> <span class='ocrx_word' id='word_1_238' title='bbox 3564 1749 3698 1806; x_wconf 91' lang='lat' dir='ltr'><strong>illos</strong></span> <span class='ocrx_word' id='word_1_239' title='bbox 3748 1751 3849 1806; x_wconf 88' lang='lat' dir='ltr'><strong>de-</strong></span> 
     </span>
    </p>
   </div>
   <div class='ocr_carea' id='block_1_34' title="bbox 449 1831 3849 1907">
    <p class='ocr_par' dir='ltr' id='par_1_34' title="bbox 449 1831 3849 1907">
     <span class='ocr_line' id='line_1_34' title="bbox 449 1831 3849 1907; baseline 0.002 -18"><span class='ocrx_word' id='word_1_240' title='bbox 449 1831 723 1907; x_wconf 92' lang='lat' dir='ltr'><strong>sepuleri.</strong></span> <span class='ocrx_word' id='word_1_241' title='bbox 757 1833 895 1889; x_wconf 89' lang='lat' dir='ltr'><strong>Sero</strong></span> <span class='ocrx_word' id='word_1_242' title='bbox 927 1838 1121 1888; x_wconf 87' lang='lat' dir='ltr'><strong>autem</strong></span> <span class='ocrx_word' id='word_1_243' title='bbox 1143 1833 1431 1902; x_wconf 91' lang='lat' dir='ltr'><strong>veniente,</strong></span> <span class='ocrx_word' id='word_1_244' title='bbox 1462 1835 1793 1907; x_wconf 89' lang='lat' dir='ltr'><strong>patriarcha</strong></span> <span class='ocrx_word' id='word_1_245' title='bbox 1810 1836 2093 1894; x_wconf 88' lang='lat' dir='ltr'><strong>Arnull‘us</strong></span> <span class='ocrx_word' id='word_1_246' title='bbox 2119 1831 2167 1845; x_wconf 78' lang='grc'><strong>“’</strong></span> <span class='ocrx_word' id='word_1_247' title='bbox 2197 1834 2569 1901; x_wconf 89' lang='lat' dir='ltr'><strong>truncabant,</strong></span> <span class='ocrx_word' id='word_1_248' title='bbox 2590 1834 2742 1890; x_wconf 90' lang='lat' dir='ltr'><strong>sicut</strong></span> <span class='ocrx_word' id='word_1_249' title='bbox 2766 1834 2981 1907; x_wconf 89' lang='lat' dir='ltr'><strong>aliquis</strong></span> <span class='ocrx_word' id='word_1_250' title='bbox 2999 1836 3308 1893; x_wconf 89' lang='lat' dir='ltr'><strong>detruncat</strong></span> <span class='ocrx_word' id='word_1_251' title='bbox 3330 1836 3610 1894; x_wconf 89' lang='lat' dir='ltr'><strong>animalia</strong></span> <span class='ocrx_word' id='word_1_252' title='bbox 3627 1838 3704 1895; x_wconf 92' lang='lat' dir='ltr'><strong>ad</strong></span> <span class='ocrx_word' id='word_1_253' title='bbox 3727 1855 3849 1895; x_wconf 83' lang='lat' dir='ltr'><strong>ma-</strong></span> 
     </span>
    </p>
   </div>
   <div class='ocr_carea' id='block_1_35' title="bbox 448 1922 2091 1999">
    <p class='ocr_par' dir='ltr' id='par_1_35' title="bbox 448 1922 2091 1999">
     <span class='ocr_line' id='line_1_35' title="bbox 448 1922 2091 1999; baseline 0.004 -22"><span class='ocrx_word' id='word_1_254' title='bbox 448 1927 690 1996; x_wconf 89' lang='lat' dir='ltr'><strong>portans</strong></span> <span class='ocrx_word' id='word_1_255' title='bbox 721 1938 921 1978; x_wconf 88' lang='lat' dir='ltr'><strong>secum</strong></span> <span class='ocrx_word' id='word_1_256' title='bbox 956 1922 1183 1978; x_wconf 88' lang='lat' dir='ltr'><strong>Domini</strong></span> <span class='ocrx_word' id='word_1_257' title='bbox 1214 1924 1397 1979; x_wconf 86' lang='lat' dir='ltr'><strong>nostri</strong></span> <span class='ocrx_word' id='word_1_258' title='bbox 1423 1924 1563 1979; x_wconf 86' lang='lat' dir='ltr'><strong>Jesu</strong></span> <span class='ocrx_word' id='word_1_259' title='bbox 1605 1925 1820 1981; x_wconf 85' lang='lat' dir='ltr'><strong>Christi</strong></span> <span class='ocrx_word' id='word_1_260' title='bbox 1867 1930 2091 1999; x_wconf 89' lang='lat' dir='ltr'><strong>partem</strong></span> 
     </span>
    </p>
   </div>
   <div class='ocr_carea' id='block_1_36' title="bbox 449 2010 2091 2089">
    <p class='ocr_par' dir='ltr' id='par_1_36' title="bbox 449 2010 2091 2089">
     <span class='ocr_line' id='line_1_36' title="bbox 449 2010 2091 2089; baseline 0.003 -22"><span class='ocrx_word' id='word_1_261' title='bbox 449 2011 661 2077; x_wconf 87' lang='lat' dir='ltr'><strong>crucis,</strong></span> <span class='ocrx_word' id='word_1_262' title='bbox 694 2028 870 2083; x_wconf 90' lang='lat' dir='ltr'><strong>quam</strong></span> <span class='ocrx_word' id='word_1_263' title='bbox 894 2010 1240 2066; x_wconf 83' lang='lat' dir='ltr'><strong>invenerunt</strong></span> <span class='ocrx_word' id='word_1_264' title='bbox 1270 2012 1559 2084; x_wconf 72' lang='lat' dir='ltr'><strong>peregrini</strong></span> <span class='ocrx_word' id='word_1_265' title='bbox 1603 2015 1788 2070; x_wconf 91' lang='lat' dir='ltr'><strong>sancti</strong></span> <span class='ocrx_word' id='word_1_266' title='bbox 1838 2015 2091 2089; x_wconf 87' lang='lat' dir='ltr'><strong>sepulcri</strong></span> 
     </span>
    </p>
   </div>
   <div class='ocr_carea' id='block_1_37' title="bbox 393 2098 2091 2173">
    <p class='ocr_par' dir='ltr' id='par_1_37' title="bbox 393 2098 2091 2173">
     <span class='ocr_line' id='line_1_37' title="bbox 393 2098 2091 2173; baseline 0.003 -18"><span class='ocrx_word' id='word_1_267' title='bbox 393 2103 403 2111; x_wconf 87' lang='grc'><em>’</em></span> <span class='ocrx_word' id='word_1_268' title='bbox 447 2099 510 2155; x_wconf 90' lang='lat' dir='ltr'><strong>in</strong></span> <span class='ocrx_word' id='word_1_269' title='bbox 557 2098 940 2168; x_wconf 85' lang='lat' dir='ltr'><strong>Hierusalem,</strong></span> <span class='ocrx_word' id='word_1_270' title='bbox 974 2104 1030 2155; x_wconf 90' lang='lat' dir='ltr'><strong>et</strong></span> <span class='ocrx_word' id='word_1_271' title='bbox 1078 2099 1349 2156; x_wconf 87' lang='lat' dir='ltr'><strong>similiter</strong></span> <span class='ocrx_word' id='word_1_272' title='bbox 1390 2101 1727 2173; x_wconf 88' lang='lat' dir='ltr'><strong>capellanus</strong></span> <span class='ocrx_word' id='word_1_273' title='bbox 1776 2105 2091 2161; x_wconf 85' lang='lat' dir='ltr'><strong>Raimundi</strong></span> 
     </span>
    </p>
   </div>
   <div class='ocr_carea' id='block_1_38' title="bbox 451 2187 2092 2261">
    <p class='ocr_par' dir='ltr' id='par_1_38' title="bbox 451 2187 2092 2261">
     <span class='ocr_line' id='line_1_38' title="bbox 451 2187 2092 2261; baseline 0.004 -16"><span class='ocrx_word' id='word_1_274' title='bbox 451 2189 647 2245; x_wconf 91' lang='lat' dir='ltr'><strong>Sancti</strong></span> <span class='ocrx_word' id='word_1_275' title='bbox 678 2187 883 2261; x_wconf 63' lang='lat' dir='ltr'><strong>lEgidii</strong></span> <span class='ocrx_word' id='word_1_276' title='bbox 898 2191 1136 2260; x_wconf 88' lang='lat' dir='ltr'><strong>portans</strong></span> <span class='ocrx_word' id='word_1_277' title='bbox 1159 2189 1631 2247; x_wconf 90' lang='lat' dir='ltr'><strong>secumlanccam</strong></span> <span class='ocrx_word' id='word_1_278' title='bbox 1658 2192 1885 2248; x_wconf 91' lang='lat' dir='ltr'><strong>Domini</strong></span> <span class='ocrx_word' id='word_1_279' title='bbox 1909 2196 2092 2251; x_wconf 90' lang='lat' dir='ltr'><strong>nostri</strong></span> 
     </span>
    </p>
   </div>
   <div class='ocr_carea' id='block_1_39' title="bbox 449 2276 2094 2355">
    <p class='ocr_par' dir='ltr' id='par_1_39' title="bbox 449 2276 2094 2355">
     <span class='ocr_line' id='line_1_39' title="bbox 449 2276 2094 2355; baseline 0.004 -22"><span class='ocrx_word' id='word_1_280' title='bbox 449 2278 591 2334; x_wconf 89' lang='lat' dir='ltr'><strong>Jesu</strong></span> <span class='ocrx_word' id='word_1_281' title='bbox 639 2276 873 2344; x_wconf 89' lang='lat' dir='ltr'><strong>Christi,</strong></span> <span class='ocrx_word' id='word_1_282' title='bbox 926 2280 1223 2349; x_wconf 81' lang='lat' dir='ltr'><strong>coeperunt</strong></span> <span class='ocrx_word' id='word_1_283' title='bbox 1265 2281 1768 2337; x_wconf 84' lang='lat' dir='ltr'><strong>excommunicare</strong></span> <span class='ocrx_word' id='word_1_284' title='bbox 1816 2300 1885 2339; x_wconf 85' lang='lat' dir='ltr'><strong>ex</strong></span> <span class='ocrx_word' id='word_1_285' title='bbox 1931 2288 2094 2355; x_wconf 91' lang='lat' dir='ltr'><strong>parte</strong></span> 
     </span>
    </p>
   </div>
   <div class='ocr_carea' id='block_1_40' title="bbox 452 2365 2094 2440">
    <p class='ocr_par' dir='ltr' id='par_1_40' title="bbox 452 2365 2094 2440">
     <span class='ocr_line' id='line_1_40' title="bbox 452 2365 2094 2440; baseline 0.004 -18"><span class='ocrx_word' id='word_1_286' title='bbox 452 2367 574 2436; x_wconf 89' lang='lat' dir='ltr'><strong>Dei,</strong></span> <span class='ocrx_word' id='word_1_287' title='bbox 608 2370 666 2422; x_wconf 90' lang='lat' dir='ltr'><strong>et</strong></span> <span class='ocrx_word' id='word_1_288' title='bbox 694 2365 880 2421; x_wconf 90' lang='lat' dir='ltr'><strong>sancti</strong></span> <span class='ocrx_word' id='word_1_289' title='bbox 912 2365 1187 2437; x_wconf 91' lang='lat' dir='ltr'><strong>sepulcri,</strong></span> <span class='ocrx_word' id='word_1_290' title='bbox 1221 2371 1278 2423; x_wconf 91' lang='lat' dir='ltr'><strong>et</strong></span> <span class='ocrx_word' id='word_1_291' title='bbox 1307 2367 1745 2439; x_wconf 62' lang='lat' dir='ltr'><strong>pretiosissimae</strong></span> <span class='ocrx_word' id='word_1_292' title='bbox 1769 2370 2002 2440; x_wconf 66' lang='lat' dir='ltr'><strong>lanceae,</strong></span> <span class='ocrx_word' id='word_1_293' title='bbox 2035 2377 2094 2429; x_wconf 89' lang='lat' dir='ltr'><strong>et</strong></span> 
     </span>
    </p>
   </div>
   <div class='ocr_carea' id='block_1_41' title="bbox 449 2454 2092 2521">
    <p class='ocr_par' dir='ltr' id='par_1_41' title="bbox 449 2454 2092 2521">
     <span class='ocr_line' id='line_1_41' title="bbox 449 2454 2092 2521; baseline 0.004 -10"><span class='ocrx_word' id='word_1_294' title='bbox 449 2454 833 2512; x_wconf 64' lang='lat' dir='ltr'><strong>sanctissimae</strong></span> <span class='ocrx_word' id='word_1_295' title='bbox 864 2456 1056 2510; x_wconf 90' lang='lat' dir='ltr'><strong>erucis</strong></span> <span class='ocrx_word' id='word_1_296' title='bbox 1094 2472 1105 2510; x_wconf 92' lang='lat'><strong>:</strong></span> <span class='ocrx_word' id='word_1_297' title='bbox 1143 2479 1171 2505; x_wconf 87' lang='grc'><strong>‹‹</strong></span> <span class='ocrx_word' id='word_1_298' title='bbox 1206 2457 1367 2521; x_wconf 89' lang='lat' dir='ltr'><strong>Quod</strong></span> <span class='ocrx_word' id='word_1_299' title='bbox 1399 2473 1471 2512; x_wconf 91' lang='lat' dir='ltr'><strong>ne</strong></span> <span class='ocrx_word' id='word_1_300' title='bbox 1501 2457 1660 2514; x_wconf 88' lang='lat' dir='ltr'><strong>ullus</strong></span> <span class='ocrx_word' id='word_1_301' title='bbox 1692 2459 1866 2516; x_wconf 91' lang='lat' dir='ltr'><strong>homo</strong></span> <span class='ocrx_word' id='word_1_302' title='bbox 1898 2460 2092 2517; x_wconf 87' lang='lat' dir='ltr'><strong>inten-</strong></span> 
     </span>
    </p>
   </div>
   <div class='ocr_carea' id='block_1_42' title="bbox 450 2543 2095 2617">
    <p class='ocr_par' dir='ltr' id='par_1_42' title="bbox 450 2543 2095 2617">
     <span class='ocr_line' id='line_1_42' title="bbox 450 2543 2095 2617; baseline 0.004 -17"><span class='ocrx_word' id='word_1_303' title='bbox 450 2545 551 2600; x_wconf 91' lang='lat' dir='ltr'><strong>dat</strong></span> <span class='ocrx_word' id='word_1_304' title='bbox 577 2545 651 2600; x_wconf 89' lang='lat' dir='ltr'><strong>ad</strong></span> <span class='ocrx_word' id='word_1_305' title='bbox 683 2543 803 2600; x_wconf 89' lang='lat' dir='ltr'><strong>ulla</strong></span> <span class='ocrx_word' id='word_1_306' title='bbox 830 2543 1037 2617; x_wconf 88' lang='lat' dir='ltr'><strong>spolia,</strong></span> <span class='ocrx_word' id='word_1_307' title='bbox 1070 2545 1251 2601; x_wconf 90' lang='lat' dir='ltr'><strong>donec</strong></span> <span class='ocrx_word' id='word_1_308' title='bbox 1302 2545 1520 2602; x_wconf 90' lang='lat' dir='ltr'><strong>bellum</strong></span> <span class='ocrx_word' id='word_1_309' title='bbox 1556 2553 1727 2604; x_wconf 84' lang='lat' dir='ltr'><strong>esset</strong></span> <span class='ocrx_word' id='word_1_310' title='bbox 1770 2550 2014 2617; x_wconf 89' lang='lat' dir='ltr'><strong>factum,</strong></span> <span class='ocrx_word' id='word_1_311' title='bbox 2037 2556 2095 2608; x_wconf 90' lang='lat' dir='ltr'><strong>et</strong></span> 
     </span>
    </p>
   </div>
   <div class='ocr_carea' id='block_1_43' title="bbox 449 2632 2095 2708">
    <p class='ocr_par' dir='ltr' id='par_1_43' title="bbox 449 2632 2095 2708">
     <span class='ocr_line' id='line_1_43' title="bbox 449 2632 2095 2708; baseline 0.005 -20"><span class='ocrx_word' id='word_1_312' title='bbox 449 2632 677 2689; x_wconf 89' lang='lat' dir='ltr'><strong>inimici</strong></span> <span class='ocrx_word' id='word_1_313' title='bbox 706 2633 807 2689; x_wconf 91' lang='lat' dir='ltr'><strong>Dei</strong></span> <span class='ocrx_word' id='word_1_314' title='bbox 836 2634 1082 2689; x_wconf 85' lang='lat' dir='ltr'><strong>fuissent</strong></span> <span class='ocrx_word' id='word_1_315' title='bbox 1115 2634 1416 2702; x_wconf 86' lang='lat' dir='ltr'><strong>devicti,et</strong></span> <span class='ocrx_word' id='word_1_316' title='bbox 1436 2641 1640 2708; x_wconf 88' lang='lat' dir='ltr'><strong>postea</strong></span> <span class='ocrx_word' id='word_1_317' title='bbox 1671 2642 2095 2696; x_wconf 87' lang='lat' dir='ltr'><strong>reverterentur</strong></span> 
     </span>
    </p>
   </div>
   <div class='ocr_carea' id='block_1_44' title="bbox 451 2721 2095 2800">
    <p class='ocr_par' dir='ltr' id='par_1_44' title="bbox 451 2721 2095 2800">
     <span class='ocr_line' id='line_1_44' title="bbox 451 2721 2095 2800; baseline 0.003 -21"><span class='ocrx_word' id='word_1_318' title='bbox 451 2739 586 2779; x_wconf 90' lang='lat' dir='ltr'><strong>eum</strong></span> <span class='ocrx_word' id='word_1_319' title='bbox 617 2721 768 2777; x_wconf 85' lang='lat' dir='ltr'><strong>felici</strong></span> <span class='ocrx_word' id='word_1_320' title='bbox 799 2721 1034 2795; x_wconf 90' lang='lat' dir='ltr'><strong>gaudio,</strong></span> <span class='ocrx_word' id='word_1_321' title='bbox 1067 2727 1125 2778; x_wconf 90' lang='lat' dir='ltr'><strong>et</strong></span> <span class='ocrx_word' id='word_1_322' title='bbox 1154 2724 1410 2779; x_wconf 83' lang='lat' dir='ltr'><strong>maxima</strong></span> <span class='ocrx_word' id='word_1_323' title='bbox 1436 2724 1696 2793; x_wconf 86' lang='lat' dir='ltr'><strong>victoria,</strong></span> <span class='ocrx_word' id='word_1_324' title='bbox 1719 2731 1777 2781; x_wconf 90' lang='lat' dir='ltr'><strong>et</strong></span> <span class='ocrx_word' id='word_1_325' title='bbox 1823 2732 2095 2800; x_wconf 90' lang='lat' dir='ltr'><strong>caperent</strong></span> 
     </span>
    </p>
   </div>
   <div class='ocr_carea' id='block_1_45' title="bbox 451 2811 2094 2888">
    <p class='ocr_par' dir='ltr' id='par_1_45' title="bbox 451 2811 2094 2888">
     <span class='ocr_line' id='line_1_45' title="bbox 451 2811 2094 2888; baseline 0.004 -21"><span class='ocrx_word' id='word_1_326' title='bbox 451 2811 739 2885; x_wconf 91' lang='lat' dir='ltr'><strong>quidquid</strong></span> <span class='ocrx_word' id='word_1_327' title='bbox 762 2811 845 2867; x_wconf 91' lang='lat' dir='ltr'><strong>eis</strong></span> <span class='ocrx_word' id='word_1_328' title='bbox 868 2829 902 2867; x_wconf 93' lang='lat' dir='ltr'>a</span> <span class='ocrx_word' id='word_1_329' title='bbox 922 2811 1167 2867; x_wconf 91' lang='lat' dir='ltr'><strong>Domino</strong></span> <span class='ocrx_word' id='word_1_330' title='bbox 1191 2812 1666 2888; x_wconf 70' lang='lat' dir='ltr'><strong>praedestinatum</strong></span> <span class='ocrx_word' id='word_1_331' title='bbox 1692 2820 1912 2871; x_wconf 83' lang='lat' dir='ltr'><strong>esset.»</strong></span> <span class='ocrx_word' id='word_1_332' title='bbox 1932 2819 2094 2883; x_wconf 91' lang='lat' dir='ltr'><strong>Quod</strong></span> 
     </span>
    </p>
   </div>
   <div class='ocr_carea' id='block_1_46' title="bbox 452 2900 2096 2976">
    <p class='ocr_par' dir='ltr' id='par_1_46' title="bbox 452 2900 2096 2976">
     <span class='ocr_line' id='line_1_46' title="bbox 452 2900 2096 2976; baseline 0.003 -19"><span class='ocrx_word' id='word_1_333' title='bbox 452 2917 586 2957; x_wconf 92' lang='lat' dir='ltr'><strong>eum</strong></span> <span class='ocrx_word' id='word_1_334' title='bbox 621 2900 926 2956; x_wconf 91' lang='lat' dir='ltr'><strong>audissent</strong></span> <span class='ocrx_word' id='word_1_335' title='bbox 954 2900 1143 2957; x_wconf 87' lang='lat' dir='ltr'><strong>sancti</strong></span> <span class='ocrx_word' id='word_1_336' title='bbox 1175 2900 1424 2973; x_wconf 88' lang='lat' dir='ltr'><strong>sepulcri</strong></span> <span class='ocrx_word' id='word_1_337' title='bbox 1456 2903 1767 2976; x_wconf 84' lang='lat' dir='ltr'><strong>peregrini,</strong></span> <span class='ocrx_word' id='word_1_338' title='bbox 1796 2908 1853 2960; x_wconf 92' lang='lat' dir='ltr'><strong>et</strong></span> <span class='ocrx_word' id='word_1_339' title='bbox 1884 2905 2096 2963; x_wconf 89' lang='lat' dir='ltr'><strong>miliies</strong></span> 
     </span>
    </p>
   </div>
   <div class='ocr_carea' id='block_1_47' title="bbox 452 2988 2098 3057">
    <p class='ocr_par' dir='ltr' id='par_1_47' title="bbox 452 2988 2098 3057">
     <span class='ocr_line' id='line_1_47' title="bbox 452 2988 2098 3057; baseline 0.003 -11"><span class='ocrx_word' id='word_1_340' title='bbox 452 2988 687 3057; x_wconf 86' lang='lat' dir='ltr'><strong>Christi,</strong></span> <span class='ocrx_word' id='word_1_341' title='bbox 724 3006 956 3045; x_wconf 89' lang='lat' dir='ltr'><strong>summo</strong></span> <span class='ocrx_word' id='word_1_342' title='bbox 978 2989 1234 3046; x_wconf 90' lang='lat' dir='ltr'><strong>diluculo</strong></span> <span class='ocrx_word' id='word_1_343' title='bbox 1264 2989 1323 3045; x_wconf 93' lang='lat' dir='ltr'><strong>in</strong></span> <span class='ocrx_word' id='word_1_344' title='bbox 1357 2995 1518 3046; x_wconf 81' lang='lat' dir='ltr'><strong>sexta</strong></span> <span class='ocrx_word' id='word_1_345' title='bbox 1560 2991 1702 3048; x_wconf 85' lang='lat' dir='ltr'><strong>feria</strong></span> <span class='ocrx_word' id='word_1_346' title='bbox 1735 2992 2098 3051; x_wconf 89' lang='lat' dir='ltr'><strong>intraverunt</strong></span> 
     </span>
    </p>
   </div>
   <div class='ocr_carea' id='block_1_48' title="bbox 450 3066 2094 3155">
    <p class='ocr_par' dir='ltr' id='par_1_48' title="bbox 450 3066 2094 3155">
     <span class='ocr_line' id='line_1_48' title="bbox 450 3066 2094 3155; baseline 0.004 -21"><span class='ocrx_word' id='word_1_347' title='bbox 450 3077 513 3134; x_wconf 89' lang='lat' dir='ltr'><strong>in</strong></span> <span class='ocrx_word' id='word_1_348' title='bbox 545 3080 863 3151; x_wconf 88' lang='lat' dir='ltr'><strong>quamdam</strong></span> <span class='ocrx_word' id='word_1_349' title='bbox 893 3077 1102 3155; x_wconf 82' lang='lat' dir='ltr'><strong>vallem</strong></span> <span class='ocrx_word' id='word_1_350' title='bbox 1150 3078 1326 3135; x_wconf 90' lang='lat' dir='ltr'><strong>nimis</strong></span> <span class='ocrx_word' id='word_1_351' title='bbox 1358 3066 1662 3152; x_wconf 80' lang='lat' dir='ltr'><strong>pulchram</strong></span> <span class='ocrx_word' id='word_1_352' title='bbox 1713 3099 1883 3139; x_wconf 90' lang='lat' dir='ltr'><strong>secus</strong></span> <span class='ocrx_word' id='word_1_353' title='bbox 1930 3082 2094 3140; x_wconf 87' lang='lat' dir='ltr'><strong>littus</strong></span> 
     </span>
    </p>
   </div>
   <div class='ocr_carea' id='block_1_49' title="bbox 453 3155 2166 3237">
    <p class='ocr_par' dir='ltr' id='par_1_49' title="bbox 453 3155 2166 3237">
     <span class='ocr_line' id='line_1_49' title="bbox 453 3155 2166 3237; baseline 0.002 -14"><span class='ocrx_word' id='word_1_354' title='bbox 453 3168 729 3237; x_wconf 91' lang='lat' dir='ltr'><strong>maris,et</strong></span> <span class='ocrx_word' id='word_1_355' title='bbox 758 3168 816 3223; x_wconf 89' lang='lat' dir='ltr'><strong>in</strong></span> <span class='ocrx_word' id='word_1_356' title='bbox 848 3183 914 3223; x_wconf 90' lang='lat' dir='ltr'><strong>ea</strong></span> <span class='ocrx_word' id='word_1_357' title='bbox 945 3184 1083 3223; x_wconf 88' lang='lat' dir='ltr'><strong>suas</strong></span> <span class='ocrx_word' id='word_1_358' title='bbox 1114 3167 1527 3223; x_wconf 85' lang='lat' dir='ltr'><strong>ordinaverunt</strong></span> <span class='ocrx_word' id='word_1_359' title='bbox 1556 3167 1728 3224; x_wconf 89' lang='lat' dir='ltr'><strong>acies.</strong></span> <span class='ocrx_word' id='word_1_360' title='bbox 1758 3169 1885 3225; x_wconf 84' lang='lat' dir='ltr'><strong>Dux</strong></span> <span class='ocrx_word' id='word_1_361' title='bbox 1915 3170 2095 3227; x_wconf 90' lang='lat' dir='ltr'><strong>Gode—</strong></span> <span class='ocrx_word' id='word_1_362' title='bbox 2122 3155 2166 3219; x_wconf 67' lang='grc' dir='ltr'><strong>(ἶ</strong></span> 
     </span>
    </p>
   </div>
   <div class='ocr_carea' id='block_1_50' title="bbox 455 3254 2093 3328">
    <p class='ocr_par' dir='ltr' id='par_1_50' title="bbox 455 3254 2093 3328">
     <span class='ocr_line' id='line_1_50' title="bbox 455 3254 2093 3328; baseline 0.002 -17"><span class='ocrx_word' id='word_1_363' title='bbox 455 3256 667 3323; x_wconf 83' lang='lat' dir='ltr'><strong>fridus,</strong></span> <span class='ocrx_word' id='word_1_364' title='bbox 682 3256 783 3328; x_wconf 91' lang='lat' dir='ltr'><strong>qui</strong></span> <span class='ocrx_word' id='word_1_365' title='bbox 802 3257 927 3328; x_wconf 88' lang='lat' dir='ltr'><strong>jam</strong></span> <span class='ocrx_word' id='word_1_366' title='bbox 943 3254 1164 3311; x_wconf 90' lang='lat' dir='ltr'><strong>electus</strong></span> <span class='ocrx_word' id='word_1_367' title='bbox 1187 3262 1309 3311; x_wconf 89' lang='lat' dir='ltr'><strong>erat</strong></span> <span class='ocrx_word' id='word_1_368' title='bbox 1329 3256 1399 3310; x_wconf 91' lang='lat' dir='ltr'><strong>ad</strong></span> <span class='ocrx_word' id='word_1_369' title='bbox 1427 3256 1692 3328; x_wconf 90' lang='lat' dir='ltr'><strong>regemin</strong></span> <span class='ocrx_word' id='word_1_370' title='bbox 1708 3257 2093 3325; x_wconf 84' lang='lat' dir='ltr'><strong>Hierusalem,</strong></span> 
     </span>
    </p>
   </div>
   <div class='ocr_carea' id='block_1_51' title="bbox 455 3343 2096 3420">
    <p class='ocr_par' dir='ltr' id='par_1_51' title="bbox 455 3343 2096 3420">
     <span class='ocr_line' id='line_1_51' title="bbox 455 3343 2096 3420; baseline 0.001 -18"><span class='ocrx_word' id='word_1_371' title='bbox 455 3362 624 3402; x_wconf 86' lang='lat' dir='ltr'><strong>suam</strong></span> <span class='ocrx_word' id='word_1_372' title='bbox 656 3343 934 3399; x_wconf 82' lang='lat' dir='ltr'><strong>instruxit</strong></span> <span class='ocrx_word' id='word_1_373' title='bbox 963 3344 1240 3411; x_wconf 88' lang='lat' dir='ltr'><strong>aciem,et</strong></span> <span class='ocrx_word' id='word_1_374' title='bbox 1270 3344 1639 3401; x_wconf 85' lang='lat' dir='ltr'><strong>Raimundus</strong></span> <span class='ocrx_word' id='word_1_375' title='bbox 1670 3347 1862 3402; x_wconf 87' lang='lat' dir='ltr'><strong>Sancti</strong></span> <span class='ocrx_word' id='word_1_376' title='bbox 1886 3348 2096 3420; x_wconf 66' lang='lat' dir='ltr'><strong>zEgidii</strong></span> 
     </span>
    </p>
   </div>
   <div class='ocr_carea' id='block_1_52' title="bbox 454 3432 2092 3505">
    <p class='ocr_par' dir='ltr' id='par_1_52' title="bbox 454 3432 2092 3505">
     <span class='ocr_line' id='line_1_52' title="bbox 454 3432 2092 3505; baseline 0.001 -15"><span class='ocrx_word' id='word_1_377' title='bbox 454 3451 646 3501; x_wconf 88' lang='lat' dir='ltr'><strong>suam,</strong></span> <span class='ocrx_word' id='word_1_378' title='bbox 679 3438 735 3489; x_wconf 89' lang='lat' dir='ltr'><strong>et</strong></span> <span class='ocrx_word' id='word_1_379' title='bbox 766 3433 1082 3488; x_wconf 84' lang='lat' dir='ltr'><strong>Rotbertus</strong></span> <span class='ocrx_word' id='word_1_380' title='bbox 1110 3432 1553 3489; x_wconf 84' lang='lat' dir='ltr'><strong>Northmannus</strong></span> <span class='ocrx_word' id='word_1_381' title='bbox 1583 3451 1753 3490; x_wconf 89' lang='lat' dir='ltr'><strong>suam</strong></span> <span class='ocrx_word' id='word_1_382' title='bbox 1803 3435 2092 3505; x_wconf 84' lang='lat' dir='ltr'><strong>similiter,</strong></span> 
     </span>
    </p>
   </div>
   <div class='ocr_carea' id='block_1_53' title="bbox 452 3521 2097 3598">
    <p class='ocr_par' dir='ltr' id='par_1_53' title="bbox 452 3521 2097 3598">
     <span class='ocr_line' id='line_1_53' title="bbox 452 3521 2097 3598; baseline 0.003 -20"><span class='ocrx_word' id='word_1_383' title='bbox 452 3525 511 3578; x_wconf 92' lang='lat' dir='ltr'><strong>et</strong></span> <span class='ocrx_word' id='word_1_384' title='bbox 541 3522 853 3578; x_wconf 85' lang='lat' dir='ltr'><strong>Rotbertus</strong></span> <span class='ocrx_word' id='word_1_385' title='bbox 897 3521 1273 3577; x_wconf 88' lang='lat' dir='ltr'><strong>Flandrensis</strong></span> <span class='ocrx_word' id='word_1_386' title='bbox 1323 3538 1517 3578; x_wconf 87' lang='lat' dir='ltr'><strong>comes</strong></span> <span class='ocrx_word' id='word_1_387' title='bbox 1568 3539 1737 3579; x_wconf 88' lang='lat' dir='ltr'><strong>suam</strong></span> <span class='ocrx_word' id='word_1_388' title='bbox 1784 3541 2097 3598; x_wconf 89' lang='lat' dir='ltr'><strong>comesque</strong></span> 
     </span>
    </p>
   </div>
   <div class='ocr_carea' id='block_1_54' title="bbox 453 3610 2095 3685">
    <p class='ocr_par' dir='ltr' id='par_1_54' title="bbox 453 3610 2095 3685">
     <span class='ocr_line' id='line_1_54' title="bbox 453 3610 2095 3685; baseline 0.004 -19"><span class='ocrx_word' id='word_1_389' title='bbox 453 3610 801 3666; x_wconf 90' lang='lat' dir='ltr'><strong>Eustachius</strong></span> <span class='ocrx_word' id='word_1_390' title='bbox 852 3627 1021 3666; x_wconf 88' lang='lat' dir='ltr'><strong>suam</strong></span> <span class='ocrx_word' id='word_1_391' title='bbox 1068 3614 1125 3666; x_wconf 90' lang='lat' dir='ltr'><strong>et</strong></span> <span class='ocrx_word' id='word_1_392' title='bbox 1156 3610 1514 3677; x_wconf 89' lang='lat' dir='ltr'><strong>Tancredus,</strong></span> <span class='ocrx_word' id='word_1_393' title='bbox 1548 3615 1721 3685; x_wconf 87' lang='lat' dir='ltr'><strong>atque</strong></span> <span class='ocrx_word' id='word_1_394' title='bbox 1770 3616 1976 3671; x_wconf 89' lang='lat' dir='ltr'><strong>Gastos</strong></span> <span class='ocrx_word' id='word_1_395' title='bbox 2024 3617 2095 3672; x_wconf 91' lang='lat' dir='ltr'><strong>de</strong></span> 
     </span>
    </p>
   </div>
   <div class='ocr_carea' id='block_1_55' title="bbox 452 3698 2098 3778">
    <p class='ocr_par' dir='ltr' id='par_1_55' title="bbox 452 3698 2098 3778">
     <span class='ocr_line' id='line_1_55' title="bbox 452 3698 2098 3778; baseline 0.002 -22"><span class='ocrx_word' id='word_1_396' title='bbox 452 3700 641 3756; x_wconf 89' lang='lat' dir='ltr'><strong>Beart.</strong></span> <span class='ocrx_word' id='word_1_397' title='bbox 677 3698 771 3754; x_wconf 91' lang='lat' dir='ltr'><strong>Sic</strong></span> <span class='ocrx_word' id='word_1_398' title='bbox 801 3716 937 3772; x_wconf 90' lang='lat' dir='ltr'><strong>ergo</strong></span> <span class='ocrx_word' id='word_1_399' title='bbox 968 3716 1067 3754; x_wconf 83' lang='lat' dir='ltr'><strong>sex</strong></span> <span class='ocrx_word' id='word_1_400' title='bbox 1099 3698 1250 3754; x_wconf 89' lang='lat' dir='ltr'><strong>acies</strong></span> <span class='ocrx_word' id='word_1_401' title='bbox 1280 3705 1579 3772; x_wconf 72' lang='lat' dir='ltr'><strong>emperunt</strong></span> <span class='ocrx_word' id='word_1_402' title='bbox 1608 3700 1879 3759; x_wconf 87' lang='lat' dir='ltr'><strong>militare.</strong></span> <span class='ocrx_word' id='word_1_403' title='bbox 1914 3705 2098 3778; x_wconf 88' lang='lat' dir='ltr'><strong>Sagit-</strong></span> 
     </span>
    </p>
   </div>
   <div class='ocr_carea' id='block_1_56' title="bbox 448 3787 2097 3861">
    <p class='ocr_par' dir='ltr' id='par_1_56' title="bbox 448 3787 2097 3861">
     <span class='ocr_line' id='line_1_56' title="bbox 448 3787 2097 3861; baseline 0.004 -18"><span class='ocrx_word' id='word_1_404' title='bbox 448 3788 582 3843; x_wconf 88' lang='lat' dir='ltr'><strong>tarii</strong></span> <span class='ocrx_word' id='word_1_405' title='bbox 616 3804 847 3859; x_wconf 90' lang='lat' dir='ltr'><strong>quoque</strong></span> <span class='ocrx_word' id='word_1_406' title='bbox 869 3787 978 3843; x_wconf 77' lang='lat' dir='ltr'><strong>hoc</strong></span> <span class='ocrx_word' id='word_1_407' title='bbox 1008 3788 1419 3859; x_wconf 84' lang='lat' dir='ltr'><strong>praecedentes,</strong></span> <span class='ocrx_word' id='word_1_408' title='bbox 1453 3793 1510 3844; x_wconf 91' lang='lat' dir='ltr'><strong>et</strong></span> <span class='ocrx_word' id='word_1_409' title='bbox 1521 3790 1692 3861; x_wconf 86' lang='lat' dir='ltr'><strong>juxta</strong></span> <span class='ocrx_word' id='word_1_410' title='bbox 1721 3807 1820 3847; x_wconf 89' lang='lat' dir='ltr'><strong>eos</strong></span> <span class='ocrx_word' id='word_1_411' title='bbox 1846 3792 1901 3846; x_wconf 84' lang='lat' dir='ltr'><strong>in</strong></span> <span class='ocrx_word' id='word_1_412' title='bbox 1954 3794 2097 3849; x_wconf 82' lang='lat' dir='ltr'><strong>dex-</strong></span> 
     </span>
    </p>
   </div>
   <div class='ocr_carea' id='block_1_57' title="bbox 452 3876 2095 3954">
    <p class='ocr_par' dir='ltr' id='par_1_57' title="bbox 452 3876 2095 3954">
     <span class='ocr_line' id='line_1_57' title="bbox 452 3876 2095 3954; baseline 0.004 -22"><span class='ocrx_word' id='word_1_413' title='bbox 452 3880 577 3932; x_wconf 90' lang='lat' dir='ltr'><strong>tera</strong></span> <span class='ocrx_word' id='word_1_414' title='bbox 619 3880 780 3948; x_wconf 90' lang='lat' dir='ltr'><strong>parte</strong></span> <span class='ocrx_word' id='word_1_415' title='bbox 819 3881 876 3932; x_wconf 92' lang='lat' dir='ltr'><strong>et</strong></span> <span class='ocrx_word' id='word_1_416' title='bbox 922 3876 983 3931; x_wconf 92' lang='lat' dir='ltr'><strong>in</strong></span> <span class='ocrx_word' id='word_1_417' title='bbox 1016 3876 1256 3932; x_wconf 91' lang='lat' dir='ltr'><strong>sinistra</strong></span> <span class='ocrx_word' id='word_1_418' title='bbox 1285 3878 1484 3933; x_wconf 89' lang='lat' dir='ltr'><strong>omnia</strong></span> <span class='ocrx_word' id='word_1_419' title='bbox 1515 3879 1794 3935; x_wconf 89' lang='lat' dir='ltr'><strong>animalia</strong></span> <span class='ocrx_word' id='word_1_420' title='bbox 1823 3882 2095 3954; x_wconf 90' lang='lat' dir='ltr'><strong>superius</strong></span> 
     </span>
    </p>
   </div>
   <div class='ocr_carea' id='block_1_58' title="bbox 453 3964 2095 4038">
    <p class='ocr_par' dir='ltr' id='par_1_58' title="bbox 453 3964 2095 4038">
     <span class='ocr_line' id='line_1_58' title="bbox 453 3964 2095 4038; baseline 0.004 -17"><span class='ocrx_word' id='word_1_421' title='bbox 453 3965 609 4021; x_wconf 91' lang='lat' dir='ltr'><strong>dicta</strong></span> <span class='ocrx_word' id='word_1_422' title='bbox 636 3964 762 4021; x_wconf 90' lang='lat' dir='ltr'><strong>sine</strong></span> <span class='ocrx_word' id='word_1_423' title='bbox 793 3965 1030 4021; x_wconf 90' lang='lat' dir='ltr'><strong>ductore</strong></span> <span class='ocrx_word' id='word_1_424' title='bbox 1062 3966 1402 4038; x_wconf 88' lang='lat' dir='ltr'><strong>pergebant.</strong></span> <span class='ocrx_word' id='word_1_425' title='bbox 1437 3967 1600 4032; x_wconf 88' lang='lat' dir='ltr'><strong>Quod</strong></span> <span class='ocrx_word' id='word_1_426' title='bbox 1631 3968 1952 4026; x_wconf 76' lang='lat' dir='ltr'><strong>maximum</strong></span> <span class='ocrx_word' id='word_1_427' title='bbox 1992 3972 2095 4028; x_wconf 90' lang='lat' dir='ltr'><strong>Dei</strong></span> 
     </span>
    </p>
   </div>
   <div class='ocr_carea' id='block_1_59' title="bbox 452 4052 2093 4127">
    <p class='ocr_par' dir='ltr' id='par_1_59' title="bbox 452 4052 2093 4127">
     <span class='ocr_line' id='line_1_59' title="bbox 452 4052 2093 4127; baseline 0.003 -16"><span class='ocrx_word' id='word_1_428' title='bbox 452 4059 577 4111; x_wconf 86' lang='lat' dir='ltr'><strong>erat</strong></span> <span class='ocrx_word' id='word_1_429' title='bbox 608 4053 979 4109; x_wconf 90' lang='lat' dir='ltr'><strong>miraculum.</strong></span> <span class='ocrx_word' id='word_1_430' title='bbox 1008 4052 1434 4127; x_wconf 73' lang='lat' dir='ltr'><strong>Coeperuntque</strong></span> <span class='ocrx_word' id='word_1_431' title='bbox 1474 4055 1673 4111; x_wconf 86' lang='lat' dir='ltr'><strong>statim</strong></span> <span class='ocrx_word' id='word_1_432' title='bbox 1730 4057 1985 4115; x_wconf 90' lang='lat' dir='ltr'><strong>militare</strong></span> <span class='ocrx_word' id='word_1_433' title='bbox 2033 4060 2093 4116; x_wconf 92' lang='lat' dir='ltr'><strong>in</strong></span> 
     </span>
    </p>
   </div>
   <div class='ocr_carea' id='block_1_60' title="bbox 451 4141 2095 4216">
    <p class='ocr_par' dir='ltr' id='par_1_60' title="bbox 451 4141 2095 4216">
     <span class='ocr_line' id='line_1_60' title="bbox 451 4141 2095 4216; baseline 0.003 -16"><span class='ocrx_word' id='word_1_434' title='bbox 451 4144 688 4200; x_wconf 89' lang='lat' dir='ltr'><strong>nomine</strong></span> <span class='ocrx_word' id='word_1_435' title='bbox 725 4143 865 4199; x_wconf 85' lang='lat' dir='ltr'><strong>Jesu</strong></span> <span class='ocrx_word' id='word_1_436' title='bbox 906 4141 1119 4198; x_wconf 86' lang='lat' dir='ltr'><strong>Christi</strong></span> <span class='ocrx_word' id='word_1_437' title='bbox 1148 4146 1204 4197; x_wconf 88' lang='lat' dir='ltr'><strong>et</strong></span> <span class='ocrx_word' id='word_1_438' title='bbox 1252 4143 1437 4198; x_wconf 88' lang='lat' dir='ltr'><strong>sancti</strong></span> <span class='ocrx_word' id='word_1_439' title='bbox 1469 4143 1745 4216; x_wconf 73' lang='lat' dir='ltr'><strong>sepulcri,</strong></span> <span class='ocrx_word' id='word_1_440' title='bbox 1772 4146 2095 4206; x_wconf 88' lang='lat' dir='ltr'><strong>deferentes</strong></span> 
     </span>
    </p>
   </div>
   <div class='ocr_carea' id='block_1_61' title="bbox 450 4230 2095 4309">
    <p class='ocr_par' dir='ltr' id='par_1_61' title="bbox 450 4230 2095 4309">
     <span class='ocr_line' id='line_1_61' title="bbox 450 4230 2095 4309; baseline 0.002 -20"><span class='ocrx_word' id='word_1_441' title='bbox 450 4232 713 4289; x_wconf 87' lang='lat' dir='ltr'><strong>lanceam</strong></span> <span class='ocrx_word' id='word_1_442' title='bbox 745 4230 926 4288; x_wconf 89' lang='lat' dir='ltr'><strong>nostri</strong></span> <span class='ocrx_word' id='word_1_443' title='bbox 958 4230 1293 4298; x_wconf 89' lang='lat' dir='ltr'><strong>Salvatoris,</strong></span> <span class='ocrx_word' id='word_1_444' title='bbox 1328 4236 1384 4287; x_wconf 89' lang='lat' dir='ltr'><strong>et</strong></span> <span class='ocrx_word' id='word_1_445' title='bbox 1415 4249 1593 4288; x_wconf 90' lang='lat' dir='ltr'><strong>unam</strong></span> <span class='ocrx_word' id='word_1_446' title='bbox 1636 4238 1860 4304; x_wconf 89' lang='lat' dir='ltr'><strong>partem</strong></span> <span class='ocrx_word' id='word_1_447' title='bbox 1904 4238 2095 4309; x_wconf 76' lang='lat' dir='ltr'><strong>erucis</strong></span> 
     </span>
    </p>
   </div>
   <div class='ocr_carea' id='block_1_62' title="bbox 452 4319 2092 4395">
    <p class='ocr_par' dir='ltr' id='par_1_62' title="bbox 452 4319 2092 4395">
     <span class='ocr_line' id='line_1_62' title="bbox 452 4319 2092 4395; baseline 0.002 -17"><span class='ocrx_word' id='word_1_448' title='bbox 452 4320 642 4395; x_wconf 89' lang='lat' dir='ltr'><strong>Ipsius</strong></span> <span class='ocrx_word' id='word_1_449' title='bbox 674 4319 1014 4387; x_wconf 89' lang='lat' dir='ltr'><strong>Salvatorts,</strong></span> <span class='ocrx_word' id='word_1_450' title='bbox 1050 4336 1226 4392; x_wconf 85' lang='lat' dir='ltr'><strong>quam</strong></span> <span class='ocrx_word' id='word_1_451' title='bbox 1258 4320 1383 4390; x_wconf 89' lang='lat' dir='ltr'><strong>ipse</strong></span> <span class='ocrx_word' id='word_1_452' title='bbox 1415 4321 1747 4393; x_wconf 88' lang='lat' dir='ltr'><strong>patriarcha</strong></span> <span class='ocrx_word' id='word_1_453' title='bbox 1779 4323 2092 4382; x_wconf 84' lang='lat' dir='ltr'><strong>deferebat.</strong></span> 
     </span>
    </p>
   </div>
   <div class='ocr_carea' id='block_1_63' title="bbox 450 4407 2091 4482">
    <p class='ocr_par' dir='ltr' id='par_1_63' title="bbox 450 4407 2091 4482">
     <span class='ocr_line' id='line_1_63' title="bbox 450 4407 2091 4482; baseline 0.001 -15"><span class='ocrx_word' id='word_1_454' title='bbox 450 4409 515 4467; x_wconf 87' lang='lat' dir='ltr'><strong>In</strong></span> <span class='ocrx_word' id='word_1_455' title='bbox 546 4407 786 4467; x_wconf 89' lang='lat' dir='ltr'><strong>sinistra</strong></span> <span class='ocrx_word' id='word_1_456' title='bbox 814 4412 975 4480; x_wconf 91' lang='lat' dir='ltr'><strong>parte</strong></span> <span class='ocrx_word' id='word_1_457' title='bbox 1006 4408 1116 4463; x_wconf 85' lang='lat' dir='ltr'><strong>fuit</strong></span> <span class='ocrx_word' id='word_1_458' title='bbox 1142 4409 1259 4463; x_wconf 85' lang='lat' dir='ltr'><strong>dux</strong></span> <span class='ocrx_word' id='word_1_459' title='bbox 1280 4409 1627 4465; x_wconf 84' lang='lat' dir='ltr'><strong>Godefridus</strong></span> <span class='ocrx_word' id='word_1_460' title='bbox 1654 4427 1788 4465; x_wconf 90' lang='lat' dir='ltr'><strong>cum</strong></span> <span class='ocrx_word' id='word_1_461' title='bbox 1822 4428 1930 4467; x_wconf 88' lang='lat' dir='ltr'><strong>sua</strong></span> <span class='ocrx_word' id='word_1_462' title='bbox 1948 4414 2091 4482; x_wconf 90' lang='lat' dir='ltr'><strong>acie,</strong></span> 
     </span>
    </p>
   </div>
   <div class='ocr_carea' id='block_1_64' title="bbox 2200 1921 3845 1999">
    <p class='ocr_par' dir='ltr' id='par_1_64' title="bbox 2200 1921 3845 1999">
     <span class='ocr_line' id='line_1_64' title="bbox 2200 1921 3845 1999; baseline 0.004 -22"><span class='ocrx_word' id='word_1_463' title='bbox 2200 1921 2810 1980; x_wconf 79' lang='lat' dir='ltr'><strong>cellum.Raimundus</strong></span> <span class='ocrx_word' id='word_1_464' title='bbox 2825 1939 3021 1981; x_wconf 90' lang='lat' dir='ltr'><strong>eomes</strong></span> <span class='ocrx_word' id='word_1_465' title='bbox 3037 1924 3236 1981; x_wconf 88' lang='lat' dir='ltr'><strong>Sancti</strong></span> <span class='ocrx_word' id='word_1_466' title='bbox 3263 1925 3477 1999; x_wconf 59' lang='lat' dir='ltr'><strong>(Egidii</strong></span> <span class='ocrx_word' id='word_1_467' title='bbox 3491 1928 3664 1999; x_wconf 83' lang='lat' dir='ltr'><strong>juxta</strong></span> <span class='ocrx_word' id='word_1_468' title='bbox 3682 1943 3845 1985; x_wconf 89' lang='lat' dir='ltr'><strong>mare</strong></span> 
     </span>
    </p>
   </div>
   <div class='ocr_carea' id='block_1_65' title="bbox 2201 2010 3846 2088">
    <p class='ocr_par' dir='ltr' id='par_1_65' title="bbox 2201 2010 3846 2088">
     <span class='ocr_line' id='line_1_65' title="bbox 2201 2010 3846 2088; baseline 0.004 -21"><span class='ocrx_word' id='word_1_469' title='bbox 2201 2011 2413 2067; x_wconf 92' lang='lat' dir='ltr'><strong>occidit</strong></span> <span class='ocrx_word' id='word_1_470' title='bbox 2441 2028 2509 2067; x_wconf 88' lang='lat' dir='ltr'><strong>ex</strong></span> <span class='ocrx_word' id='word_1_471' title='bbox 2539 2011 2623 2068; x_wconf 87' lang='lat' dir='ltr'><strong>eis</strong></span> <span class='ocrx_word' id='word_1_472' title='bbox 2645 2010 2771 2067; x_wconf 90' lang='lat' dir='ltr'><strong>sine</strong></span> <span class='ocrx_word' id='word_1_473' title='bbox 2802 2027 3066 2081; x_wconf 91' lang='lat' dir='ltr'><strong>numero,</strong></span> <span class='ocrx_word' id='word_1_474' title='bbox 3099 2017 3158 2070; x_wconf 91' lang='lat' dir='ltr'><strong>et</strong></span> <span class='ocrx_word' id='word_1_475' title='bbox 3212 2013 3314 2087; x_wconf 91' lang='lat' dir='ltr'><strong>qui</strong></span> <span class='ocrx_word' id='word_1_476' title='bbox 3346 2031 3462 2071; x_wconf 93' lang='lat' dir='ltr'><strong>non</strong></span> <span class='ocrx_word' id='word_1_477' title='bbox 3495 2021 3727 2088; x_wconf 88' lang='lat' dir='ltr'><strong>poterat</strong></span> <span class='ocrx_word' id='word_1_478' title='bbox 3755 2017 3846 2073; x_wconf 84' lang='lat' dir='ltr'><strong>fu—</strong></span> 
     </span>
    </p>
   </div>
   <div class='ocr_carea' id='block_1_66' title="bbox 2200 2100 3844 2177">
    <p class='ocr_par' dir='ltr' id='par_1_66' title="bbox 2200 2100 3844 2177">
     <span class='ocr_line' id='line_1_66' title="bbox 2200 2100 3844 2177; baseline 0.004 -22"><span class='ocrx_word' id='word_1_479' title='bbox 2200 2102 2671 2174; x_wconf 89' lang='lat' dir='ltr'><strong>gere,mergebat</strong></span> <span class='ocrx_word' id='word_1_480' title='bbox 2686 2117 2748 2157; x_wconf 89' lang='lat' dir='ltr'><strong>se</strong></span> <span class='ocrx_word' id='word_1_481' title='bbox 2764 2100 2821 2157; x_wconf 91' lang='lat' dir='ltr'><strong>in</strong></span> <span class='ocrx_word' id='word_1_482' title='bbox 2849 2107 3148 2170; x_wconf 89' lang='lat' dir='ltr'><strong>mare,aut</strong></span> <span class='ocrx_word' id='word_1_483' title='bbox 3166 2103 3497 2177; x_wconf 87' lang='lat' dir='ltr'><strong>fugiebatin</strong></span> <span class='ocrx_word' id='word_1_484' title='bbox 3527 2104 3844 2162; x_wconf 88' lang='lat' dir='ltr'><strong>civitatem.</strong></span> 
     </span>
    </p>
   </div>
   <div class='ocr_carea' id='block_1_67' title="bbox 2199 2189 3849 2262">
    <p class='ocr_par' dir='ltr' id='par_1_67' title="bbox 2199 2189 3849 2262">
     <span class='ocr_line' id='line_1_67' title="bbox 2199 2189 3849 2262; baseline 0.005 -19"><span class='ocrx_word' id='word_1_485' title='bbox 2199 2189 2454 2246; x_wconf 89' lang='lat' dir='ltr'><strong>Veniens</strong></span> <span class='ocrx_word' id='word_1_486' title='bbox 2485 2189 2684 2262; x_wconf 88' lang='lat' dir='ltr'><strong>itaque</strong></span> <span class='ocrx_word' id='word_1_487' title='bbox 2711 2189 3136 2248; x_wconf 78' lang='lat' dir='ltr'><strong>Ammiravisus</strong></span> <span class='ocrx_word' id='word_1_488' title='bbox 3167 2196 3303 2249; x_wconf 89' lang='lat' dir='ltr'><strong>ante</strong></span> <span class='ocrx_word' id='word_1_489' title='bbox 3332 2192 3666 2252; x_wconf 88' lang='lat' dir='ltr'><strong>Sealoniam</strong></span> <span class='ocrx_word' id='word_1_490' title='bbox 3703 2195 3849 2251; x_wconf 86' lang='lat' dir='ltr'><strong>civi-</strong></span> 
     </span>
    </p>
   </div>
   <div class='ocr_carea' id='block_1_68' title="bbox 2200 2277 3843 2355">
    <p class='ocr_par' dir='ltr' id='par_1_68' title="bbox 2200 2277 3843 2355">
     <span class='ocr_line' id='line_1_68' title="bbox 2200 2277 3843 2355; baseline 0.003 -21"><span class='ocrx_word' id='word_1_491' title='bbox 2200 2283 2400 2345; x_wconf 89' lang='lat' dir='ltr'><strong>tatem,</strong></span> <span class='ocrx_word' id='word_1_492' title='bbox 2433 2277 2638 2334; x_wconf 90' lang='lat' dir='ltr'><strong>dolens</strong></span> <span class='ocrx_word' id='word_1_493' title='bbox 2669 2294 2736 2334; x_wconf 92' lang='lat' dir='ltr'>ac</span> <span class='ocrx_word' id='word_1_494' title='bbox 2767 2284 3233 2353; x_wconf 71' lang='lat' dir='ltr'><strong>moerens,atque</strong></span> <span class='ocrx_word' id='word_1_495' title='bbox 3261 2280 3639 2355; x_wconf 79' lang='lat' dir='ltr'><strong>lacrymando</strong></span> <span class='ocrx_word' id='word_1_496' title='bbox 3670 2284 3843 2340; x_wconf 88' lang='lat' dir='ltr'><strong>dixit:</strong></span> 
     </span>
    </p>
   </div>
   <div class='ocr_carea' id='block_1_69' title="bbox 2202 2366 3848 2444">
    <p class='ocr_par' dir='ltr' id='par_1_69' title="bbox 2202 2366 3848 2444">
     <span class='ocr_line' id='line_1_69' title="bbox 2202 2366 3848 2444; baseline 0.006 -25"><span class='ocrx_word' id='word_1_497' title='bbox 2202 2392 2230 2419; x_wconf 73' lang='grc' dir='ltr'>α</span> <span class='ocrx_word' id='word_1_498' title='bbox 2265 2367 2308 2424; x_wconf 90' lang='grc' dir='ltr'><strong>Ο</strong></span> <span class='ocrx_word' id='word_1_499' title='bbox 2340 2366 2687 2436; x_wconf 87' lang='lat' dir='ltr'><strong>Machomet,</strong></span> <span class='ocrx_word' id='word_1_500' title='bbox 2720 2371 2778 2423; x_wconf 91' lang='lat' dir='ltr'><strong>et</strong></span> <span class='ocrx_word' id='word_1_501' title='bbox 2809 2368 2887 2423; x_wconf 87' lang='lat' dir='ltr'><strong>dii</strong></span> <span class='ocrx_word' id='word_1_502' title='bbox 2922 2368 3278 2443; x_wconf 86' lang='lat' dir='ltr'><strong>nostri,quis</strong></span> <span class='ocrx_word' id='word_1_503' title='bbox 3309 2387 3571 2444; x_wconf 87' lang='lat' dir='ltr'><strong>unquam</strong></span> <span class='ocrx_word' id='word_1_504' title='bbox 3601 2372 3848 2443; x_wconf 78' lang='lat' dir='ltr'><strong>audivit,</strong></span> 
     </span>
    </p>
   </div>
   <div class='ocr_carea' id='block_1_70' title="bbox 2201 2454 3847 2533">
    <p class='ocr_par' dir='ltr' id='par_1_70' title="bbox 2201 2454 3847 2533">
     <span class='ocr_line' id='line_1_70' title="bbox 2201 2454 3847 2533; baseline 0.004 -21"><span class='ocrx_word' id='word_1_505' title='bbox 2201 2460 2259 2512; x_wconf 93' lang='lat' dir='ltr'><strong>et</strong></span> <span class='ocrx_word' id='word_1_506' title='bbox 2286 2456 2433 2511; x_wconf 89' lang='lat' dir='ltr'><strong>vidit</strong></span> <span class='ocrx_word' id='word_1_507' title='bbox 2480 2454 2658 2511; x_wconf 84' lang='lat' dir='ltr'><strong>talia?</strong></span> <span class='ocrx_word' id='word_1_508' title='bbox 2687 2456 2851 2523; x_wconf 87' lang='lat' dir='ltr'><strong>Quod</strong></span> <span class='ocrx_word' id='word_1_509' title='bbox 2900 2460 3065 2513; x_wconf 90' lang='lat' dir='ltr'><strong>tanta</strong></span> <span class='ocrx_word' id='word_1_510' title='bbox 3114 2462 3394 2531; x_wconf 89' lang='lat' dir='ltr'><strong>potestas,</strong></span> <span class='ocrx_word' id='word_1_511' title='bbox 3426 2463 3593 2517; x_wconf 91' lang='lat' dir='ltr'><strong>tanta</strong></span> <span class='ocrx_word' id='word_1_512' title='bbox 3638 2461 3847 2533; x_wconf 86' lang='lat' dir='ltr'><strong>virtus,</strong></span> 
     </span>
    </p>
   </div>
   <div class='ocr_carea' id='block_1_71' title="bbox 2200 2544 3850 2621">
    <p class='ocr_par' dir='ltr' id='par_1_71' title="bbox 2200 2544 3850 2621">
     <span class='ocr_line' id='line_1_71' title="bbox 2200 2544 3850 2621; baseline 0.004 -21"><span class='ocrx_word' id='word_1_513' title='bbox 2200 2549 2365 2601; x_wconf 87' lang='lat' dir='ltr'><strong>tanta</strong></span> <span class='ocrx_word' id='word_1_514' title='bbox 2397 2544 2880 2613; x_wconf 87' lang='lat' dir='ltr'><strong>fortitudo,tanta</strong></span> <span class='ocrx_word' id='word_1_515' title='bbox 2898 2545 3129 2615; x_wconf 88' lang='lat' dir='ltr'><strong>militia,</strong></span> <span class='ocrx_word' id='word_1_516' title='bbox 3150 2563 3278 2619; x_wconf 61' lang='lat' dir='ltr'><strong>qua</strong></span> <span class='ocrx_word' id='word_1_517' title='bbox 3310 2565 3616 2621; x_wconf 89' lang='lat' dir='ltr'><strong>nunquam</strong></span> <span class='ocrx_word' id='word_1_518' title='bbox 3647 2551 3850 2607; x_wconf 89' lang='lat' dir='ltr'><strong>fuitab</strong></span> 
     </span>
    </p>
   </div>
   <div class='ocr_carea' id='block_1_72' title="bbox 2202 2632 3849 2712">
    <p class='ocr_par' dir='ltr' id='par_1_72' title="bbox 2202 2632 3849 2712">
     <span class='ocr_line' id='line_1_72' title="bbox 2202 2632 3849 2712; baseline 0.004 -22"><span class='ocrx_word' id='word_1_519' title='bbox 2202 2632 2323 2690; x_wconf 90' lang='lat' dir='ltr'><strong>ulla</strong></span> <span class='ocrx_word' id='word_1_520' title='bbox 2351 2638 2522 2707; x_wconf 90' lang='lat' dir='ltr'><strong>gente</strong></span> <span class='ocrx_word' id='word_1_521' title='bbox 2551 2639 2846 2706; x_wconf 89' lang='lat' dir='ltr'><strong>superata,</strong></span> <span class='ocrx_word' id='word_1_522' title='bbox 2872 2635 3045 2691; x_wconf 91' lang='lat' dir='ltr'><strong>modo</strong></span> <span class='ocrx_word' id='word_1_523' title='bbox 3067 2652 3101 2691; x_wconf 93' lang='lat' dir='ltr'><strong>a</strong></span> <span class='ocrx_word' id='word_1_524' title='bbox 3125 2636 3360 2693; x_wconf 89' lang='lat' dir='ltr'><strong>tantilla</strong></span> <span class='ocrx_word' id='word_1_525' title='bbox 3387 2642 3582 2711; x_wconf 89' lang='lat' dir='ltr'><strong>gente,</strong></span> <span class='ocrx_word' id='word_1_526' title='bbox 3607 2641 3763 2712; x_wconf 91' lang='lat' dir='ltr'><strong>quod</strong></span> <span class='ocrx_word' id='word_1_527' title='bbox 3787 2640 3849 2697; x_wconf 89' lang='lat' dir='ltr'><strong>in</strong></span> 
     </span>
    </p>
   </div>
   <div class='ocr_carea' id='block_1_73' title="bbox 2202 2722 3846 2797">
    <p class='ocr_par' dir='ltr' id='par_1_73' title="bbox 2202 2722 3846 2797">
     <span class='ocr_line' id='line_1_73' title="bbox 2202 2722 3846 2797; baseline 0.004 -19"><span class='ocrx_word' id='word_1_528' title='bbox 2202 2723 2423 2796; x_wconf 89' lang='lat' dir='ltr'><strong>pugillo</strong></span> <span class='ocrx_word' id='word_1_529' title='bbox 2453 2726 2644 2796; x_wconf 90' lang='lat' dir='ltr'><strong>potest</strong></span> <span class='ocrx_word' id='word_1_530' title='bbox 2673 2722 2992 2791; x_wconf 90' lang='lat' dir='ltr'><strong>claudi,est</strong></span> <span class='ocrx_word' id='word_1_531' title='bbox 3021 2725 3335 2797; x_wconf 88' lang='lat' dir='ltr'><strong>superata?</strong></span> <span class='ocrx_word' id='word_1_532' title='bbox 3357 2726 3481 2783; x_wconf 88' lang='lat' dir='ltr'><strong>Heu</strong></span> <span class='ocrx_word' id='word_1_533' title='bbox 3495 2744 3589 2785; x_wconf 91' lang='lat' dir='ltr'><strong>me</strong></span> <span class='ocrx_word' id='word_1_534' title='bbox 3616 2728 3846 2785; x_wconf 87' lang='lat' dir='ltr'><strong>tristem</strong></span> 
     </span>
    </p>
   </div>
   <div class='ocr_carea' id='block_1_74' title="bbox 2202 2810 3851 2890">
    <p class='ocr_par' dir='ltr' id='par_1_74' title="bbox 2202 2810 3851 2890">
     <span class='ocr_line' id='line_1_74' title="bbox 2202 2810 3851 2890; baseline 0.004 -22"><span class='ocrx_word' id='word_1_535' title='bbox 2202 2829 2268 2868; x_wconf 91' lang='lat' dir='ltr'>ac</span> <span class='ocrx_word' id='word_1_536' title='bbox 2300 2811 2589 2869; x_wconf 91' lang='lat' dir='ltr'><strong>dolentem</strong></span> <span class='ocrx_word' id='word_1_537' title='bbox 2614 2810 2627 2867; x_wconf 85' lang='lat' dir='ltr'><strong>l</strong></span> <span class='ocrx_word' id='word_1_538' title='bbox 2652 2812 2790 2885; x_wconf 92' lang='lat' dir='ltr'><strong>quid</strong></span> <span class='ocrx_word' id='word_1_539' title='bbox 2825 2812 3078 2885; x_wconf 89' lang='lat' dir='ltr'><strong>amplius</strong></span> <span class='ocrx_word' id='word_1_540' title='bbox 3107 2814 3337 2871; x_wconf 87' lang='lat' dir='ltr'><strong>dicam?</strong></span> <span class='ocrx_word' id='word_1_541' title='bbox 3357 2815 3502 2872; x_wconf 92' lang='lat' dir='ltr'><strong>Cum</strong></span> <span class='ocrx_word' id='word_1_542' title='bbox 3532 2823 3851 2890; x_wconf 89' lang='lat' dir='ltr'><strong>superatus</strong></span> 
     </span>
    </p>
   </div>
   <div class='ocr_carea' id='block_1_75' title="bbox 2203 2901 3846 2980">
    <p class='ocr_par' dir='ltr' id='par_1_75' title="bbox 2203 2901 3846 2980">
     <span class='ocr_line' id='line_1_75' title="bbox 2203 2901 3846 2980; baseline 0.003 -22"><span class='ocrx_word' id='word_1_543' title='bbox 2203 2919 2335 2959; x_wconf 89' lang='lat' dir='ltr'><strong>sum</strong></span> <span class='ocrx_word' id='word_1_544' title='bbox 2370 2920 2404 2957; x_wconf 92' lang='lat' dir='ltr'><strong>a</strong></span> <span class='ocrx_word' id='word_1_545' title='bbox 2431 2907 2600 2975; x_wconf 90' lang='lat' dir='ltr'><strong>gente</strong></span> <span class='ocrx_word' id='word_1_546' title='bbox 2623 2901 2914 2973; x_wconf 91' lang='lat' dir='ltr'><strong>mendica,</strong></span> <span class='ocrx_word' id='word_1_547' title='bbox 2944 2901 3191 2971; x_wconf 90' lang='lat' dir='ltr'><strong>inerma,</strong></span> <span class='ocrx_word' id='word_1_548' title='bbox 3222 2907 3278 2960; x_wconf 89' lang='lat' dir='ltr'><strong>et</strong></span> <span class='ocrx_word' id='word_1_549' title='bbox 3308 2907 3846 2980; x_wconf 72' lang='lat' dir='ltr'><strong>pauperrima,quaa</strong></span> 
     </span>
    </p>
   </div>
   <div class='ocr_carea' id='block_1_76' title="bbox 2202 2990 3849 3069">
    <p class='ocr_par' dir='ltr' id='par_1_76' title="bbox 2202 2990 3849 3069">
     <span class='ocr_line' id='line_1_76' title="bbox 2202 2990 3849 3069; baseline 0.004 -22"><span class='ocrx_word' id='word_1_550' title='bbox 2202 3008 2319 3047; x_wconf 92' lang='lat' dir='ltr'><strong>non</strong></span> <span class='ocrx_word' id='word_1_551' title='bbox 2351 2991 2527 3047; x_wconf 91' lang='lat' dir='ltr'><strong>habet</strong></span> <span class='ocrx_word' id='word_1_552' title='bbox 2556 2990 2667 3046; x_wconf 89' lang='lat' dir='ltr'><strong>nisi</strong></span> <span class='ocrx_word' id='word_1_553' title='bbox 2692 3007 2929 3047; x_wconf 90' lang='lat' dir='ltr'><strong>saccum</strong></span> <span class='ocrx_word' id='word_1_554' title='bbox 2952 2995 3010 3047; x_wconf 91' lang='lat' dir='ltr'><strong>et</strong></span> <span class='ocrx_word' id='word_1_555' title='bbox 3030 3008 3250 3064; x_wconf 89' lang='lat' dir='ltr'><strong>peram,</strong></span> <span class='ocrx_word' id='word_1_556' title='bbox 3267 2998 3325 3049; x_wconf 91' lang='lat' dir='ltr'><strong>et</strong></span> <span class='ocrx_word' id='word_1_557' title='bbox 3352 2995 3524 3051; x_wconf 88' lang='lat' dir='ltr'><strong>modo</strong></span> <span class='ocrx_word' id='word_1_558' title='bbox 3551 2996 3849 3069; x_wconf 80' lang='lat' dir='ltr'><strong>persequi-</strong></span> 
     </span>
    </p>
   </div>
   <div class='ocr_carea' id='block_1_77' title="bbox 2202 3081 3847 3156">
    <p class='ocr_par' dir='ltr' id='par_1_77' title="bbox 2202 3081 3847 3156">
     <span class='ocr_line' id='line_1_77' title="bbox 2202 3081 3847 3156; baseline 0.003 -20"><span class='ocrx_word' id='word_1_559' title='bbox 2202 3085 2300 3136; x_wconf 87' lang='lat' dir='ltr'><strong>tur</strong></span> <span class='ocrx_word' id='word_1_560' title='bbox 2329 3084 2564 3154; x_wconf 88' lang='lat' dir='ltr'><strong>gentem</strong></span> <span class='ocrx_word' id='word_1_561' title='bbox 2613 3084 2875 3136; x_wconf 87' lang='lat' dir='ltr'><strong>nostram</strong></span> <span class='ocrx_word' id='word_1_562' title='bbox 2923 3081 3344 3154; x_wconf 67' lang='lat' dir='ltr'><strong>Egyptiacam,</strong></span> <span class='ocrx_word' id='word_1_563' title='bbox 3378 3100 3505 3156; x_wconf 67' lang='lat' dir='ltr'><strong>quae</strong></span> <span class='ocrx_word' id='word_1_564' title='bbox 3546 3084 3847 3142; x_wconf 90' lang='lat' dir='ltr'><strong>multoties</strong></span> 
     </span>
    </p>
   </div>
   <div class='ocr_carea' id='block_1_78' title="bbox 2204 3169 3847 3247">
    <p class='ocr_par' dir='ltr' id='par_1_78' title="bbox 2204 3169 3847 3247">
     <span class='ocr_line' id='line_1_78' title="bbox 2204 3169 3847 3247; baseline 0.004 -22"><span class='ocrx_word' id='word_1_565' title='bbox 2204 3187 2373 3226; x_wconf 90' lang='lat' dir='ltr'><strong>suam</strong></span> <span class='ocrx_word' id='word_1_566' title='bbox 2406 3169 2834 3243; x_wconf 87' lang='lat' dir='ltr'><strong>eleemosynam</strong></span> <span class='ocrx_word' id='word_1_567' title='bbox 2855 3171 2906 3227; x_wconf 91' lang='lat' dir='ltr'><strong>ei</strong></span> <span class='ocrx_word' id='word_1_568' title='bbox 2937 3170 3149 3245; x_wconf 88' lang='lat' dir='ltr'><strong>largita</strong></span> <span class='ocrx_word' id='word_1_569' title='bbox 3168 3172 3413 3239; x_wconf 62' lang='grc' dir='ltr'><strong>θεηουὶ</strong></span> <span class='ocrx_word' id='word_1_570' title='bbox 3435 3172 3577 3231; x_wconf 83' lang='grc' dir='ltr'><strong>οΙίω</strong></span> <span class='ocrx_word' id='word_1_571' title='bbox 3599 3191 3703 3247; x_wconf 90' lang='lat' dir='ltr'><strong>per</strong></span> <span class='ocrx_word' id='word_1_572' title='bbox 3721 3175 3847 3231; x_wconf 85' lang='lat' dir='ltr'><strong>uni-</strong></span> 
     </span>
    </p>
   </div>
   <div class='ocr_carea' id='block_1_79' title="bbox 2203 3258 3850 3336">
    <p class='ocr_par' dir='ltr' id='par_1_79' title="bbox 2203 3258 3850 3336">
     <span class='ocr_line' id='line_1_79' title="bbox 2203 3258 3850 3336; baseline 0.003 -22"><span class='ocrx_word' id='word_1_573' title='bbox 2203 3275 2428 3314; x_wconf 78' lang='lat' dir='ltr'><strong>versam</strong></span> <span class='ocrx_word' id='word_1_574' title='bbox 2447 3263 2706 3315; x_wconf 91' lang='lat' dir='ltr'><strong>nostram</strong></span> <span class='ocrx_word' id='word_1_575' title='bbox 2729 3258 2978 3331; x_wconf 91' lang='lat' dir='ltr'><strong>patriam</strong></span> <span class='ocrx_word' id='word_1_576' title='bbox 3001 3258 3435 3328; x_wconf 88' lang='lat' dir='ltr'><strong>mendicabant,</strong></span> <span class='ocrx_word' id='word_1_577' title='bbox 3450 3265 3510 3318; x_wconf 88' lang='lat' dir='ltr'><strong>et</strong></span> <span class='ocrx_word' id='word_1_578' title='bbox 3529 3263 3703 3319; x_wconf 90' lang='lat' dir='ltr'><strong>modo</strong></span> <span class='ocrx_word' id='word_1_579' title='bbox 3724 3280 3850 3336; x_wconf 88' lang='lat' dir='ltr'><strong>per-</strong></span> 
     </span>
    </p>
   </div>
   <div class='ocr_carea' id='block_1_80' title="bbox 2204 3347 3853 3420">
    <p class='ocr_par' dir='ltr' id='par_1_80' title="bbox 2204 3347 3853 3420">
     <span class='ocr_line' id='line_1_80' title="bbox 2204 3347 3853 3420; baseline 0.003 -17"><span class='ocrx_word' id='word_1_580' title='bbox 2204 3352 2533 3420; x_wconf 87' lang='lat' dir='ltr'><strong>sequuntur</strong></span> <span class='ocrx_word' id='word_1_581' title='bbox 2561 3364 2738 3420; x_wconf 92' lang='lat' dir='ltr'><strong>quam</strong></span> <span class='ocrx_word' id='word_1_582' title='bbox 2770 3347 2984 3403; x_wconf 84' lang='lat' dir='ltr'><strong>adduxi</strong></span> <span class='ocrx_word' id='word_1_583' title='bbox 3009 3348 3501 3406; x_wconf 89' lang='lat' dir='ltr'><strong>innumerabilem</strong></span> <span class='ocrx_word' id='word_1_584' title='bbox 3522 3351 3853 3409; x_wconf 88' lang='lat' dir='ltr'><strong>multitudi-</strong></span> 
     </span>
    </p>
   </div>
   <div class='ocr_carea' id='block_1_81' title="bbox 2204 3436 3847 3510">
    <p class='ocr_par' dir='ltr' id='par_1_81' title="bbox 2204 3436 3847 3510">
     <span class='ocr_line' id='line_1_81' title="bbox 2204 3436 3847 3510; baseline 0.004 -17"><span class='ocrx_word' id='word_1_585' title='bbox 2204 3453 2337 3493; x_wconf 90' lang='lat' dir='ltr'><strong>nem</strong></span> <span class='ocrx_word' id='word_1_586' title='bbox 2370 3441 2490 3493; x_wconf 89' lang='lat' dir='ltr'><strong>tam</strong></span> <span class='ocrx_word' id='word_1_587' title='bbox 2521 3436 2778 3492; x_wconf 89' lang='lat' dir='ltr'><strong>militum</strong></span> <span class='ocrx_word' id='word_1_588' title='bbox 2806 3452 2982 3509; x_wconf 90' lang='lat' dir='ltr'><strong>quam</strong></span> <span class='ocrx_word' id='word_1_589' title='bbox 3022 3436 3309 3510; x_wconf 91' lang='lat' dir='ltr'><strong>peditum,</strong></span> <span class='ocrx_word' id='word_1_590' title='bbox 3348 3438 3577 3497; x_wconf 85' lang='lat' dir='ltr'><strong>scilicet</strong></span> <span class='ocrx_word' id='word_1_591' title='bbox 3622 3441 3847 3499; x_wconf 84' lang='lat' dir='ltr'><strong>Tarco-</strong></span> 
     </span>
    </p>
   </div>
   <div class='ocr_carea' id='block_1_82' title="bbox 2203 3526 3851 3601">
    <p class='ocr_par' dir='ltr' id='par_1_82' title="bbox 2203 3526 3851 3601">
     <span class='ocr_line' id='line_1_82' title="bbox 2203 3526 3851 3601; baseline 0.002 -19"><span class='ocrx_word' id='word_1_592' title='bbox 2203 3543 2357 3593; x_wconf 89' lang='lat' dir='ltr'><strong>rum,</strong></span> <span class='ocrx_word' id='word_1_593' title='bbox 2405 3526 2881 3594; x_wconf 90' lang='lat' dir='ltr'><strong>Sarracenorum,</strong></span> <span class='ocrx_word' id='word_1_594' title='bbox 2948 3526 3230 3595; x_wconf 85' lang='lat' dir='ltr'><strong>Arabum,</strong></span> <span class='ocrx_word' id='word_1_595' title='bbox 3282 3527 3742 3601; x_wconf 80' lang='lat' dir='ltr'><strong>Angulanorum,</strong></span> <span class='ocrx_word' id='word_1_596' title='bbox 3792 3534 3851 3586; x_wconf 92' lang='lat' dir='ltr'><strong>et</strong></span> 
     </span>
    </p>
   </div>
   <div class='ocr_carea' id='block_1_83' title="bbox 2204 3614 3845 3685">
    <p class='ocr_par' dir='ltr' id='par_1_83' title="bbox 2204 3614 3845 3685">
     <span class='ocr_line' id='line_1_83' title="bbox 2204 3614 3845 3685; baseline 0.003 -14"><span class='ocrx_word' id='word_1_597' title='bbox 2204 3620 2532 3683; x_wconf 89' lang='lat' dir='ltr'><strong>Curtorum,</strong></span> <span class='ocrx_word' id='word_1_598' title='bbox 2568 3631 2633 3670; x_wconf 91' lang='lat' dir='ltr'><strong>ac</strong></span> <span class='ocrx_word' id='word_1_599' title='bbox 2665 3614 3034 3684; x_wconf 88' lang='lat' dir='ltr'><strong>Parthorum,</strong></span> <span class='ocrx_word' id='word_1_600' title='bbox 3065 3615 3470 3685; x_wconf 82' lang='lat' dir='ltr'><strong>Azimitarum,</strong></span> <span class='ocrx_word' id='word_1_601' title='bbox 3503 3622 3561 3674; x_wconf 93' lang='lat' dir='ltr'><strong>et</strong></span> <span class='ocrx_word' id='word_1_602' title='bbox 3596 3618 3845 3676; x_wconf 89' lang='lat' dir='ltr'><strong>aliorum</strong></span> 
     </span>
    </p>
   </div>
   <div class='ocr_carea' id='block_1_84' title="bbox 2204 3704 3849 3780">
    <p class='ocr_par' dir='ltr' id='par_1_84' title="bbox 2204 3704 3849 3780">
     <span class='ocr_line' id='line_1_84' title="bbox 2204 3704 3849 3780; baseline 0.002 -19"><span class='ocrx_word' id='word_1_603' title='bbox 2204 3721 2567 3778; x_wconf 90' lang='lat' dir='ltr'><strong>paganorum</strong></span> <span class='ocrx_word' id='word_1_604' title='bbox 2602 3721 2615 3758; x_wconf 88' lang='lat'><strong>:</strong></span> <span class='ocrx_word' id='word_1_605' title='bbox 2651 3720 2798 3776; x_wconf 88' lang='lat' dir='ltr'><strong>quos</strong></span> <span class='ocrx_word' id='word_1_606' title='bbox 2848 3720 3052 3761; x_wconf 89' lang='lat' dir='ltr'><strong>omnes</strong></span> <span class='ocrx_word' id='word_1_607' title='bbox 3089 3704 3341 3778; x_wconf 88' lang='lat' dir='ltr'><strong>turpiter</strong></span> <span class='ocrx_word' id='word_1_608' title='bbox 3386 3706 3603 3780; x_wconf 89' lang='lat' dir='ltr'><strong>fugere,</strong></span> <span class='ocrx_word' id='word_1_609' title='bbox 3635 3706 3849 3765; x_wconf 84' lang='lat' dir='ltr'><strong>laxatis</strong></span> 
     </span>
    </p>
   </div>
   <div class='ocr_carea' id='block_1_85' title="bbox 2206 3792 3851 3868">
    <p class='ocr_par' dir='ltr' id='par_1_85' title="bbox 2206 3792 3851 3868">
     <span class='ocr_line' id='line_1_85' title="bbox 2206 3792 3851 3868; baseline 0.003 -19"><span class='ocrx_word' id='word_1_610' title='bbox 2206 3793 2386 3849; x_wconf 87' lang='lat' dir='ltr'><strong>frenis</strong></span> <span class='ocrx_word' id='word_1_611' title='bbox 2418 3810 2520 3866; x_wconf 89' lang='lat' dir='ltr'><strong>per</strong></span> <span class='ocrx_word' id='word_1_612' title='bbox 2546 3792 2699 3848; x_wconf 90' lang='lat' dir='ltr'><strong>viam</strong></span> <span class='ocrx_word' id='word_1_613' title='bbox 2733 3792 3140 3863; x_wconf 70' lang='lat' dir='ltr'><strong>Babylonieam</strong></span> <span class='ocrx_word' id='word_1_614' title='bbox 3162 3793 3347 3863; x_wconf 90' lang='lat' dir='ltr'><strong>video,</strong></span> <span class='ocrx_word' id='word_1_615' title='bbox 3364 3794 3466 3868; x_wconf 91' lang='lat' dir='ltr'><strong>qui</strong></span> <span class='ocrx_word' id='word_1_616' title='bbox 3488 3812 3605 3851; x_wconf 92' lang='lat' dir='ltr'><strong>non</strong></span> <span class='ocrx_word' id='word_1_617' title='bbox 3626 3798 3851 3855; x_wconf 89' lang='lat' dir='ltr'><strong>audent</strong></span> 
     </span>
    </p>
   </div>
   <div class='ocr_carea' id='block_1_86' title="bbox 2204 3880 3848 3956">
    <p class='ocr_par' dir='ltr' id='par_1_86' title="bbox 2204 3880 3848 3956">
     <span class='ocr_line' id='line_1_86' title="bbox 2204 3880 3848 3956; baseline 0.003 -17"><span class='ocrx_word' id='word_1_618' title='bbox 2204 3899 2265 3939; x_wconf 89' lang='lat' dir='ltr'><strong>se</strong></span> <span class='ocrx_word' id='word_1_619' title='bbox 2307 3881 2511 3938; x_wconf 87' lang='lat' dir='ltr'><strong>reverti</strong></span> <span class='ocrx_word' id='word_1_620' title='bbox 2554 3882 2624 3936; x_wconf 92' lang='lat' dir='ltr'><strong>ad</strong></span> <span class='ocrx_word' id='word_1_621' title='bbox 2676 3880 3017 3954; x_wconf 84' lang='lat' dir='ltr'><strong>hujusmodi</strong></span> <span class='ocrx_word' id='word_1_622' title='bbox 3072 3881 3339 3956; x_wconf 88' lang='lat' dir='ltr'><strong>fragilem</strong></span> <span class='ocrx_word' id='word_1_623' title='bbox 3388 3888 3643 3956; x_wconf 89' lang='lat' dir='ltr'><strong>gentem.</strong></span> <span class='ocrx_word' id='word_1_624' title='bbox 3677 3885 3848 3945; x_wconf 92' lang='lat' dir='ltr'><strong>Modo</strong></span> 
     </span>
    </p>
   </div>
   <div class='ocr_carea' id='block_1_87' title="bbox 2203 3970 3851 4045">
    <p class='ocr_par' dir='ltr' id='par_1_87' title="bbox 2203 3970 3851 4045">
     <span class='ocr_line' id='line_1_87' title="bbox 2203 3970 3851 4045; baseline 0.003 -18"><span class='ocrx_word' id='word_1_625' title='bbox 2203 3987 2461 4042; x_wconf 90' lang='lat' dir='ltr'><strong>namque</strong></span> <span class='ocrx_word' id='word_1_626' title='bbox 2481 3971 2618 4042; x_wconf 89' lang='lat' dir='ltr'><strong>jure</strong></span> <span class='ocrx_word' id='word_1_627' title='bbox 2648 3987 2751 4043; x_wconf 90' lang='lat' dir='ltr'><strong>per</strong></span> <span class='ocrx_word' id='word_1_628' title='bbox 2802 3970 3150 4039; x_wconf 85' lang='lat' dir='ltr'><strong>Machomet,</strong></span> <span class='ocrx_word' id='word_1_629' title='bbox 3185 3976 3242 4026; x_wconf 90' lang='lat' dir='ltr'><strong>et</strong></span> <span class='ocrx_word' id='word_1_630' title='bbox 3290 3988 3393 4045; x_wconf 92' lang='lat' dir='ltr'><strong>per</strong></span> <span class='ocrx_word' id='word_1_631' title='bbox 3439 3971 3683 4029; x_wconf 89' lang='lat' dir='ltr'><strong>deorum</strong></span> <span class='ocrx_word' id='word_1_632' title='bbox 3732 3992 3851 4032; x_wconf 86' lang='lat' dir='ltr'><strong>nu-</strong></span> 
     </span>
    </p>
   </div>
   <div class='ocr_carea' id='block_1_88' title="bbox 2204 4058 3853 4131">
    <p class='ocr_par' dir='ltr' id='par_1_88' title="bbox 2204 4058 3853 4131">
     <span class='ocr_line' id='line_1_88' title="bbox 2204 4058 3853 4131; baseline 0.004 -16"><span class='ocrx_word' id='word_1_633' title='bbox 2204 4059 2384 4127; x_wconf 90' lang='lat' dir='ltr'><strong>mina,</strong></span> <span class='ocrx_word' id='word_1_634' title='bbox 2403 4060 2557 4131; x_wconf 91' lang='lat' dir='ltr'><strong>quod</strong></span> <span class='ocrx_word' id='word_1_635' title='bbox 2583 4058 2826 4116; x_wconf 89' lang='lat' dir='ltr'><strong>ulterius</strong></span> <span class='ocrx_word' id='word_1_636' title='bbox 2848 4076 2961 4115; x_wconf 89' lang='lat' dir='ltr'><strong>non</strong></span> <span class='ocrx_word' id='word_1_637' title='bbox 2981 4060 3239 4117; x_wconf 88' lang='lat' dir='ltr'><strong>retinebo</strong></span> <span class='ocrx_word' id='word_1_638' title='bbox 3273 4059 3490 4117; x_wconf 90' lang='lat' dir='ltr'><strong>milites</strong></span> <span class='ocrx_word' id='word_1_639' title='bbox 3508 4063 3581 4118; x_wconf 91' lang='lat' dir='ltr'><strong>ad</strong></span> <span class='ocrx_word' id='word_1_640' title='bbox 3606 4079 3853 4121; x_wconf 87' lang='lat' dir='ltr'><strong>conven-</strong></span> 
     </span>
    </p>
   </div>
   <div class='ocr_carea' id='block_1_89' title="bbox 2200 4147 3852 4221">
    <p class='ocr_par' dir='ltr' id='par_1_89' title="bbox 2200 4147 3852 4221">
     <span class='ocr_line' id='line_1_89' title="bbox 2200 4147 3852 4221; baseline 0.003 -19"><span class='ocrx_word' id='word_1_641' title='bbox 2200 4147 2419 4202; x_wconf 88' lang='lat' dir='ltr'><strong>tionem</strong></span> <span class='ocrx_word' id='word_1_642' title='bbox 2434 4147 2714 4220; x_wconf 87' lang='lat' dir='ltr'><strong>aliquam,</strong></span> <span class='ocrx_word' id='word_1_643' title='bbox 2732 4148 3209 4221; x_wconf 87' lang='lat' dir='ltr'><strong>quandoquidem</strong></span> <span class='ocrx_word' id='word_1_644' title='bbox 3225 4149 3490 4220; x_wconf 88' lang='lat' dir='ltr'><strong>dejectus</strong></span> <span class='ocrx_word' id='word_1_645' title='bbox 3500 4166 3631 4206; x_wconf 90' lang='lat' dir='ltr'><strong>sum</strong></span> <span class='ocrx_word' id='word_1_646' title='bbox 3648 4151 3722 4207; x_wconf 90' lang='lat' dir='ltr'><strong>ab</strong></span> <span class='ocrx_word' id='word_1_647' title='bbox 3739 4151 3852 4208; x_wconf 88' lang='lat' dir='ltr'><strong>hac</strong></span> 
     </span>
    </p>
   </div>
   <div class='ocr_carea' id='block_1_90' title="bbox 2202 4235 3853 4309">
    <p class='ocr_par' dir='ltr' id='par_1_90' title="bbox 2202 4235 3853 4309">
     <span class='ocr_line' id='line_1_90' title="bbox 2202 4235 3853 4309; baseline 0.002 -16"><span class='ocrx_word' id='word_1_648' title='bbox 2202 4235 2562 4293; x_wconf 87' lang='lat' dir='ltr'><strong>inertissima</strong></span> <span class='ocrx_word' id='word_1_649' title='bbox 2588 4236 2913 4309; x_wconf 87' lang='lat' dir='ltr'><strong>gente.Ego</strong></span> <span class='ocrx_word' id='word_1_650' title='bbox 2945 4252 3200 4308; x_wconf 91' lang='lat' dir='ltr'><strong>namque</strong></span> <span class='ocrx_word' id='word_1_651' title='bbox 3229 4235 3344 4292; x_wconf 94' lang='lat' dir='ltr'><strong>huc</strong></span> <span class='ocrx_word' id='word_1_652' title='bbox 3373 4238 3625 4294; x_wconf 88' lang='lat' dir='ltr'><strong>conduxi</strong></span> <span class='ocrx_word' id='word_1_653' title='bbox 3650 4242 3853 4298; x_wconf 90' lang='lat' dir='ltr'><strong>omnia</strong></span> 
     </span>
    </p>
   </div>
   <div class='ocr_carea' id='block_1_91' title="bbox 2202 4325 3849 4398">
    <p class='ocr_par' dir='ltr' id='par_1_91' title="bbox 2202 4325 3849 4398">
     <span class='ocr_line' id='line_1_91' title="bbox 2202 4325 3849 4398; baseline 0.003 -17"><span class='ocrx_word' id='word_1_654' title='bbox 2202 4341 2501 4381; x_wconf 90' lang='lat' dir='ltr'><strong>armorum</strong></span> <span class='ocrx_word' id='word_1_655' title='bbox 2540 4340 2772 4398; x_wconf 87' lang='lat' dir='ltr'><strong>genera,</strong></span> <span class='ocrx_word' id='word_1_656' title='bbox 2808 4328 2865 4381; x_wconf 89' lang='lat' dir='ltr'><strong>et</strong></span> <span class='ocrx_word' id='word_1_657' title='bbox 2907 4325 3106 4381; x_wconf 90' lang='lat' dir='ltr'><strong>omnia</strong></span> <span class='ocrx_word' id='word_1_658' title='bbox 3150 4325 3544 4383; x_wconf 91' lang='lat' dir='ltr'><strong>instrumenta</strong></span> <span class='ocrx_word' id='word_1_659' title='bbox 3571 4327 3694 4384; x_wconf 86' lang='lat' dir='ltr'><strong>sive</strong></span> <span class='ocrx_word' id='word_1_660' title='bbox 3724 4342 3849 4386; x_wconf 87' lang='lat' dir='ltr'><strong>ma-</strong></span> 
     </span>
    </p>
   </div>
   <div class='ocr_carea' id='block_1_92' title="bbox 2203 4413 3853 4489">
    <p class='ocr_par' dir='ltr' id='par_1_92' title="bbox 2203 4413 3853 4489">
     <span class='ocr_line' id='line_1_92' title="bbox 2203 4413 3853 4489; baseline 0.003 -19"><span class='ocrx_word' id='word_1_661' title='bbox 2203 4414 2500 4481; x_wconf 89' lang='lat' dir='ltr'><strong>ehinas,et</strong></span> <span class='ocrx_word' id='word_1_662' title='bbox 2527 4413 2725 4469; x_wconf 88' lang='lat' dir='ltr'><strong>omnia</strong></span> <span class='ocrx_word' id='word_1_663' title='bbox 2746 4413 2981 4470; x_wconf 90' lang='lat' dir='ltr'><strong>vincula</strong></span> <span class='ocrx_word' id='word_1_664' title='bbox 3010 4415 3212 4481; x_wconf 87' lang='lat' dir='ltr'><strong>ferrea,</strong></span> <span class='ocrx_word' id='word_1_665' title='bbox 3227 4431 3360 4470; x_wconf 91' lang='lat' dir='ltr'><strong>cum</strong></span> <span class='ocrx_word' id='word_1_666' title='bbox 3392 4414 3610 4488; x_wconf 90' lang='lat' dir='ltr'><strong>quibus</strong></span> <span class='ocrx_word' id='word_1_667' title='bbox 3650 4419 3853 4489; x_wconf 88' lang='lat' dir='ltr'><strong>putavi</strong></span> 
     </span>
    </p>
   </div>
   <div class='ocr_carea' id='block_1_93' title="bbox 450 4496 3851 4581">
    <p class='ocr_par' dir='ltr' id='par_1_93' title="bbox 450 4496 3851 4581">
     <span class='ocr_line' id='line_1_93' title="bbox 450 4496 3851 4581; baseline 0.003 -28"><span class='ocrx_word' id='word_1_668' title='bbox 450 4512 762 4568; x_wconf 90' lang='lat' dir='ltr'><strong>comesque</strong></span> <span class='ocrx_word' id='word_1_669' title='bbox 794 4496 1162 4552; x_wconf 84' lang='lat' dir='ltr'><strong>Raimundus</strong></span> <span class='ocrx_word' id='word_1_670' title='bbox 1194 4497 1389 4553; x_wconf 89' lang='lat' dir='ltr'><strong>Sancti</strong></span> <span class='ocrx_word' id='word_1_671' title='bbox 1413 4497 1616 4571; x_wconf 68' lang='lat' dir='ltr'><strong>IEgidii</strong></span> <span class='ocrx_word' id='word_1_672' title='bbox 1635 4499 1914 4570; x_wconf 88' lang='lat' dir='ltr'><strong>equitavit</strong></span> <span class='ocrx_word' id='word_1_673' title='bbox 1926 4500 2096 4571; x_wconf 84' lang='lat' dir='ltr'><strong>juxta</strong></span> <span class='ocrx_word' id='word_1_674' title='bbox 2126 4517 2174 4581; x_wconf 77' lang='grc' dir='ltr'><strong>ι)</strong></span> <span class='ocrx_word' id='word_1_675' title='bbox 2202 4519 2301 4559; x_wconf 88' lang='lat' dir='ltr'><strong>eos</strong></span> <span class='ocrx_word' id='word_1_676' title='bbox 2330 4503 2543 4558; x_wconf 87' lang='lat' dir='ltr'><strong>ducere</strong></span> <span class='ocrx_word' id='word_1_677' title='bbox 2573 4501 2783 4575; x_wconf 89' lang='lat' dir='ltr'><strong>ligatos</strong></span> <span class='ocrx_word' id='word_1_678' title='bbox 2797 4503 3384 4576; x_wconf 84' lang='lat' dir='ltr'><strong>Babyloniam,velut</strong></span> <span class='ocrx_word' id='word_1_679' title='bbox 3403 4520 3503 4562; x_wconf 91' lang='lat' dir='ltr'><strong>eos</strong></span> <span class='ocrx_word' id='word_1_680' title='bbox 3517 4504 3851 4564; x_wconf 89' lang='lat' dir='ltr'><strong>obsiderem</strong></span> 
     </span>
    </p>
   </div>
   <div class='ocr_carea' id='block_1_94' title="bbox 449 4585 2100 4662">
    <p class='ocr_par' dir='ltr' id='par_1_94' title="bbox 449 4585 2100 4662">
     <span class='ocr_line' id='line_1_94' title="bbox 449 4585 2100 4662; baseline 0.005 -22"><span class='ocrx_word' id='word_1_681' title='bbox 449 4602 611 4641; x_wconf 88' lang='lat' dir='ltr'><strong>mare</strong></span> <span class='ocrx_word' id='word_1_682' title='bbox 661 4585 723 4640; x_wconf 91' lang='lat' dir='ltr'><strong>in</strong></span> <span class='ocrx_word' id='word_1_683' title='bbox 780 4586 1013 4641; x_wconf 80' lang='lat' dir='ltr'><strong>dextera</strong></span> <span class='ocrx_word' id='word_1_684' title='bbox 1079 4590 1261 4657; x_wconf 85' lang='lat' dir='ltr'><strong>parte,</strong></span> <span class='ocrx_word' id='word_1_685' title='bbox 1313 4602 1510 4642; x_wconf 88' lang='lat' dir='ltr'><strong>comes</strong></span> <span class='ocrx_word' id='word_1_686' title='bbox 1579 4587 1994 4662; x_wconf 68' lang='lat' dir='ltr'><strong>Northmanire,</strong></span> <span class='ocrx_word' id='word_1_687' title='bbox 2040 4597 2100 4649; x_wconf 87' lang='lat' dir='ltr'><strong>et</strong></span> 
     </span>
    </p>
   </div>
   <div class='ocr_carea' id='block_1_95' title="bbox 449 4672 2095 4746">
    <p class='ocr_par' dir='ltr' id='par_1_95' title="bbox 449 4672 2095 4746">
     <span class='ocr_line' id='line_1_95' title="bbox 449 4672 2095 4746; baseline 0.005 -17"><span class='ocrx_word' id='word_1_688' title='bbox 449 4672 823 4729; x_wconf 87' lang='lat' dir='ltr'><strong>Flandrensis</strong></span> <span class='ocrx_word' id='word_1_689' title='bbox 852 4689 1068 4739; x_wconf 88' lang='lat' dir='ltr'><strong>eomes,</strong></span> <span class='ocrx_word' id='word_1_690' title='bbox 1103 4678 1158 4730; x_wconf 91' lang='lat' dir='ltr'><strong>et</strong></span> <span class='ocrx_word' id='word_1_691' title='bbox 1188 4673 1559 4744; x_wconf 72' lang='lat' dir='ltr'><strong>Eustachius,</strong></span> <span class='ocrx_word' id='word_1_692' title='bbox 1579 4680 1635 4732; x_wconf 90' lang='lat' dir='ltr'><strong>et</strong></span> <span class='ocrx_word' id='word_1_693' title='bbox 1662 4677 2020 4746; x_wconf 85' lang='lat' dir='ltr'><strong>Tancredus,</strong></span> <span class='ocrx_word' id='word_1_694' title='bbox 2038 4684 2095 4737; x_wconf 90' lang='lat' dir='ltr'><strong>et</strong></span> 
     </span>
    </p>
   </div>
   <div class='ocr_carea' id='block_1_96' title="bbox 448 4762 2095 4836">
    <p class='ocr_par' dir='ltr' id='par_1_96' title="bbox 448 4762 2095 4836">
     <span class='ocr_line' id='line_1_96' title="bbox 448 4762 2095 4836; baseline 0.004 -18"><span class='ocrx_word' id='word_1_695' title='bbox 448 4763 654 4819; x_wconf 87' lang='lat' dir='ltr'><strong>Gastos</strong></span> <span class='ocrx_word' id='word_1_696' title='bbox 686 4763 757 4818; x_wconf 92' lang='lat' dir='ltr'><strong>de</strong></span> <span class='ocrx_word' id='word_1_697' title='bbox 787 4762 999 4829; x_wconf 87' lang='lat' dir='ltr'><strong>Biarzt,</strong></span> <span class='ocrx_word' id='word_1_698' title='bbox 1019 4766 1075 4818; x_wconf 88' lang='lat' dir='ltr'><strong>et</strong></span> <span class='ocrx_word' id='word_1_699' title='bbox 1095 4778 1299 4819; x_wconf 89' lang='lat' dir='ltr'><strong>omnes</strong></span> <span class='ocrx_word' id='word_1_700' title='bbox 1330 4762 1429 4818; x_wconf 92' lang='lat' dir='ltr'><strong>alii</strong></span> <span class='ocrx_word' id='word_1_701' title='bbox 1460 4764 1869 4836; x_wconf 89' lang='lat' dir='ltr'><strong>equitaverunt</strong></span> <span class='ocrx_word' id='word_1_702' title='bbox 1898 4768 1956 4823; x_wconf 92' lang='lat' dir='ltr'><strong>in</strong></span> <span class='ocrx_word' id='word_1_703' title='bbox 1980 4785 2095 4824; x_wconf 92' lang='lat' dir='ltr'><strong>me-</strong></span> 
     </span>
    </p>
   </div>
   <div class='ocr_carea' id='block_1_97' title="bbox 448 4849 2096 4929">
    <p class='ocr_par' dir='ltr' id='par_1_97' title="bbox 448 4849 2096 4929">
     <span class='ocr_line' id='line_1_97' title="bbox 448 4849 2096 4929; baseline 0.004 -23"><span class='ocrx_word' id='word_1_704' title='bbox 448 4849 563 4907; x_wconf 93' lang='lat' dir='ltr'><strong>dio.</strong></span> <span class='ocrx_word' id='word_1_705' title='bbox 596 4852 759 4907; x_wconf 87' lang='lat' dir='ltr'><strong>Tunc</strong></span> <span class='ocrx_word' id='word_1_706' title='bbox 791 4851 973 4907; x_wconf 89' lang='lat' dir='ltr'><strong>nostri</strong></span> <span class='ocrx_word' id='word_1_707' title='bbox 1010 4850 1294 4924; x_wconf 86' lang='lat' dir='ltr'><strong>paulatim</strong></span> <span class='ocrx_word' id='word_1_708' title='bbox 1318 4858 1615 4924; x_wconf 86' lang='lat' dir='ltr'><strong>coeperunt</strong></span> <span class='ocrx_word' id='word_1_709' title='bbox 1646 4855 1717 4909; x_wconf 90' lang='lat' dir='ltr'><strong>ad</strong></span> <span class='ocrx_word' id='word_1_710' title='bbox 1750 4854 1968 4911; x_wconf 90' lang='lat' dir='ltr'><strong>bellum</strong></span> <span class='ocrx_word' id='word_1_711' title='bbox 1992 4874 2096 4929; x_wconf 89' lang='lat' dir='ltr'><strong>per</strong></span> 
     </span>
    </p>
   </div>
   <div class='ocr_carea' id='block_1_98' title="bbox 448 4938 2090 5013">
    <p class='ocr_par' dir='ltr' id='par_1_98' title="bbox 448 4938 2090 5013">
     <span class='ocr_line' id='line_1_98' title="bbox 448 4938 2090 5013; baseline 0.004 -19"><span class='ocrx_word' id='word_1_712' title='bbox 448 4954 603 5011; x_wconf 85' lang='lat' dir='ltr'><strong>gere.</strong></span> <span class='ocrx_word' id='word_1_713' title='bbox 634 4938 849 5012; x_wconf 90' lang='lat' dir='ltr'><strong>Pagani</strong></span> <span class='ocrx_word' id='word_1_714' title='bbox 907 4957 1161 5012; x_wconf 88' lang='lat' dir='ltr'><strong>namque</strong></span> <span class='ocrx_word' id='word_1_715' title='bbox 1203 4942 1440 4996; x_wconf 88' lang='lat' dir='ltr'><strong>stabant</strong></span> <span class='ocrx_word' id='word_1_716' title='bbox 1479 4943 1665 5013; x_wconf 88' lang='lat' dir='ltr'><strong>parati</strong></span> <span class='ocrx_word' id='word_1_717' title='bbox 1726 4944 1797 4999; x_wconf 91' lang='lat' dir='ltr'><strong>ad</strong></span> <span class='ocrx_word' id='word_1_718' title='bbox 1848 4944 2090 5002; x_wconf 89' lang='lat' dir='ltr'><strong>bellum.</strong></span> 
     </span>
    </p>
   </div>
   <div class='ocr_carea' id='block_1_99' title="bbox 448 5026 2092 5104">
    <p class='ocr_par' dir='ltr' id='par_1_99' title="bbox 448 5026 2092 5104">
     <span class='ocr_line' id='line_1_99' title="bbox 448 5026 2092 5104; baseline 0.005 -21"><span class='ocrx_word' id='word_1_719' title='bbox 448 5026 865 5100; x_wconf 87' lang='lat' dir='ltr'><strong>Unusquisque</strong></span> <span class='ocrx_word' id='word_1_720' title='bbox 894 5045 993 5083; x_wconf 88' lang='lat' dir='ltr'><strong>vas</strong></span> <span class='ocrx_word' id='word_1_721' title='bbox 1026 5046 1197 5084; x_wconf 87' lang='lat' dir='ltr'><strong>suum</strong></span> <span class='ocrx_word' id='word_1_722' title='bbox 1231 5029 1483 5085; x_wconf 87' lang='lat' dir='ltr'><strong>habebat</strong></span> <span class='ocrx_word' id='word_1_723' title='bbox 1524 5048 1876 5104; x_wconf 89' lang='lat' dir='ltr'><strong>suspensum</strong></span> <span class='ocrx_word' id='word_1_724' title='bbox 1922 5034 2092 5104; x_wconf 92' lang='lat' dir='ltr'><strong>collo,</strong></span> 
     </span>
    </p>
   </div>
   <div class='ocr_carea' id='block_1_100' title="bbox 448 5116 2094 5194">
    <p class='ocr_par' dir='ltr' id='par_1_100' title="bbox 448 5116 2094 5194">
     <span class='ocr_line' id='line_1_100' title="bbox 448 5116 2094 5194; baseline 0.004 -21"><span class='ocrx_word' id='word_1_725' title='bbox 448 5131 519 5173; x_wconf 82' lang='lat' dir='ltr'><strong>ex</strong></span> <span class='ocrx_word' id='word_1_726' title='bbox 566 5130 681 5185; x_wconf 90' lang='lat' dir='ltr'><strong>quo</strong></span> <span class='ocrx_word' id='word_1_727' title='bbox 739 5116 979 5183; x_wconf 87' lang='lat' dir='ltr'><strong>biberet,</strong></span> <span class='ocrx_word' id='word_1_728' title='bbox 1032 5118 1172 5172; x_wconf 89' lang='lat' dir='ltr'><strong>dum</strong></span> <span class='ocrx_word' id='word_1_729' title='bbox 1222 5135 1356 5173; x_wconf 91' lang='lat' dir='ltr'><strong>eum</strong></span> <span class='ocrx_word' id='word_1_730' title='bbox 1403 5119 1749 5177; x_wconf 86' lang='lat' dir='ltr'><strong>Christianis</strong></span> <span class='ocrx_word' id='word_1_731' title='bbox 1795 5122 2094 5194; x_wconf 68' lang='lat' dir='ltr'><strong>paeliaren-</strong></span> 
     </span>
    </p>
   </div>
   <div class='ocr_carea' id='block_1_101' title="bbox 447 5208 566 5261">
    <p class='ocr_par' dir='ltr' id='par_1_101' title="bbox 447 5208 566 5261">
     <span class='ocr_line' id='line_1_101' title="bbox 447 5208 566 5261; baseline -0.034 0"><span class='ocrx_word' id='word_1_732' title='bbox 447 5208 566 5261; x_wconf 90' lang='lat' dir='ltr'><strong>tur.</strong></span> 
     </span>
    </p>
   </div>
   <div class='ocr_carea' id='block_1_102' title="bbox 480 5290 2028 5371">
    <p class='ocr_par' dir='ltr' id='par_1_102' title="bbox 480 5290 2028 5371">
     <span class='ocr_line' id='line_1_102' title="bbox 480 5290 2028 5371; baseline 0.004 -22"><span class='ocrx_word' id='word_1_733' title='bbox 480 5293 584 5349; x_wconf 80' lang='lat' dir='ltr'><strong>Hic</strong></span> <span class='ocrx_word' id='word_1_734' title='bbox 614 5291 810 5362; x_wconf 78' lang='lat' dir='ltr'><strong>incipit</strong></span> <span class='ocrx_word' id='word_1_735' title='bbox 836 5290 1043 5347; x_wconf 75' lang='lat' dir='ltr'><strong>dellum</strong></span> <span class='ocrx_word' id='word_1_736' title='bbox 1062 5301 1249 5349; x_wconf 79' lang='lat' dir='ltr'><strong>contra</strong></span> <span class='ocrx_word' id='word_1_737' title='bbox 1283 5296 1474 5353; x_wconf 72' lang='lat' dir='ltr'><strong>Turres</strong></span> <span class='ocrx_word' id='word_1_738' title='bbox 1503 5305 1555 5353; x_wconf 81' lang='lat' dir='ltr'><strong>et</strong></span> <span class='ocrx_word' id='word_1_739' title='bbox 1580 5306 1799 5355; x_wconf 66' lang='lat' dir='ltr'><strong>ca’teras</strong></span> <span class='ocrx_word' id='word_1_740' title='bbox 1826 5309 2028 5371; x_wconf 77' lang='lat' dir='ltr'><strong>gentes.</strong></span> 
     </span>
    </p>
   </div>
   <div class='ocr_carea' id='block_1_103' title="bbox 518 5379 2088 5456">
    <p class='ocr_par' dir='ltr' id='par_1_103' title="bbox 518 5379 2088 5456">
     <span class='ocr_line' id='line_1_103' title="bbox 518 5379 2088 5456; baseline 0.008 -24"><span class='ocrx_word' id='word_1_741' title='bbox 518 5382 674 5443; x_wconf 81' lang='lat' dir='ltr'><strong>Quos</strong></span> <span class='ocrx_word' id='word_1_742' title='bbox 700 5379 1010 5435; x_wconf 81' lang='lat' dir='ltr'><strong>Rotbertus</strong></span> <span class='ocrx_word' id='word_1_743' title='bbox 1034 5381 1407 5441; x_wconf 85' lang='lat' dir='ltr'><strong>Flandrensis</strong></span> <span class='ocrx_word' id='word_1_744' title='bbox 1431 5386 1609 5440; x_wconf 86' lang='lat' dir='ltr'><strong>nimis</strong></span> <span class='ocrx_word' id='word_1_745' title='bbox 1626 5388 1836 5442; x_wconf 86' lang='lat' dir='ltr'><strong>acriter</strong></span> <span class='ocrx_word' id='word_1_746' title='bbox 1857 5389 2088 5456; x_wconf 76' lang='lat' dir='ltr'><strong>invasit,</strong></span> 
     </span>
    </p>
   </div>
   <div class='ocr_carea' id='block_1_104' title="bbox 444 5467 2089 5550">
    <p class='ocr_par' dir='ltr' id='par_1_104' title="bbox 444 5467 2089 5550">
     <span class='ocr_line' id='line_1_104' title="bbox 444 5467 2089 5550; baseline 0.005 -25"><span class='ocrx_word' id='word_1_747' title='bbox 444 5467 892 5539; x_wconf 88' lang='lat' dir='ltr'><strong>Tancrcdusqee</strong></span> <span class='ocrx_word' id='word_1_748' title='bbox 918 5474 975 5526; x_wconf 88' lang='lat' dir='ltr'><strong>et</strong></span> <span class='ocrx_word' id='word_1_749' title='bbox 1000 5486 1201 5528; x_wconf 86' lang='lat' dir='ltr'><strong>omnes</strong></span> <span class='ocrx_word' id='word_1_750' title='bbox 1234 5470 1327 5526; x_wconf 87' lang='lat' dir='ltr'><strong>alii</strong></span> <span class='ocrx_word' id='word_1_751' title='bbox 1359 5474 1647 5530; x_wconf 88' lang='lat' dir='ltr'><strong>similiter.</strong></span> <span class='ocrx_word' id='word_1_752' title='bbox 1683 5476 1968 5533; x_wconf 90' lang='lat' dir='ltr'><strong>Continuo</strong></span> <span class='ocrx_word' id='word_1_753' title='bbox 1991 5495 2089 5550; x_wconf 89' lang='lat' dir='ltr'><strong>pa-</strong></span> 
     </span>
    </p>
   </div>
   <div class='ocr_carea' id='block_1_105' title="bbox 440 5552 2084 5638">
    <p class='ocr_par' dir='ltr' id='par_1_105' title="bbox 440 5552 2084 5638">
     <span class='ocr_line' id='line_1_105' title="bbox 440 5552 2084 5638; baseline 0.006 -26"><span class='ocrx_word' id='word_1_754' title='bbox 440 5552 577 5629; x_wconf 86' lang='lat' dir='ltr'><strong>gani</strong></span> <span class='ocrx_word' id='word_1_755' title='bbox 608 5552 716 5610; x_wconf 92' lang='lat' dir='ltr'><strong>hoc</strong></span> <span class='ocrx_word' id='word_1_756' title='bbox 748 5556 1029 5625; x_wconf 89' lang='lat' dir='ltr'><strong>videntes,</strong></span> <span class='ocrx_word' id='word_1_757' title='bbox 1063 5559 1321 5619; x_wconf 90' lang='lat' dir='ltr'><strong>inierunt</strong></span> <span class='ocrx_word' id='word_1_758' title='bbox 1372 5563 1591 5637; x_wconf 80' lang='lat' dir='ltr'><strong>fugam.</strong></span> <span class='ocrx_word' id='word_1_759' title='bbox 1625 5564 1781 5621; x_wconf 88' lang='lat' dir='ltr'><strong>Bella</strong></span> <span class='ocrx_word' id='word_1_760' title='bbox 1832 5583 2084 5638; x_wconf 90' lang='lat' dir='ltr'><strong>namque</strong></span> 
     </span>
    </p>
   </div>
   <div class='ocr_carea' id='block_1_106' title="bbox 2207 4590 3851 4660">
    <p class='ocr_par' dir='ltr' id='par_1_106' title="bbox 2207 4590 3851 4660">
     <span class='ocr_line' id='line_1_106' title="bbox 2207 4590 3851 4660; baseline 0.003 -13"><span class='ocrx_word' id='word_1_761' title='bbox 2207 4592 2266 4647; x_wconf 90' lang='lat' dir='ltr'><strong>in</strong></span> <span class='ocrx_word' id='word_1_762' title='bbox 2298 4590 2684 4660; x_wconf 85' lang='lat' dir='ltr'><strong>Hierusalem,</strong></span> <span class='ocrx_word' id='word_1_763' title='bbox 2702 4596 2760 4647; x_wconf 92' lang='lat' dir='ltr'><strong>et</strong></span> <span class='ocrx_word' id='word_1_764' title='bbox 2779 4591 2865 4647; x_wconf 92' lang='lat' dir='ltr'><strong>illi</strong></span> <span class='ocrx_word' id='word_1_765' title='bbox 2887 4598 3090 4649; x_wconf 91' lang='lat' dir='ltr'><strong>contra</strong></span> <span class='ocrx_word' id='word_1_766' title='bbox 3112 4609 3205 4648; x_wconf 88' lang='lat' dir='ltr'><strong>me</strong></span> <span class='ocrx_word' id='word_1_767' title='bbox 3231 4598 3515 4650; x_wconf 65' lang='lat' dir='ltr'><strong>venerunt</strong></span> <span class='ocrx_word' id='word_1_768' title='bbox 3534 4594 3607 4649; x_wconf 92' lang='lat' dir='ltr'><strong>ad</strong></span> <span class='ocrx_word' id='word_1_769' title='bbox 3628 4593 3851 4652; x_wconf 90' lang='lat' dir='ltr'><strong>bellum</strong></span> 
     </span>
    </p>
   </div>
   <div class='ocr_carea' id='block_1_107' title="bbox 2201 4679 3847 4753">
    <p class='ocr_par' dir='ltr' id='par_1_107' title="bbox 2201 4679 3847 4753">
     <span class='ocr_line' id='line_1_107' title="bbox 2201 4679 3847 4753; baseline 0.004 -18"><span class='ocrx_word' id='word_1_770' title='bbox 2201 4679 2405 4736; x_wconf 91' lang='lat' dir='ltr'><strong>itinere</strong></span> <span class='ocrx_word' id='word_1_771' title='bbox 2433 4681 2683 4736; x_wconf 90' lang='lat' dir='ltr'><strong>duorum</strong></span> <span class='ocrx_word' id='word_1_772' title='bbox 2714 4679 2962 4749; x_wconf 89' lang='lat' dir='ltr'><strong>dierum,</strong></span> <span class='ocrx_word' id='word_1_773' title='bbox 2995 4686 3064 4738; x_wconf 94' lang='lat' dir='ltr'><strong>ut</strong></span> <span class='ocrx_word' id='word_1_774' title='bbox 3092 4681 3234 4753; x_wconf 91' lang='lat' dir='ltr'><strong>quid</strong></span> <span class='ocrx_word' id='word_1_775' title='bbox 3261 4681 3405 4737; x_wconf 91' lang='lat' dir='ltr'><strong>mihi</strong></span> <span class='ocrx_word' id='word_1_776' title='bbox 3438 4686 3594 4740; x_wconf 88' lang='lat' dir='ltr'><strong>esset</strong></span> <span class='ocrx_word' id='word_1_777' title='bbox 3629 4683 3683 4740; x_wconf 90' lang='lat' dir='ltr'><strong>si</strong></span> <span class='ocrx_word' id='word_1_778' title='bbox 3714 4685 3847 4742; x_wconf 61' lang='lat' dir='ltr'><strong>Ilico</strong></span> 
     </span>
    </p>
   </div>
   <div class='ocr_carea' id='block_1_108' title="bbox 2203 4769 3847 4842">
    <p class='ocr_par' dir='ltr' id='par_1_108' title="bbox 2203 4769 3847 4842">
     <span class='ocr_line' id='line_1_108' title="bbox 2203 4769 3847 4842; baseline 0.003 -17"><span class='ocrx_word' id='word_1_779' title='bbox 2203 4769 2456 4827; x_wconf 89' lang='lat' dir='ltr'><strong>rusalem</strong></span> <span class='ocrx_word' id='word_1_780' title='bbox 2489 4773 2723 4842; x_wconf 86' lang='lat' dir='ltr'><strong>gentem</strong></span> <span class='ocrx_word' id='word_1_781' title='bbox 2754 4786 2945 4825; x_wconf 89' lang='lat' dir='ltr'><strong>meam</strong></span> <span class='ocrx_word' id='word_1_782' title='bbox 2979 4771 3405 4827; x_wconf 87' lang='lat' dir='ltr'><strong>eondueerem?</strong></span> <span class='ocrx_word' id='word_1_783' title='bbox 3434 4775 3554 4828; x_wconf 86' lang='lat' dir='ltr'><strong>Hoc</strong></span> <span class='ocrx_word' id='word_1_784' title='bbox 3601 4772 3847 4840; x_wconf 88' lang='lat' dir='ltr'><strong>scilicet,</strong></span> 
     </span>
    </p>
   </div>
   <div class='ocr_carea' id='block_1_109' title="bbox 2204 4859 3851 4933">
    <p class='ocr_par' dir='ltr' id='par_1_109' title="bbox 2204 4859 3851 4933">
     <span class='ocr_line' id='line_1_109' title="bbox 2204 4859 3851 4933; baseline 0.003 -19"><span class='ocrx_word' id='word_1_785' title='bbox 2204 4859 2357 4932; x_wconf 93' lang='lat' dir='ltr'><strong>quod</strong></span> <span class='ocrx_word' id='word_1_786' title='bbox 2390 4875 2578 4930; x_wconf 91' lang='lat' dir='ltr'><strong>neque</strong></span> <span class='ocrx_word' id='word_1_787' title='bbox 2608 4875 2736 4933; x_wconf 89' lang='lat' dir='ltr'><strong>ego,</strong></span> <span class='ocrx_word' id='word_1_788' title='bbox 2770 4875 2874 4914; x_wconf 88' lang='lat' dir='ltr'><strong>nec</strong></span> <span class='ocrx_word' id='word_1_789' title='bbox 2907 4876 3061 4915; x_wconf 92' lang='lat' dir='ltr'><strong>unus</strong></span> <span class='ocrx_word' id='word_1_790' title='bbox 3093 4864 3463 4929; x_wconf 88' lang='lat' dir='ltr'><strong>meorum,ut</strong></span> <span class='ocrx_word' id='word_1_791' title='bbox 3492 4861 3689 4929; x_wconf 91' lang='lat' dir='ltr'><strong>credo,</strong></span> <span class='ocrx_word' id='word_1_792' title='bbox 3711 4861 3851 4920; x_wconf 88' lang='lat' dir='ltr'><strong>inde</strong></span> 
     </span>
    </p>
   </div>
   <div class='ocr_carea' id='block_1_110' title="bbox 2202 4946 3849 5020">
    <p class='ocr_par' dir='ltr' id='par_1_110' title="bbox 2202 4946 3849 5020">
     <span class='ocr_line' id='line_1_110' title="bbox 2202 4946 3849 5020; baseline 0.003 -17"><span class='ocrx_word' id='word_1_793' title='bbox 2202 4947 2443 5004; x_wconf 91' lang='lat' dir='ltr'><strong>evadere</strong></span> <span class='ocrx_word' id='word_1_794' title='bbox 2453 4946 2757 5020; x_wconf 86' lang='lat' dir='ltr'><strong>potuisset.</strong></span> <span class='ocrx_word' id='word_1_795' title='bbox 2778 4947 2927 5014; x_wconf 89' lang='lat' dir='ltr'><strong>Quid</strong></span> <span class='ocrx_word' id='word_1_796' title='bbox 2939 4947 3196 5020; x_wconf 89' lang='lat' dir='ltr'><strong>amplius</strong></span> <span class='ocrx_word' id='word_1_797' title='bbox 3212 4947 3403 5004; x_wconf 87' lang='lat' dir='ltr'><strong>dicam</strong></span> <span class='ocrx_word' id='word_1_798' title='bbox 3414 4948 3442 5004; x_wconf 83' lang='lat'><strong>?</strong></span> <span class='ocrx_word' id='word_1_799' title='bbox 3454 4947 3849 5008; x_wconf 88' lang='lat' dir='ltr'><strong>Dedecoratus</strong></span> 
     </span>
    </p>
   </div>
   <div class='ocr_carea' id='block_1_111' title="bbox 2202 5035 3851 5110">
    <p class='ocr_par' dir='ltr' id='par_1_111' title="bbox 2202 5035 3851 5110">
     <span class='ocr_line' id='line_1_111' title="bbox 2202 5035 3851 5110; baseline 0.002 -19"><span class='ocrx_word' id='word_1_800' title='bbox 2202 5052 2299 5092; x_wconf 92' lang='lat' dir='ltr'><strong>ero</strong></span> <span class='ocrx_word' id='word_1_801' title='bbox 2328 5053 2558 5107; x_wconf 91' lang='lat' dir='ltr'><strong>semper</strong></span> <span class='ocrx_word' id='word_1_802' title='bbox 2587 5036 2645 5091; x_wconf 91' lang='lat' dir='ltr'><strong>in</strong></span> <span class='ocrx_word' id='word_1_803' title='bbox 2676 5039 2799 5092; x_wconf 90' lang='lat' dir='ltr'><strong>tota</strong></span> <span class='ocrx_word' id='word_1_804' title='bbox 2828 5040 2983 5093; x_wconf 86' lang='lat' dir='ltr'><strong>terra</strong></span> <span class='ocrx_word' id='word_1_805' title='bbox 3016 5035 3362 5110; x_wconf 63' lang='lat' dir='ltr'><strong>Babyloniis.</strong></span> <span class='ocrx_word' id='word_1_806' title='bbox 3397 5059 3426 5087; x_wconf 85' lang='lat'><strong>»</strong></span> <span class='ocrx_word' id='word_1_807' title='bbox 3457 5036 3667 5110; x_wconf 89' lang='lat' dir='ltr'><strong>Sicque</strong></span> <span class='ocrx_word' id='word_1_808' title='bbox 3713 5039 3851 5096; x_wconf 89' lang='lat' dir='ltr'><strong>fecit</strong></span> 
     </span>
    </p>
   </div>
   <div class='ocr_carea' id='block_1_112' title="bbox 2204 5124 3848 5199">
    <p class='ocr_par' dir='ltr' id='par_1_112' title="bbox 2204 5124 3848 5199">
     <span class='ocr_line' id='line_1_112' title="bbox 2204 5124 3848 5199; baseline 0.003 -20"><span class='ocrx_word' id='word_1_809' title='bbox 2204 5124 2380 5180; x_wconf 79' lang='lat' dir='ltr'><strong>linem</strong></span> <span class='ocrx_word' id='word_1_810' title='bbox 2411 5125 2600 5180; x_wconf 88' lang='lat' dir='ltr'><strong>dictis.</strong></span> <span class='ocrx_word' id='word_1_811' title='bbox 2638 5124 2801 5181; x_wconf 91' lang='lat' dir='ltr'><strong>Unus</strong></span> <span class='ocrx_word' id='word_1_812' title='bbox 2830 5131 3028 5181; x_wconf 88' lang='lat' dir='ltr'><strong>autem</strong></span> <span class='ocrx_word' id='word_1_813' title='bbox 3062 5131 3396 5183; x_wconf 91' lang='lat' dir='ltr'><strong>nostrorum</strong></span> <span class='ocrx_word' id='word_1_814' title='bbox 3428 5127 3651 5199; x_wconf 90' lang='lat' dir='ltr'><strong>accepit</strong></span> <span class='ocrx_word' id='word_1_815' title='bbox 3683 5132 3848 5184; x_wconf 87' lang='lat' dir='ltr'><strong>stan-</strong></span> 
     </span>
    </p>
   </div>
   <div class='ocr_carea' id='block_1_113' title="bbox 2203 5206 3849 5288">
    <p class='ocr_par' dir='ltr' id='par_1_113' title="bbox 2203 5206 3849 5288">
     <span class='ocr_line' id='line_1_113' title="bbox 2203 5206 3849 5288; baseline 0.003 -21"><span class='ocrx_word' id='word_1_816' title='bbox 2203 5213 2411 5268; x_wconf 87' lang='lat' dir='ltr'><strong>darum</strong></span> <span class='ocrx_word' id='word_1_817' title='bbox 2441 5206 3104 5287; x_wconf 82' lang='lat' dir='ltr'><strong>Ammiravisi,desuper</strong></span> <span class='ocrx_word' id='word_1_818' title='bbox 3129 5216 3281 5288; x_wconf 89' lang='lat' dir='ltr'><strong>quod</strong></span> <span class='ocrx_word' id='word_1_819' title='bbox 3314 5218 3440 5271; x_wconf 91' lang='lat' dir='ltr'><strong>erat</strong></span> <span class='ocrx_word' id='word_1_820' title='bbox 3469 5231 3717 5271; x_wconf 89' lang='lat' dir='ltr'><strong>aureum</strong></span> <span class='ocrx_word' id='word_1_821' title='bbox 3744 5231 3849 5287; x_wconf 84' lang='lat' dir='ltr'><strong>po-</strong></span> 
     </span>
    </p>
   </div>
   <div class='ocr_carea' id='block_1_114' title="bbox 2202 5302 3849 5378">
    <p class='ocr_par' dir='ltr' id='par_1_114' title="bbox 2202 5302 3849 5378">
     <span class='ocr_line' id='line_1_114' title="bbox 2202 5302 3849 5378; baseline 0.003 -22"><span class='ocrx_word' id='word_1_822' title='bbox 2202 5320 2365 5357; x_wconf 85' lang='lat' dir='ltr'><strong>mum</strong></span> <span class='ocrx_word' id='word_1_823' title='bbox 2400 5319 2413 5357; x_wconf 88' lang='lat'><strong>:</strong></span> <span class='ocrx_word' id='word_1_824' title='bbox 2445 5302 2616 5358; x_wconf 87' lang='lat' dir='ltr'><strong>hasta</strong></span> <span class='ocrx_word' id='word_1_825' title='bbox 2663 5320 2797 5359; x_wconf 83' lang='lat' dir='ltr'><strong>vero</strong></span> <span class='ocrx_word' id='word_1_826' title='bbox 2863 5307 2985 5359; x_wconf 91' lang='lat' dir='ltr'><strong>tota</strong></span> <span class='ocrx_word' id='word_1_827' title='bbox 3049 5308 3323 5378; x_wconf 88' lang='lat' dir='ltr'><strong>cooperta</strong></span> <span class='ocrx_word' id='word_1_828' title='bbox 3368 5308 3631 5378; x_wconf 89' lang='lat' dir='ltr'><strong>argento.</strong></span> <span class='ocrx_word' id='word_1_829' title='bbox 3683 5305 3849 5371; x_wconf 87' lang='lat' dir='ltr'><strong>Quod</strong></span> 
     </span>
    </p>
   </div>
   <div class='ocr_carea' id='block_1_115' title="bbox 2201 5391 3852 5465">
    <p class='ocr_par' dir='ltr' id='par_1_115' title="bbox 2201 5391 3852 5465">
     <span class='ocr_line' id='line_1_115' title="bbox 2201 5391 3852 5465; baseline 0.003 -20"><span class='ocrx_word' id='word_1_830' title='bbox 2201 5395 2530 5445; x_wconf 87' lang='lat' dir='ltr'><strong>stantarum</strong></span> <span class='ocrx_word' id='word_1_831' title='bbox 2580 5391 2734 5463; x_wconf 90' lang='lat' dir='ltr'><strong>apud</strong></span> <span class='ocrx_word' id='word_1_832' title='bbox 2784 5408 2891 5448; x_wconf 91' lang='lat' dir='ltr'><strong>nos</strong></span> <span class='ocrx_word' id='word_1_833' title='bbox 2937 5391 3153 5449; x_wconf 91' lang='lat' dir='ltr'><strong>dicitur</strong></span> <span class='ocrx_word' id='word_1_834' title='bbox 3188 5394 3483 5462; x_wconf 85' lang='lat' dir='ltr'><strong>vexillum,</strong></span> <span class='ocrx_word' id='word_1_835' title='bbox 3517 5392 3674 5465; x_wconf 90' lang='lat' dir='ltr'><strong>quod</strong></span> <span class='ocrx_word' id='word_1_836' title='bbox 3705 5392 3852 5450; x_wconf 88' lang='lat' dir='ltr'><strong>emit</strong></span> 
     </span>
    </p>
   </div>
   <div class='ocr_carea' id='block_1_116' title="bbox 2199 5479 3850 5539">
    <p class='ocr_par' dir='ltr' id='par_1_116' title="bbox 2199 5479 3850 5539">
     <span class='ocr_line' id='line_1_116' title="bbox 2199 5479 3850 5539; baseline 0.003 -5"><span class='ocrx_word' id='word_1_837' title='bbox 2199 5495 2395 5535; x_wconf 89' lang='lat' dir='ltr'><strong>comes</strong></span> <span class='ocrx_word' id='word_1_838' title='bbox 2426 5479 2735 5536; x_wconf 81' lang='lat' dir='ltr'><strong>Rotbertus</strong></span> <span class='ocrx_word' id='word_1_839' title='bbox 2766 5480 3266 5539; x_wconf 87' lang='lat' dir='ltr'><strong>Northmanorum</strong></span> <span class='ocrx_word' id='word_1_840' title='bbox 3296 5482 3487 5539; x_wconf 90' lang='lat' dir='ltr'><strong>dando</strong></span> <span class='ocrx_word' id='word_1_841' title='bbox 3517 5482 3589 5537; x_wconf 86' lang='lat'><strong>20</strong></span> <span class='ocrx_word' id='word_1_842' title='bbox 3618 5498 3850 5539; x_wconf 73' lang='lat' dir='ltr'><strong>marces</strong></span> 
     </span>
    </p>
   </div>
   <div class='ocr_carea' id='block_1_117' title="bbox 2197 5567 3847 5646">
    <p class='ocr_par' dir='ltr' id='par_1_117' title="bbox 2197 5567 3847 5646">
     <span class='ocr_line' id='line_1_117' title="bbox 2197 5567 3847 5646; baseline 0.002 -21"><span class='ocrx_word' id='word_1_843' title='bbox 2197 5568 2447 5641; x_wconf 88' lang='lat' dir='ltr'><strong>argenti,</strong></span> <span class='ocrx_word' id='word_1_844' title='bbox 2461 5568 2737 5640; x_wconf 90' lang='lat' dir='ltr'><strong>deditque</strong></span> <span class='ocrx_word' id='word_1_845' title='bbox 2766 5569 3125 5630; x_wconf 87' lang='lat' dir='ltr'><strong>monasterio</strong></span> <span class='ocrx_word' id='word_1_846' title='bbox 3156 5570 3342 5631; x_wconf 89' lang='lat' dir='ltr'><strong>sancti</strong></span> <span class='ocrx_word' id='word_1_847' title='bbox 3363 5567 3618 5646; x_wconf 87' lang='lat' dir='ltr'><strong>sepulcri</strong></span> <span class='ocrx_word' id='word_1_848' title='bbox 3632 5569 3847 5631; x_wconf 81' lang='lat' dir='ltr'><strong>Ensem</strong></span> 
     </span>
    </p>
   </div>
  </div>
