3994 6066
185 258 308 324 821

693 257 1083 321 FULCHERI
1126 256 1462 321 CARNOT.
1509 258 1713 320 HIST.
1759 257 2175 321 HIEBOSOL.
2206 291 2285 303 —-
2314 258 2636 321 NOTITIA
2682 259 2759 320 IN
2806 259 3084 323 FULCH.

3475 260 3593 324 822

190 408 431 469 quoque
457 391 727 450 similiter
768 391 1139 449 Ammiravisi
1188 392 1430 464 quidam
1476 392 1837 466 peregrinus,
1867 395 1922 461 Α
1949 392 2076 449 Alia
2102 410 2236 449 vero
2267 411 2395 466 quae
2427 392 2742 449 noluerunt
2778 393 3023 450 insimul
3075 404 3593 469 congregaverant,

190 485 391 542 dando
431 483 732 557 sexaginta
778 482 1097 555 bysantios.
1146 482 1417 555 Superati
1464 482 1661 554 itaque
1703 485 1843 537 sunt
1953 482 2152 555 ibique
2172 483 2231 538 in
2252 484 2446 556 ignem
2465 483 3012 541 miserunt.Reversi
3029 489 3166 541 sunt
3184 490 3381 544 autem
3410 491 3595 547 nostri
3650 528 3658 532 -

193 575 313 631 Deo
337 575 671 646 adjuvante,
697 589 900 628 omnes
922 572 1106 628 nostri
1129 571 1372 637 inimici,
1388 589 1453 627 eo
1471 577 1667 627 tenore
1684 571 1838 643 quod

189 663 454 737 amplius
480 661 755 718 virtutem
785 667 988 717 contra
1035 678 1141 716 nos
1189 678 1305 716 non
1355 660 1590 716 habent.
1624 660 1840 715 Omnes

186 770 328 810 vero
358 770 531 809 naves
562 752 633 807 de
664 751 822 807 omni
853 756 1009 807 terra
1038 767 1399 823 paganorum
1454 751 1693 805 aderant
1734 749 1836 804 ibi.

188 843 307 899 Sed
342 847 530 898 nauta:
557 840 791 897 illarum
826 843 1137 913 postquam
1175 839 1448 895 viderunt
1492 836 1838 894 Ammiravi-

187 949 329 989 sum
360 949 493 987 cum
517 948 621 987 suo
638 930 890 987 exercitu
915 929 1253 1003 fugientem,
1276 928 1475 984 statim
1519 928 1837 999 suspende-

185 1026 333 1078 runt
360 1021 506 1091 vela,
538 1021 850 1093 ipsumque
895 1019 1352 1075 Ammiravisum
1401 1017 1744 1090 recipientes
1776 1016 1835 1071 in

186 1111 441 1167 navibus
472 1109 616 1175 suis,
648 1108 939 1164 miserunt
969 1125 1030 1163 se
1081 1108 1142 1162 in
1186 1106 1303 1162 alta
1355 1106 1561 1162 maria.
1604 1106 1834 1162 Reversi

185 1206 332 1259 sunt
359 1201 557 1272 itaque
588 1198 771 1254 nostri
800 1198 869 1253 ad
901 1214 1102 1253 eorum
1134 1196 1469 1263 tentoria,et
1490 1198 1838 1267 acceperunt

185 1292 503 1348 innumera
531 1288 719 1361 spolia
747 1286 874 1343 auri
922 1290 979 1342 et
1025 1285 1269 1359 argenti,
1315 1289 1372 1340 et
1416 1285 1747 1358 palliorum,
1781 1290 1837 1341 et

184 1380 508 1447 malorum,
540 1383 597 1434 et
627 1375 947 1433 multornm
988 1376 1272 1431 bonorum
1321 1374 1578 1440 cumula,
1615 1374 1835 1431 scilicet

183 1485 391 1542 eques,
425 1472 481 1524 et
508 1466 721 1533 mulos,
756 1469 813 1521 et
859 1465 1134 1533 camelos,
1165 1468 1221 1519 et
1259 1481 1411 1534 oves,
1445 1468 1503 1520 et
1551 1465 1744 1529 boves,
1779 1469 1836 1520 et

183 1557 407 1625 asinos,
439 1560 494 1612 et
524 1555 711 1611 multa
734 1553 1031 1610 animalia.
1066 1552 1282 1609 Omnes
1311 1558 1538 1608 montes
1578 1571 1833 1625 namque

181 1652 238 1705 et
264 1645 530 1712 colles,et
557 1643 758 1701 omnia
785 1643 959 1716 plana
989 1643 1223 1698 stabant
1253 1646 1524 1715 cooperta
1541 1642 1611 1698 de
1634 1642 1831 1697 multi-

1949 570 2213 628 laetantes
2239 577 2294 627 et
2322 574 2643 645 gaudentes
2672 573 2732 628 in
2779 579 3040 629 sanctam
3074 575 3364 632 civitatem
3396 578 3596 636 Hieru-

1950 660 2152 729 salem,
2173 661 2412 717 devictis
2435 662 2709 718 omnibus
2732 663 2975 735 paganis
3000 680 3012 718 :
3038 664 3363 723 deferentes
3394 685 3593 725 secum

1950 750 2137 806 multa
2166 753 2336 817 bona,
2358 750 2579 806 scilicet
2595 751 2848 809 camelos
2869 757 2925 808 et
2945 753 3142 809 asinos
3170 759 3414 813 onustos
3445 775 3594 830 pane

1948 840 2296 905 biscocto,et
2325 840 2606 905 farina,et
2635 842 2947 909 frumento,
2972 848 3028 898 et
3057 849 3318 913 caseo,et
3345 863 3515 918 pane,
3536 853 3594 905 et

1947 928 2091 997 oleo,
2126 934 2183 985 et
2211 929 2488 985 omnibus
2519 930 2686 985 bonis
2720 948 2847 1003 qua:
2887 931 3002 986 illis
3043 938 3209 989 erant
3240 937 3587 992 necessaria.

1946 1018 2109 1073 Unde
2140 1023 2303 1074 tanta
2325 1022 2411 1073 est
2432 1024 2560 1074 orta
2581 1020 2849 1075 fertilitas
2866 1021 3016 1076 inter
3034 1021 3412 1090 Christianos,
3433 1027 3587 1096 quod

1945 1107 2052 1163 bos
2100 1125 2202 1179 pro
2260 1113 2388 1163 octo
2446 1108 2709 1165 nummis
2755 1107 2841 1163 vel
2881 1110 3077 1165 decem
3107 1111 3309 1166 haberi
3341 1118 3586 1184 poterat.

1944 1196 2172 1252 Modius
2201 1214 2333 1253 vero
2366 1197 2643 1253 frumenti
2673 1215 2775 1270 pro
2810 1199 2874 1254 12
2899 1200 3430 1268 nummis,modius
3452 1219 3592 1275 quo-

1944 1304 2058 1360 que
2088 1287 2289 1343 hordei
2322 1304 2424 1360 pro
2457 1291 2604 1342 octo.
2635 1288 2795 1353 Quod
2827 1288 3062 1343 tandem
3112 1306 3185 1343 ne
3214 1289 3474 1362 ignotam
3514 1292 3591 1347 sit

1943 1376 2291 1433 Christianis
2353 1376 2649 1443 omnibus,
2683 1377 2869 1432 sciant
2925 1377 3034 1432 hoc
3092 1376 3310 1433 bellum
3371 1380 3588 1435 factum

1943 1484 2071 1523 esse
2104 1466 2166 1521 19
2198 1464 2318 1521 Kal.
2345 1466 2703 1538 Septembris
2730 1465 2787 1520 in
2825 1460 3023 1537 vigilia
3071 1468 3454 1524 sanctissimae
3487 1468 3589 1525 Dei

1942 1554 2243 1628 genitricis
2303 1555 2518 1619 Mariae,
2574 1570 2726 1609 anno
2776 1554 2847 1609 ab
2906 1555 3307 1613 Incarnatione
3356 1557 3589 1612 Domini

1941 1644 2081 1699 1099
2138 1648 2416 1715 regnante
2465 1643 2711 1698 Domino
2771 1648 2968 1699 nostro
3010 1644 3151 1700 Jesu
3212 1644 3461 1712 Christo,
3495 1646 3587 1702 cui

178 1737 391 1793 tudine
409 1733 754 1790 animalium
780 1750 792 1788 :
819 1738 875 1788 et
899 1733 1246 1788 invenerunt
1261 1749 1557 1787 armorum
1573 1731 1828 1799 cumula,
1861 1770 1909 1834 B
1945 1738 2032 1789 est
2062 1734 2249 1788 honor
2277 1738 2333 1788 et
2362 1732 2548 1805 gloria
2576 1749 2679 1804 per
2707 1731 2937 1788 inﬁnita
2973 1733 3186 1790 saecula
3217 1733 3587 1791 seculorum.

174 1841 436 1899 quarum
458 1841 584 1897 quae
604 1823 915 1879 voluerunt
934 1822 1005 1878 de
1022 1821 1141 1877 illis
1164 1821 1417 1893 recipere
1439 1820 1826 1877 retinuerunt.

1937 1822 2143 1877 Amen.

518 1941 645 1998 Haec
674 1939 738 1997 de
766 1940 1258 2011 Hierosolymitano
1290 1939 1489 2011 itinere
1514 1938 1575 2011 in
1606 1938 1780 1993 tribus
1817 1938 1999 2004 annis,
2028 1945 2079 2011 et
2111 1937 2432 2011 liberatione
2455 1939 2740 2011 civitatum
2769 1938 2920 1994 diem
2948 1939 3247 2011 sufﬁciant.

1026 2013 1134 2066 Per
1161 2011 1348 2065 omnia
1380 2009 1687 2065 benedictus
1718 2014 1880 2078 Deus,
1914 2025 2011 2082 qui
2041 2009 2267 2065 lradidtt
2296 2011 2511 2081 impios.
2544 2008 2734 2065 Amen.

169 2215 3590 2249 cm

884 2380 1739 2537 FULCHERII
1830 2378 2897 2536 CARNOTENSIS

582 2622 1409 2741 HISTORIA
1493 2633 3172 2738 HIBROSOLYMITANA

1238 2832 1331 2893 Ab
1364 2850 1531 2893 anno
1564 2833 1719 2894 1095
1749 2831 1828 2893 ad
1861 2851 2096 2893 annum
2127 2851 2328 2912 usque
2361 2834 2538 2893 1127.

167 3009 528 3076 (ΠΗΟΗΕΒΝΕ,
563 2999 929 3076 Ηίξιηεςναησ,
953 2995 1177 3076 §erip_t.,
1203 2992 1305 3076 Ἰν,
1337 2993 1465 3059 816,
1496 3009 1564 3049 ex
1583 2996 1811 3076 vetusto
1843 2992 2185 3076 codicems.
2220 2993 2465 3076 cmnobii
2497 2994 2555 3049 S.
2589 2993 2976 3076 Quintininde
3017 2996 3211 3076 Monte
3270 2998 3449 3076 Prope
3480 2999 3591 3054 Pe-

276 3063 525 3150 mnam;
545 3103 614 3150 —_—
647 3063 1173 3150 Initium‘histp'riaa
1201 3064 1385 3150 hujus
1416 3065 1706 3150 usquead
1739 3064 1970 3150 cap..19
2001 3063 2132 3119 libri
2158 3082 2183 3150 ¹ι
2215 3080 2299 3150 ex,
2313 3064 2566 3150 editione
2597 3065 2895 3150 Bo‘ngarsii
2943 3067 3339 3150 desumptum
3364 3063 3474 3138 est,

386 3146 531 3219 quia
559 3143 619 3199 in
650 3158 763 3197 ms.
798 3138 995 3196 codice
1021 3138 1249 3205 deerat;
1283 3135 1711 3261 reliquaedittjs
1741 3135 1865 3191 auct

1585 3224 1621 3279 p
1651 3224 1814 3263 iones
1840 3224 1865 3263 ε

1942 3138 2199 3276 redeunti,
2230 3135 2584 3207 adjectaaque
2631 3135 2805 3192 etiam
2853 3138 3113 3210 capitum
3156 3135 3374 3196 inscri-

1941 3223 2005 3263 co
2054 3223 2157 3261 ice.

1140 3526 1625 3620 NOTITIA
1691 3528 1810 3617 IN
1872 3526 2641 3627 FULCHERIUM

1014 3707 1260 3782 (Fabric.
1294 3707 1556 3764 Biblioth.
1587 3707 1729 3763 med.
1760 3714 1813 3763 et
1839 3707 1946 3779 inf.
1978 3707 2121 3775 Lat.,
2153 3711 2295 3763 tom.
2328 3708 2401 3774 ΙΙ,
2434 3724 2568 3780 pag.
2601 3708 2755 3777 214.)

1786 3880 1999 3893 ———

242 4045 569 4103 Fulcherius
626 4039 999 4098 Carnotensis
1040 4037 1359 4093 Robertum
1391 4035 1827 4091 Northmannize
1859 4037 1901 4103 C
1941 4052 2347 4108 annorumque
2379 4037 2537 4102 1125,
2571 4036 2709 4091 1126
2741 4039 2797 4091 et
2829 4038 2985 4106 1127,
3020 4054 3054 4092 a
3083 4054 3217 4110 pag.
3240 4036 3347 4094 879
3362 4037 3435 4093 ad
3459 4038 3586 4093 889.

172 4135 386 4192 ducem
418 4150 515 4188 an.
548 4132 705 4196 1095,
738 4132 976 4185 secutus
1007 4126 1067 4181 in
1101 4124 1490 4193 Palaestinam,
1522 4129 1579 4180 et
1620 4126 1830 4181 deinde

171 4224 331 4297 regis
361 4219 634 4277 Balduini
663 4224 687 4272 Ι
718 4222 774 4273 et
804 4217 854 4273 II
882 4214 1243 4288 capellanus,
1268 4213 1423 4269 circa
1451 4230 1672 4269 annum
1692 4215 1829 4268 1127

171 4310 414 4383 scripsit
445 4308 594 4365 Gesta
617 4306 1099 4379 peregrinantium
1129 4304 1464 4358 Francorum
1493 4318 1618 4356 eum
1655 4304 1828 4356 armis

171 4399 520 4458 Hierusalem
544 4396 909 4469 pergentium,
933 4394 1053 4449 sive
1070 4391 1383 4447 Historiam
1417 4389 1827 4462 Hierosolymi-

172 4495 381 4546 tanam
411 4490 470 4543 et
500 4503 592 4541 res
636 4483 853 4556 quibus
900 4482 1026 4553 ipse
1074 4480 1447 4547 interfuerat;
1482 4479 1636 4551 quod
1681 4495 1830 4551 opus

174 4578 249 4634 ab
267 4592 423 4632 anno
447 4574 585 4630 1095
604 4573 676 4629 ad
700 4572 839 4627 1121
874 4569 1099 4643 primus
1133 4569 1192 4623 in
1231 4568 1422 4623 lncem
1462 4566 1704 4639 protulit
1731 4567 1828 4622 Ja-

176 4666 363 4723 cobus
380 4661 736 4735 Bongarsius
762 4661 819 4715 in
843 4658 1034 4716 Gestis
1055 4656 1155 4712 Dei
1186 4673 1287 4728 per
1317 4657 1569 4712 Francos
1592 4661 1750 4711 tomo
1782 4657 1827 4722 Ι,

176 4771 316 4829 pag.
348 4752 603 4817 381-440,
636 4748 890 4805 divisum
940 4747 1001 4801 in
1060 4745 1252 4817 capita
1299 4746 1389 4800 56.
1419 4744 1643 4816 Gaspar
1701 4744 1831 4799 Bar-

176 4844 345 4901 thius
392 4841 589 4899 codice
626 4835 945 4894 Basileensi
975 4839 1115 4905 (non
1147 4832 1402 4890 auctiore
1434 4837 1654 4903 tamen)
1688 4850 1830 4890 usus

179 4931 382 4988 divisit
411 4930 471 4985 in
501 4928 693 5001 capita
709 4926 780 4981 99
800 4924 1230 4996 illustravitque
1258 4922 1431 4988 notis,
1454 4939 1601 4995 quas
1619 4940 1686 4979 ex
1715 4944 1827 4982 ms.

177 5018 550 5077 bibliothecae
575 5016 853 5089 lttigianae
875 5012 1198 5087 pnbticavit
1218 5011 1474 5067 Joannes
1494 5011 1701 5069 Petrus
1725 5016 1832 5070 Lu—

179 5106 382 5180 dewig
403 5111 561 5163 temo
581 5106 656 5161 III
672 5104 1052 5177 reliquiarum
1072 5106 1522 5168 mstorum,etc.,
1549 5119 1681 5174 pag.
1704 5104 1832 5159 291-

176 5198 306 5254 360.
339 5196 509 5269 Apud
540 5195 830 5250 Andream
860 5209 992 5249 vero
1024 5190 1350 5255 Ducbesne,
1384 5193 1542 5244 tomo
1577 5191 1647 5245 IV
1678 5192 1832 5247 Scri-

178 5291 421 5360 ptorum
452 5285 523 5340 de
555 5284 728 5340 rebus
762 5279 1054 5337 Francicis
1097 5295 1228 5351 pag.
1262 5279 1384 5343 816,
1411 5282 1596 5333 exstat
1627 5282 1829 5336 eadem

1942 4125 2113 4180 Liber
2142 4125 2367 4197 primus
2416 4125 2623 4197 incipit
2663 4126 2735 4181 ab
2784 4143 2936 4181 anno
2988 4126 3145 4195 1095,
3170 4127 3466 4183 secunius
3514 4126 3586 4182 ab

1936 4212 2080 4269 inito
2120 4214 2281 4287 regni
2332 4213 2602 4269 Balduini
2634 4215 2678 4281 l,
2708 4215 2818 4270 hoc
2865 4219 2955 4271 est
2984 4216 3057 4270 ab
3087 4231 3239 4271 anno
3272 4216 3410 4270 1100
3440 4213 3586 4283 (edi-

1936 4300 2111 4358 tionis
2142 4301 2548 4375 Bongarsianaa
2570 4302 2757 4374 capite
2786 4304 2912 4371 22);
2944 4303 3092 4358 liber
3124 4302 3334 4358 tertius
3365 4303 3437 4357 ab
3471 4302 3584 4357 ini-

1936 4390 2018 4445 tio
2040 4390 2311 4446 Balduini
2342 4392 2412 4457 ll,
2446 4393 2511 4446 A.
2537 4393 2676 4446 1118
2708 4391 3004 4463 (editionis
3036 4390 3440 4464 Bongarsiana:
3473 4406 3588 4446 me-

1937 4480 2032 4534 dio
2094 4480 2280 4552 capite
2333 4481 2444 4545 44).
2494 4479 2756 4551 Denique
2814 4482 3208 4551 Praefationem
3263 4497 3332 4535 ex
3388 4478 3586 4534 codice

1938 4569 1996 4624 S.
2031 4568 2301 4624 Germani
2332 4586 2367 4623 a
2398 4569 2585 4625 Pratis
2639 4568 2897 4641 vulgavit
2933 4569 3280 4624 Edmundus
3326 4567 3584 4623 Martene

1936 4660 2094 4713 temo
2126 4659 2167 4712 Ι.
2198 4658 2498 4724 Anecdot.,
2534 4675 2590 4730 p.
2624 4658 2730 4713 364
2779 4674 2928 4729 seq.,
2954 4657 3015 4712 in
3073 4674 3191 4728 qua
3245 4655 3586 4713 Fulcherius

1940 4745 2020 4801 ait
2043 4749 2383 4817 comparium
2408 4763 2635 4802 suorum
2663 4746 3023 4817 quorumdam
3064 4746 3417 4818 pulsantibus
3458 4762 3585 4817 pre—

1937 4837 2108 4902 cibus,
2140 4837 2429 4907 aliquotics
2458 4843 2686 4902 motum,
2720 4852 2788 4889 ea
2836 4851 2897 4890 se
2920 4852 3047 4907 quae
3075 4833 3260 4891 oculis
3306 4835 3433 4907 ipse
3462 4833 3587 4890 suis

1940 4924 2314 4997 perspexerit,
2346 4926 2485 4997 stle
2515 4926 2816 4991 rusticano,
2841 4931 3022 4980 tamen
3070 4926 3266 4991 veraci,
3297 4924 3589 4995 diligenter

1938 5016 2242 5084 digessisse.
2272 5016 2342 5071 Ut
2370 5033 2404 5071 a
2429 5015 2634 5070 Vossio
2686 5019 2954 5069 notatum
2999 5019 3106 5084 est,
3141 5014 3589 5087 reprehenditur

1942 5104 2282 5161 Fulcherius
2315 5123 2349 5160 a
2379 5104 2651 5160 Guiberto
2684 5104 2895 5159 abbate
2919 5104 2976 5158 in
3012 5103 3180 5160 bellis
3209 5102 3586 5160 Antiochenis

1941 5210 2067 5265 cap.
2099 5193 2188 5259 29,
2221 5195 2309 5261 30,
2341 5196 2405 5249 3t
2439 5199 2495 5248 et
2523 5194 2612 5247 38.
2646 5192 2755 5248 Sed
2808 5211 2843 5248 a
2891 5194 3044 5248 bona
3091 5193 3203 5248 [ide
3250 5210 3385 5249 eum
3435 5209 3587 5248 com-

1941 5283 2176 5338 mendat
2206 5281 2512 5337 Ordericus
2543 5281 2768 5351 Vitalis,
2794 5281 2894 5337 lib.
2920 5300 2975 5337 1x
3005 5283 3267 5339 Historia:
3289 5281 3589 5339 ecclesias-

177 5373 474 5432 Fulcherii
503 5371 756 5428 Historia
793 5367 1336 5438 Hierosolymitana,
1361 5383 1428 5421 ex
1472 5367 1667 5424 codice
1717 5386 1826 5424 cm-
1864 5401 1904 5464 D
1940 5372 2104 5437 ticze;
2138 5371 2273 5425 item
2310 5368 2635 5425 Guilelmus
2669 5370 3234 5436 Malmesburiensis,
3263 5370 3365 5427 lib.
3399 5388 3456 5427 Iv
3485 5369 3587 5441 qui

176 5462 422 5521 nobiiS.
457 5459 717 5529 Quintini
750 5459 819 5514 de
852 5458 1048 5513 Monte
1079 5472 1255 5527 prope
1296 5459 1577 5510 Peronazn
1614 5457 1831 5514 tribum
1864 5457 1898 5464 ”
1937 5461 2099 5517 addit
2135 5478 2303 5515 usuin
2338 5477 2464 5515 esse
2511 5460 2651 5531 style
2695 5476 2803 5515 non
2852 5461 3072 5531 quidem
3118 5462 3341 5531 agresti,
3391 5459 3483 5515 sed
3530 5466 3591 5514 ut

176 5553 240 5610 in
271 5551 456 5608 libros
483 5553 623 5618 tres,
656 5552 714 5604 et
743 5546 967 5604 auctior
996 5549 1254 5601 extrema
1284 5548 1449 5616 parte
1497 5545 1824 5617 8111111124,
1938 5550 2051 5605 dici
2103 5550 2235 5605 solet
2296 5547 2421 5605 sine
2480 5546 2664 5603 nitore
2721 5552 2778 5604 et
2833 5548 3120 5620 palaestra,
3189 5556 3240 5605 et
3299 5550 3396 5622 qui
3452 5549 3589 5604 alios
