3994 6066
360 199 478 266 823

866 197 972 263 ΑΒ
1015 196 1529 262 GODEFRIDUM
1569 197 1906 263 APPEND.
1952 198 2030 260 ΙΙ.
2063 228 2143 244 --
2179 197 2492 275 MONUM.
2538 200 2642 262 DE
2684 199 2938 263 BELLO
2980 198 3255 263 SACRO.

356 347 692 393 commonere
727 332 989 406 potuerit,
1012 337 1077 389 ut
1115 333 1428 389 accuratius
1473 331 1788 389 scriberent.
1837 331 1998 389 Idem
2027 347 2084 416 Α
2183 333 2255 388 Et
2281 348 2431 406 page
2458 332 2557 390 244
2599 349 2612 389 :

357 421 452 480 hic
511 420 873 491 Fulcherius,
901 419 1003 494 qui
1057 419 1118 476 in
1169 420 1473 477 obsidione
1525 419 1886 477 Antiochena
1936 422 2003 477 A.

360 509 499 573 1098
528 514 698 570 caute
726 526 793 568 ac
814 509 1041 566 fortiter
1069 526 1189 567 rem
1224 508 1427 582 gessit,
1458 510 1530 565 de
1577 526 1692 583 quo
1738 508 1864 567 Gilo
1896 509 2007 567 Pa-

357 599 621 659 risiensis
651 599 800 656 libro
828 613 932 668 vn,
965 599 1118 655 aoud
1147 599 1524 655 Edmundum
1556 600 1814 655 Martene
1862 604 1904 656 t.
1930 600 2009 657 ΙΙΙ

353 690 805 758 Anecdotorum,
838 705 896 762 p.
929 688 1060 745 241.

572 866 900 926 Fulcherius
926 868 1177 925 imminet
1203 874 1330 923 ante

435 964 542 1016 Per
570 958 816 1015 tmebras
846 957 975 1030 legit
1002 956 1098 1014 ille
1124 957 1245 1015 vias
1264 971 1452 1026 gressu
1481 956 1772 1023 titubante,

432 1049 553 1106 Illis
580 1047 911 1120 temporibus
940 1044 1122 1102 radios
1148 1044 1375 1101 ducente
1397 1052 1604 1103 cometa

432 1136 975 1197 Prmonslrabatur
1000 1136 1161 1209 regni
1179 1136 1410 1192 mutatio
1447 1134 1601 1201 laeta,
1621 1142 1722 1191 etc.

2332 423 2654 479 Pulcherius
2676 423 2773 479 ille

2185 513 2362 566 Natus
2388 510 2631 577 Canwti,
2660 527 2908 582 proceres
2934 510 3239 583 praecedere
3267 510 3443 577 mille,

2186 601 2305 656 Non
2334 601 2487 656 timet
2515 602 2738 658 invictae
2759 617 3063 673 properans
3092 600 3162 656 ad
3192 602 3395 656 moenia
3424 600 3591 656 villae.

2186 692 2306 745 Non
2340 689 2485 745 hunc
2532 689 2717 746 tardat
2754 706 2892 747 onus
2932 690 3132 762 clypei,
3164 689 3256 747 sed
3307 689 3378 745 ad
3424 689 3601 745 ardua
3641 705 3778 762 pro—

2257 795 2385 834 nus.

2185 867 2377 924 Evolat
2404 884 2563 923 arma
2588 884 2776 940 gerens
2804 868 3076 940 scalaque
3103 867 3346 924 viriliter
3372 868 3610 933 haerens,

2187 956 2355 1012 Illum
2385 957 2662 1013 Veneticus
2688 959 2933 1030 sequitur
2960 976 2980 1013 :
3008 965 3185 1030 stupet
3210 958 3376 1015 hostis
3412 959 3655 1029 iniquus.

2193 1045 2256 1103 Ut
2282 1047 2433 1102 stetit
2458 1048 2520 1102 in
2546 1048 2723 1104 muris
2752 1048 3095 1115 Fulcherius,
3128 1062 3255 1104 ense
3282 1047 3358 1119 (1)
3396 1054 3661 1106 necantur

2190 1133 2477 1192 Fulmineo
2506 1136 2723 1206 vigiles,
2751 1143 2803 1192 et
2829 1135 2901 1191 ad
2931 1136 3126 1208 inﬁma
3148 1137 3584 1210 praecipitantur.

2188 1223 2417 1281 Exultat
2442 1225 2632 1294 victor,
2662 1233 2764 1282 etc.

429 1352 483 1425 1)
511 1353 602 1408 Ita
626 1349 941 1424 legendum
966 1351 1131 1422 puto,
1161 1364 1279 1405 non
1325 1363 1462 1418 ecce,
1492 1350 1561 1405 ut
1608 1347 1784 1405 habet
1828 1344 2098 1404 Martenii
2144 1346 2345 1415 editio,
2379 1365 2517 1406 nam
2567 1349 2723 1423 apud
2781 1349 3110 1407 Cbesneum
3152 1366 3263 1407 vox
3306 1352 3431 1407 tota
3478 1348 3777 1407 desidera-

353 1427 474 1482 tur.

357 1574 785 1607 “=3:

788 1571 3777 1603 ὼ

956 1744 1886 1851 πυιαεειιιι
1972 1747 3144 1853 εΑιιΝοτ-επειε

1874 1942 2250 2001 PREFATIO

796 2107 932 2206 ΙΝ
1020 2102 1806 2205 HISTORIAM
1893 2102 3339 2201 HIEBOSOLYMITANAM

1384 2281 1602 2358 (Edidit
1629 2282 1696 2340 D.
1724 2281 2021 2349 Maerens,
2057 2279 2206 2346 Thes.
2238 2281 2488 2340 Anecdot.
2522 2283 2565 2353 Ι,
2596 2284 2751 2353 364.)

1856 2418 2284 2442 *—

936 2522 1164 2606 Incipit
1190 2523 1496 2603 Prologus
1525 2522 1591 2585 in
1622 2524 1823 2587 Gestis
1852 2526 2238 2586 Francorum
2268 2525 2618 2587 Jerusalem
2650 2526 3209 2606 peregrinantium.

442 2690 636 2748 Placet
664 2685 901 2761 quidem
931 2684 1097 2754 vivis,
1118 2684 1356 2758 prodest
1385 2684 1564 2741 etiam
1596 2684 1865 2753 mortuis,
1882 2701 2018 2741 cum
2047 2685 2096 2753 B
2126 2684 2268 2741 ravi.
2302 2684 2450 2751 Quin
2482 2684 2622 2751 imo,
2656 2685 2716 2741 in
2745 2703 2860 2758 quo
2900 2686 3278 2760 disparantur
3304 2684 3362 2741 hi
3387 2687 3667 2759 postremi
3700 2688 3779 2744 ab

372 2784 538 2856 gesta
560 2778 818 2834 virorum
849 2773 1444 2847 fortium,przesertim
1466 2773 1585 2830 Doo
1613 2772 2015 2843 militantium,

370 2868 463 2928 vel
501 2867 718 2940 scripta
744 2865 1041 2939 leguntur,
1070 2863 1159 2919 vel
1189 2862 1249 2918 in
1303 2862 1516 2919 mentis
1545 2862 1856 2919 armariolo
1897 2879 2017 2918 me-

373 2957 616 3016 moriter
634 2953 1038 3023 retenta,inter
1065 2950 1267 3009 ﬁdeles
1299 2951 1489 3008 sobrie
1510 2951 1854 3019 recitantur;
1881 2968 2017 3007 nam

375 3047 477 3123 qui
504 3046 705 3101 vivunt
735 3043 797 3099 in
827 3042 1074 3108 mundo,
1107 3040 1308 3097 audita
1336 3039 1659 3097 intentione
1688 3040 1784 3113 pia
1805 3040 2021 3113 praede-

372 3151 669 3195 cessorum
703 3131 987 3198 ﬁdelium,
1021 3129 1335 3202 quomodo,
1367 3129 1573 3185 mundi
1613 3129 1753 3185 ﬂore
1800 3132 2016 3202 spreto,

373 3226 491 3283 Deo
522 3224 914 3288 adhaeserunt,
947 3222 1005 3276 et
1033 3222 1327 3291 parentes,
1357 3234 1682 3290 uxoresque
1710 3234 1868 3284 suas,
1893 3234 2020 3289 pos-

373 3314 668 3372 sessiones
699 3325 930 3382 quoque
962 3306 1358 3380 quantaslibet
1404 3306 1822 3378 relinquentes,
1850 3306 2021 3377 juxta

373 3404 728 3476 praceptum
758 3394 1376 3469 evangelicum,Deum
1426 3393 1607 3450 secuti
1639 3397 1797 3460 sunt,
1822 3394 1893 3449 ad
1928 3393 2018 3448 di-

371 3489 674 3564 ligendum
704 3486 887 3542 Deum
919 3483 1221 3539 ardentius
1273 3481 1631 3555 compuncti,
1658 3482 1786 3556 ipso
1833 3481 2021 3555 inspi-

374 3582 563 3645 rente,
591 3575 948 3631 animantur.
1008 3570 1249 3627 Mortuis
1307 3569 1599 3642 siquidem
1654 3569 1715 3625 in
1773 3566 2020 3625 Domino

372 3665 541 3724 valde
571 3663 830 3737 prodest,
861 3676 998 3717 cum
1029 3658 1245 3715 auditis
1296 3657 1572 3731 operibus
1619 3674 1821 3717 eorum
1852 3658 2022 3718 bonis

375 3759 434 3813 et
461 3750 704 3819 devotis,
736 3748 941 3805 fideles
970 3747 1228 3803 animam
1259 3763 1462 3803 eorum
1495 3747 1738 3819 proinde
1784 3747 2020 3803 benedi-

376 3845 540 3909 cunt,
571 3845 631 3897 et
660 3839 1058 3911 eleemosynas
1086 3852 1222 3891 cum
1254 3835 1637 3905 orationibus,
1660 3840 1781 3891 tam
1805 3836 2023 3908 cogniti

376 3946 555 4005 quam
581 3927 790 4002 ignoti,
822 3942 926 4000 pro
957 3925 1041 3981 eis
1071 3924 1413 3981 charitative
1459 3924 1827 3996 impendunt.
1861 3925 2024 3980 Unde

375 4017 740 4090 oomparium
775 4030 1040 4071 meorum
1068 4012 1885 4115 quorumdampulsantibus,
1918 4013 2022 4114 ali-
2055 4049 2098 4115 Β

376 4105 604 4179 quoties
634 4107 852 4171 motus,
886 4103 1241 4159 Francorum
1272 4107 1437 4175 gesta
1462 4102 1522 4157 in
1555 4102 1791 4158 domino
1820 4101 2024 4158 claris-

373 4194 545 4260 sima,
577 4193 678 4267 qui
731 4191 833 4249 Dei
889 4191 1255 4248 ordinatione
1303 4207 1438 4246 cum
1486 4191 1665 4247 armis
1695 4191 2021 4247 Jerusalem

371 4282 726 4358 peregrinati
756 4285 916 4349 sunt,
942 4279 1090 4354 style
1120 4280 1437 4346 rusticano,
1468 4284 1666 4336 tamen
1693 4281 1904 4346 veraci,
1935 4280 2023 4336 di-

371 4388 555 4447 gnum
586 4372 809 4427 ducens
830 4368 1124 4425 memorias
1145 4367 1702 4435 commendandum,
1729 4372 1901 4440 prout
1929 4385 2025 4424 va-

371 4461 550 4531 lui,ct
576 4459 766 4517 oculis
794 4457 944 4515 meis
972 4457 1032 4512 in
1063 4455 1192 4530 ipso
1224 4456 1431 4513 itinere
1461 4454 1748 4528 perspexi,
1772 4456 2020 4530 diligen-

370 4553 460 4607 ter
486 4549 725 4623 digessi.
758 4548 918 4605 Licet
944 4550 1162 4613 autem,
1188 4561 1295 4601 nee
1322 4544 1653 4601 Israeliticae
1685 4543 1890 4617 plebis,
1916 4563 2022 4602 nec

373 4637 866 4704 Machabeaorum,
899 4639 1001 4692 aut
1029 4635 1278 4691 aliorum
1308 4633 1566 4707 plurium
1607 4635 2018 4707 praerogativae,

374 4744 526 4801 quos
555 4727 711 4783 Deus
740 4730 863 4783 tam
886 4723 1107 4782 crebris
1135 4728 1193 4780 et
1210 4721 1541 4796 magnificis
1562 4722 1862 4779 miraculis
1891 4721 2024 4778 illu-

374 4815 599 4883 stravit,
631 4815 741 4872 hoc
770 4831 918 4886 opus
939 4813 1308 4886 prtelibatum
1355 4811 1714 4883 mquiparare
1759 4828 1876 4867 non
1917 4828 2021 4867 au-

376 4904 567 4973 deam,
598 4909 797 4960 tamen
828 4902 987 4959 haud
1044 4903 1215 4973 longe
1266 4901 1338 4956 ab
1388 4899 1505 4955 illis
1551 4900 1732 4972 gestis
1777 4900 2021 4957 inferius

376 4993 752 5061 mstimatum,
785 4991 927 5065 quia
979 4990 1076 5046 Dei
1133 4988 1418 5045 miracula
1461 4989 1521 5044 in
1574 5005 1642 5044 eo
1699 4992 2023 5045 noscuntur

378 5080 782 5154 multipliciter
810 5081 1158 5154 perpetrata,
1181 5077 1418 5151 scriptis
1454 5078 1866 5135 commendare
1918 5094 2020 5134 cu-

2126 2773 2245 2829 illis
2276 2772 2502 2847 primis,
2531 2773 2617 2830 vel
2660 2773 3017 2839 Israeliticis,
3066 2773 3153 2830 vel
3204 2775 3571 2844 Macbabaeis,
3625 2794 3780 2849 quos

2128 2861 2363 2935 quidem
2396 2862 2651 2918 vidimus
2682 2862 2740 2916 in
2786 2862 3121 2935 regionibus
3171 2880 3372 2919 eorum
3418 2881 3568 2937 saepe
3617 2866 3782 2938 apud

2126 2968 2256 3018 nos,
2290 2955 2391 3006 aut
2446 2950 2802 3017 audivimus,
2848 2951 3020 3025 longe
3078 2969 3115 3007 ο.
3167 2951 3338 3009 nobis
3389 2953 3611 3026 positos
3668 2970 3781 3025 pro

2128 3056 2325 3096 amore
2354 3038 2568 3105 Christi
2607 3040 2977 3106 emembrari,
3012 3040 3295 3113 crucifigi,
3345 3041 3644 3109 excoriari,
3678 3059 3780 3098 sa-

2127 3129 2342 3204 gittari,
2378 3129 2580 3195 secari,
2613 3133 2671 3185 et
2701 3129 2927 3185 diverso
2977 3131 3235 3204 martyrii
3268 3146 3476 3204 genere
3497 3149 3777 3188 consum-

2127 3216 2295 3285 mari,
2331 3232 2437 3273 nec
2467 3217 2664 3281 minis,
2698 3234 2802 3273 nec
2832 3218 3132 3275 blanditiis
3152 3219 3448 3292 aliquibus
3478 3239 3647 3294 posse
3678 3239 3781 3277 su-

2124 3306 2346 3378 parari;
2380 3306 2522 3378 quin
2555 3305 2751 3378 potius
2777 3306 2824 3362 si
2856 3324 2971 3362 non
2995 3308 3223 3363 deesset
3254 3309 3618 3380 percussoris
3645 3310 3774 3383 gla-

2128 3395 2280 3461 dius,
2315 3394 2488 3450 multi
2519 3400 2787 3450 nostrum
2820 3413 2924 3468 pro
2956 3395 3171 3453 Christi
3195 3414 3391 3454 amore
3422 3397 3629 3471 perimi
3662 3416 3785 3454 non

2129 3487 2519 3541 recusassent.
2554 3484 2598 3540 Ο
2629 3489 2771 3555 quot
2800 3483 2986 3540 millia
3025 3489 3348 3558 martyrum
3381 3485 3438 3540 in
3472 3486 3579 3541 hac
3610 3503 3789 3559 expe-

2130 3572 2350 3629 ditione
2380 3573 2547 3629 beata
2578 3578 2762 3629 morte
2795 3573 3098 3630 finierunt!
3132 3574 3242 3630 Sed
3295 3575 3430 3647 quis
3472 3578 3591 3630 tam
3625 3575 3788 3631 saxei

2130 3667 2218 3719 est
2247 3661 2459 3727 cordis,
2492 3661 2593 3733 qui
2624 3662 2745 3719 haec
2776 3662 2877 3718 Dei
2908 3663 3060 3719 facta
3090 3663 3309 3727 audiat,
3334 3667 3391 3718 et
3420 3663 3652 3736 pietatis
3682 3681 3789 3719 su—

2133 3749 2332 3822 spiriis
2362 3750 2779 3815 commotus,in
2802 3750 3007 3806 laudes
3037 3750 3138 3806 Dei
3170 3768 3285 3807 non
3317 3752 3624 3824 erumpat?
3643 3752 3788 3817 Quis

2132 3842 2321 3910 potest
2353 3854 2468 3893 non
2488 3837 2687 3894 mirari
2712 3839 3004 3911 quomodo
3020 3856 3135 3895 non
3157 3839 3403 3912 exiguus
3424 3840 3678 3913 populus
3700 3841 3789 3896 in-

2133 3931 2222 3982 ter
2253 3930 2336 3982 tot
2366 3926 2627 3982 hostium
2658 3932 2994 3983 nostrorum
3027 3944 3204 4001 regna
3230 3945 3344 3984 non
3372 3929 3787 3998 resistere,sed

2133 4015 2308 4071 etiam
2338 4014 2526 4071 vivere
2556 4020 2893 4088 poteramus
2912 4016 2940 4072 ?
2970 4015 3110 4082 Quis
3141 4017 3363 4072 audivit
3401 4034 3662 4090 unquam
3703 4022 3790 4073 ta—

2134 4103 2257 4159 lia?
2288 4103 2432 4159 Hinc
2479 4104 2763 4177 Egyptus
2812 4109 2869 4160 et
2913 4104 3233 4177 Ethiopia;
3267 4105 3402 4161 hinc
3461 4107 3674 4163 Arabia
3730 4111 3790 4162 et

2133 4191 2421 4258 Chaldeea,
2454 4198 2628 4264 atque
2658 4192 2851 4265 Syria;
2882 4192 3017 4248 hinc
3037 4192 3272 4266 Assyria
3310 4199 3367 4250 et
3397 4194 3615 4262 Media;
3650 4195 3787 4252 hinc

2133 4280 2367 4336 Parthia
2395 4286 2453 4335 et
2482 4281 2929 4353 Mesopotamia;
2963 4280 3100 4337 hinc
3131 4282 3391 4338 Persidis.
3419 4287 3477 4338 et
3523 4283 3785 4357 Scythia,

2131 4385 2292 4425 mare
2323 4368 2495 4425 etiam
2531 4385 2810 4442 magnum
2844 4387 2877 4425 a
2898 4370 3345 4426 Cbristianismo
3376 4388 3483 4428 nos
3513 4371 3783 4428 exclude-

2132 4458 2252 4523 bat,
2286 4461 2342 4513 et
2373 4458 2523 4513 inter
2553 4475 2765 4514 manus
2796 4475 2903 4515 nos
2935 4458 3303 4527 laniantium,
3341 4459 3389 4515 si
3423 4460 3789 4533 permitteret

2132 4546 2308 4617 Deus,
2336 4546 2736 4602 concludebat.
2765 4547 2892 4620 Ipse
2916 4552 3108 4604 autem
3142 4548 3201 4603 in
3232 4548 3471 4605 brachio
3513 4549 3645 4604 forti
3675 4567 3788 4606 nos

2131 4636 2224 4708 pie
2254 4635 2804 4708 protegebat.Beata
2827 4636 2982 4692 enim
3014 4638 3357 4711 gens,cujus
3386 4642 3475 4694 est
3497 4638 3788 4695 Dominus

2131 4724 2286 4781 Deus
2316 4724 2631 4797 ejus(Psal.
2647 4741 2785 4792 χχιι,
2813 4726 3169 4792 12).Modum
3184 4731 3377 4781 autem
3401 4726 3791 4799 hujusoperis

2130 4816 2187 4867 et
2215 4813 2556 4886 inemptum,
2581 4817 2639 4870 et
2668 4815 2961 4887 quomodo
2992 4814 3065 4870 ad
3099 4820 3326 4871 tantum
3358 4813 3467 4871 iter
3486 4815 3790 4887 agendum

2131 4901 2325 4958 omnis
2359 4902 2611 4974 populus
2665 4901 3044 4959 occidentalis
3088 4920 3432 4969 concussus,
3464 4909 3521 4960 et
3562 4909 3793 4961 mentes

2130 4994 2189 5045 et
2218 5006 2437 5046 manus
2468 4991 2525 5046 in
2557 4989 2615 5046 id
2649 4992 2971 5048 extenderit
2998 4991 3385 5064 voluntarius,
3407 4993 3584 5049 verba
3610 4992 3792 5051 hieto.

2130 5077 2272 5146 rica,
2305 5095 2435 5151 qua;
2465 5084 2797 5153 sequuntur
2826 5079 3228 5137 declarabunt.

1867 5345 2290 5365 ἡ
