3998 6088
1000 243 1422 308 FULGHERII
1467 241 1805 307 CARNOT.
1851 241 2056 304 HIST.
2104 241 2519 304 HIEROSOL.
2553 242 2805 305 —LIB.
2851 243 2901 305 Ι.

3531 244 3652 308 830

241 383 420 435 natur
448 377 924 452 agendum.opus
953 393 1084 433 vero
1106 377 1326 433 bonum
1358 375 1603 431 salutem
1637 375 1897 430 lucratur
1924 375 1978 442 Α
2009 391 2141 430 sum
2173 375 2284 430 sibi
2310 373 2556 430 ﬁdeliter
2584 393 2922 449 procurare;
2941 380 2998 434 et
3017 393 3145 450 quae
3175 378 3444 451 dignitati
3475 379 3653 438 hono-

241 467 472 524 animaa.
508 468 667 533 Quod
702 466 751 523 si
782 467 998 522 bonum
1031 471 1120 521 est
1168 467 1311 521 bene
1360 464 1650 530 meditari,
1685 464 1896 520 melius

239 562 439 614 autem
471 561 580 624 est,
596 560 728 629 post
759 557 1074 628 cogitatum
1106 573 1275 628 opus,
1283 557 1512 626 justum
1537 554 1896 626 patrari.0p-

237 646 456 702 timum
487 650 576 702 est
601 661 736 719 ergo
769 646 1180 718 compendium
1206 644 1650 716 salutare,quod
1684 660 1786 716 per
1815 643 1897 698 di—

240 753 422 810 gnam
453 735 737 791 actionem
763 734 969 790 animae
990 733 1165 790 victui
1188 739 1425 789 nactum
1449 738 1555 788 est.
1577 733 1899 804 Unusquis-

241 842 358 898 que
389 825 568 896 igitur
597 825 813 879 bonum
844 825 1075 895 cogitet,
1110 824 1263 895 quod
1296 840 1465 894 opere
1497 823 1671 894 digno
1705 822 1900 876 melio-

239 914 428 970 rando
458 911 765 984 compleat,
801 916 866 967 ut
895 911 1205 984 Optimum,
1240 913 1394 983 quod
1428 929 1540 966 non
1574 911 1803 966 deﬁciat
1837 910 1896 965 in

240 1008 550 1064 aeternum,
583 1001 861 1056 emeritus
890 1001 1126 1056 tandem
1156 1001 1324 1056 miles
1357 1000 1656 1073 percipiat.
1682 1001 1900 1056 Taliter

240 1091 539 1158 Urbanus,
565 1090 654 1145 vir
685 1091 940 1162 prudens
969 1096 1027 1145 et
1057 1090 1442 1155 venerandus,
1467 1095 1557 1144 est
1582 1090 1898 1144 meditatus

242 1198 417 1254 opus,
449 1196 563 1252 quo
593 1183 796 1250 postea
826 1178 1020 1234 floruit
1049 1179 1227 1234 orbis.
1256 1179 1400 1235 Nam
1433 1196 1633 1250 pacem
1669 1196 1894 1234 renova-

239 1270 347 1336 vit,
382 1267 767 1341 Ecclesizeque
807 1269 947 1339 jura
988 1269 1194 1324 modos
1223 1267 1284 1322 in
1317 1267 1592 1340 pristinos
1624 1267 1896 1323 restituit.

242 1359 359 1415 Sed
387 1363 446 1414 et
476 1373 734 1430 paganos
779 1357 848 1412 de
891 1356 1062 1412 terris
1109 1356 1574 1412 Christianorum
1619 1355 1899 1412 instinctu

239 1446 428 1503 vivaci
460 1445 703 1519 eil‘ugari
733 1450 978 1502 conatus
1008 1446 1201 1501 est.Et
1225 1447 1500 1518 quoniam
1533 1450 1745 1504 cuncta
1775 1463 1900 1517 quae

243 1535 349 1592 Dei
381 1540 521 1591 sunt
562 1534 814 1590 exaltare
845 1535 1178 1590 omnimode
1209 1535 1500 1602 studebat,
1535 1552 1738 1590 omnes
1787 1535 1902 1593 fere

244 1625 580 1698 paternitati
612 1642 730 1679 sua:
762 1624 872 1678 sub
903 1623 1234 1679 obedientia
1263 1623 1506 1679 libenter
1557 1642 1617 1678 se
1666 1625 1900 1680 dedide-

245 1718 406 1813 runt.
429 1714 540 1769 Sed
572 1711 862 1784 diabolus,
882 1713 980 1816 qui
1015 1713 1086 1816 ad
1122 1713 1537 1812 detrimentum
1570 1731 1800 1785 semper
1824 1715 1902 1768 in-
1934 1751 1980 1816 Β

245 1802 456 1860 sistere
488 1803 718 1868 nititur,
737 1806 793 1857 et
821 1801 998 1857 veluti
1023 1801 1110 1856 leo
1133 1803 1338 1874 quaerit
1369 1802 1705 1858 circinando
1729 1820 1904 1874 quem

247 1892 486 1948 devoret
516 1892 564 1960 (1
591 1894 737 1947 Petr.
771 1909 825 1960 v,
859 1891 934 1962 8),
967 1891 1104 1946 huic
1135 1891 1532 1946 adversarium
1565 1893 1900 1963 quemdam,

247 1981 488 2038 nomine
518 1980 888 2045 Guibertum,
908 1980 1194 2052 superbia
1226 1980 1464 2036 stimulo
1496 1981 1810 2048 irritatum,
1831 1983 1903 2036 ad

247 2069 651 2127 confusionem
681 2067 878 2141 populi
910 2068 1371 2141 concitavit;qui
1406 2070 1629 2124 dudum
1660 2070 1906 2143 impera-

248 2159 395 2215 toris
430 2158 822 2230 Bajoariorum
853 2159 1225 2230 protervitate
1257 2157 1554 2225 suffultus,
1587 2159 1726 2214 dum
1761 2177 1902 2232 prae-

248 2248 525 2303 decessor
551 2246 888 2319 Gregorius,
938 2245 1038 2318 qui
1089 2252 1146 2301 et
1193 2247 1644 2314 Hildebrannus,
1679 2248 1736 2303 in
1768 2250 1904 2304 sede

239 2337 379 2408 jure
412 2336 754 2403 habebatur,
771 2334 1188 2407 apostolicatus
1211 2336 1468 2391 officium
1493 2354 1778 2409 usurpare
1799 2355 1905 2393 cce-

247 2425 360 2498 pit,
393 2425 520 2496 ipso
552 2425 826 2496 Gregorio
849 2441 882 2480 a
901 2423 1124 2480 foribus
1151 2423 1404 2480 basilicae
1427 2426 1621 2482 Sancti
1646 2427 1795 2482 Petri
1816 2444 1905 2482 ex~

248 2513 435 2570 cluso.
472 2517 538 2568 Et
569 2514 707 2586 quia
727 2530 993 2586 perverse
1015 2513 1097 2569 sic
1119 2513 1253 2586 egit.
1271 2514 1521 2586 populus
1543 2532 1677 2570 eum
1702 2515 1908 2571 melior

249 2619 600 2678 cognoscere
631 2602 835 2658 noluit.
863 2602 1092 2658 Urbano
1126 2608 1320 2658 autem
1356 2609 1505 2659 recte
1535 2605 1714 2660 electo
1746 2611 1801 2660 et
1832 2606 1902 2660 ab

249 2692 543 2766 episcopis
573 2691 969 2748 cardinalibus
993 2696 1349 2759 consecrato,
1367 2694 1554 2764 major
1574 2698 1630 2749 et
1653 2694 1907 2750 sanctior

251 2799 392 2855 pars
424 2781 788 2853 populi,post
820 2780 1199 2836 Hildebranni
1231 2798 1556 2849 excessum,
1581 2783 1904 2840 obediendo

252 2870 555 2943 aspiravit.
575 2871 888 2926 Guibertus
918 2875 1114 2925 autem
1147 2873 1570 2927 sustentamine
1602 2872 1908 2944 imperato-

252 2961 340 3016 ris
371 2959 654 3031 praedicti,
688 2963 743 3014 et
792 2957 1202 3031 plerorumque
1247 2959 1460 3014 civium
1510 2961 1904 3019 Romanorum

249 3047 622 3104 irritamento
659 3047 978 3115 animatus,
1013 3047 1311 3104 Urbanum
1363 3050 1623 3120 quandiu
1659 3051 1844 3122 potuit
1875 3070 1909 3108 a

2005 463 2085 519 ris
2119 464 2262 519 tanti
2295 465 2606 536 pertinent,
2639 466 2687 521 si
2737 465 3002 540 dispersa
3061 468 3294 535 fuerint,
3328 474 3653 541 opportune

2005 570 2329 625 regregare.
2364 555 2478 609 Nec
2511 555 2725 610 mirum
2759 555 2808 611 si
2839 558 3097 613 mundus
3129 562 3269 614 tunc
3299 558 3651 631 inquietare-

2005 647 2104 698 tur
2133 648 2310 708 totus,
2344 647 2402 699 et
2447 645 2912 714 conturbaretur,
2965 646 3245 718 quoniam
3292 648 3341 704 si
3393 649 3654 707 Romana

2005 731 2279 798 Ecclesia,
2303 731 2361 786 in
2394 750 2510 804 qua
2540 733 2941 806 principalitas
2973 736 3346 792 correctionis
3372 738 3655 796 universae

2006 820 2458 877 Christianitatis
2482 822 2795 886 obtinetur,
2816 824 3048 879 turbine
3069 825 3329 896 quolibet
3357 829 3657 884 confundi-

2006 913 2120 974 tur,
2154 912 2459 965 confestim
2491 911 2699 966 accidit
2731 913 2994 968 membra
3019 914 3130 969 sibi
3162 915 3418 984 subdita,
3443 935 3476 973 a
3505 919 3657 990 capi-

2006 999 2192 1054 taneis
2225 1000 2387 1054 ﬁbris
2418 999 2612 1056 dolore
2643 1001 2906 1067 dirivato,
2925 1003 3279 1074 passibiliter
3308 1006 3658 1077 compatien-

2006 1088 2091 1143 tia
2123 1087 2433 1144 debilitari.
2468 1090 2548 1143 Ea
2588 1090 2880 1145 enimvero
2912 1091 3186 1159 Ecclesia,
3221 1098 3410 1150 mater
3438 1096 3660 1153 scilicet

2008 1182 2229 1244 nostra,
2253 1177 2401 1232 lacte
2435 1179 2608 1249 cujus
2629 1180 3046 1248 educabamur,
3071 1182 3423 1240 documento
3445 1185 3656 1242 instrui

2006 1265 2367 1334 valebamus,
2403 1266 2645 1322 consilio
2678 1268 3110 1337 muniebamur,
3144 1271 3216 1326 ab
3266 1271 3366 1328 illo
3406 1276 3656 1346 superbo

2010 1355 2285 1411 Guiberto
2316 1355 2686 1412 vehementer
2715 1374 2992 1430 percussa
3021 1364 3161 1415 erat.
3195 1362 3456 1435 Cumque
3485 1368 3661 1436 caput

2011 1445 2094 1501 sic
2124 1446 2327 1500 tritum
2352 1447 2752 1514 est,continuo
2776 1447 3038 1503 membra
3069 1447 3206 1505 lazsa
3231 1456 3389 1506 sunt.
3405 1451 3464 1508 Si
3484 1457 3661 1525 caput

2011 1538 2488 1605 aegrotet,ca3tera
2521 1537 2782 1591 membra
2813 1535 3028 1592 dolent.
3052 1538 3183 1606 Sed,
3205 1539 3344 1611 quia
3369 1541 3554 1614 capite
3577 1543 3661 1599 sic

2011 1622 2166 1689 laaso,
2202 1623 2376 1678 etiam
2409 1624 2688 1679 membris
2735 1626 3230 1683 marcescentibus
3279 1628 3477 1687 dolore
3517 1631 3659 1686 diri-

2014 1715 2162 1777 vate,
2193 1711 2332 1782 quia
2365 1711 2421 1766 in
2453 1713 2722 1783 partibus
2751 1713 3025 1770 omnibus
3058 1716 3316 1789 Europae,
3349 1735 3479 1790 pax,
3503 1719 3660 1776 boni-

2013 1803 2124 1864 tas,
2159 1801 2323 1866 fides,
2372 1799 2432 1855 in
2476 1801 2747 1857 Ecclesiis
2795 1807 2852 1857 et
2893 1807 3072 1868 extra,
3126 1809 3245 1860 tam
3277 1824 3312 1861 a
3341 1808 3662 1880 majoribus

2013 1905 2191 1960 quam
2216 1889 2542 1946 minoribus
2561 1890 2805 1946 viriliter
2825 1891 3264 1965 subigebantur,
3285 1913 3521 1953 necesse
3541 1903 3666 1954 erat

2013 1982 2079 2032 ut
2109 1977 2280 2033 malis
2310 1978 2455 2033 tanti
2479 1979 2668 2034 modis
2691 1979 2974 2049 dimissis,
2991 1983 3309 2040 monitione
3332 2001 3367 2040 a
3394 2003 3546 2058 papa
3567 1985 3668 2043 Ur-

2012 2066 2164 2121 bano
2195 2065 2278 2122 sic
2309 2083 2532 2135 exorsa,
2569 2072 2769 2123 contra
2799 2085 3056 2141 paganos
3105 2071 3312 2127 saltem
3345 2074 3668 2131 certamina

2013 2154 2164 2210 inter
2195 2173 2255 2210 se
2283 2160 2338 2211 et
2367 2160 2659 2212 contrase
2688 2157 2911 2212 dudum
2937 2164 3216 2216 consueta
3245 2160 3660 2222 distenderent.

2012 2244 2176 2300 Nunc
2198 2244 2376 2317 igitur
2397 2246 2467 2300 ad
2491 2245 2806 2318 inemptum
2831 2247 3036 2303 reverti
3057 2265 3380 2322 congruum
3404 2254 3665 2310 est.Nam

2012 2333 2083 2388 de
2116 2333 2224 2388 iter
2254 2333 2562 2406 agentibus
2607 2335 3086 2408 Hierosolymam,
3121 2342 3178 2394 et
3216 2338 3355 2411 quid
3387 2341 3666 2400 euntibus

2013 2421 2244 2487 accidit,
2278 2429 2334 2478 et
2365 2427 2650 2494 quantum
2678 2439 2770 2478 res
2799 2429 2854 2479 et
2885 2423 3050 2481 labor
3079 2427 3204 2498 ipse
3235 2427 3538 2500 paulatim,
3562 2433 3666 2503 juo

2014 2517 2181 2567 vante
2209 2511 2704 2583 Deo,proiiciendo
2723 2512 3120 2581 claruit,dccet
3134 2516 3390 2588 amplius
3412 2521 3672 2577 nescien-

2013 2601 2172 2657 tibus
2204 2599 2692 2667 enucleari.Quod
2716 2617 2820 2673 ego
2844 2600 2967 2673 ipse
2994 2603 3328 2660 Fulcherius
3361 2606 3672 2665 Carnoten.

2013 2689 2262 2755 sis,cum
2298 2691 2518 2745 eaztcris
2550 2690 2872 2762 peregrinis
2903 2691 3457 2764 iens,postea,sicut
3482 2699 3668 2756 oculis

2011 2780 2151 2846 vidi,
2185 2779 2496 2851 diligenter
2525 2784 2581 2834 et
2624 2777 2873 2835 sollicite
2922 2779 2980 2834 in
3030 2783 3372 2839 memoriam
3419 2788 3668 2858 posteris

2015 2868 2243 2940 collegi.

2669 2957 2899 3012 CAPUT
2939 2958 3008 3014 ΙΙ.

2087 3048 2252 3101 Anno
2281 3047 2353 3101 ab
2387 3046 2790 3101 Incarnatione
2820 3046 3047 3102 Domini
3080 3047 3392 3106 millesimo
3423 3068 3672 3126 nonage-

253 3136 610 3193 monasterio
641 3137 858 3196 Sancti.
875 3137 1021 3192 Petri
1053 3135 1307 3192 alienum
1344 3138 1492 3192 fecit.
1521 3139 1629 3194 Sed
1662 3141 1804 3195 dum
1837 3141 1908 3196 ab
1941 3122 1983 3188 (ἶ
2023 3135 2172 3191 simo
2204 3140 2384 3200 sextO,
2419 3151 2619 3189 mense
2661 3135 2891 3203 Martio,
2923 3141 3056 3207 post
3087 3135 3420 3208 concilium,
3455 3141 3526 3196 de
3556 3122 3672 3214 q‘uo

250 3225 515 3284 Ecclesia
545 3223 644 3280 illa
671 3226 756 3281 sic
785 3224 1124 3280 eliminatus
1157 3231 1298 3292 erat,
1335 3243 1437 3298 per
1467 3229 1733 3299 regiones
1762 3228 1912 3285 ince-

254 3315 426 3382 dens,
441 3314 721 3387 populum
744 3314 804 3369 in
821 3314 1137 3386 aliquantis
1159 3315 1390 3369 devium
1411 3316 1524 3370 Deo
1543 3317 1909 3374 conciliabat.

254 3404 573 3460 Guibertus
602 3420 734 3459 vero
765 3405 837 3459 ob
867 3403 1132 3459 Ecclesia:
1173 3404 1567 3476 principatum
1617 3407 1908 3480 turgidus,

249 3509 465 3566 papam
527 3491 839 3564 proclivem
885 3493 1296 3548 oberrantibus
1347 3510 1409 3548 se
1458 3496 1808 3565 ostentabat,
1855 3501 1912 3551 et

249 3579 619 3654 apostolatus
641 3580 1072 3648 ofﬁcium,lieet
1102 3582 1335 3650 injuste,
1374 3583 1524 3638 inter
1554 3586 1914 3641 consentien-

249 3675 341 3726 tes
372 3671 700 3738 exercebat,
731 3675 787 3725 et
813 3670 1030 3725 Urbani
1063 3671 1215 3724 facta
1247 3675 1528 3742 tanquam
1575 3673 1739 3728 irrita
1785 3674 1910 3728 vili-

251 3760 564 3833 pendebat.
600 3759 870 3814 Urbanus
911 3763 1106 3814 tamen
1154 3777 1219 3814 eo
1269 3777 1442 3825 anno,
1477 3778 1589 3832 quo
1639 3762 1913 3834 primitus

254 3849 486 3916 Franci,
529 3848 890 3905 Hierusalem
925 3847 1085 3914 ituri,
1113 3866 1221 3921 per
1252 3848 1494 3904 Romam
1531 3850 1910 3921 transierunt,

249 3942 439 3994 totam
472 3937 709 3993 omnino
740 3941 1086 4010 potestatem
1118 3937 1496 4009 apostolicam
1525 3939 1772 4010 adeptus
1803 3945 1910 4008 est,

253 4026 474 4082 auxilio
507 4027 814 4097 cujusdam
857 4025 1233 4082 nobilissimae
1283 4032 1580 4095 matronae,
1617 4029 1914 4086 Mathildis

253 4115 517 4183 nomine,
536 4132 663 4186 quae
684 4115 743 4170 in
768 4116 1029 4170 Romana
1051 4113 1238 4186 patria
1259 4119 1398 4170 tunc
1420 4121 1708 4187 potestate
1729 4117 1914 4175 multa

248 4204 508 4278 vigebat.
539 4203 855 4259 Guibertus
904 4220 1036 4259 vero
1086 4208 1226 4258 tunc
1274 4203 1332 4258 in
1379 4203 1725 4261 Alemannia
1768 4212 1910 4263 erat.

250 4294 461 4365 Itaque
494 4292 607 4348 duo
639 4309 798 4365 papae
830 4293 1024 4348 Romae
1069 4297 1370 4364 praeerant,
1426 4294 1525 4348 sed
1577 4295 1670 4350 cui
1711 4312 1911 4351 eorum

251 4381 614 4449 obediretur,
649 4398 683 4436 a
713 4379 1165 4453 quamplurimis
1195 4380 1592 4453 ignorabatur,
1616 4383 1704 4438 vel
1733 4402 1767 4438 a
1798 4403 1912 4457 quo

2019 3224 2243 3279 dictum
2275 3227 2381 3289 est,
2413 3221 2811 3289 Arvernicum,
2845 3224 2999 3295 quod
3040 3223 3100 3280 in
3133 3241 3332 3283 mense
3362 3228 3670 3288 Novembri

2021 3311 2294 3368 dominus
2312 3312 2581 3366 Urbanus
2599 3312 2804 3381 tenuit,
2819 3311 2917 3366 alii
2937 3317 3142 3384 paratu
3157 3314 3669 3390 pernicioresaliis,

2020 3401 2129 3456 iter
2159 3405 2427 3455 sanctum
2461 3417 2696 3472 carpere
2727 3407 3059 3472 cmperunt;
3092 3401 3190 3458 alii
3213 3403 3448 3475 quidem
3473 3425 3673 3466 mense

2018 3489 2222 3561 Aprili,
2255 3488 2341 3544 vel
2375 3489 2546 3554 Maio,
2579 3488 2664 3544 vel
2693 3488 2889 3558 Junio,
2925 3489 3042 3546 sive
3072 3491 3248 3560 Julio,
3283 3511 3387 3550 nec
3419 3513 3532 3552 non
3565 3499 3676 3553 Au-

2021 3584 2193 3652 gusto
2210 3596 2310 3634 seu
2335 3577 2660 3650 Septembri
2679 3582 2854 3650 atque
2871 3578 3123 3649 Octobri,
3139 3586 3313 3654 prout
3327 3588 3671 3657 sumptuum

2022 3667 2429 3740 opportunitas
2457 3667 3044 3733 occurrit,subsecuti
3066 3674 3222 3724 sunt.
3240 3673 3360 3736 Quo
3393 3689 3545 3730 anno
3563 3692 3675 3748 pax

2021 3762 2078 3813 ct
2109 3758 2313 3845 ingens
2341 3755 2700 3811 abundantia
2741 3757 3017 3812 frumenti
3049 3762 3104 3813 et
3147 3759 3266 3815 vini
3315 3778 3419 3834 per
3465 3770 3676 3822 cuncta

2021 3843 2310 3900 terrarum
2357 3843 2594 3898 climata
2639 3844 2992 3912 exuberavit,
3042 3847 3385 3919 disponente
3433 3851 3571 3920 Deo,
3602 3871 3674 3910 ne

2022 3933 2191 4005 panis
2216 3932 2409 4004 inopia
2431 3933 2488 3988 in
2512 3932 2603 3988 via
2618 3933 2948 4000 deficerent,
2965 3935 3216 4006 quicum
3235 3939 3507 3997 crucibus
3524 3943 3670 4010 suis,

2014 4024 2184 4094 juxta
2210 4023 2472 4093 ejusdem
2514 4027 2822 4094 prazcepta,
2872 4039 3007 4078 eum
3051 4027 3219 4097 sequi
3263 4027 3574 4102 elegerant.
3609 4033 3675 4088 Et

2023 4112 2162 4184 quia
2189 4116 2524 4182 competens
2553 4114 2641 4165 est
2668 4110 2999 4183 principum
3034 4113 3117 4168 sic
3175 4117 3671 4188 peregrinantium

2022 4200 2262 4256 nomina
2293 4200 2350 4254 in
2386 4199 2666 4255 memoria
2691 4201 2894 4267 teneri,
2914 4201 3210 4274 llugonem
3234 4207 3530 4279 Magnum,
3549 4208 3676 4264 Phi-

2021 4290 2165 4363 lippi
2199 4290 2350 4363 regis
2383 4290 2737 4345 Francorum
2771 4289 3424 4366 fratrem,nomino,qui
3447 4295 3673 4367 primus

2021 4380 2264 4435 heroum
2301 4396 2458 4433 mare
2489 4379 2802 4448 transiens,
2836 4380 2990 4451 apud
3054 4384 3327 4437 Duratam
3376 4384 3580 4440 urbem
3613 4385 3671 4442 in

249 4469 574 4528 consilium
605 4474 957 4542 posceretur,
989 4469 1076 4524 vel
1109 4470 1242 4540 quis
1280 4470 1510 4543 aegrotis
1561 4473 1907 4528 mederetur.
1943 4490 1990 4554 Ι)
2023 4468 2294 4540 Bulgaria
2323 4485 2456 4522 cum
2491 4467 2614 4522 suis
2646 4466 2948 4539 applicuit,
2973 4469 3072 4523 sed
3107 4469 3510 4542 imprudenter
3538 4491 3671 4531 eum

247 4559 366 4616 Alii
400 4557 558 4626 huic,
593 4557 688 4614 alii
723 4557 888 4614 alteri
920 4559 1207 4614 favebant.
1243 4559 1418 4614 Prout
1449 4560 1782 4632 aspectibus
1813 4563 1910 4617 ho-

253 4648 489 4704 minum
522 4648 779 4720 patebat,
805 4647 1074 4703 Urbanus
1097 4649 1428 4720 prosperior
1447 4650 1731 4719 etjustior-
1755 4657 1910 4718 erat;

249 4737 558 4812 putandus
589 4741 676 4792 est
706 4742 856 4792 recte
886 4735 1223 4808 fortior,qui
1244 4737 1911 4810 cupiditates,tanquam

251 4826 457 4882 hostes
487 4825 744 4896 subjicit.
780 4826 1062 4881 Ravenna:
1085 4825 1247 4882 urbis
1269 4825 1584 4882 Guibertus
1603 4829 1912 4900 episcopus

251 4918 400 4978 erat,
436 4914 655 4970 honore
683 4918 742 4970 et
770 4913 984 4970 divitiis
1010 4913 1322 4985 opulentus
1354 4915 1519 4970 valde
1548 4915 1908 4988 splendebat.

252 5003 614 5070 Mirandum,
649 5020 827 5074 quare
857 5002 969 5058 sibi
1023 5007 1143 5058 tam
1189 5001 1460 5074 locupleti
1515 5009 1744 5060 tantum
1795 5024 1907 5062 non

254 5091 607 5149 sufﬁciebat.
643 5091 746 5156 Qui
780 5092 959 5146 etiam
990 5091 1062 5146 ab
1096 5091 1372 5146 omnibus
1401 5092 1696 5164 exemplar
1734 5096 1910 5165 justas

253 5178 505 5236 actionis
535 5185 592 5234 et
621 5178 975 5235 humilitatis
1005 5180 1358 5234 considerari
1393 5181 1658 5249 debebat,
1693 5200 1796 5238 cur
1828 5189 1910 5239 te-

255 5284 416 5325 mere
431 5267 844 5341 philopompus
859 5269 1127 5324 invadere
1142 5269 1577 5340 praesumpserit
1591 5273 1910 5343 regendum

255 5363 556 5430 sceptrum
589 5357 818 5429 imperii
849 5357 1162 5412 Dei?Sane
1195 5373 1308 5412 non
1339 5363 1428 5411 est
1456 5357 1509 5410 vi
1541 5361 1912 5433 rapiendum,

250 5464 460 5504 verum
489 5464 624 5502 cum
657 5446 879 5502 ratione
904 5449 962 5500 et
990 5444 1291 5500 devotione
1322 5444 1782 5516 suscipiendum.
1811 5450 1916 5510 De-

253 5535 356 5594 bet
385 5539 696 5609 susceptor
725 5551 840 5591 non
871 5549 976 5607 pro
1006 5533 1224 5592 honore
1247 5535 1490 5601 tumere,
1512 5536 1612 5592 sed
1643 5539 1918 5598 commis-

2025 4557 2257 4629 agmine
2289 4574 2417 4612 raro
2447 4557 2684 4626 vadens,
2705 4555 2783 4610 ibi
2815 4557 2885 4611 ab
2919 4556 3063 4628 ipsis
3091 4558 3314 4615 civibus
3335 4565 3540 4634 captus
3561 4568 3670 4634 est,

2023 4651 2078 4702 et
2099 4664 2281 4718 usque
2299 4646 2370 4700 ad
2390 4645 2798 4717 imperatorem
2817 4645 3527 4722 Constantinopolitanum
3551 4669 3676 4724 per-

2023 4737 2254 4803 ductus,
2293 4735 2391 4790 ubi
2425 4751 2527 4806 per
2564 4733 2931 4806 aliquantum
2962 4737 3243 4808 temporis
3274 4755 3388 4794 non
3433 4741 3673 4798 omnino

2022 4826 2170 4880 liber
2199 4829 2462 4880 moratus
2492 4827 2599 4878 est.
2643 4824 2892 4895 Postque
2920 4839 3054 4878 eum
3089 4824 3488 4896 Bujamandus
3516 4831 3670 4904 Apu-

2021 4913 2134 4982 lus,
2163 4913 2396 4970 Roberti
2429 4911 2770 4968 Guischardi
2806 4910 3222 4986 ﬁlius,origine
3255 4920 3445 4973 tamen
3469 4919 3676 4976 North-

2021 5021 2296 5068 mannus,
2329 5020 2430 5075 per
2461 5002 2725 5057 eumdem
2759 5001 3054 5058 tramitem
3089 5019 3222 5059 cum
3272 5007 3524 5064 exercitu
3565 5027 3674 5066 suo

2021 5092 2251 5148 meavit.
2285 5091 2632 5148 Godei‘ridus
2665 5091 2883 5162 quippe
2915 5093 3031 5147 dux
3062 5093 3222 5165 regni
3274 5094 3675 5157 Lotbariensis

2021 5200 2122 5253 per
2143 5183 2548 5252 llungarorum
2568 5181 2814 5254 patriam
2837 5179 2935 5235 ivit
2956 5197 3090 5238 cum
3110 5185 3280 5254 gente
3302 5184 3506 5240 multa.
3533 5186 3678 5259 Ray-

2022 5271 2280 5326 mundus
2325 5287 2456 5325 vero
2507 5287 2701 5326 comes
2741 5267 3137 5337 Provincialis,
3188 5287 3321 5326 cum
3368 5271 3575 5327 Gothis
3622 5278 3680 5328 et

2022 5360 2405 5424 Gaseonibus,
2438 5359 2750 5432 episcopus
2783 5375 3016 5432 quoque
3050 5355 3366 5424 Podiensis,
3393 5375 3498 5429 per
3527 5359 3680 5414 Scla-

2022 5449 2254 5505 veniam
2285 5447 2664 5505 transierunt.
2689 5449 2894 5504 Petrus
2917 5447 3171 5504 Eremita
3199 5445 3464 5518 quidam,
3484 5445 3682 5502 multis

2025 5537 2136 5597 sibi
2166 5536 2411 5609 adjectis
2443 5539 2766 5611 peditibus,
2798 5535 2903 5592 sed
2934 5535 3218 5595 militibus
3246 5532 3476 5606 paucis,
3511 5529 3684 5606 primi
