3998 6088
339 349 454 418 881

873 350 974 413 ΑΙ)
1020 348 1531 414 GODEFRIDUM
1574 346 1907 411 APPEND.
1953 345 2032 408 II.
2065 377 2143 396 --
2171 343 2484 409 MONUM.
2529 346 2633 409 DE
2674 345 2924 410 BELLO
2969 346 3245 410 SACRO.

3626 343 3745 410 832

341 495 439 548 tus
470 506 573 563 per
601 485 958 560 Hungariam
990 483 1279 557 perrexit;
1333 484 1500 553 cujus
1543 481 1733 554 gentis
1782 484 1984 553 postea
2014 479 2066 548 Α
2099 478 2339 550 positas,
2372 479 2599 551 gladios
2631 497 2770 537 suos
2811 479 2871 536 in
2922 479 3200 538 manibus
3227 484 3514 547 tenentes,
3543 479 3747 553 inique

344 586 581 652 satrapa
609 577 718 632 fuit
742 576 981 647 quidam
1012 571 1754 644 Galterius,Sine-pecunia
1776 571 1989 632 dictus,

344 670 512 726 miles
533 667 770 739 quidem
789 664 1064 738 Optimus,
1085 663 1182 736 qui
1204 667 1403 734 postea
1422 662 1571 716 intra
1595 661 1991 716 Nicomediam

343 765 399 816 et
427 757 677 816 Nicaeam
699 756 894 822 urbes,
921 771 1053 809 cum
1086 753 1288 810 multis
1319 752 1603 808 consociis
1635 751 1758 806 suis
1791 768 1824 806 a
1855 752 1996 806 Tur”

344 850 428 906 eis
459 847 686 904 occisus
730 845 858 900 fuit.
910 848 1101 897 Mense
1150 859 1281 897 vero
1331 841 1656 913 Septembri
1707 842 1994 898 Robertus

342 933 777 994 Northmanniaa
800 949 1014 996 comes,
1049 931 1344 986 Guillelmi
1386 931 1539 1002 regis
1576 930 1893 1002 Anglorum
1928 931 1993 984 ﬁ-

341 1027 478 1093 lius,
511 1025 618 1079 iter
647 1022 912 1094 arripuit,
945 1020 1182 1075 collecto
1216 1019 1326 1074 sibi
1376 1021 1628 1074 exercitu
1678 1037 1890 1092 magno
1923 1020 1992 1074 de

341 1112 781 1177 Northmannis,
805 1115 861 1166 et
895 1109 1114 1181 Anglis,
1148 1114 1319 1180 atque
1352 1109 1683 1174 Britannis;
1717 1125 1846 1162 cum
1881 1125 1995 1180 quo

342 1205 445 1260 ivit
473 1203 648 1258 etiam
681 1200 1014 1271 Stephanus
1043 1215 1238 1253 comes
1271 1198 1911 1260 Blesensis,’l‘heobaldi
1938 1199 2000 1253 ἢ·

339 1293 477 1359 lius,
511 1296 568 1346 et
597 1291 885 1346 Robertus
915 1303 1108 1344 comes
1143 1287 1446 1353 Flandriaa,
1499 1287 1745 1354 adjectis
1797 1287 1892 1342 his
1943 1291 1999 1342 et

341 1381 544 1439 multis
576 1379 709 1436 aliis
739 1377 1055 1433 nobilibus.
1074 1378 1274 1449 Itaque
1304 1381 1463 1432 tanto
1493 1375 1737 1448 collegio
1761 1377 1834 1430 ab
1856 1376 2004 1432 occi'

340 1469 671 1530 dentalibus
705 1468 968 1540 partibus
993 1467 1356 1538 procedente,
1379 1465 1662 1536 paulatim
1687 1483 1790 1537 per
1817 1465 1995 1535 viam,

341 1559 656 1626 diatim,de
685 1558 996 1612 innumera
1020 1558 1190 1627 gente
1211 1555 1497 1612 concrevit
1528 1555 1815 1610 exercitus
1847 1572 2002 1610 exer-

339 1651 562 1707 cituum
596 1645 857 1717 undique
882 1643 1373 1708 convenientium,
1396 1648 1461 1698 ut
1479 1644 1550 1699 de
1581 1643 1798 1716 linguis
1827 1642 2001 1716 pluri-

340 1741 452 1797 bus
481 1741 538 1793 et
566 1735 904 1808 regionibus
925 1732 1129 1788 multis
1153 1732 1427 1788 videretis
1451 1732 1894 1787 multitudinem
1919 1733 2000 1786 in-

2103 569 2496 640 arripiebant;
2529 569 2626 626 alii
2656 587 2789 626 vero
2820 588 2996 643 super
3024 571 3221 627 trabes
3246 571 3512 643 ejusdem
3545 588 3746 627 mona-

2102 657 2261 714 sterii
2293 659 2674 726 cursitabant,
2721 664 2778 716 et
2820 660 2953 720 inde
3001 660 3274 717 deorsum
3322 659 3423 718 ubi
3473 661 3749 732 prostrati

2103 747 2416 803 orabamus
2447 747 2670 820 lapides
2691 749 3006 821 jaeiebant.
3030 749 3172 806 Nam
3197 767 3331 805 cum
3361 749 3626 805 viderent
3657 749 3754 806 ali-

2105 853 2279 907 quem
2302 835 2532 893 Urbano
2551 837 2803 903 ﬁdelem,
2818 837 2973 894 illico
2989 839 3282 894 trucidare
3303 856 3438 895 eum
3459 838 3750 896 volebant.

2106 925 2168 980 In
2201 942 2330 980 arce
2361 931 2556 981 autem
2587 944 2705 982 una
2735 926 3075 983 monasterii
3098 927 3327 983 inerant
3358 929 3627 985 homines
3659 930 3758 985 Ur-

2107 1015 2261 1080 bani,
2297 1015 2398 1086 qui
2431 1032 2558 1070 eam
2592 1015 2836 1074 sollicite
2891 1016 3298 1072 custodiebant
3327 1017 3386 1072 in
3417 1017 3607 1090 ipsius
3651 1019 3756 1074 Ur-

2106 1105 2241 1160 bani
2272 1104 2630 1172 fidelitatem,
2663 1109 2721 1160 et
2751 1105 3193 1161 adversantibus
3224 1107 3360 1174 sibi,
3391 1112 3564 1180 prout
3597 1113 3754 1180 pote-

2106 1198 2255 1260 rant,
2275 1193 2656 1249 obsistebant.
2677 1195 2829 1251 Satis
2860 1196 3101 1268 proinde
3129 1195 3447 1262 doluimus,
3468 1213 3602 1253 cum
3635 1203 3761 1252 tan-

2107 1288 2228 1339 tam
2261 1283 2584 1354 nequitiam
2609 1283 2688 1339 ibi
2710 1283 2834 1340 ﬁeri
2855 1284 3130 1340 vidimus.
3150 1285 3263 1340 Sed
3285 1285 3365 1340 nil
3389 1284 3548 1340 aliud
3569 1287 3758 1342 facere

2109 1373 2429 1446 potuimus,
2449 1372 2562 1428 nisi
2594 1374 2748 1446 quod
2781 1391 2814 1429 ο.
2844 1373 3090 1429 Domino
3119 1373 3435 1431 vindictam
3467 1376 3604 1431 inde
3633 1377 3756 1433 ﬁeri

2109 1463 2458 1535 aptavimus.
2492 1462 2606 1518 Nec
2638 1479 2801 1518 mora
2829 1462 2967 1518 inde
2998 1463 3171 1533 facta,
3203 1462 3396 1529 multi,
3427 1464 3529 1536 qui
3562 1464 3759 1520 nobis-

2110 1569 2243 1607 cum
2273 1551 2413 1608 illuc
2445 1569 2631 1624 usque
2677 1555 2980 1617 venerunt,
3031 1551 3104 1606 ad
3153 1551 3358 1608 domos
3397 1569 3537 1610 suas
3569 1553 3762 1626 ignavi

2110 1642 2428 1696 redierunt.
2460 1641 2576 1696 Nos
2608 1645 2806 1696 autem
2839 1657 2941 1712 per
2993 1640 3246 1696 mediam
3295 1641 3673 1714 Campaniam
3708 1647 3768 1699 et

2109 1730 2376 1802 Apuliam
2411 1734 2634 1796 euntes,
2668 1730 3044 1802 pervenimus
3088 1731 3353 1798 Burrum,
3403 1749 3529 1804 qua:
3561 1733 3770 1789 civitas

339 1828 584 1884 finitam.
621 1825 745 1880 Non
780 1827 974 1878 tamen
1007 1838 1210 1877 omnes
1242 1822 1300 1876 in
1334 1839 1517 1877 unum
1550 1823 1838 1876 exercitus
1871 1838 2001 1876 con-
2033 1853 2077 1917 Β
2110 1819 2350 1891 optima,
2371 1819 2429 1874 in
2459 1819 2640 1874 maris
2662 1819 2925 1891 margine
2947 1820 3058 1874 sita
3077 1820 3418 1893 est;ibique
3440 1821 3499 1876 in
3521 1821 3772 1878 ecclesia

340 1915 560 1991 gregati
575 1913 1018 1978 fuerunt,donec
1031 1911 1102 1966 ad
1116 1909 1368 1966 Nicaram
1383 1911 1586 1966 urbem
1604 1911 1994 1982 pervenimus.

342 2005 490 2074 Quid
523 2021 658 2076 ergo
690 1999 920 2057 dicam?
941 1999 1146 2055 insulae
1171 1999 1442 2066 marium,
1461 2005 1516 2054 et
1537 1999 1800 2054 omnium
1824 2004 2000 2054 terra'

341 2112 473 2152 rum
505 2110 686 2165 regna
715 2107 997 2147 concussa
1032 2107 1065 2144 a
1096 2089 1211 2144 Deo
1243 2093 1400 2154 sunt,
1437 2094 1503 2143 ut
1533 2089 1610 2143 sit
1641 2089 1995 2144 credendum

341 2181 650 2254 adimpleri
681 2179 916 2236 Davidis
938 2177 1323 2250 prophetiam,
1353 2177 1542 2248 quain
1571 2176 1794 2248 psalmo
1817 2176 1991 2232 dixit:

343 2273 534 2330 Omnes
561 2277 740 2342 gentes
769 2283 1115 2340 quascunque
1167 2269 1367 2338 fecisti,
1417 2269 1654 2328 venient,
1703 2274 1754 2322 et
1798 2267 1993 2321 adora-

345 2364 477 2419 bunt
496 2376 680 2417 coram
710 2367 778 2424 te,
803 2359 1030 2414 Domine
1056 2357 1228 2424 (Psal.
1251 2373 1462 2422 οιχκκν,
1495 2357 1569 2427 9),
1595 2359 1652 2410 et
1683 2360 1747 2410 ut
1776 2356 1847 2410 de
1860 2357 1994 2426 jure

340 2451 579 2508 tandem
627 2448 826 2504 dicant
871 2445 1008 2501 illuc
1053 2445 1454 2517 pervenientes
1489 2461 1500 2500 :
1544 2445 1902 2501 Adorabimus
1935 2447 1994 2499 in

343 2542 455 2597 loco
485 2541 582 2594 ubi
609 2543 870 2594 steterunt
896 2534 1054 2607 pedes
1097 2535 1214 2606 ejus
1243 2535 1417 2601 (Psal.
1450 2551 1632 2598 cxxxn,
1663 2535 1740 2606 7).
1774 2534 1852 2589 De
1885 2533 1993 2588 hoc

340 2629 546 2686 itinere
563 2628 736 2684 etiam
760 2625 1014 2697 plurima
1035 2623 1092 2678 in
1117 2623 1436 2694 prophetiis
1458 2623 1730 2695 legimus.
1747 2623 1790 2678 Ο
1814 2640 1995 2694 quan-

342 2724 439 2775 tus
486 2721 610 2774 erat
658 2714 854 2771 dolori
907 2717 1126 2785 quanta
1174 2711 1465 2784 suspiria!
1512 2717 1652 2784 quot
1696 2711 1989 2784 ploratus!

343 2812 486 2882 quot
513 2806 768 2862 lamenta
800 2803 952 2858 inter
980 2800 1233 2858 amicos!
1268 2819 1404 2856 cum
1454 2801 1701 2858 maritus
1745 2801 1994 2856 derelin-

344 2900 548 2970 queret
579 2909 814 2950 uxorem
849 2908 1014 2947 suam
1040 2891 1148 2948 sibi
1171 2895 1291 2945 tam
1314 2889 1608 2957 dilectam,
1627 2907 1836 2962 pueros
1858 2907 1996 2961 quo-

345 3002 456 3059 que
487 3001 646 3049 suos,
668 2980 1068 3054 possessiones
1098 2979 1512 3052 quantaslibet,
1531 2979 1616 3035 vel
1642 2977 1992 3051 patrem.vel

345 3079 612 3133 matrem.
647 3075 750 3127 aut
781 3071 1007 3136 fratres,
1043 3073 1144 3125 aut
1174 3073 1462 3141 parentes.
1498 3069 1567 3123 Et
1615 3067 1881 3140 quamvis
1907 3071 1995 3122 tot

344 3163 612 3236 laerymaa
645 3176 748 3233 pro
781 3158 986 3214 amicis
1007 3157 1176 3214 ituris
1198 3158 1282 3213 sic
1305 3161 1436 3212 ante
1457 3157 1690 3212 eosdem
1716 3157 1787 3212 ab
1810 3154 1994 3211 oculis

2109 1908 2304 1964 Sancti
2335 1907 2555 1963 Nicolai
2587 1907 2734 1964 fusis
2765 1908 2835 1963 ad
2869 1908 3052 1964 Deum
3078 1909 3351 1980 precibus
3373 1911 3609 1975 nostris,
3633 1929 3769 1984 por-

2104 2001 2231 2053 tum
2263 2002 2402 2053 tunc
2433 1998 2734 2064 adeuntes,
2769 1997 2896 2053 sine
2929 2014 3093 2053 mora
3121 1999 3503 2056 transfretare
3533 2001 3766 2073 putavi-

2107 2104 2261 2142 mus.
2281 2087 2390 2142 Sed
2423 2085 2766 2142 absentibus
2789 2087 2985 2142 nautis
3006 2092 3062 2142 et
3091 2088 3471 2160 praevaricant
3503 2089 3743 2146 fortuna

2104 2181 2338 2248 tempus
2369 2175 2541 2231 etiam
2573 2181 2713 2230 tunc
2745 2180 2869 2231 erat
2897 2175 3168 2244 hiemale,
3203 2177 3360 2250 quod
3403 2179 3572 2235 nobis
3607 2181 3769 2235 noci-

2102 2282 2238 2320 vum
2258 2264 2876 2336 obiecerunt,oportuit
2897 2265 3239 2321 Rotbertum
3257 2266 3540 2324 Comitem
3557 2267 3774 2324 North-

2104 2354 2352 2410 manniae
2375 2355 2432 2408 in
2457 2353 2778 2409 Calabriam
2804 2353 3107 2423 divertere,
3128 2360 3185 2411 et
3205 2359 3324 2411 toto
3343 2357 3597 2412 brumali
3621 2363 3771 2414 tem-

2102 2461 2240 2516 pore
2268 2442 2385 2498 illic
2416 2442 2694 2500 hiemare.
2728 2444 2892 2499 Tunc
2922 2447 3118 2500 tamen
3149 2461 3345 2500 comes
3378 2445 3758 2503 Flandrensis

2102 2534 2415 2609 Rotbertus
2445 2549 2576 2588 cum
2610 2532 2844 2588 cohorte
2875 2549 2984 2588 sua
3001 2534 3414 2589 transfretavit.
3438 2536 3602 2592 Tunc
3623 2535 3758 2608 plu-

2101 2621 2234 2678 rimi
2266 2623 2335 2678 de
2375 2621 2732 2694 pauperibus
2778 2621 2868 2678 vel
2915 2621 3141 2695 ignavis
3188 2623 3444 2695 inopiam
3492 2625 3758 2681 futuram

2101 2715 2448 2777 metuentes,
2463 2711 2718 2766 arcubus
2749 2710 2874 2767 suis
2893 2710 3162 2778 venditis,
3178 2717 3235 2768 et
3254 2713 3478 2768 baculis
3501 2716 3763 2787 peregri-

2101 2800 2352 2857 nationis
2413 2801 2752 2872 resumptis,
2806 2801 2876 2856 ad
2932 2801 3268 2856 mansiones
3317 2819 3458 2858 suas
3507 2805 3766 2876 regressi

2101 2895 2260 2946 sunt.
2311 2892 2435 2956 Qua
2484 2890 2556 2945 de
2607 2905 2667 2944 re
2713 2889 2858 2946 viles
2907 2894 3028 2945 tam
3062 2891 3179 2946 Deo
3209 2908 3386 2963 quam
3419 2893 3768 2950 hominibus

2101 2979 2235 3035 facti
2271 2982 2431 3047 sunt,
2467 2983 2525 3034 et
2553 2995 2787 3034 versum
2822 2983 2910 3035 est
2939 2979 3023 3035 eis
3053 2979 3112 3034 in
3144 2981 3542 3053 opprobrium.

2739 3069 2966 3124 CAPUT
3007 3068 3104 3124 III.

2182 3157 2343 3212 Anno
2372 3155 2554 3228 igitur
2581 3155 2810 3212 Domini
2842 3155 3032 3212 milies
3055 3155 3202 3213 sime
3234 3157 3611 3232 nonagesimo
3638 3177 3773 3234 sep-

345 3222 771 3308 remanentium
790 3247 1574 3318 funderentur,nequaquam
1595 3246 1837 3318 proinde
1856 3243 2001 3298 mul-
2029 3222 2072 3290 (ἶ
2109 3246 2273 3312 timo,
2309 3246 2618 3302 reducente
2647 3262 2822 3300 verno
2851 3250 3110 3318 tempore
3152 3263 3414 3303 mensem
3463 3250 3767 3333 Martium,

345 3341 626 3397 cebantur
646 3337 788 3409 quin
809 3339 1044 3408 propter
1072 3351 1326 3390 amorem
1353 3334 1446 3389 Dei
1473 3339 1684 3389 cuncta
1707 3351 1833 3406 quae
1867 3349 1992 3405 pos-

346 3429 616 3486 sidebant
647 3426 1060 3496 relinquerent,
1093 3423 1497 3478 indubitanter
1525 3423 1823 3477 credentes
1853 3439 1990 3476 cen-

345 3517 578 3591 tuplum
610 3515 754 3570 illud
787 3513 1101 3585 percipere,
1125 3513 1276 3584 quod
1305 3511 1588 3567 Dominus
1612 3512 1880 3583 promisit
1911 3527 1995 3565 se-

345 3606 663 3681 quentibus
695 3620 756 3659 se
786 3603 999 3670 (Matth.
1032 3619 1145 3666 xxx,
1176 3601 1288 3669 29).
1321 3603 1485 3656 Tunc
1516 3603 1726 3670 conjux
1758 3602 1991 3673 conjugi

345 3696 597 3770 ponebat
627 3691 941 3748 terminum
975 3691 1319 3756 revertendi,
1353 3691 1530 3762 quod,
1563 3691 1612 3744 si
1644 3691 1867 3754 vixerit,
1903 3691 1992 3745 in-

348 3786 578 3842 fratres
605 3798 791 3838 annos
822 3781 893 3838 ad
949 3797 1072 3836 eam
1127 3779 1484 3851 repatriabit.
1537 3779 1997 3834 Commendabat

347 3874 432 3930 sic
463 3889 590 3930 eam
623 3869 889 3935 Domino,
925 3869 1190 3925 osculum
1241 3869 1562 3941 porrigens,
1613 3874 1669 3924 et
1717 3868 1996 3941 pollicens

347 3980 409 4020 se
441 3961 786 4017 rediturum.
824 3957 928 4014 Illa
957 3963 1150 4014 autem
1187 3958 1397 4014 timens
1447 3976 1560 4013 non
1613 3957 1865 4030 amplius
1912 3959 1995 4011 vi-

349 4053 484 4108 dere
514 4067 669 4118 eum,
713 4065 828 4103 non
858 4047 1083 4102 valebat
1131 4064 1244 4118 pra:
1293 4047 1489 4102 dolore
1536 4065 1598 4102 se
1645 4052 1993 4113 sustentare,

349 4141 489 4212 quin
522 4139 592 4194 ad
623 4143 839 4192 terram
884 4141 1074 4191 rueret
1104 4135 1406 4202 exanimis,
1442 4137 1650 4208 lugens
1676 4153 1780 4208 pro
1809 4137 1996 4191 amico

349 4246 476 4294 suo,
530 4243 704 4298 quem
757 4224 1006 4297 perdidit
1053 4225 1462 4295 vivum,quasi
1501 4227 1625 4296 jam
1675 4230 1995 4279 mortuum.

351 4317 451 4374 Ille
480 4333 614 4371 vero
644 4320 925 4387 tanquam
957 4313 1034 4368 nil
1071 4313 1302 4386 pietatis
1334 4313 1573 4379 habens,
1594 4319 1650 4368 et
1677 4318 1872 4368 tamen
1905 4313 2001 4367 ha-

352 4407 514 4470 bens,
551 4419 654 4459 nec
687 4403 845 4459 ﬂetui
881 4402 1076 4458 uxoris
1114 4419 1254 4466 suae,
1289 4418 1474 4471 neque
1505 4401 1778 4469 filiorum,
1812 4418 2010 4473 neque

353 4495 671 4552 amicorum
697 4508 1183 4564 quorumcunque
1206 4491 1611 4556 condolens,et
1633 4496 1822 4545 tamen
1849 4490 1998 4545 clam

2097 3351 2294 3390 comes
2325 3335 2525 3390 statim
2557 3334 3022 3400 Northmannus,
3068 3339 3126 3390 et
3173 3351 3375 3392 comes
3426 3337 3771 3408 Stephanus

2099 3423 2520 3496 Blesensis,qui
2547 3424 2717 3494 juxta
2743 3439 2878 3478 eum
2913 3423 3185 3480 similiter
3204 3429 3438 3497 tempus
3469 3432 3772 3499 exspecta-

2098 3518 2258 3568 verat
2286 3516 2702 3584 opportunum,
2738 3530 2898 3568 mare
2928 3514 3305 3585 repetierunt.
3341 3515 3409 3570 Et
3440 3514 3629 3572 classe
3659 3534 3769 3589 pa-

2101 3606 2246 3665 rata.
2278 3601 2472 3656 Nonas
2503 3601 2740 3674 Aprilis,
2773 3602 2928 3674 quod
2978 3607 3118 3658 tunc
3161 3601 3252 3657 die
3302 3603 3489 3658 sancti
3537 3604 3772 3661 Pascha

2101 3690 2308 3759 evenit,
2326 3691 2478 3763 apud
2506 3695 2740 3762 portum
2773 3691 3253 3747 Brundusianum
3285 3695 3438 3747 rates
3467 3709 3603 3748 cum
3636 3694 3772 3749 suis

2103 3780 2590 3836 conscenderunt.
2624 3779 2669 3835 Ο
2700 3796 2876 3851 quam
2916 3778 3214 3852 incognita
3245 3784 3304 3836 et
3331 3780 3774 3853 investigabilia

2104 3874 2242 3925 sunt
2272 3867 2490 3940 judicia
2522 3868 2621 3924 Dei
2649 3865 2662 3923 l
2688 3867 2963 3923 Vidimus
2989 3869 3147 3924 enim
3176 3868 3368 3924 navim
3402 3887 3582 3925 unam
3613 3870 3776 3927 inter

2105 3964 2362 4022 caeteras,
2395 3974 2524 4028 quae
2557 3974 2673 4012 non
2707 3959 3149 4029 superveniente
3192 3957 3495 4014 occasione
3543 3959 3768 4032 aliqua,

2106 4064 2208 4119 per
2229 4045 2487 4101 medium
2513 4046 2706 4101 subito
2723 4049 2927 4101 eventu
2947 4062 3124 4118 prope
3144 4045 3310 4104 littus
3328 4047 3508 4102 maris
3526 4049 3770 4104 subcre-

2107 4134 2424 4208 puit.Unde
2438 4135 2554 4190 fere
2566 4134 2978 4208 quadringenti
2997 4135 3304 4208 utriusque
3321 4153 3494 4192 sexus
3511 4137 3772 4193 demersi

2107 4224 2423 4297 perierunt,
2441 4224 2510 4278 de
2531 4224 2748 4296 quibus
2765 4222 3166 4295 lausjucunda
3186 4225 3302 4280 Deo
3325 4224 3523 4280 statim
3539 4227 3769 4282 sonuit.

2107 4315 2250 4370 Nam
2286 4330 2418 4367 cum
2451 4329 2692 4385 corpora
2715 4314 2841 4384 jam
2874 4317 3104 4368 mortua
3154 4313 3250 4384 qui
3305 4313 3774 4371 circumstabant

2109 4419 2212 4474 pro
2233 4418 2400 4473 posse
2419 4400 2872 4473 recollegissent,
2887 4401 3236 4458 invenerunt
3252 4401 3310 4458 in
3330 4403 3608 4458 carnibus
3629 4421 3773 4478 quo-

2113 4491 2411 4555 rumdam,
2435 4489 2656 4544 scilicet
2687 4506 2865 4562 super
2893 4490 3175 4562 spatulas,
3208 4491 3401 4548 crucis
3430 4492 3490 4547 in
3523 4494 3769 4549 modum

353 4581 685 4648 condolens,
719 4581 820 4636 sed
853 4581 999 4636 duro
1030 4581 1226 4635 animo
1253 4584 1528 4634 constans
1559 4579 1776 4633 abibat.
1803 4579 2003 4634 Tristi-
2032 4595 2080 4660 Ι)
2112 4585 2280 4635 notas
2310 4577 2810 4650 insignitas.Nam
2833 4579 2989 4650 quod
3017 4579 3074 4634 in
3109 4580 3320 4651 pannis
3350 4581 3474 4636 suis
3501 4581 3611 4636 vivi
3643 4599 3775 4654 ges—

352 4671 433 4726 tia
484 4669 938 4734 remanentibus,
974 4668 1252 4741 gaudium
1297 4673 1492 4723 autem
1541 4667 1819 4724 euntibus
1857 4674 1998 4724 erat.

353 4759 500 4826 Quid
551 4759 742 4814 dicere
789 4758 1086 4829 possimus
1135 4757 1383 4813 inde?A
1439 4759 1663 4812 Domino
1690 4760 1896 4829 fartum
1923 4766 2003 4814 est

355 4847 518 4914 istud,
536 4855 587 4902 et
615 4855 694 4902 est
721 4847 980 4902 mirabile
1009 4849 1066 4902 in
1098 4847 1269 4902 oculis
1289 4848 1491 4901 nostris
1513 4846 1680 4916 (Psal.
1699 4862 1868 4912 cxvn,
1887 4849 1998 4915 23),

355 4938 541 5011 Igitur
571 4953 676 4992 nos
710 4935 912 4991 Franci
945 4934 1330 4991 occidentales
1364 4953 1464 5006 per
1495 4933 1716 4989 Italiam
1762 4952 2006 4991 excursa

355 5025 542 5082 Gallia
569 5029 960 5092 transeuntes,
995 5041 1127 5079 cum
1161 5041 1347 5095 usque
1381 5024 1595 5078 Lucam
1643 5025 2005 5096 pervenisse-

359 5133 513 5182 mus,
547 5115 876 5170 invenimus
907 5129 1083 5185 prope
1113 5112 1314 5166 urbem
1347 5111 1506 5168 illam
1539 5112 1836 5168 Urbanum
1867 5130 2010 5185 apo-

359 5205 652 5270 stolicum,
704 5219 837 5257 cum
899 5218 1011 5272 quo
1068 5200 1245 5256 locuti
1295 5205 1434 5255 sunt
1478 5217 1671 5256 comes
1722 5202 2009 5258 Robertus

359 5292 894 5358 Northmannus,et
923 5305 1118 5344 comes
1150 5287 1624 5359 Stephanus,nos
1656 5306 1888 5360 quoque
1908 5306 2008 5344 cae-

360 5379 470 5436 teri
501 5379 598 5450 qui
630 5378 942 5433 voluimus.
981 5378 1050 5432 Et
1082 5378 1152 5431 ab
1183 5393 1249 5432 eo
1281 5377 1680 5433 benedictione
1712 5383 2005 5450 suscepta,

361 5468 681 5540 gaudenter
711 5466 954 5522 Romam
979 5465 1188 5522 ivimus
1228 5466 1448 5520 Etcum
1473 5467 1530 5521 in
1555 5465 1794 5521 basilica
1812 5468 2007 5521 Sancti

363 5554 512 5609 Petri
543 5554 970 5622 introissemus,
1006 5553 1335 5610 invenimus
1373 5562 1504 5610 ante
1533 5555 1712 5610 altare
1741 5555 2008 5611 homines

363 5641 622 5704 Guiberti
654 5660 813 5716 papre
845 5643 1060 5711 stolidi,
1094 5647 1193 5716 qui
1229 5640 1556 5702 oblationes
1589 5643 1757 5702 altari
1803 5661 2010 5718 super-

2110 4666 3034 4738 taverunt,competebat,Domino
3059 4668 3303 4737 volente,
3321 4668 3379 4723 in
3399 4669 3542 4741 ipsis
3563 4670 3620 4724 in
3646 4688 3770 4726 ser-

2107 4757 2247 4812 vitio
2279 4773 2385 4810 suo
2407 4756 2491 4811 sic
2513 4757 2934 4827 praeoccupatis
2957 4755 3108 4811 idem
3133 4756 3367 4830 signum
3388 4757 3770 4814 victoriosum

2112 4847 2223 4902 sub
2255 4844 2388 4916 ﬁdei
2420 4846 2662 4917 pignore
2684 4861 3025 4917 permanere
3053 4864 3064 4914 ;
3089 4845 3264 4901 etiam
3298 4847 3559 4918 patefieri
3577 4848 3772 4902 consi-

2113 4921 2567 4991 derantibustali
2588 4932 2871 4989 miraculo
2893 4933 3099 4990 merito
3119 4935 3362 5008 dignum
3379 4940 3523 5003 erat,
3548 4952 3648 4992 eos
3672 4937 3773 4992 de-

2117 5013 2347 5080 functOs
2367 5023 2475 5078 sub
2486 5021 2888 5079 misericordia
2906 5023 2998 5080 Dei
3007 5024 3133 5094 jam
3149 5023 3403 5096 quietem
3423 5025 3554 5080 vitae
3573 5042 3777 5098 peren-

2118 5113 2210 5169 nis
2231 5107 2472 5186 adeptos
2491 5111 2765 5178 fuisse,ut
2778 5112 3151 5169 verissimum
3168 5117 3392 5184 pateret
3412 5112 3471 5169 id
3489 5113 3770 5188 compleri

2117 5202 2272 5273 quod
2284 5218 2294 5226 ‘
2316 5201 2600 5272 scriptum
2641 5205 2762 5257 est:
2796 5203 2980 5258 Justus
3018 5219 3127 5274 qua
3159 5211 3332 5258 morte
3359 5213 3776 5276 praeoccupatus

2114 5292 2303 5363 fuerit,
2321 5292 2380 5344 in
2401 5291 2686 5360 refrigerio
2704 5292 2811 5346 erit
2831 5294 2852 5358 (
2871 5289 3180 5364 Sap.1v,7).
3208 5291 3287 5347 De
3311 5291 3552 5365 reliquis
3574 5298 3773 5350 autem

2109 5380 2235 5450 jam
2261 5395 2394 5433 cum
2419 5381 2604 5433 morte
2625 5377 3118 5447 luctantibus,viri
3141 5379 3312 5452 pauci
3331 5379 3511 5436 vitam
3530 5383 3780 5438 mtinue.

2118 5472 2255 5536 runt
2273 5466 2426 5538 ;equi
2439 5483 2571 5522 vero
2587 5471 2647 5522 et
2665 5467 2809 5522 muli
2821 5468 2932 5524 sub
2951 5468 3127 5524 undis
3143 5468 3415 5525 exstincti
3430 5474 3569 5526 sunt
3587 5487 3779 5544 ;pecu-

2119 5556 2217 5626 nia
2236 5571 2464 5627 quoque
2483 5554 2668 5610 multa
2685 5556 2910 5629 perdita
2927 5560 3034 5614 est.
3049 5557 3212 5623 Quod
3235 5557 3624 5615 infortunium
3639 5576 3774 5616 cum

2122 5633 2480 5712 videremus,
2513 5661 2724 5718 pavore
2739 5645 2948 5720 grandi
2969 5646 3196 5706 confusi
3221 5663 3450 5720 sumus,
3481 5647 3775 5707 intentum
