3998 6088
332 279 450 340 835

840 276 946 338 AD
990 273 1497 340 GODEFRIDUM
1551 270 1880 335 APPEND.
1909 268 2005 370 ‘II.
2039 300 2116 316 —-
2144 270 2451 334 MONUM.
2499 273 2600 335 DE
2643 273 2894 336 BELLO
2935 273 3213 338 SACRO.

3617 272 3734 336 836

332 412 510 468 vitam
542 409 822 467 ﬁniebant
853 407 1328 465 defuncti.Multa
1347 405 1673 464 coemeteria
1703 402 1974 459 videretis
2005 403 2057 468 Α
2091 404 2220 469 bus,
2257 405 2354 476 qui
2383 405 2621 477 triginta
2663 406 2890 461 dierum
2922 407 3148 473 itinere,
3180 411 3236 462 ct
3265 423 3331 461 eo
3364 404 3640 477 amplius,
3673 405 3732 460 in

334 501 394 557 in
423 498 692 565 callibus,
725 501 784 553 et
813 497 874 552 in
906 496 1153 569 campis,
1185 501 1242 552 ct
1271 496 1332 552 in
1362 495 1536 563 lucis,
1565 495 1634 550 de
1657 492 1978 566 peregrinis

334 589 552 646 nostris
574 587 660 644 sic
682 585 1267 659 sepultis.Sciendum
1292 585 1429 657 quia
1449 583 1712 656 quandiu
1729 581 1978 637 Nicaeam

333 679 538 734 urbem
589 674 1094 742 circumsedimus,
1129 675 1357 748 navigio
1408 673 1653 738 marino,
1691 687 1978 728 consensu

333 765 916 840 imperatoris,victus
940 764 1108 819 nobis
1132 764 1201 818 ad
1233 763 1542 818 emendum
1569 761 1705 816 illuc
1728 765 1816 815 est
1837 759 1979 815 alla-

332 861 448 912 tus.
483 858 647 910 Tunc
677 854 882 909 heroes
931 852 1116 908 nostri
1166 853 1427 908 fecerunt
1477 850 1780 906 machinas
1831 849 1976 914 ﬁeri,

333 945 563 1011 arietes,
597 943 838 1009 scrofae,
873 947 1064 996 turres
1096 940 1339 1013 ligneas,
1374 937 1980 1012 petrarias.Distende-

331 1035 545 1090 bantur
575 1032 828 1088 arcubus
861 1015 1480 1102 sagittas,jaciebantur
1509 1028 1754 1100 lapides,
1781 1027 1979 1080 hostes

331 1123 500 1178 nobis
519 1136 743 1193 nosque
761 1119 879 1174 illis
897 1119 1082 1174 vicem
1106 1117 1442 1173 certaminis
1463 1135 1564 1189 pro
1589 1133 1758 1188 posse
1781 1117 1874 1170 red
1886 1116 1980 1169 de-

329 1211 728 1281 bamus.Sa=.pe
760 1225 894 1264 cum
928 1207 1219 1262 machinis
1243 1205 1360 1262 illis
1383 1207 1590 1261 armati
1613 1205 1814 1260 urbem
1839 1203 1982 1260 assi-

329 1297 746 1363 liebamus,sed
765 1313 933 1352 muro
952 1296 1082 1352 forti
1106 1295 1275 1350 nobis
1297 1294 1980 1360 obstante,cassabantur

329 1387 778 1458 assultus.Saape
810 1387 880 1441 de
907 1385 1138 1452 Turcis,
1171 1402 1320 1456 saepe
1352 1384 1421 1439 de
1455 1383 1711 1447 Francis,
1745 1381 1978 1454 sagittis

326 1477 414 1532 vel
445 1476 742 1550 lapidibus
773 1474 1055 1547 percussi,
1088 1473 1590 1528 interibant.Vere
1621 1470 1892 1526 doleretis
1923 1474 1979 1524 et

331 1565 544 1638 pietate
570 1563 965 1636 suspiraretis,
993 1580 1127 1617 eum
1163 1561 1415 1634 aliquem
1449 1562 1520 1616 de
1549 1560 1767 1614 nostris
1799 1575 1978 1630 prope

329 1671 564 1710 murum
597 1653 1010 1725 quoquomodo
1032 1651 1509 1712 trucidassent.et
1533 1648 1846 1704 submissis
1869 1665 1977 1702 un-

328 1743 412 1800 cis
444 1741 816 1814 ferreis,quos
852 1741 1088 1795 funibus
1120 1741 1395 1795 deorsum
1425 1739 1818 1804 dimittebant,
1852 1753 1976 1791 cor-
2007 1776 2052 1840 Β

329 1850 439 1905 pus
466 1829 1144 1902 interempti,aliquando
1178 1828 1668 1894 loricati,sursum
1702 1828 1770 1880 ad
1806 1843 1867 1880 se
1892 1843 1978 1879 ra-

327 1921 753 1995 piebant,quod
789 1919 988 1973 nullus
1015 1923 1280 1973 nostrum
1314 1917 1581 1982 audebat,
1616 1932 1719 1970 nec
1752 1919 1974 1986 poterat

327 2011 400 2066 ab
433 2011 519 2066 eis
548 2015 905 2080 extorquere.
941 2012 1188 2078 Corpore
1217 2012 1357 2061 tunc
1389 2005 1694 2078 expoliato,
1732 2005 1976 2060 cadaver

329 2100 483 2155 foras
507 2097 942 2170 jaculabantur.
977 2097 1089 2152 Sed
1132 2113 1264 2151 cum
1319 2096 1581 2166 quinque
1631 2092 1974 2165 septimanis

328 2189 530 2242 urbem
567 2185 1170 2251 circumsedissemus,
1205 2189 1263 2238 et
1304 2182 1604 2238 multoties
1653 2181 1973 2237 assultibus

327 2277 548 2330 Turcos
571 2273 809 2346 pavidos
832 2270 1354 2336 fecissemus,facto
1378 2270 1613 2325 interim
1639 2268 1852 2340 placito
1874 2284 1975 2340 per

327 2363 645 2436 legationes
675 2361 830 2433 apud
857 2357 1501 2432 imperatorem,callide
1525 2357 1900 2411 reddiderunt
1921 2357 1972 2412 ei

327 2453 554 2521 urbem,
587 2466 721 2506 cum
747 2451 872 2520 jam
905 2449 1034 2520 ipsa
1063 2447 1114 2502 vi
1146 2451 1202 2502 et
1232 2447 1486 2519 ingeniis
1517 2445 1685 2501 valde
1728 2445 1975 2500 coercita

327 2545 501 2596 esset.
527 2539 690 2594 Tunc
716 2537 888 2592 Turei
915 2535 1362 2591 intromiserunt
1383 2536 1440 2589 in
1463 2550 1589 2590 eam
1611 2533 1972 2605 Turcopulos

327 2629 399 2685 ab
434 2631 782 2701 imperatore
814 2625 1048 2691 missos,
1075 2623 1174 2695 qui
1207 2624 1410 2678 urbem
1444 2640 1578 2678 cum
1612 2623 1858 2694 pecunia
1882 2622 1971 2676 in-

326 2721 492 2773 terna
521 2715 758 2772 domino
791 2731 896 2769 suo
927 2713 1456 2785 imperatori,sicut
1486 2713 1568 2766 eis
1601 2716 1972 2782 praeceperat,

327 2805 1089 2875 servaverunt.0uapr0pter
1116 2801 1363 2873 pecunia
1394 2801 1494 2856 illa
1524 2806 1764 2865 retenta,
1801 2800 1976 2870 jusait

325 2894 641 2967 imperator
672 2894 741 2948 de
767 2909 908 2947 auro
940 2908 1045 2946 suo
1075 2895 1132 2946 et
1160 2894 1398 2962 argento
1428 2894 1602 2961 atque
1635 2889 1827 2961 palliis
1849 2906 1976 2960 pro-

325 2984 556 3040 ceribus
577 2982 792 3038 nostris
813 2979 1260 3052 dari,peditibus
1289 2995 1518 3050 quoque
1541 2978 1814 3032 distribui
1839 2977 1973 3032 fecit

325 3073 395 3128 de
426 3071 684 3127 nummis
717 3071 840 3125 suis
873 3069 1222 3140 aaneis,quos
1250 3073 1459 3122 vocant
1488 3067 1972 3122 'l‘artarones.Die

2087 492 2370 549 auxilium
2402 495 2530 565 ejus
2561 497 2823 551 mandati
2855 502 3166 565 venerant;
3200 497 3559 566 aderantque
3599 511 3733 550 cum

2087 597 2152 635 eo
2185 582 2564 653 quamplures
2595 584 3164 651 admirati,videlicet
3187 582 3734 655 Amudaradigium,

2089 670 2369 737 Miriatos,
2403 673 2834 745 Comardigum,
2867 672 3182 739 Amirchai,
3235 671 3478 733 Lachin.
3524 670 3733 727 Bolda-

2088 759 2201 834 gis,
2234 761 2604 832 Caradigum,
2637 761 2923 834 multique
2954 761 3049 817 alii
3085 762 3185 833 qui
3235 777 3440 817 omnes
3490 759 3732 816 insimul

2087 857 2252 908 erant
2281 857 2534 908 trecenta
2564 856 2618 908 et
2648 853 2949 926 sexaginta
2981 852 3164 907 millia
3194 849 3734 924 pugnatorum,sei-

2088 941 2221 996 licet
2263 941 2720 1016 sagittariorum.
2756 943 2880 997 Mos
2930 942 3086 997 enim
3135 958 3336 996 eorum
3383 945 3472 995 est
3517 939 3734 995 talibus

2087 1028 2171 1083 uti
2205 1031 2406 1088 armis.
2441 1029 2679 1102 Equites
2709 1035 2876 1084 erant
2906 1045 3130 1085 omnes.
3153 1029 3270 1084 Nos
3301 1033 3495 1083 autem
3523 1034 3734 1082 utcun-

2087 1133 2201 1188 que
2233 1117 2456 1188 pedites
2485 1124 2542 1174 et
2571 1118 2816 1192 equites.
2839 1119 2948 1173 Sed
2984 1117 3150 1172 nobis
3180 1121 3320 1172 tunc
3352 1117 3592 1172 deerant
3618 1117 3734 1172 dux

2084 1207 2452 1274 Godet'ridus,
2509 1212 2565 1262 et
2623 1224 2817 1264 comes
2870 1207 3276 1278 Raymundus,
3333 1209 3509 1278 atque
3567 1205 3731 1278 Hugo

2087 1296 2336 1368 Magnus
2373 1297 2473 1368 qui
2525 1312 2626 1366 per
2675 1297 2824 1353 duos
2869 1296 2991 1352 dies
3041 1295 3386 1366 insipienter
3415 1311 3476 1350 se
3503 1311 3537 1349 a
3565 1295 3734 1350 nobis

2086 1385 2497 1439 subtraxerant
2527 1401 2660 1439 cum
2693 1390 2864 1456 gente
2903 1384 3159 1440 maxima
3205 1383 3440 1438 tramite
3483 1384 3731 1439 bifurco.

2085 1473 2247 1528 Unde
2278 1473 2446 1527 nobis
2477 1473 2760 1527 damnum
2795 1471 3230 1530 irrestaurabile
3261 1471 3490 1538 accidit,
3511 1477 3632 1526 tam
3665 1473 3734 1529 de

2085 1563 2302 1616 nostris
2333 1561 2542 1616 occisis
2572 1577 2748 1632 quam
2791 1561 2998 1617 Turcis
3047 1577 3164 1617 non
3213 1559 3473 1626 retentis,
3505 1559 3594 1615 vel
3643 1559 3734 1614 in-

2085 1649 2480 1704 terfectis.Sed
2513 1649 2651 1721 quia
2681 1650 2843 1704 tarde
2867 1649 3088 1720 legatos
3111 1654 3342 1706 nostros
3363 1647 3498 1704 inde
3519 1648 3734 1704 habue-

2086 1738 2378 1801 runt,ideo
2410 1739 2575 1792 tarde
2624 1737 2793 1792 nobis
2846 1741 3282 1792 succurrerunt.
3314 1737 3484 1794 Turei
3533 1742 3732 1794 autem

2085 1827 2360 1881 audacter
2390 1825 2713 1882 ululatibus
2743 1831 3184 1898 concrepantes,
3217 1826 3474 1899 pluviam
3497 1827 3736 1900 sagitta-

2085 1932 2214 1970 rum
2245 1915 2618 1970 vehementer
2647 1915 2816 1971 nobis
2859 1917 3056 1986 jacere
3105 1919 3424 1988 coeperunt.
3456 1916 3570 1974 Sed
3602 1915 3732 1970 icti-

2085 2005 2194 2059 bus
2225 2009 2344 2059 tam
2378 2003 2594 2060 crebris
2625 2022 2732 2059 nos
2763 2003 3452 2076 stupefacti,mortuique,
3478 2010 3536 2060 et
3559 2003 3733 2065 multi

2081 2093 2224 2161 lassi,
2259 2111 2393 2148 mox
2426 2093 2617 2148 timidi
2646 2093 2796 2148 versi
2823 2109 3030 2148 sumus
3081 2093 3138 2147 in
3189 2093 3413 2165 fugam.
3447 2093 3562 2148 Nec
3611 2098 3738 2154 erat

2085 2183 2442 2249 mirandum,
2463 2183 2602 2252 quia
2631 2182 2858 2238 cunctis
2891 2181 3058 2237 nobis
3089 2181 3204 2237 tale
3234 2181 3454 2238 bellum
3486 2188 3612 2237 erat
3641 2183 3734 2239 in-

2083 2272 2402 2343 cognitum.
2435 2271 2810 2342 Jamjamque
2841 2288 2907 2326 ex
2937 2271 3119 2326 altera
3160 2274 3321 2342 parte
3371 2271 3732 2340 arundineti,

2083 2359 2318 2432 agmina
2368 2361 2552 2415 densa
2599 2376 2667 2414 ex
2713 2360 2798 2416 eis
2845 2361 3107 2432 adusque
3141 2359 3464 2432 papiliones
3496 2365 3734 2417 nostros

2079 2449 2452 2504 vehementer
2480 2447 2794 2518 irruerant,
2829 2448 2928 2520 qui
2961 2449 3031 2504 de
3082 2449 3257 2505 rebus
3304 2449 3520 2505 nostris
3567 2449 3736 2506 intus

2083 2537 2460 2609 arripiebant,
2492 2541 2549 2592 et
2595 2537 2664 2592 de
2712 2542 2883 2609 gente
2941 2541 3142 2593 nostra
3197 2538 3558 2606 occidebant,
3593 2555 3734 2594 cum

2082 2627 2248 2692 forte,
2284 2627 2629 2698 disponente
2679 2625 2815 2692 Deo,
2854 2626 3112 2698 llugonis
3162 2625 3378 2699 Magni,
3411 2631 3468 2681 et
3496 2627 3735 2682 comitis

2083 2715 2435 2786 Raymundi,
2469 2719 2525 2769 et
2556 2714 2724 2768 ducis
2755 2714 3048 2768 Godefridi
3081 2731 3468 2786 praecursores
3505 2715 3608 2770 tali
3639 2715 3735 2770 in-

2081 2803 2334 2858 fortunio
2366 2821 2399 2857 a
2430 2803 2746 2874 posteriore
2778 2808 2939 2874 parte
2969 2804 3442 2860 accurrerunt.Et
3462 2819 3600 2858 cum
3636 2821 3738 2861 us-

2082 2909 2193 2964 que
2224 2892 2296 2946 ad
2326 2892 2574 2947 tentoria
2605 2893 2946 2962 nostrajam
2970 2892 3151 2965 fugati
3175 2891 3732 2958 fuissemus,statim

2082 2981 2182 3052 qui
2215 2979 2462 3051 ingressi
2498 2981 2727 3035 fuerant
2757 2997 2790 3034 a
2818 2979 3214 3051 papilionibus
3244 2997 3304 3036 se
3334 2985 3732 3053 removerunt,

2081 3073 2354 3140 putantes
2385 3073 2618 3140 propter
2648 3086 2744 3124 eos
2777 3073 2896 3122 tam
2921 3068 3032 3123 cito
3057 3085 3162 3124 nos
3185 3069 3545 3141 regredi.Sed
3571 3070 3736 3142 quod

325 3155 521 3216 autem
550 3159 789 3232 illo,quo
820 3158 1010 3214 Nicaa
1041 3157 1123 3213 sic
1152 3161 1240 3212 est
1261 3155 1826 3229 comprehensa,sive
1850 3155 1971 3209 red-
2002 3143 2043 3209 C
2082 3159 2388 3213 audaciam
2420 3157 2506 3212 vel
2537 3158 2887 3229 probitatem
2937 3157 3218 3229 suspicati
3271 3161 3427 3222 sunt,
3455 3175 3735 3230 pavorem

325 3251 464 3318 dita,
491 3249 666 3305 unius
697 3247 916 3304 mensis
949 3246 1198 3302 solstitio
1231 3263 1608 3318 repercussus
1633 3250 1738 3311 est,
1773 3243 1969 3298 tertio-

326 3355 436 3410 que
469 3337 592 3392 Kal.
626 3337 790 3403 Julii,
822 3353 956 3390 cum
991 3337 1237 3390 barones
1271 3335 1455 3389 nostri
1501 3336 1570 3389 ab
1619 3335 1970 3404 imperatore

324 3443 668 3483 concessum
699 3423 950 3481 abeundi
984 3423 1365 3495 accepissent,
1399 3439 1432 3475 a
1464 3423 1652 3476 Nicara
1695 3421 1967 3476 discessi-

323 3533 458 3572 mus
482 3513 786 3569 interiores
811 3513 1104 3568 Romanis:
1139 3510 1404 3582 regiones
1428 3509 1662 3565 adituri.
1699 3510 1810 3565 Sed
1835 3526 1968 3563 cum

323 3621 426 3676 per
455 3604 602 3657 duos
635 3603 758 3656 dies
791 3601 900 3656 iter
932 3600 1259 3673 egissemus
1310 3604 1597 3663 nostrum,
1630 3599 1967 3652 nuntiatum

323 3696 412 3749 est
443 3692 609 3747 nobis
640 3690 795 3762 quod
828 3689 1024 3755 Turei,
1061 3687 1357 3759 praetentis
1406 3687 1574 3742 nobis
1623 3686 1874 3751 insidiis,
1909 3688 1968 3740 in

323 3781 644 3853 planis,per
669 3796 796 3851 quae
825 3776 1176 3832 transituros
1203 3793 1307 3830 nos
1339 3776 1791 3844 arbitrabantur,
1825 3793 1970 3847 prae-

323 3869 521 3926 liaturi
553 3867 1109 3940 exspectabant.lloe
1140 3871 1336 3919 autem
1359 3881 1492 3920 cum
1517 3865 1967 3932 audivissemus,

325 3957 470 4012 nihil
501 3957 575 4012 ob
604 3957 662 4012 id
695 3955 1046 4011 audacitatis
1080 3953 1530 4010 amisimus.Sed
1561 3970 1695 4008 cum
1718 3971 1846 4009 sero
1871 3953 1970 4009 illo

325 4045 722 4119 speculatores
767 4043 950 4100 nostri
1001 4043 1198 4115 plures
1248 4059 1317 4098 ex
1363 4042 1480 4097 illis
1513 4042 1745 4114 alonge
1791 4043 1972 4098 vidis-

325 4134 683 4202 sent,statim
709 4150 815 4189 nos
846 4133 979 4188 inde
1007 4135 1624 4204 monuerunt,propter
1656 4132 1809 4203 quod
1845 4137 1971 4186 ten-

327 4223 477 4280 toria
507 4227 708 4280 nostra
739 4227 906 4277 nocte
937 4221 1037 4276 illa
1067 4221 1326 4276 excubiis
1357 4221 1616 4293 undique
1647 4220 1974 4276 conservari

325 4313 592 4370 fecimus.

980 4399 1211 4455 CAPUT
1253 4403 1318 4454 V.

2078 3246 2329 3301 nimium
2361 3263 2593 3317 sperare
2627 3251 2882 3317 possent.
2907 3245 3051 3311 Quid
3074 3245 3308 3301 dicam?
3339 3247 3455 3301 Nos
3483 3246 3733 3318 quidem

2076 3335 2136 3390 in
2165 3353 2349 3390 unum
2383 3333 2820 3408 eonglomerati,
2845 3340 3128 3405 tanquam
3161 3351 3293 3390 oves
3325 3335 3458 3389 ovili
3487 3335 3730 3402 clausas,

2075 3425 2286 3496 trepidi
2314 3429 2370 3478 et
2401 3423 2680 3494 pavefacti
2722 3424 2792 3478 ab
2843 3422 3112 3478 hostibus
3164 3423 3423 3494 undique
3469 3422 3734 3479 vallaba-

2079 3518 2304 3579 mur,ut
2322 3512 2655 3568 nullatenus
2674 3511 3034 3584 aliquorsum
3053 3513 3362 3584 procedere
3379 3511 3735 3569 valeremus.

2079 3603 2241 3668 Quod
2274 3601 2443 3657 nobis
2475 3601 2662 3656 visum
2707 3607 2797 3656 est
2847 3607 3082 3673 propter
3133 3605 3368 3673 peccata
3415 3605 3624 3658 nostra
3654 3601 3739 3659 sic

2079 3689 2410 3763 contigisse.
2446 3691 2590 3744 Nam
2625 3691 2909 3762 quosdam
2942 3689 3173 3746 luxuria
3203 3689 3516 3762 polluebat,
3551 3707 3742 3763 quos-

2079 3780 2215 3834 dam
2262 3797 2394 3835 vero
2443 3780 2685 3835 avaritia
2732 3779 2820 3834 vel
2875 3779 3150 3852 superbia
3201 3779 3462 3871 vitialiat.
3497 3777 3743 3836 Clamor

2079 3872 2202 3923 erat
2233 3869 2440 3940 ingens
2474 3867 2690 3922 aethera
2738 3867 2970 3932 feriens,
3003 3868 3259 3923 virorum
3295 3867 3740 3938 ac'mulierum,

2079 3962 2254 4029 atque
2285 3956 2624 4023 infantium,
2659 3973 2763 4012 nec
2798 3974 2913 4012 non
2947 3961 3006 4011 et
3035 3973 3395 4028 paganorum
3423 3957 3523 4029 qui
3555 3975 3744 4030 super

2080 4065 2185 4102 nos
2216 4047 2534 4103 irruebant.
2570 4047 2820 4118 Jamque
2866 4046 3030 4102 nulla
3061 4065 3196 4118 spes
3227 4052 3352 4102 erat
3383 4046 3531 4101 vitae.
3566 4048 3742 4104 Tunc

2081 4154 2208 4192 reos
2239 4141 2294 4192 et
2325 4141 2658 4208 peccatores
2689 4153 2795 4191 nos
2828 4153 3032 4191 omnes
3061 4153 3190 4191 esse
3239 4135 3591 4202 fatebamur,
3629 4137 3741 4192 mi—

2081 4225 2454 4281 sericordiam
2488 4242 2522 4280 a
2553 4225 2668 4281 Deo
2727 4226 2928 4280 devote
2981 4223 3364 4296 postulantes.
3397 4224 3620 4281 Aderat
3660 4225 3742 4282 ibi

2081 4313 2391 4386 episcopus
2450 4313 2777 4378 Podiensis,
2812 4318 3094 4386 patronus
3141 4317 3359 4380 noster,
3393 4317 3450 4368 et
3479 4318 3744 4386 quatuor

2083 4401 2215 4468 alii;
2251 4403 2609 4472 aderantque
2640 4401 2969 4456 sacerdotes
3003 4399 3446 4472 quamplurimi,
3470 4399 3626 4456 albis
3660 4401 3743 4456 in-

398 4491 565 4546 Mane
597 4494 792 4546 autem
824 4489 996 4556 facto,
1032 4488 1188 4560 quod
1220 4487 1430 4543 accidit
1455 4485 1581 4577 Kal.
1614 4486 1775 4554 Julii,
1812 4504 1971 4542 sum-
2006 4513 2050 4577 ι)
2084 4491 2210 4545 duti
2242 4489 2733 4560 vestimentis,qui
2764 4489 3078 4545 Dominum
3109 4488 3441 4545 humillime
3466 4490 3747 4561 deposce-

325 4577 442 4650 ptis
495 4577 695 4643 armis,
734 4581 792 4632 et
841 4580 1114 4632 monente
1163 4592 1364 4644 cornu,
1400 4576 1678 4631 adversus
1727 4593 1824 4631 eos
1874 4593 1976 4647 per

327 4665 449 4722 alas
480 4665 795 4732 consecuti,
831 4665 1086 4721 tribunis
1111 4669 1168 4720 et
1216 4663 1657 4719 centurionibus
1708 4665 1974 4720 cohortes

327 4759 384 4810 et
429 4754 723 4811 centurias
773 4754 1146 4819 ducentibus,
1178 4751 1407 4808 vexillis
1455 4751 1676 4821 levatis,
1711 4753 1974 4808 ordinate

326 4842 410 4899 ire
437 4843 743 4916 coepimus.
778 4844 931 4899 Hora
960 4842 1075 4898 diei
1106 4841 1383 4909 secunda,
1419 4857 1550 4897 ecce
1589 4857 1976 4912 praeeursores

327 4950 529 4989 eorum
557 4933 1023 5006 speculatoribus
1057 4931 1273 4988 nostris
1296 4932 1975 5004 appropiaverunt.Quod

328 5040 462 5079 cum
523 5023 913 5090 audissemus,
957 5021 1521 5093 protinus,tentoria
1569 5025 1769 5076 nostra
1808 5023 1980 5092 juxta

329 5110 625 5183 quoddam
658 5110 1074 5164 arundinetum
1107 5107 1312 5165 metari
1349 5109 1618 5174 fecimus,
1648 5113 1714 5164 ut
1743 5111 1974 5181 expedi-

329 5201 449 5254 tius
483 5197 735 5264 clitellis,
769 5198 827 5252 id
859 5203 947 5253 est
980 5198 1248 5262 sarcinis,
1281 5198 1561 5268 depositis
1593 5200 1978 5270 promptiores

332 5289 404 5344 ad
438 5286 822 5360 praeliandum
852 5303 1138 5342 essemus.
1174 5287 1296 5351 Quo
1319 5286 1488 5352 facto,
1522 5303 1592 5341 en
1627 5288 1978 5360 Turci,quo-

332 5395 463 5434 rum
498 5376 766 5449 princeps
797 5381 854 5432 et
880 5375 1206 5432 admiratus
1255 5379 1378 5430 erat
1428 5375 1711 5442 Soliman,
1746 5378 1846 5448 qui
1877 5379 1980 5433 Ni—

334 5483 511 5522 caeam
544 5467 748 5522 urbem
778 5471 834 5522 et
868 5465 1214 5520 Romaniam
1245 5462 1303 5518 in
1331 5469 1615 5537 potestate
1660 5484 1767 5521 sua
1817 5472 1980 5524 tene-

334 5557 453 5626 bat,
488 5555 856 5631 congregatis
887 5553 999 5614 sibi
1031 5551 1239 5614 Turcis
1278 5554 1350 5612 ab
1383 5553 1768 5614 orientalibus
1797 5558 1982 5632 parti-

2084 4581 2244 4648 bant,
2280 4584 2344 4634 ut
2391 4577 2664 4633 virtutem
2719 4578 2978 4634 hostium
3040 4584 3448 4650 prosterneret,
3481 4582 3539 4633 et
3565 4579 3744 4635 nobis

2084 4669 2236 4724 dona
2268 4667 2681 4722 misericordize
2708 4684 2826 4722 suae
2857 4666 3501 4723 infunderet.Plorando
3533 4674 3743 4724 canta-

2085 4758 2246 4825 bant,
2280 4759 2582 4811 cantantes
2612 4757 2875 4811 orabant.
2909 4757 3070 4811 Tunc
3102 4756 3416 4811 currebant
3458 4755 3635 4810 multi
3668 4756 3743 4812 ad

2085 4864 2203 4913 eos,
2238 4845 2336 4917 qui
2369 4845 2674 4900 confestim
2704 4845 2850 4900 mori
2882 4845 3160 4900 timentes
3191 4845 3628 4900 conﬁtebantur
3656 4846 3744 4901 eis

2086 4941 2321 5007 peccata
2353 4935 2653 4989 sua.Tunc
2687 4933 2868 4988 nostri
2904 4949 3192 5005 proceres,
3207 4933 3494 4989 Robertus
3525 4934 3746 4990 North-

2088 5023 2338 5077 mannize
2391 5039 2606 5090 comes,
2639 5027 2696 5076 et
2731 5021 3064 5092 Stephanus
3113 5021 3422 5088 Blesensis,
3454 5026 3512 5077 et
3542 5038 3746 5078 comes

2091 5110 2390 5176 Flandriae,
2427 5110 2800 5165 Boamundus
2833 5127 3084 5182 quoque,
3119 5127 3221 5182 pro
3267 5127 3436 5182 posse
3476 5109 3564 5166 eis
3597 5111 3743 5166 resi-

2088 5206 2261 5266 stere,
2285 5205 2342 5255 et
2365 5217 2464 5254 eos
2487 5217 2637 5271 saepe
2665 5199 3003 5254 nitebantur
3032 5199 3320 5254 invadere.
3355 5197 3470 5270 Ipsi
3500 5199 3744 5270 quidem

2089 5308 2123 5345 a
2143 5288 2348 5345 Turcis
2372 5288 2596 5342 fortiter
2627 5288 3076 5359 impetebantur.
3098 5287 3208 5343 Sed
3240 5287 3484 5342 forsitan
3515 5287 3748 5359 suppli-

2091 5379 2316 5435 catione
2340 5382 2538 5432 nostra
2560 5377 2846 5432 Dominus
2869 5376 3133 5448 placatus
3156 5377 3315 5449 (quia
3344 5393 3448 5433 nec
3475 5377 3749 5432 nobilita-

2093 5468 2168 5524 tis
2199 5483 2568 5538 pompze,nec
2601 5466 2780 5520 armis
2810 5465 3020 5520 lucidis
3050 5464 3415 5537 triumphare
3442 5464 3745 5532 favet;sed

2093 5555 2274 5615 menti
2321 5555 2450 5630 piae,
2478 5559 2536 5615 et
2563 5554 2878 5614 virtutibus
2909 5554 3121 5614 divinis
3153 5555 3413 5628 munita,
3446 5553 3509 5614 in
3539 5569 3746 5615 neces-
