3998 6088
213 217 332 295 837

959 234 1378 297 FULCHERII
1423 234 1762 296 CABNOT.
1805 231 2013 296 HIST.
2059 231 2468 295 HIEROSOL.
2503 267 2579 276 —
2607 231 2754 294 LIB.
2801 231 2851 294 I.

3491 233 3614 297 838

210 369 386 429 sitate
419 368 512 438 pic
543 366 834 434 subvenit)
866 365 1147 438 paulatim
1192 367 1449 440 vigorem
1500 372 1639 423 tunc
1692 368 1858 424 nobis
1885 367 1946 434 Α
1975 365 3615 438 linguisdivisieramus,tanquamfratres,subdilcctione

211 457 510 533 praestitit,
552 461 608 511 et
659 457 879 511 Turcos
932 457 1120 529 magis
1170 457 1474 530 magisque
1524 457 1861 512 debilitavit.

207 550 358 606 Nam
389 545 532 601 visis
565 544 854 601 consociis
886 545 1124 611 nostris,
1158 546 1256 618 qui
1290 546 1566 618 postremi
1601 564 1868 618 propera-

205 639 353 694 bant
383 636 455 692 ad
487 635 887 706 adjuvandum
921 651 1046 700 nos,
1081 635 1392 690 laudantes
1439 636 1644 704 Deum,
1679 637 1863 690 auda-

203 726 358 784 ciam
390 723 821 796 resumpsimus
871 727 928 778 et
978 740 1080 796 per
1130 724 1334 779 turbas
1379 730 1434 780 et
1485 725 1753 780 cohortes
1782 725 1864 779 eis

205 815 480 873 resistere
513 813 626 868 nisi
661 813 869 869 simus.
903 817 1027 869 Heu
1055 811 1066 867 Ξ
1104 819 1245 884 quot
1276 814 1345 868 de
1377 814 1593 887 nostris
1623 814 1713 870 die
1765 813 1863 869 illo

207 910 342 980 post
374 921 481 960 nos
511 902 664 959 lente
690 902 991 958 venientes
1019 901 1078 956 in
1105 903 1200 957 via
1229 901 1568 958 occiderunt
1592 901 1866 976 lAprima

209 994 328 1051 diei
359 994 506 1049 hora
541 1007 726 1064 usque
759 991 830 1046 ad
861 996 1106 1059 sextam,
1141 1008 1266 1057 nos,
1319 995 1382 1046 ut
1429 991 1567 1060 dixi,
1620 996 1866 1064 anguste

211 1085 636 1148 coercuerunt;
669 1081 769 1135 sed
805 1084 944 1135 tunc
977 1077 1259 1152 paulatim
1293 1081 1461 1136 nobis
1506 1081 1781 1136 animatis
1811 1085 1867 1135 et

213 1175 286 1230 de
317 1170 536 1229 nostris
567 1169 740 1226 sociis
763 1169 1066 1236 concretis,
1089 1169 1275 1224 adfuit
1298 1169 1643 1224 mirabiliter
1671 1169 1867 1224 divina

211 1263 423 1338 gratia,
459 1265 516 1316 et
545 1258 713 1332 quasi
744 1262 1041 1315 momento
1072 1258 1398 1328 subitaneo,
1435 1259 1606 1314 Turci
1661 1275 1865 1314 omnes

206 1351 438 1408 visibus
466 1347 682 1404 nostris
713 1348 887 1402 dorsa
931 1345 1160 1420 fugitivi
1204 1350 1519 1402 verterunt.
1571 1348 1686 1402 Nos
1733 1364 1866 1403 vero

210 1446 346 1514 post
376 1456 477 1496 eos
508 1437 879 1493 vehementer
924 1435 1325 1504 vociferantes,
1379 1453 1480 1508 per
1526 1441 1754 1491 montes
1810 1440 1868 1491 et

210 1530 393 1587 valles
426 1526 712 1602 persecuti
748 1542 847 1581 eos
879 1542 1125 1593 sumus;
1157 1541 1304 1596 quos
1335 1525 1536 1597 fugare
1577 1543 1690 1580 non
1741 1543 1867 1581 ces-

211 1620 499 1683 savimus,
535 1617 715 1672 donec
747 1613 1066 1670 anteriores
1097 1614 1283 1670 uestri
1316 1631 1582 1670 cursores
1635 1615 1706 1669 ad
1741 1619 1866 1670 ten-

1973 454 2095 522 Dei,
2129 459 2184 509 et
2217 454 2482 526 proximi,
2521 453 2827 511 unanimes
2859 472 2985 510 esse
3015 454 3616 526 videbamur.Nam,si

1973 545 2044 600 de
2077 545 2251 599 rebus
2285 545 2408 600 suis
2440 545 2652 617 aliquis
2682 544 2901 616 aliquid
2930 545 3213 616 perderet,
3266 561 3368 616 per
3410 562 3616 616 quam-

1973 632 2260 705 plurimos
2289 635 2410 689 dies
2443 633 2500 687 id
2534 633 3618 706 diligentertandiuquiinvenissetde-

1974 722 2148 778 ferret
2181 740 2400 791 secum,
2436 724 2615 778 donec
2647 723 2995 795 inquirendo
3028 724 3192 778 illum
3227 722 3322 795 qui
3340 722 3622 795 perdidis-

1973 817 2060 868 set
2091 813 2388 884 reperiret,
2439 817 2493 868 et
2540 813 2842 867 inventum
2897 811 3144 867 libenter
3173 813 3457 868 redderet.
3501 817 3620 868 Hoc

1972 901 2129 956 enim
2161 903 2438 973 competit
2468 901 2560 956 bis
2593 901 2694 972 qui
2717 902 2877 971 juste
2909 902 3370 974 peregrinantur.

2619 990 2846 1046 CAPUT
2867 992 2962 1045 Vl.

2047 1081 2190 1133 Cum
2205 1083 2400 1134 autem
2423 1079 2492 1134 ad
2509 1078 2805 1134 Eracleam
2820 1079 3024 1134 urbem
3039 1078 3622 1151 pervenissemus,vi-

1972 1169 2170 1224 dimus
2202 1169 2436 1239 signum
2453 1167 2510 1222 in
2525 1167 2667 1223 cmlo
2682 1168 3158 1240 quoddam,quod
3176 1167 3421 1223 alburno
3435 1167 3626 1240 splen-

1973 1258 2110 1312 dore
2143 1258 2374 1329 fulgens
2407 1263 2546 1312 tunc
2575 1257 2846 1330 apparuit
2874 1257 2932 1312 in
2966 1258 3203 1312 modum
3227 1257 3386 1314 ensis
3414 1258 3625 1330 ﬁgura-

1972 1351 2120 1414 tum,
2150 1346 2389 1418 cuspide
2420 1363 2623 1401 versus
2654 1346 2934 1402 orientem
2987 1351 3273 1418 protento.
3325 1347 3434 1402 Sed
3483 1345 3624 1418 quid

1973 1437 2236 1491 futurum
2272 1435 2646 1507 promittebat
2676 1435 3101 1501 nesciebamus,
3125 1435 3227 1490 sed
3246 1435 3555 1507 praesentia
3567 1439 3626 1492 et

1973 1526 2171 1580 futura
2199 1523 2445 1580 Domino
2477 1523 3014 1579 committebamus.
3039 1525 3126 1578 Ad
3159 1523 3439 1597 oppidum
3472 1524 3625 1598 opti-

1977 1631 2138 1668 mum
2173 1614 2488 1685 quoddam,
2525 1614 2681 1685 quod
2732 1613 3046 1668 Mariscum
3093 1612 3452 1681 nominatur,
3484 1617 3625 1670 tunc

214 1709 367 1767 toria
394 1723 598 1763 eorum
631 1708 1035 1778 pervenerunt.
1067 1703 1172 1759 Ubi
1207 1702 1303 1758 alii
1337 1704 1408 1758 de
1461 1704 1634 1759 rebus
1666 1721 1865 1760 eorum
1896 1740 1946 1806 B
1975 1703 2214 1774 profecti
2248 1720 2476 1768 sumus,
2512 1701 2611 1757 ubi
2661 1718 2765 1774 per
2803 1706 2922 1757 tres
2972 1703 3096 1758 dies
3127 1701 3477 1774 quievimus.
3512 1703 3625 1759 Sed

213 1804 272 1856 et
303 1800 373 1854 de
406 1794 678 1852 tentoriis
709 1793 854 1866 ipsis
873 1793 1800 1864 oneraverunteorumdemequos
1814 1797 1871 1847 et

216 1886 478 1946 camelos
511 1883 732 1956 plures,
766 1899 913 1953 quos
965 1898 1066 1953 pro
1100 1881 1306 1936 timore
1328 1881 1444 1936 illic
1475 1881 1872 1953 reliquerant;

218 1976 321 2033 alii
350 1991 484 2030 vero
516 1974 737 2028 Turcos
770 1969 1060 2043 fugientes
1088 1986 1272 2040 usque
1302 1970 1372 2024 ad
1405 1973 1635 2025 noctem
1676 1987 1877 2043 perse-

220 2065 344 2124 cuti
377 2067 532 2122 sunt.
568 2062 680 2118 Sed
710 2059 849 2132 quia
875 2057 1128 2114 famelici
1157 2063 1214 2113 et
1258 2058 1481 2131 fatigati
1531 2064 1696 2114 erant
1743 2059 1872 2132 equi

223 2153 434 2223 nostri,
468 2167 684 2226 paucos
727 2167 794 2206 ex
841 2149 926 2204 eis
981 2147 1351 2203 retinuimus.
1403 2148 1632 2204 Grande
1681 2154 1875 2205 autem

222 2241 580 2302 miraculum
614 2239 714 2295 Dei
747 2238 877 2310 fuit,
909 2237 1064 2310 quod
1095 2236 1188 2292 die
1218 2237 1472 2292 crastino
1497 2239 1738 2294 ettertio
1763 2256 1876 2294 non

223 2335 605 2391 cessaverunt
644 2330 864 2401 fugere,
891 2326 1160 2398 quamvis
1189 2343 1287 2382 eos
1319 2326 1538 2394 nullus,
1572 2327 1682 2383 nisi
1717 2328 1878 2384 solus

225 2425 406 2490 Deus,
439 2419 695 2492 amplius
725 2419 971 2490 fugaret.
1003 2415 1084 2471 De
1115 2420 1486 2472 tantaautem
1512 2417 1751 2472 victoria
1773 2435 1880 2475 nos

225 2513 363 2569 facti
397 2507 701 2574 laetissimi,
733 2507 848 2562 Deo
880 2508 1098 2578 gratias
1130 2522 1333 2561 omnes
1362 2505 1881 2579 exsolvimus,quia

225 2601 420 2660 noluit
446 2600 556 2656 iter
585 2601 852 2653 nostrum
885 2594 1123 2650 omnino
1155 2594 1488 2660 adnihilari,
1517 2597 1617 2650 sed
1671 2597 1739 2650 ad
1775 2597 1878 2652 ho-

224 2708 432 2748 norem
465 2689 556 2745 sui
603 2691 660 2742 et
709 2683 1208 2750 Christianitanis,
1260 2682 1660 2740 bonorabilius
1711 2685 1879 2741 solito

225 2779 562 2855 prosperari
597 2795 610 2833 :
647 2775 878 2831 undeab
911 2772 1130 2829 oriente
1161 2789 1346 2844 usque
1377 2774 1448 2828 ad
1482 2790 1754 2829 occasum
1797 2775 1879 2829 fa-

223 2888 325 2926 ma
355 2865 697 2941 personabit
727 2861 1019 2936 perennis.
1052 2863 1204 2917 Tum
1235 2861 1469 2933 quidem
1494 2867 1624 2934 post
1645 2879 1743 2918 eos
1774 2864 1882 2919 iter

225 2963 501 3015 nostrum
535 2955 795 3010 modeste
825 2951 1199 3008 calcavimus.
1234 2950 1406 3006 Turci
1437 2968 1570 3007 vero
1611 2955 1743 3008 ante
1775 2970 1881 3008 nos

224 3047 520 3121 fugientes
550 3041 887 3100 catervatim
919 3039 1255 3096 mansiones
1268 3057 1370 3112 per
1391 3041 1734 3096 Romaniam
1769 3041 1882 3096 sibi

223 3105 606 3211 quaesierunt.
659 3134 810 3188 Tum
859 3129 1219 3204 perreximus
1265 3128 1656 3198 Antiochiam,
1703 3147 1879 3200 quam
1912 3105 1954 3172 (ἶ

230 3225 667 3301 praenominant
696 3237 954 3293 parvam,
988 3219 1046 3273 in
1079 3217 1375 3290 provincia
1423 3217 1634 3287 Psidie,
1675 3219 1882 3275 deinde

225 3314 494 3372 Iconium
529 3329 542 3369 :
577 3312 635 3366 in
670 3309 885 3382 quibus
917 3306 1274 3380 regionibus,
1293 3306 1616 3379 saepissime
1631 3325 1776 3380 pane
1807 3308 1883 3364 ci-

224 3405 527 3476 bariisque
557 3399 700 3457 satis
730 3397 1118 3471 indiguimus.
1166 3395 1312 3450 Nam
1355 3396 1699 3451 Romaniam
1751 3415 1878 3469 quae

225 3501 384 3552 terra
416 3496 506 3550 est
535 3489 758 3564 optima
779 3492 837 3544 et
867 3485 1229 3542 fertilissima
1259 3485 1544 3540 bonorum
1589 3486 1876 3555 omnium,

223 3583 561 3641 invenimus
589 3578 757 3636 valde
787 3594 822 3632 a
849 3574 1056 3632 Turcis
1088 3578 1375 3630 vastatam
1408 3577 1462 3630 et
1493 3573 1876 3646 deploratam.

222 3671 531 3730 Multoties
551 3675 746 3725 tamen
778 3663 1054 3722 videretis
1083 3667 1306 3719 tantam
1339 3663 1530 3736 gentis
1560 3663 1884 3719 multitudi-

221 3778 362 3818 nem
398 3761 470 3816 de
501 3759 652 3814 raris
683 3755 954 3820 culturis,
983 3771 1128 3826 quas
1161 3753 1453 3808 interdum
1488 3769 1590 3824 per
1637 3752 1761 3808 loca
1792 3753 1878 3807 in-

218 3850 627 3914 veniebamus,
689 3846 834 3902 bene
886 3841 1215 3909 refocillari,
1267 3838 1673 3913 supplemento
1722 3841 1882 3898 illius

221 3941 349 4008 Dei,
386 3937 488 4010 qui
522 3937 592 3992 de
622 3934 882 4007 quinque
940 3931 1189 4004 panibus
1237 3935 1294 3984 et
1343 3929 1573 3985 duobus
1621 3929 1882 4002 piscibus

220 4029 491 4102 quinque
523 4024 707 4080 miilia
737 4022 1045 4078 hominum
1079 4018 1292 4074 cibavit
1324 4019 1880 4093 (ΜαιιΙι.)‹ιν,19-21)⁸

221 4118 370 4173 lnde
404 4113 550 4172 satis
570 4112 935 4178 laetabamur,
968 4114 1025 4164 et
1049 4107 1505 4180 congaudentes,
1531 4107 1684 4162 dona
1712 4108 1882 4164 mise-

217 4204 490 4262 ricordiae
523 4202 622 4258 Dei
655 4201 776 4256 haec
817 4215 945 4255 esse
993 4197 1434 4270 proﬁtebamur.
1489 4197 1653 4251 Tunc
1683 4202 1880 4252 autem

215 4313 356 4352 vere
387 4291 476 4348 vel
504 4291 791 4362 rid‘eretis,
841 4288 930 4343 vel
984 4286 1228 4342 forsitan
1279 4285 1493 4358 pietate
1540 4284 1884 4358 lacrymare-

218 4383 394 4452 mini,
428 4398 563 4437 cum
599 4377 770 4435 multi
801 4381 1073 4434 nostrum
1117 4373 1407 4446 jumentis
1458 4379 1694 4447 egentes
1745 4376 1883 4448 quia

1983 1808 2114 1845 cum
2165 1791 2370 1845 exhinc
2427 1791 2580 1846 viam
2634 1789 2811 1846 unius
2859 1789 2970 1845 diei
3017 1790 3542 1863 proculcassemus,
3574 1795 3631 1848 et

1985 1898 2100 1936 non
2158 1879 2315 1951 longi
2369 1880 2440 1934 ab
2490 1879 2800 1935 Antiochia
2842 1879 3038 1952 Syriae,
3085 1881 3184 1935 sed
3230 1881 3396 1952 quasi
3432 1881 3626 1938 tribus

1985 1969 2192 2024 diebus
2223 1985 2510 2034 essemus,
2545 1969 2616 2023 ab
2648 1969 2900 2024 exercitu
2959 1968 3224 2033 discessi,
3269 1973 3327 2025 et
3357 1986 3491 2024 cum
3522 1970 3630 2026 do-

1987 2056 2146 2112 mino
2196 2056 2480 2112 Balduino
2524 2056 2752 2124 comite,
2802 2057 3095 2112 Godefridi
3165 2057 3332 2114 ducis
3389 2057 3630 2114 antefati

1987 2148 2182 2211 fratre,
2218 2145 2274 2199 in
2336 2144 2586 2200 sinistra:
2634 2149 2858 2217 partem
2910 2143 3215 2216 provinciae
3263 2145 3628 2202 divertimus.

1988 2235 2122 2289 Erat
2150 2234 2364 2306 quippe
2395 2232 2563 2289 miles
2594 2250 2767 2305 quam
2803 2234 3082 2306 optimus,
3117 2235 3403 2306 probitate
3442 2239 3499 2291 et
3526 2252 3630 2291 au-

1988 2325 2154 2380 dacia
2209 2324 2374 2379 valde
2431 2323 2735 2391 famosus;
2787 2323 2887 2394 qui
2919 2329 3091 2379 antea
3132 2322 3330 2380 relicto
3379 2323 3630 2380 exercitu

1987 2432 2120 2470 cum
2151 2413 2268 2469 illis
2299 2430 2446 2485 quos
2477 2429 2676 2468 secum
2708 2411 2892 2480 duxit,
2943 2413 3168 2482 urbem,
3223 2430 3399 2486 quam
3429 2414 3634 2470 dicunt

1988 2505 2277 2559 Tliarsum
2327 2501 2553 2569 Siliciaa,
2606 2519 2753 2556 ausu
2786 2519 2998 2574 magno
3047 2507 3312 2574 ceperat;
3345 2521 3522 2576 quam
3552 2508 3634 2560 ta-

1990 2611 2121 2647 men
2177 2591 2477 2647 Tancredo
2524 2589 2804 2646 violenter
2849 2589 3110 2657 abstulit,
3163 2591 3264 2663 qui
3313 2593 3440 2664 jam
3474 2593 3532 2648 in
3565 2609 3634 2649 ea

1989 2681 2257 2736 homines
2288 2697 2449 2745 suos,
2482 2679 2689 2735 Turcis
2717 2678 2768 2734 ei
2799 2679 3320 2747 consentientibus,
3363 2679 3632 2736 intromi-

1989 2775 2162 2825 scrat.
2208 2768 2444 2824 Relictis
2500 2769 2696 2840 itaque
2752 2767 2832 2823 ibi
2891 2768 3254 2836 custodibus,
3317 2769 3634 2824 Balduinus

1991 2859 2060 2913 ad
2087 2857 2403 2913 exercitum
2435 2856 2624 2911 rediit.
2660 2859 2858 2927 Itaque
2880 2856 3178 2912 conﬁdens
3209 2857 3266 2911 in
3299 2857 3637 2923 Domino,et

1991 2948 2049 3002 in
2081 2947 2270 3001 valere
2301 2963 2428 3013 suo,
2461 2945 2694 3016 collegit
2724 2961 2920 2999 secum
2955 2943 3172 3000 milites
3202 2962 3438 3016 paucos,
3458 2947 3634 3016 profi-

1991 3036 2214 3090 ciscens
2237 3051 2439 3089 versus
2469 3032 2826 3105 Euphratem
2845 3031 3107 3099 ﬂuvium,
3123 3038 3178 3088 et
3193 3033 3636 3105 comprehendit

1993 3125 2070 3179 ibi
2105 3128 2296 3178 castra
2325 3121 2579 3193 plurima
2608 3126 2726 3175 tam
2759 3121 2811 3175 vi
2843 3137 3017 3192 quam
3051 3121 3302 3194 ingenio.
3337 3122 3632 3195 Interque

1993 3230 2176 3268 unum
2208 3211 2360 3282 cepit
2391 3209 2802 3282 percptimum,
2837 3208 2993 3280 quod
3041 3213 3276 3264 vocatur
3323 3208 3631 3266 Turberes.

1991 3302 2107 3357 lloc
2139 3300 2376 3372 pacitice
2407 3299 2786 3354 reddiderunt
2841 3298 2892 3352 ei
2943 3297 3041 3369 qui
3093 3298 3152 3352 in
3184 3313 3250 3352 eo
3289 3297 3636 3354 habitabant

1987 3389 2267 3456 Armenii,
2321 3393 2378 3443 et
2421 3386 2536 3442 alia
2578 3387 2832 3458 plurima
2881 3385 3018 3440 huic
3066 3385 3318 3441 subdita.
3361 3386 3505 3441 Cum
3537 3404 3635 3443 au-

1989 3486 2106 3536 tem
2139 3481 2294 3534 fama
2323 3477 2393 3532 de
2419 3493 2485 3532 eo
2517 3475 2688 3548 longe
2717 3475 2947 3547 lateque
2973 3475 3101 3545 jam
3134 3474 3633 3547 circumvolasset,

1990 3568 2152 3624 misit
2175 3567 2246 3622 ad
2281 3582 2414 3621 eum
2446 3564 2794 3637 legationem
2828 3563 2926 3635 qui
2960 3562 3230 3636 princeps
3251 3563 3636 3620 eratcivitatis

1991 3657 2179 3727 Boais,
2213 3656 2270 3711 id
2303 3660 2390 3711 est
2415 3654 2663 3722 Edessa,
2697 3669 2823 3724 qua:
2856 3652 2999 3708 satis
3030 3655 3119 3707 cst
3150 3652 3534 3722 nominata,et
3563 3653 3635 3708 de

1991 3746 2160 3802 bonis
2190 3750 2354 3800 terra
2381 3743 2694 3798 uberrima.
2728 3743 2829 3797 Est
2858 3741 2959 3797 illa
2988 3741 3047 3797 in
3081 3742 3500 3813 Mesopotamia
3537 3743 3636 3815 Sy-

1990 3835 2110 3901 riae,
2141 3840 2305 3889 trans
2337 3833 2552 3888 ﬂumen
2569 3831 2907 3903 praedictum
2922 3830 3275 3902 Euphratem
3301 3829 3504 3904 viginti
3519 3831 3636 3887 fere

1991 3923 2364 3989 milliariis,et
2395 3922 2465 3977 ab
2495 3920 2802 3976 Antiochia
2831 3919 3056 3975 distans
3085 3919 3252 3991 quasi
3285 3924 3518 3975 centum
3546 3918 3637 3975 vel

1990 4012 2164 4086 paulo
2188 4011 2341 4084 plus.
2377 4011 2688 4065 Mandatus
2717 4012 2806 4064 est
2835 4008 3029 4080 itaque
3062 4007 3381 4063 Balduinus
3403 4012 3469 4064 ut
3497 4006 3636 4065 illuc

1991 4103 2119 4169 iret,
2154 4107 2211 4156 et
2233 4101 2602 4156 efficerentur
2631 4097 2878 4152 invicem
2910 4096 3104 4165 amici,
3151 4097 3414 4168 quandiu
3463 4099 3635 4154 ambo

1988 4192 2264 4257 viverent,
2297 4193 2578 4260 tanquam
2613 4192 2774 4259 pater
2803 4191 2860 4242 et
2880 4185 3055 4241 filius.
3089 4186 3250 4251 Quod
3284 4185 3331 4241 si
3364 4186 3482 4241 dux
3512 4186 3637 4259 ipse

1991 4282 2321 4337 Edessenus
2353 4279 2497 4332 forte
2529 4275 2731 4344 obiret,
2767 4275 2962 4330 statim
2987 4274 3402 4340 Balduinus,ac
3416 4274 3636 4330 siﬁlius

1990 4373 2120 4442 ejus
2147 4374 2320 4434 esset,
2354 4367 2558 4422 urbem
2590 4369 2646 4420 et
2677 4368 2890 4419 terram
2925 4368 3638 4436 suam,quantamcunque

215 4475 292 4530 de
334 4451 464 4528 suis
486 4470 612 4541 jam
643 4467 831 4522 multa
875 4464 1268 4538 perdiderant,
1319 4479 1605 4530 verveces,
1657 4480 1883 4536 capras,
1913 4476 1961 4539 D
1994 4458 2352 4531 possidebat,
2375 4455 2433 4510 in
2463 4453 2795 4511 haereditate
2826 4451 3164 4525 possideret.
3187 4452 3310 4506 Non
3343 4453 3499 4507 enim
3531 4452 3634 4508 ha-

217 4579 386 4628 sues,
417 4575 612 4626 canes,
645 4557 715 4612 de
745 4556 918 4612 rebus
942 4554 1087 4621 suis,
1122 4551 1344 4608 scilicet
1365 4551 1578 4623 pannis
1615 4550 1704 4606 vel
1725 4553 1884 4624 pani-

217 4653 356 4716 bus,
393 4665 497 4704 seu
529 4645 788 4720 qualibet
817 4643 1049 4701 sarcina
1069 4640 1508 4714 peregrinorum
1524 4639 1656 4695 usui
1681 4657 1870 4697 neces-

218 4738 381 4795 saria
414 4735 752 4793 onerabant.
787 4735 1045 4798 Quarum
1077 4728 1456 4786 bestiolarum
1475 4728 1878 4800 tergavideba-

219 4845 383 4895 mus,
444 4825 597 4881 mole
647 4823 822 4878 fascis
877 4820 1069 4893 gravis
1125 4834 1253 4874 esse
1301 4822 1591 4890 corrupta.
1641 4818 1881 4889 Equites

218 4917 400 4973 etiam
435 4930 615 4986 supra
644 4913 818 4968 boves
849 4926 984 4964 cum
1015 4907 1197 4963 armis
1227 4905 1350 4961 suis
1383 4906 1676 4960 interdum
1710 4924 1880 4962 scan-

219 5005 462 5060 debant.
497 5002 608 5058 Sed
641 5000 776 5073 quis
807 5013 1068 5070 unquam
1101 4993 1418 5050 audivittot
1447 4994 1638 5049 tribus
1666 4993 1880 5066 linguae

214 5094 277 5150 in
312 5109 432 5149 uno
461 5090 734 5158 exercitu,
768 5104 900 5144 cum
928 5086 1008 5142 ibi
1039 5087 1315 5140 adessent
1359 5083 1584 5149 Franci,
1620 5083 1879 5154 Flandri,

221 5181 398 5250 Frisi,
441 5179 612 5247 Galli,
653 5176 895 5244 Britoni,
937 5174 1294 5247 Allobroges,
1348 5171 1707 5244 Lotharingi,
1751 5171 1880 5227 Ale-

220 5271 452 5338 manni,
513 5261 1253 5340 Bajoarii,'Northmanni,
1343 5261 1547 5328 Scotti,
1634 5259 1881 5332 Anglici,

215 5358 522 5435 Aquitani,
557 5356 706 5426 Itali,
739 5354 935 5429 Apuli,
983 5352 1155 5422 Iberi,
1207 5350 1367 5418 Daci,
1418 5350 1620 5419 Graeci,
1679 5350 1881 5404 Arme-

220 5449 303 5507 nii
325 5449 354 5504 ?
385 5447 550 5514 Quod
583 5445 633 5502 si
663 5443 836 5502 vellet
867 5458 962 5498 me
995 5439 1215 5512 alloqui
1247 5439 1582 5507 Britannus,
1610 5437 1698 5496 vel
1730 5437 1880 5493 Teu-

216 5538 478 5610 tonicas,
511 5540 719 5594 neutro
751 5531 1102 5607 respondere
1149 5543 1437 5604 saperem.
1488 5527 1601 5585 Sed
1651 5526 1753 5602 qui
1796 5530 1885 5587 tot

1993 4549 2165 4603 bebat
2195 4545 2381 4600 filium
2415 4561 2519 4600 nec
2551 4543 2753 4598 filiam.
2785 4543 2854 4596 Et
2882 4541 3159 4613 quoniam
3179 4558 3212 4595 a
3240 4541 3521 4596 Turcisse
3537 4543 3636 4598 de-

1981 4638 2214 4692 fendere
2248 4652 2362 4690 non
2395 4637 2640 4706 poterat,
2675 4630 2903 4687 volebat
2929 4631 3162 4686 Graecus
3191 4629 3286 4686 ille
3307 4634 3436 4686 etse
3456 4635 3639 4693 etter.

1989 4743 2114 4782 ram
2147 4742 2314 4780 suam
2347 4725 2419 4779 ab
2451 4724 2576 4795 ipso
2603 4720 2884 4776 Balduino
2907 4719 3339 4791 defendi,quem
3354 4719 3636 4777 etmilites

1991 4832 2129 4871 suos
2159 4813 2466 4869 bellatores
2498 4810 2754 4866 adiverat
2783 4825 2910 4865 esse
2954 4809 3357 4882 probissimos.
3389 4813 3508 4866 Hoc
3539 4827 3638 4866 au-

1989 4905 2130 4970 dito,
2162 4907 2471 4974 postquam
2495 4899 3060 4973 legatijurejurando
3074 4898 3334 4953 fecerunt
3355 4898 3638 4956 euminde

1991 4991 2315 5048 credulum.
2347 5006 2482 5046 cum
2515 4987 3084 5044 minimoexercitulo
3100 4986 3458 5053 suo,scilicet
3487 4992 3640 5044 octo-

1990 5082 2152 5155 ginta
2182 5080 2486 5145 militibus,
2520 5082 2762 5151 pergent
2809 5076 3042 5132 transiit
3089 5075 3467 5149 Euphratem.
3516 5079 3638 5142 Quo

1991 5171 2260 5234 transito,
2293 5173 2459 5224 nocte
2480 5172 2602 5223 tota
2632 5182 2980 5240 perpropere
3006 5181 3183 5239 prope
3214 5169 3407 5220 castra
3437 5165 3641 5221 Sarra-

1991 5275 2290 5324 cenorum,
2324 5257 2461 5311 hinc
2492 5261 2548 5312 et
2576 5257 2710 5312 inde
2741 5253 3074 5324 linquentes
3104 5270 3191 5321 ea,
3235 5252 3401 5309 valde
3449 5253 3644 5324 pavidi

1992 5347 2376 5420 perreximus.
2411 5346 2572 5410 Quod
2601 5362 2736 5401 cum
2763 5343 3076 5422 audissent
3103 5341 3276 5398 Turci
3311 5341 3411 5412 qui
3443 5339 3507 5396 in
3537 5341 3646 5396 Sa-

1993 5439 2216 5492 mosata
2247 5434 2460 5509 Oppido
2492 5435 2625 5491 forti
2655 5436 2843 5500 erant,
2872 5431 3121 5490 insidias
3144 5429 3308 5487 nobis
3333 5429 3395 5484 in
3423 5427 3649 5502 via,per

1994 5541 2172 5602 quam
2205 5525 2392 5584 ituros
2422 5540 2531 5584 nos
2572 5521 2995 5606 opinabantur,
3032 5518 3484 5598 praetenderant.
3537 5514 3650 5577 Sed
