3998 6088
364 311 484 373 839

878 310 982 371 AD
1026 306 1537 371 GODEFBIDUM
1581 306 1917 368 APPEND.
1956 305 2042 368 ΙΙ.
2070 334 2151 359 -νο
2177 308 2487 371 NONUM.
2532 308 2636 370 DE
2677 308 2929 371 BELLO
2974 308 3247 371 SACRO.

3644 306 3769 371 8J0

365 459 499 501 cum
531 446 701 499 nocte
730 440 847 498 alia
875 441 1114 513 quidam
1146 439 1455 496 Armenius
1511 438 1571 494 in
1615 434 1853 495 castello
1901 454 2007 495 suo
2034 439 2091 507 Α
2122 457 2323 497 corum
2379 442 2484 498 diu
2541 442 2901 509 exstiterant,
2933 442 3086 498 Deus
3125 446 3321 499 tamen
3368 446 3580 499 cuncta
3614 461 3764 517 pre-

363 532 672 607 rliligenter
682 548 788 587 nos
801 530 1131 603 hospitatus
1144 528 1367 597 fuisset,
1384 529 1721 584 intimatum
1739 532 1828 584 est
1840 528 2005 585 nobis

362 623 517 695 quod
549 621 621 677 ab
652 620 921 677 hostibus
949 618 1066 675 illis
1089 618 1508 674 insidiantibus
1543 635 1859 691 praecavere
1899 634 2005 674 nos

361 711 684 784 oportebat.
716 711 1080 782 Quapropter
1108 708 1315 764 diebus
1344 708 1575 764 duobus
1621 707 1740 763 illic
1772 706 2002 763 delitui-

360 818 514 856 mus.
548 800 659 856 Sed
692 817 826 855 cum
856 804 1084 855 tantam
1114 815 1339 854 moram
1391 797 1719 853 fastidirent
1766 797 1872 863 illi,
1906 797 2002 854 dle

356 889 530 944 tertia
558 888 752 945 subita
781 887 1007 944 iusultu
1057 888 1127 943 de
1176 886 1300 943 loco
1348 885 1710 942 insidiatorio
1742 885 2011 958 prosilie-,

358 984 516 1045 runt,
549 982 607 1033 et
634 982 768 1034 ante
797 976 1123 1043 castellum,
1157 976 1217 1031 in
1250 993 1365 1048 quo
1395 993 1651 1042 eramus,
1712 975 1897 1049 signis
1927 975 2001 1032 le-

352 1067 501 1123 vatis
532 1070 930 1132 accurrerunt,
964 1070 1021 1121 et
1049 1065 1326 1138 praedam,
1362 1081 1539 1136 quam
1572 1064 1630 1119 in
1656 1064 1890 1137 pascuis
1919 1064 2000 1121 ibi

355 1156 716 1229 reperierunt
744 1159 879 1211 ante
908 1159 1285 1227 conspectum
1318 1158 1584 1210 nostrum
1607 1154 1997 1226 arripuerunt.

352 1246 469 1302 Nos
497 1249 692 1301 autem
724 1248 927 1301 contra
956 1261 1055 1300 eos
1083 1244 1324 1316 egressi,
1359 1244 1499 1316 quia
1528 1243 1699 1316 pauci
1740 1260 1997 1310 eramus,

352 1333 567 1391 bellare
596 1351 730 1390 cum
762 1333 847 1389 eis
877 1350 993 1389 non
1024 1333 1355 1405 quivimus;
1406 1332 1505 1406 qui
1531 1349 1667 1388 cum
1700 1333 1870 1389 nobis
1901 1350 2000 1389 sa-

350 1424 532 1497 gittas
553 1423 751 1496 jacere
779 1427 1097 1495 coeperunt,
1132 1421 1361 1478 nullum
1391 1422 1462 1478 de
1494 1421 1730 1490 nostris,
1756 1422 1999 1493 juvante

355 1516 488 1579 Deo,
519 1511 946 1569 saueiaverunt.
982 1509 1095 1583 Ipsi
1126 1515 1323 1567 autem
1354 1526 1539 1566 unum
1567 1510 1637 1567 de
1668 1510 1843 1567 sociis
1874 1509 1998 1567 suis

348 1602 610 1658 occisum
634 1600 854 1667 lancea,
870 1601 926 1655 in
957 1618 1164 1672 campo
1178 1600 1735 1672 reliquerunt,cujus
1755 1616 1994 1673 equum,

349 1690 450 1762 qui
500 1707 633 1745 eum
684 1690 990 1755 subvertit,
1044 1689 1302 1745 retinuit.
1350 1691 1516 1745 Tunc
1546 1689 1854 1759 abierunt;
1890 1706 1997 1745 nos

348 1783 543 1835 autem
571 1779 647 1834 ibi
678 1778 1092 1834 remansimus.
1131 1777 1407 1850 Sequenti
1462 1795 1595 1834 vero
1626 1779 1719 1834 die
1748 1778 1860 1834 iter
1888 1795 1995 1834 no-
2024 1814 2073 1881 Β

347 1872 539 1924 atrum
570 1866 1019 1940 resumpsimus.
1054 1866 1432 1935 Miraremini,
1465 1884 1599 1923 cum
1629 1873 1764 1924 ante
1802 1873 1996 1924 castra

347 1954 756 2013 Armenorium
788 1956 1195 2024 transiremus,
1242 1961 1300 2012 et
1354 1957 1524 2013 nobis
1581 1957 1811 2013 obviam
1856 1974 1993 2013 cum

347 2046 621 2102 crucibus
670 2050 730 2101 et
764 2045 990 2101 vexillis
1022 2062 1124 2117 pro
1155 2062 1352 2102 amore
1381 2046 1607 2102 Christo
1664 2045 1996 2103 humillime

346 2135 759 2207 procedebant,
789 2139 845 2190 et
876 2135 1052 2206 pedes
1085 2138 1383 2191 nostroset
1412 2151 1639 2207 pannos
1653 2134 1997 2192 osculaban-

345 2228 463 2290 tur,
496 2241 561 2280 eo
591 2224 746 2296 quod
779 2223 1086 2279 audierant
1116 2241 1222 2280 nos
1253 2224 1507 2280 aTurcis
1521 2224 1993 2293 eosdefensuros,

346 2312 457 2369 sub
490 2326 737 2384 quorum
763 2313 910 2385 jugo
939 2312 1144 2368 tandiu
1176 2312 1435 2384 depressi
1468 2313 1991 2370 fuerant.Perveni-

347 2419 481 2456 mus
511 2402 747 2457 tandem
779 2401 975 2468 Roais,
1010 2400 1108 2457 ubi
1142 2401 1413 2474 princeps
1462 2402 1624 2458 urbis
1660 2403 1990 2476 praedictus,

345 2496 402 2547 et
433 2506 576 2547 uxor
606 2507 734 2555 sua,
772 2507 890 2545 una
918 2506 1052 2545 cum
1085 2488 1312 2547 civibus
1341 2491 1488 2558 suis,
1537 2493 1859 2564 gaudenter
1888 2509 1993 2550 nos

346 2583 747 2651 susceperunt,
779 2583 836 2634 et
865 2578 1018 2650 quod
1054 2578 1336 2634 Balduino
1369 2578 1606 2656 polliciti
1638 2581 1991 2649 fuerant,in-

344 2667 523 2724 dilate
553 2666 1005 2740 compleverunt.
1057 2671 1318 2739 Cumque
1350 2685 1452 2740 per
1504 2668 1836 2741 quindecim
1869 2670 1993 2727 dies

343 2755 463 2811 illic
494 2772 717 2811 moram
746 2754 1099 2821 fecissimus,
1132 2755 1286 2812 cives
1316 2756 1480 2812 urbis
1504 2757 1822 2814 machinati
1854 2762 1994 2814 sunt

343 2843 669 2917 principem
700 2843 866 2899 illum
900 2843 1140 2900 sceleste
1170 2845 1513 2912 occidere,et
1553 2846 1899 2903 Balduinum
1930 2848 1990 2905 in

345 2933 560 3005 palatio
590 2933 663 2988 ad
694 2932 1117 2989 dominandum
1148 2934 1637 2992 sublimare.0dio
1666 2936 1823 2993 enim
1854 2954 1989 2994 eum

344 3021 657 3078 habebant.
687 3021 922 3078 Dictum
954 3026 1065 3089 est,
1096 3026 1155 3078 et
1178 3024 1395 3079 factum
1428 3029 1535 3080 est.
1571 3024 1731 3081 Unde
1763 3026 1992 3082 Baldui-

344 3126 455 3167 nus
485 3115 680 3166 tamen
712 3114 769 3166 et
799 3109 891 3166 sui
922 3111 1088 3167 valde
1116 3112 1443 3169 contristati
1474 3115 1787 3187 sunt,quia
1806 3133 1910 3188 pro
1923 3132 1990 3173 eo

2116 531 2329 599 sciens,
2361 530 2531 588 nobis
2561 549 2660 588 eas
2712 532 2971 605 integras
3024 531 3354 601 reservavit,
3399 537 3466 588 ut
3512 549 3547 588 a
3592 533 3764 592 nobis

2114 621 2467 693 quandoque
2497 620 2556 676 in
2590 621 2674 677 eis
2703 620 3106 677 honoraretur.
3153 620 3455 677 Tredecim
3488 621 3605 678 fere
3634 622 3764 678 mil-

2113 708 2298 766 liariis
2329 710 2508 766 distat
2537 727 2697 767 mare
2740 711 2813 766 ab
2861 709 3189 766 Antiochia.
3248 710 3316 766 Et
3357 710 3496 783 quia
3540 712 3763 769 Fernus

2111 799 2323 856 fluvius
2351 799 2496 856 inibi
2528 815 2688 855 mare
2718 798 3335 872 incidit,perejusdem
3358 798 3585 856 alveum
3599 800 3761 857 ﬂuvii

2111 906 2300 962 usque
2329 906 2508 962 prope
2531 888 2898 945 Antiochiam
2933 905 3075 945 nave
3105 889 3176 945 de
3218 887 3557 962 longinquis
3588 890 3763 963 parti-

2110 978 2221 1034 bus
2252 978 2421 1034 bonis
2452 978 2671 1034 refertze
2699 976 2974 1034 omnibus
3002 978 3391 1034 deducuntur.
3407 978 3609 1051 Itaque
3638 984 3759 1037 tam

2111 1085 2214 1140 per
2244 1084 2403 1123 mare
2433 1084 2612 1140 quam
2645 1084 2748 1140 per
2775 1071 2990 1123 terram
3023 1066 3252 1123 munita
3272 1066 3463 1133 bonis,
3496 1068 3760 1126 abundat

2109 1156 2310 1213 civitas
2340 1157 2560 1212 divitiis
2591 1155 2980 1213 multimodis.
3014 1156 3312 1230 Principes
3342 1160 3541 1213 autem
3574 1159 3758 1216 nostri

2108 1261 2241 1302 cum
2272 1263 2400 1302 eam
2431 1246 2502 1303 ad
2534 1246 2881 1318 capiendum
2911 1251 3030 1301 tam
3073 1244 3372 1303 difficilem
3427 1247 3759 1319 prospexis-

2108 1339 2256 1401 sent,
2281 1335 2667 1407 jurejurando
2698 1335 3191 1391 conﬁrmaverunt
3221 1334 3470 1393 invicem
3500 1349 3629 1393 eam
3662 1337 3759 1393 ob-

2107 1424 2334 1481 sidione
2363 1424 2649 1492 cohibere,
2683 1425 2886 1493 donec,
2920 1423 3037 1480 Deo
3060 1425 3555 1498 sutfragaete,aut
3580 1425 3635 1480 vi
3656 1431 3759 1483 aut

2104 1512 2339 1587 ingenio
2370 1519 2611 1586 possent
2641 1530 2769 1570 eam
2803 1529 3026 1586 capere.
3061 1514 3211 1569 Tum
3243 1530 3377 1570 vero
3407 1513 3467 1570 in
3512 1513 3755 1573 ﬂumine

2106 1602 2378 1675 praedicto
2408 1603 2757 1659 invenerunt
2787 1620 2982 1671 naves,
3025 1619 3159 1659 cum
3182 1604 3354 1675 juxta
3383 1602 3529 1659 illud
3562 1605 3757 1661 deam-

2105 1692 2395 1761 bularent,
2426 1709 2575 1765 quas
2605 1692 2919 1764 capientes,
2955 1696 3372 1765 eoaptaverunt
3396 1691 3507 1749 sibi
3567 1694 3639 1750 de
3670 1694 3757 1751 eis

2105 1799 2289 1838 unum
2322 1786 2579 1855 pontem,
2613 1798 2716 1854 per
2743 1797 2919 1853 quem
2950 1786 3151 1854 postea
3178 1781 3541 1838 transierunt
3571 1784 3643 1839 ad
3659 1799 3756 1840 ne-

2102 1872 2261 1945 gotia
2287 1887 2395 1928 sua
2426 1871 2711 1938 facienda,
2745 1887 2878 1926 cum
2912 1875 3085 1926 antea
3126 1870 3485 1943 pedetentim
3538 1873 3755 1929 vadare

2102 1978 2205 2035 per
2230 1961 2447 2016 ﬂumen
2480 1959 2634 2016 illico
2665 1976 2780 2014 non
2823 1958 3101 2016 valerent.
3157 1960 3269 2016 Sed
3319 1976 3452 2017 cum
3493 1962 3669 2018 Turci
3720 1976 3757 2019 α

2102 2053 2267 2105 tanta
2295 2048 2670 2104 multitudine
2701 2047 3031 2104 Christiana
3062 2047 3387 2104 seobsideri
3412 2048 3756 2124 circumspi-

2104 2143 2317 2207 cerent,
2348 2140 2623 2194 timentes
2653 2137 2808 2209 quod
2839 2136 3178 2193 nullomodo
3209 2137 3282 2193 ab
3304 2136 3388 2194 eis
3408 2139 3599 2195 excuti
3626 2155 3755 2211 pos-

2104 2232 2251 2296 sent,
2284 2226 2430 2283 inito
2461 2225 2703 2282 consilio
2734 2224 3171 2293 invicem,misit
3200 2225 3521 2283 Graeianus
3548 2227 3752 2285 Antio.

2103 2317 2246 2374 chiae
2276 2315 2603 2373 admiratus
2634 2314 2819 2370 filium
2852 2332 3048 2383 suum,
3085 2315 3466 2371 Sansadolem
3489 2316 3748 2383 nomine,

2103 2407 2175 2463 ad
2227 2405 2559 2471 soldanum,
2618 2403 2728 2459 hoc
2759 2408 2848 2459 est
2895 2403 2967 2459 ad
3010 2403 3421 2476 imperatorem
3470 2405 3749 2473 Persidis,

2102 2501 2406 2569 precantes
2436 2498 2501 2549 ut
2529 2493 2615 2549 eis
2644 2492 2929 2550 citissime
2958 2493 3564 2565 succurreret,quiain
3588 2494 3753 2551 nullo

2102 2584 2216 2641 alio
2247 2601 2412 2658 spem
2444 2581 2641 2638 auxilii
2673 2581 3558 2654 habebant,pra2terMahumeth
3574 2585 3752 2641 δᾶνος-

2102 2681 2297 2731 catum
2328 2690 2550 2730 eorum.
2586 2669 2686 2727 Ille
2714 2675 2912 2727 autem
2945 2670 3084 2726 illuc
3116 2669 3199 2727 sic
3226 2671 3577 2740 destinatus,
3599 2672 3756 2747 lega-

2100 2765 2320 2820 tionem
2352 2777 2699 2836 perpropere
2726 2759 2927 2833 gessit.
2977 2758 3086 2827 Qui
3124 2776 3258 2817 vero
3316 2768 3751 2820 remanserunt.

2100 2853 2505 2910 custodierunt
2534 2850 2759 2919 urbem,
2791 2848 3024 2905 interim
3049 2848 3330 2906 auxilium
3345 2851 3755 2923 praestolantes

2100 2944 2469 3008 mandatum,
2501 2944 2558 2997 et
2586 2942 2787 2995 contra
2835 2939 3086 2995 Francos
3135 2939 3352 2995 damna
3398 2939 3756 2999 multimoda

2098 3035 2432 3107 frequenter
2461 3028 2775 3085 machinati
2808 3031 2965 3084 sunt.
3020 3027 3223 3085 Franci
3253 3045 3484 3102 quoque
3512 3030 3752 3087 callidi-

2098 3123 2207 3180 tati
2237 3137 2437 3179 eorum
2460 3136 2563 3192 pro
2582 3133 2751 3191 posse
2771 3116 3752 3191 obsistebant.Contingitenim,die

342 3199 765 3274 indulgentiam
794 3200 1105 3273 impetrare
1151 3201 1554 3275 nequiverunt.
1617 3182 1760 3261 Cum
1790 3182 1986 3261 autem
2017 3182 2063 3253 CI
2100 3212 2375 3287 quadam,
2411 3182 2765 3281 septigentos
2814 3207 3037 3262 Turcos
3087 3205 3159 3261 ab
3215 3208 3301 3263 eis
3331 3182 3751 3282 interremptos

340 3288 735 3362 principatum
766 3288 925 3345 illius
957 3290 1332 3347 donocivium
1350 3292 1673 3349 Balduinus
1702 3296 1991 3367 suscepis-

340 3382 451 3443 set,
486 3377 754 3450 protinus
784 3378 1062 3435 adversus
1094 3380 1334 3451 Turcos,
1366 3381 1467 3453 qui
1499 3382 1558 3436 in
1590 3382 1779 3455 patria
1800 3389 1984 3451 erant,

341 3465 503 3522 litem
530 3465 799 3521 bellicam
829 3467 1028 3533 movit,
1059 3484 1208 3539 quos
1238 3469 1535 3527 multoties
1566 3470 1650 3527 vel
1689 3473 1871 3530 victos
1900 3474 1987 3531 vel

341 3554 563 3611 occisos
594 3553 906 3626 superavit.
938 3557 1230 3629 Contingit
1257 3563 1453 3614 tamen
1476 3560 1547 3615 de
1562 3562 1776 3617 nostris
1792 3563 1990 3635 plures

342 3660 377 3699 a
404 3642 615 3699 Murcis
646 3643 1025 3717 interemptos
1074 3646 1273 3702 fuisse.
1306 3649 1425 3720 Ego
1455 3665 1588 3705 vero
1649 3650 1990 3710 Fulcherius

343 3731 745 3797 Carnotensis,
777 3732 1114 3804 capellanus
1143 3734 1332 3806 ipsius
1370 3736 1636 3794 Balduini
1658 3741 1990 3799 eram.\'olo

343 3824 539 3877 autem
573 3821 645 3877 de
673 3821 927 3877 exercitu
959 3822 1061 3878 Dei
1115 3841 1443 3882 sermonem
1493 3845 1667 3900 quem
1706 3830 1989 3904 dereliqui

345 3925 660 3966 resumere.

980 4000 1214 4058 CAPUT
1250 4003 1351 4060 VII

413 4086 611 4142 Mense
667 4086 920 4158 Octobri,
954 4095 1341 4162 pervenerunt
1386 4093 1590 4150 Franci
1619 4095 1989 4153 Antiochiam

343 4174 539 4248 Syriae,
575 4176 818 4233 ﬂumine
847 4178 1092 4235 transito
1122 4181 1277 4253 quod
1294 4183 1564 4249 Fel-num,
1598 4184 1682 4240 vel
1715 4172 1990 4241 Orontem

341 4263 669 4320 nominant.
699 4266 846 4322 Ante
879 4268 1081 4324 urbem
1105 4270 1280 4341 jussa
1299 4276 1440 4327 sunt
1456 4275 1706 4330 tentoria
1732 4275 1988 4343 extendi,

340 4352 496 4409 intra
525 4354 780 4427 primum
799 4357 872 4412 ab
891 4356 1434 4431 urbelapidem,uhi
1465 4368 1667 4433 postea
1695 4369 1989 4420 certamen

341 4442 665 4515 pessimum
698 4447 972 4517 utrinque
1002 4463 1259 4521 perempe
1294 4449 1510 4505 factum
1543 4457 1651 4507 est.
1677 4452 1823 4508 Nam
1855 4469 1989 4509 cum

2096 3319 2243 3367 esse,
2276 3304 2334 3357 et
2365 3298 2506 3370 quia
2526 3294 2763 3352 Francis
2794 3294 3040 3351 insidias
3070 3299 3436 3368 paraverant,
3485 3296 3560 3352 ab
3598 3297 3749 3355 insi-

2096 3389 2397 3446 diantibus
2426 3384 2698 3443 similiter
2726 3382 2982 3456 superati
3014 3387 3172 3438 sunt.
3204 3383 3404 3440 Virtus
3448 3384 3609 3441 enim
3639 3386 3749 3444 Dei

2098 3494 2354 3552 praesens
2385 3474 2465 3531 ibi
2497 3473 2702 3530 adfuit.
2734 3472 2880 3528 Nam
2912 3472 3094 3528 nostri
3125 3488 3330 3530 omnes
3347 3472 3474 3530 sani
3490 3475 3751 3548 regressi

2098 3571 2256 3635 sunt,
2287 3568 2523 3636 excepto
2553 3579 2670 3618 uno
2702 3561 2775 3617 ab
2804 3560 2923 3617 illis
2952 3561 3234 3618 sauciato.
3268 3562 3655 3619 Heulmultos
3678 3564 3757 3622 de

2098 3653 2468 3720 Christianis,
2503 3651 2603 3724 qui
2653 3650 2712 3705 in
2760 3650 2905 3706 urbe
2951 3650 3467 3720 conversabantur,
3500 3652 3752 3723 scilicet,

2100 3745 2301 3811 Graeci,
2335 3744 2516 3817 Syris,
2548 3740 2840 3796 Armeniis
2868 3738 3040 3795 Turci
3073 3739 3232 3797 rabie
3261 3741 3605 3798 occidebant
3624 3759 3760 3816 per-

2100 3834 2266 3906 moti,
2297 3837 2354 3890 et
2383 3829 2651 3904 petrariis
2680 3833 2738 3885 et
2766 3828 3093 3885 fundibulis
3124 3829 3249 3885 suis
3307 3830 3499 3903 capita
3524 3833 3757 3890 occiso-

2099 3941 2254 3991 rum,
2284 3920 2522 3979 Francis
2552 3917 2946 3986 cernentibus,
2978 3922 3139 3974 extra
3168 3935 3371 3976 muros
3416 3919 3754 3991 ejiciebant.

2100 4015 2224 4080 Qua
2254 4012 2324 4067 de
2356 4026 2560 4082 regens
2592 4011 2794 4063 nostra
2821 4006 2987 4063 valde
3014 4006 3383 4064 tristabatur.
3433 4008 3579 4067 0dio
3618 4011 3758 4082 qui-

2099 4104 2232 4159 dem
2264 4098 2627 4155 Christianos
2657 4095 2790 4152 illos
2820 4095 3115 4152 habebant
3161 4095 3439 4169 quoniam
3491 4115 3565 4155 ne
3603 4098 3758 4158 forte

2100 4193 2354 4249 Francos
2393 4176 2807 4260 quoquomodo‘
2850 4185 3151 4241 munirent
3207 4186 3566 4243 metuebant.
3600 4187 3754 4246 Cum

2101 4287 2294 4338 autem
2326 4274 2667 4349 aliquandiu
2701 4273 2904 4329 Franci
2924 4273 3130 4329 urbem
3154 4273 3757 4344 circumsedissent,et

2101 4367 2457 4445 provinciam
2488 4364 2724 4420 affinem
2757 4362 3093 4434 rapinantes
3137 4380 3244 4436 pro
3271 4363 3624 4421 victualibus
3653 4382 3754 4423 ne-

2100 4457 2371 4517 cessariis
2402 4454 2513 4510 sibi
2536 4452 2797 4523 undique
2831 4451 3249 4521 devastassent,
3310 4456 3369 4509 et
3414 4470 3627 4526 panem
3671 4457 3750 4512 ad

343 4531 413 4588 de
444 4531 675 4589 civitate
706 4534 878 4589 Turci
912 4536 1265 4607 prosilirent,
1286 4537 1504 4595 multos
1533 4540 1990 4598 denostrisocci-
2022 4558 2063 4622 ι)
2096 4548 2410 4609 emendum
2442 4558 2735 4614 nusquam
2767 4540 3024 4597 invenire
3054 4546 3310 4613 possent,
3362 4543 3608 4616 contigit
3646 4560 3752 4601 eos

341 4620 559 4676 debant
589 4638 603 4689 ;
636 4621 759 4677 vice
788 4626 983 4679 tamen
1016 4624 1265 4690 reddita,
1296 4642 1358 4682 se
1408 4644 1639 4699 quoque
1683 4635 1987 4702 superatos

341 4707 639 4783 lugebant.
672 4711 774 4767 Est
804 4728 1010 4784 nempe
1043 4713 1345 4771 Antiochia
1374 4716 1576 4774 civitas
1619 4731 1833 4792 magna
1863 4736 1986 4775 am-

342 4797 489 4867 bitu,
523 4798 641 4854 situ
673 4799 861 4869 fortis,
890 4805 949 4857 et
977 4819 1146 4858 muro
1172 4802 1401 4860 valida:
1439 4821 1567 4877 quae
1616 4812 1672 4862 et
1702 4808 1773 4862 ab
1804 4807 1986 4865 hosti-

342 4886 452 4943 bus
481 4888 732 4944 externis
762 4908 1065 4963 nunquam
1098 4893 1309 4964 poterit
1337 4895 1825 4966 comprehendi,si
1855 4902 1989 4953 tan-

339 4979 467 5030 tum
499 4975 892 5033 inhabitantes
925 4997 1072 5052 pane
1094 4983 1447 5039 mumtieam
1479 4984 1987 5042 defenderevolue-

341 5064 480 5118 rint.
510 5063 727 5136 Estque
759 5065 815 5120 in
848 5084 915 5122 ea
961 5069 1204 5126 basilica
1233 5089 1351 5127 una
1380 5072 1524 5129 satis
1544 5076 1893 5145 veneranda,
1926 5075 1987 5130 in

340 5153 560 5209 honore
590 5155 777 5222 sancti
809 5156 958 5212 Petri
989 5160 1232 5230 apostoli
1265 5162 1548 5230 dedicata,
1600 5164 1701 5220 ubi
1749 5165 1901 5220 sedit
1928 5164 1987 5220 in

341 5241 637 5310 cathedra,
670 5242 730 5298 in
760 5244 1099 5319 episcopum
1121 5249 1865 5325 sublimatus,postquama
1884 5254 1990 5310 Do-

341 5329 501 5386 mino
531 5329 924 5403 principatum
955 5335 1242 5405 Ecclesiae,
1267 5338 1795 5415 clavibusacceptis
1826 5343 1988 5416 regni

341 5417 592 5475 caelestis
641 5421 917 5495 suscepit.
964 5426 1065 5481 Est
1111 5431 1169 5484 et
1210 5427 1392 5484 altera
1425 5430 1481 5485 in
1541 5430 1760 5489 honore
1808 5432 1987 5489 beatae

340 5505 533 5563 Maria;
570 5508 898 5568 fabrefacta.
928 5514 1192 5590 Suntque
1221 5515 1347 5571 alias
1378 5517 1572 5589 plures
1603 5519 1857 5577 ecclesiae
1889 5523 2001 5577 de--

339 5599 535 5655 center
562 5599 915 5675 compositae.
948 5606 1082 5676 Quae
1112 5602 1387 5687 quamvis
1410 5607 1521 5666 sub
1532 5612 1817 5685 potestate
1848 5611 1991 5671 Ture

2096 4642 2313 4697 famem
2347 4648 2621 4706 magnam
2653 4629 2962 4686 sustinere.
2994 4629 3157 4687 Unde
3178 4630 3561 4687 omnesvalde
3581 4633 3755 4690 deso-

2094 4729 2199 4786 lati
2231 4727 2471 4791 sunt,'et
2501 4718 2668 4776 multi
2690 4717 3424 4791 latenterrogitaveruntde
3441 4720 3754 4778 obsidione

2096 4819 2394 4889 aufugere,
2427 4811 2546 4867 sive
2578 4825 2678 4882 per
2705 4811 2941 4875 terram,
2975 4806 3095 4864 sive
3123 4824 3228 4881 per
3246 4808 3558 4865 mare.Non
3588 4810 3752 4867 enim

2097 4906 2390 4963 habebant
2417 4898 2734 4972 quidquam
2770 4895 3232 4968 stipendii,unde
3258 4896 3448 4955 vivere
3474 4900 3753 4970 possent;

2097 5012 2245 5069 quos
2264 4992 2440 5050 etiam
2467 4986 2769 5061 oportebat
2791 4985 3007 5041 victum
3065 5003 3240 5042 suum
3270 4985 3442 5061 longe
3489 5002 3754 5060 quaerere

2098 5101 2233 5141 cum
2266 5078 2487 5155 ingenti
2520 5077 2747 5141 timore,
2782 5073 3110 5147 elongando
3141 5093 3203 5131 se
3222 5075 3295 5131 ab
3317 5075 3621 5133 obsidione
3648 5081 3756 5133 aut

2097 5169 2487 5247 quadraginta
2517 5169 2618 5221 aut
2647 5163 2946 5237 sexaginta
2975 5163 3286 5232 milliariis,
3318 5164 3441 5233 ubi,
3478 5164 3756 5222 videlicet

2096 5265 2156 5319 in
2186 5257 2504 5323 montanis,
2537 5272 2570 5311 a
2600 5253 2807 5310 Turcis
2836 5252 3254 5311 insidiantibus
3302 5269 3560 5326 persaepe
3601 5255 3755 5311 οοοί-

2097 5352 2404 5408 dabantur.
2437 5345 2567 5401 Haec
2616 5346 2810 5398 autem
2858 5341 3231 5399 incommoda
3274 5342 3634 5416 putabamus
3661 5342 3750 5400 sic

2098 5439 2334 5497 Francis
2359 5431 2672 5506 contigisse
2702 5435 2939 5503 propter
2950 5430 3551 5506 peccatasua,quibus
3571 5430 3748 5489 multi

2097 5524 2669 5598 constringebantur,
2706 5524 2764 5576 et
2792 5519 2944 5592 quod
2979 5520 3184 5576 urbem
3216 5525 3338 5578 tam
3389 5520 3564 5595 longo
3593 5525 3748 5579 tem-

2095 5635 2236 5699 pore
2265 5629 2469 5694 capere
2498 5627 2615 5669 non
2645 5613 2933 5687 poterant.
2962 5606 3109 5668 Nam
3138 5609 3381 5691 plurimi
3408 5614 3749 5691 tamsaporo
