3998 6088
198 265 312 328 εει

962 262 1381 330 FULCHERII
1425 262 1760 329 CARNOT.
1803 256 2008 327 HIST.
2054 263 2465 329 HIEROSOL.
2497 299 2576 310 ——
2601 264 2745 343 LIB,
2794 265 2846 327 Ι.

3486 263 3606 326 842

198 399 306 457 biaa
328 416 511 472 quam
528 397 771 455 luxuria:
792 402 968 471 atque
990 399 1207 472 rapinae
1240 399 1608 457 immodestia
1643 398 1850 478 debili-
1880 400 1931 467 Α
1962 399 2231 467 audistis,
2247 399 2347 472 qui
2369 400 2439 455 ab
2463 399 2766 455 obsidione
2788 402 2907 454 tam
2933 397 3104 453 anxia
3128 415 3191 453 se
3218 401 3605 455 removerunt.

197 491 498 547 tabantur.
522 477 675 545 Tum
706 487 949 560 proinde
976 488 1129 545 facto
1151 489 1415 557 consilio,
1443 490 1739 560 ejecerunt
1768 490 1853 545 fe-

195 578 392 635 minas
411 578 484 634 de
504 576 783 644 exercitu,
796 581 917 633 tam
936 579 1218 652 conjuges
1239 595 1418 651 quam
1440 577 1854 648 immaritatas,

197 684 293 740 ne,
314 666 559 723 luxuria:
589 665 865 723 sordibus
893 666 1281 739 eoinquinati,
1311 667 1560 724 Domino
1590 667 1857 741 displice-

193 762 347 815 rent.
374 757 489 815 Illa:
513 774 650 814 vero
682 756 743 813 in
773 757 982 814 castn's
1021 758 1301 814 affinibus
1339 763 1481 814 tunc
1511 758 1623 815 sibi
1653 758 1852 832 hospi-

192 848 281 904 tia
307 850 781 920 assumpserunt.
808 846 1061 903 Desolati
1094 847 1252 903 enim
1280 865 1483 904 omnes
1513 852 1700 915 erant,
1730 853 1851 905 tam

192 939 351 995 tame
378 953 556 1011 quam
583 934 872 993 occisione
898 935 1261 1011 quotidiana,
1286 941 1409 993 tam
1438 937 1649 993 divites
1672 954 1850 1010 quam

192 1040 505 1098 pauperes.
529 1024 598 1079 Et
628 1023 743 1080 nisi
782 1024 937 1080 Deus
977 1041 1097 1092 eos,
1120 1029 1400 1097 tanquam
1434 1026 1625 1082 bonus
1654 1029 1854 1099 pastor

194 1130 333 1171 oves
390 1129 550 1181 suas,
580 1113 869 1186 gregatim
926 1113 1368 1187 constringeret,
1422 1114 1623 1188 procul
1673 1114 1851 1172 dubio

193 1202 439 1261 omnino
467 1202 603 1258 inde
623 1202 989 1275 aufugerent,
1012 1202 1150 1259 licet
1168 1203 1533 1260 obsidionem
1546 1204 1852 1276 jurassent

192 1291 597 1349 obtinendam.
630 1290 798 1347 Multi
829 1296 1024 1348 tamen
1066 1296 1302 1365 propter
1330 1293 1500 1367 panis
1530 1293 1849 1351 necessita-

191 1386 336 1450 tem,
360 1397 467 1455 per
488 1379 688 1454 plures
711 1379 837 1437 dies
860 1382 1199 1454 quaerebant
1225 1399 1330 1455 per
1351 1382 1590 1439 castella
1618 1383 1852 1458 propin-

191 1471 407 1544 quiora
432 1487 561 1543 quaa
590 1469 768 1526 victui
802 1487 911 1527 suo
943 1475 1111 1527 erant
1139 1472 1488 1541 necessaria,
1516 1489 1619 1529 nec
1649 1476 1851 1545 postea

191 1562 552 1616 revertentes
582 1557 654 1613 ad
693 1557 1037 1630 exercitum,
1065 1558 1433 1616 obsidionem
1480 1560 1716 1634 penitus
1759 1560 1846 1616 di-

192 1647 531 1704 mittebant.
554 1647 719 1702 Tunc
760 1647 1041 1720 temporis
1071 1648 1327 1705 vidimus
1357 1666 1542 1705 unum
1574 1649 1846 1706 ruborem

190 1736 252 1793 in
284 1735 431 1793 caelo
463 1734 813 1803 mirabilem,
834 1735 1078 1810 insuper
1097 1737 1392 1795 sensimus
1424 1742 1588 1794 terrae
1619 1743 1842 1795 motum

192 1841 500 1900 magnum,
525 1824 625 1897 qui
674 1842 781 1881 nos
828 1825 1069 1898 pavidos
1101 1826 1357 1883 reddidit
1399 1844 1623 1885 omnes.
1677 1827 1845 1884 Multi

188 1916 371 1973 etiam
400 1914 677 1971 viderunt
702 1915 996 1987 quoddam
1026 1915 1261 1989 signum
1295 1916 1356 1972 in
1385 1917 1625 1973 modum
1652 1917 1844 1974 crucis

190 2004 535 2079 figuratum,
560 2002 752 2060 colore
786 2002 1124 2076 alburnum,
1148 2022 1351 2062 versus
1381 2007 1661 2063 orientem
1689 2011 1844 2063 recto

186 2094 431 2152 tramite
461 2093 759 2151 incedens.

807 2182 1039 2240 CAPUT
1076 2183 1225 2241 VIII.

250 2276 424 2331 Anno
445 2276 643 2330 autem
673 2271 906 2328 Domini
937 2272 1253 2331 millesimo
1285 2274 1663 2349 nonagesimo
1685 2280 1842 2332 oeta-

184 2381 279 2431 vo,
298 2366 615 2437 postquam
646 2361 747 2439 illa
768 2362 925 2436 regio
946 2361 1304 2420 Antiochena
1325 2363 1782 2438 circumquaque
1813 2382 1848 2421 a

186 2451 571 2509 multitudine
589 2451 783 2525 gentis
805 2455 1016 2508 nostra:
1037 2469 1280 2525 prorsus
1295 2453 1593 2511 devastata
1616 2454 1842 2511 fuisset.

188 2540 384 2614 magis
430 2540 738 2613 magisque
783 2542 1035 2613 majores
1067 2546 1124 2597 et
1154 2542 1412 2598 minores
1461 2544 1614 2599 fame
1662 2543 1846 2600 nimia

187 2630 378 2687 vexati
431 2633 589 2685 sunt.
625 2629 789 2686 ’hine
845 2629 1099 2686 famelici
1145 2632 1529 2688 comedebant
1579 2632 1847 2690 surculos

188 2719 465 2777 fabarum
521 2717 582 2773 in
627 2719 783 2793 agris
833 2718 1024 2775 adhuc
1072 2721 1482 2789 crescentium,
1516 2720 1847 2794 herbasque

190 2807 579 2865 multimodas
606 2812 666 2864 et
689 2807 812 2866 sale
838 2808 1198 2879 inconditas;
1232 2811 1366 2866 card
1379 2827 1482 2867 uos
1512 2810 1713 2880 etiam,
1744 2811 1847 2884 qui

190 2901 434 2972 propter
459 2896 755 2970 lignorum
789 2897 1182 2954 deficientium
1213 2914 1330 2955 non
1378 2900 1522 2956 bene
1552 2900 1697 2957 cocti
1732 2900 1847 2956 lin-

190 3003 345 3060 guas
394 2985 876 3042 manducantium
930 2987 1361 3061 depungebant,
1395 3004 1598 3061 equos,
1649 2989 1847 3046 asinos

191 3073 590 3148 camelosque,
640 3091 816 3134 canes
868 3075 1045 3132 etiam
1101 3081 1159 3134 et
1206 3093 1426 3134 mures.
1469 3077 1848 3151 Pauperiores

1963 488 2071 543 Alii
2101 494 2337 562 propter
2383 493 2724 562 egestatem,
2758 484 2857 543 alii
2886 492 3122 562 propter
3168 486 3481 560 ignaviam,
3509 486 3609 542 alii

1961 593 2094 633 vero
2126 581 2359 651 propter
2402 578 2608 633 mortis
2655 576 2944 645 timorem,
2980 576 3251 650 primitus
3300 591 3610 649 pauperes,

1963 667 2174 723 deinde
2202 666 2539 740 locupletes.
2568 668 2732 722 Tunc
2755 667 3088 739 Stephanus
3107 658 3302 721 comes
3321 664 3612 721 Blesensis

1962 756 2034 812 ab
2067 757 2320 812 exercitu
2351 755 2644 823 discessit,
2670 761 2727 812 et
2769 773 2871 829 per
2902 773 3060 813 mare
3091 755 3151 810 in
3187 753 3490 810 Franciam
3522 771 3612 810 re-

1961 846 2254 918 patriavit.
2279 846 2442 903 Unde
2473 846 2773 902 doluimus
2810 863 3034 912 omnes,
3064 845 3343 918 quoniam
3372 845 3462 900 vir
3489 848 3614 901 erat

1960 935 2349 1008 probissimus
2398 940 2454 991 et
2501 935 2667 991 valde
2713 935 2943 991 nobilis.
2979 937 3100 1001 Quo
3130 935 3486 1003 discedente,
3520 951 3612 991 se-

1961 1025 2160 1097 quenti
2184 1025 2559 1082 discessionis
2595 1043 2712 1081 suae
2744 1025 2837 1081 die
2868 1025 3010 1081 urbs
3039 1023 3347 1080 Antiochia
3374 1027 3463 1079 est
3490 1027 3609 1080 tra-

1959 1113 2102 1170 dita.
2127 1114 2186 1170 Si
2237 1115 2968 1187 perseveraSset,multum
3015 1113 3151 1170 inde
3200 1129 3334 1169 cum
3384 1112 3607 1168 caeteris

1957 1203 2257 1275 gauderet.
2285 1203 2504 1259 Idcirco
2525 1203 2744 1261 factum
2771 1207 2860 1260 est
2888 1204 2937 1259 ei
2970 1202 3078 1258 hoc
3110 1202 3169 1257 in
3202 1200 3603 1274 opprobrium.

1958 1292 2072 1349 Nec
2102 1293 2340 1365 prodest
2368 1293 2646 1365 cuiquam
2692 1294 2912 1349 bonum
2942 1291 3198 1359 initium,
3232 1290 3281 1346 si
3312 1292 3457 1347 bene
3487 1308 3605 1348 non

1956 1380 2190 1437 finierit.
2228 1382 2290 1437 In
2324 1382 2499 1438 rebus
2543 1387 2737 1438 autem
2772 1381 3027 1448 Domini,
3051 1397 3118 1437 eo
3163 1380 3319 1453 quod
3370 1378 3606 1436 mentiri

1910 1473 1914 1477 “
1957 1469 2193 1541 nollem,
2217 1471 2538 1526 cavendum
2590 1477 2708 1540 est;
2760 1488 2831 1526 ne
2878 1472 2938 1526 in
2990 1470 3306 1542 aliquantis
3359 1468 3644 1538 deviem,_

1954 1559 2142 1623 multa
2161 1559 2452 1616 breviaho.
2478 1561 2563 1617 Ab
2586 1560 2714 1633 ipso
2736 1564 2930 1616 autem
2955 1576 3155 1616 mense
3176 1558 3427 1628 Octobri,
3453 1562 3610 1614 tran-

1955 1666 2161 1706 scursa
2205 1649 2397 1705 hieme
2446 1650 2734 1723 sequenti.
2763 1654 2819 1705 et
2866 1650 3074 1705 deinde
3118 1665 3295 1706 verno
3344 1652 3607 1721 tempore

1956 1755 2143 1811 usque
2174 1739 2316 1794 dum
2348 1739 2708 1795 subintraret
2754 1738 2968 1795 Junius
3015 1738 3260 1807 mensis,
3290 1735 3456 1793 urbis
3502 1736 3606 1793 ob-

1952 1827 2102 1884 sidio
2150 1827 2505 1900 perduravit.
2540 1827 2836 1885 Multoties
2884 1827 3120 1884 interim
3169 1825 3502 1883 invasiones
3549 1829 3608 1882 et

1951 1916 2170 1990 praelia,
2202 1916 2564 1991 insidiasque
2614 1916 2819 1973 Franci
2848 1920 2908 1973 et
2946 1916 3120 1973 Turei
3170 1916 3420 1973 invicem
3469 1930 3607 1989 ege-

1953 2011 2111 2071 runt.
2124 2005 2451 2062 Vincebant
2467 2011 2524 2063 et
2536 2005 2938 2062 vincebantur.
2960 2006 3153 2065 Nostri
3175 2009 3371 2062 tamen
3391 2005 3607 2078 saepius

1954 2112 2131 2168 quam
2161 2095 2246 2150 illi
2285 2095 2752 2169 triumphabant.
2787 2094 2976 2152 Semel
3015 2094 3262 2168 contigit
3297 2094 3608 2168 plerosque

1954 2185 2024 2241 de
2044 2184 2250 2241 Turcis
2278 2183 2339 2240 in
2373 2184 2590 2242 ﬂumen
2622 2186 2873 2244 Fernum
2904 2184 3179 2258 fugiendo
3209 2184 3434 2252 cadere,
3457 2187 3515 2239 et
3543 2182 3606 2238 in

1954 2273 2081 2346 ipso
2103 2290 2328 2331 mersos
2358 2274 2666 2331 infeliciter
2690 2273 2945 2330 interire.
2973 2273 3068 2331 Cis
3092 2274 3343 2330 Fernum
3374 2276 3432 2329 et
3458 2272 3609 2329 citra

1955 2364 2228 2432 Fernum,
2251 2368 2497 2436 utraque
2520 2380 2663 2438 gens
2695 2363 2941 2420 invicem
2976 2362 3275 2420 bellabant
3303 2377 3474 2435 saepe.
3498 2365 3608 2418 Ga-

1955 2451 2124 2510 stella
2144 2451 2382 2525 quidem
2414 2458 2549 2509 ante
2580 2453 2786 2509 urbem
2820 2456 3277 2525 composuerunt
3295 2451 3607 2524 optimates

1955 2542 2162 2610 nostri,
2188 2541 2404 2615 quibus
2434 2547 2639 2615 postea
2669 2543 2889 2599 Turcos
2934 2540 3226 2615 frequenti
3271 2540 3429 2597 exitu
3460 2537 3606 2596 assi-

1954 2630 2181 2698 lientes,
2203 2630 2577 2687 vehementer
2624 2632 3034 2688 cohibuerunt.
3066 2630 3227 2686 Unde
3276 2629 3481 2687 bestiis
3511 2645 3607 2685 eo-

1956 2737 2086 2777 rum
2122 2737 2340 2793 pascua
2360 2738 2510 2793 saepe
2532 2720 2921 2777 abstulerunt.
2945 2721 3061 2777 Nec
3092 2720 3163 2776 ab
3192 2719 3445 2776 externis
3473 2734 3608 2792 pro-

1953 2808 2156 2866 vincia:
2186 2810 2478 2866 Armeniis
2511 2809 2836 2883 quidquam
2881 2808 3125 2866 allatum
3157 2809 3287 2864 fuit.
3311 2808 3473 2881 Saepe
3520 2811 3608 2863 ta-

1957 2916 2091 2955 men
2121 2897 2234 2970 ipsi
2265 2899 2337 2954 ad
2384 2898 2716 2955 laedendum
2749 2904 2981 2955 nostros
3029 2898 3437 2972 procedebant.
3461 2896 3609 2953 Cum

1957 2991 2151 3044 autem
2184 2987 2405 3060 placuit
2435 2988 2681 3045 Domino
2709 2988 2972 3044 laborem
3003 2986 3205 3060 populi
3228 2986 3319 3044 sui
3341 3001 3612 3043 consum-

1959 3093 2138 3144 mare,
2154 3077 2397 3133 forsitan
2420 3077 2692 3150 precibus
2711 3094 2911 3134 eorum
2930 3074 3215 3150 placatus,
3231 3075 3331 3149 qui
3348 3073 3610 3148 quotidie

191 3165 377 3222 etiam
408 3163 728 3222 bestiarum
776 3164 934 3222 coria
961 3166 1363 3238 comedebant,
1391 3171 1448 3223 et
1477 3148 1634 3240 quod
1682 3168 1845 3228 nefas
1875 3148 1920 3218 (Ι
1960 3182 2160 3239 preces
2182 3166 2315 3222 inde
2337 3148 2630 3239 supplices
2651 3167 2702 3223 ei
2725 3148 3067 3234 fundebant,
3088 3148 3377 3221 concessit
3396 3164 3611 3237 pietate

190 3259 286 3312 est
313 3254 527 3323 dicere,
554 3270 753 3310 mures
784 3258 841 3310 et
890 3272 1074 3328 grana
1101 3254 1159 3311 in
1194 3256 1549 3313 stercoribus
1598 3261 1844 3329 reperta.

196 3343 467 3416 Frigora,
525 3342 736 3417 ﬂagra,
783 3341 1035 3410 calores,
1086 3343 1315 3417 pluvias
1369 3346 1583 3402 densas
1614 3351 1852 3419 propter

192 3432 384 3489 Deum
417 3431 680 3505 perpessi
709 3437 867 3489 sunt.
894 3432 1165 3489 Tentoria
1197 3433 1373 3491 etiam
1409 3435 1536 3507 jam
1567 3440 1733 3492 erant
1760 3434 1847 3490 in-

189 3524 477 3590 veterata,
500 3520 781 3577 imbrium
800 3522 1288 3580 inundationibus
1309 3524 1636 3597 putrefacta
1655 3529 1711 3581 et
1731 3523 1850 3581 dis-

194 3614 393 3684 rupta.
415 3611 540 3677 Qua
578 3610 651 3667 de
695 3627 777 3679 re,
800 3610 969 3667 multi
1002 3628 1205 3668 eorum
1238 3613 1472 3671 nonnisi
1503 3613 1645 3671 coelo
1694 3618 1850 3688 tege-

194 3701 433 3758 bantur.
460 3700 663 3772 Itaque
690 3699 796 3768 illi,
827 3700 997 3773 quasi
1026 3718 1241 3757 aurum
1271 3706 1360 3759 ter
1386 3702 1507 3776 igni
1540 3704 1850 3777 probatum

194 3789 538 3864 septiesque
567 3794 905 3863 purgatum,
922 3790 1284 3862 jamdudum
1306 3809 1341 3848 a
1361 3792 1628 3860 Domino,
1654 3796 1718 3848 ut
1737 3792 1855 3865 opi-

194 3897 327 3947 nor,
349 3877 630 3953 przelecti,
653 3882 711 3935 et
750 3878 811 3934 in
857 3879 1191 3937 calamitate
1239 3884 1406 3938 tanta
1452 3881 1787 3949 examinati,
1820 3899 1855 3938 a

194 3968 457 4044 peccatis
476 3966 604 4025 suis
626 3968 858 4042 purgati
883 3972 1037 4025 sunt.
1064 3968 1175 4025 Diu
1196 3970 1353 4026 enim
1385 3970 1779 4045 agonizantcs,
1804 3970 1856 4027 si

194 4057 377 4115 etiam
398 4055 635 4131 gladius
654 4057 1159 4130 percussoris'non
1184 4060 1433 4131 deesset,
1447 4058 1707 4133 martyrii
1729 4075 1857 4115 cur-

195 4163 334 4206 sum
365 4144 542 4202 multi
558 4145 883 4203 voluntarie
911 4146 1323 4221 complessent.
1350 4147 1614 4206 Forsitan
1637 4166 1671 4204 a
1692 4149 1855 4220 justo

192 4237 306 4294 Job
335 4234 593 4309 gratiam
626 4235 773 4292 tanti
804 4226 1051 4309 enempli
1086 4242 1487 4310 sumpserunt,
1517 4236 1619 4310 qui
1646 4237 1706 4293 in
1738 4241 1858 4293 tor-

194 4323 419 4383 mentis
440 4323 701 4397 corporis
722 4324 815 4381 sui
836 4324 1095 4381 animam
1119 4343 1399 4399 purgans,
1420 4327 1605 4383 Deum
1628 4342 1860 4401 semper

193 4413 256 4471 in
280 4416 487 4471 mente
506 4412 714 4470 tenuit.
728 4415 873 4471 Cum
895 4414 1141 4488 paganis
1162 4414 1402 4485 bellant,
1422 4420 1658 4489 propter
1672 4416 1857 4472 Deum

1958 3272 2087 3323 sua,
2122 3273 2224 3328 per
2253 3256 2595 3312 eorumdem
2625 3256 2948 3312 Turcorum
2978 3255 3265 3324 fraudem,
3298 3252 3609 3309 traditione

1958 3342 2323 3400 clandestina
2373 3345 2579 3400 urbem
2610 3342 2958 3400 Christianis
3004 3342 3188 3399 reddi.
3213 3340 3423 3398 Audite
3469 3356 3607 3414 ergo

1957 3433 2221 3490 fraudem
2257 3441 2310 3489 et
2344 3450 2459 3489 non
2492 3434 2778 3490 fraudem.

2601 3522 2830 3579 CAPUT
2872 3522 2964 3578 IX.

2029 3611 2312 3685 Apparuit
2357 3613 2513 3668 enim
2562 3612 2847 3669 Dominus
2877 3615 3073 3668 noster
3117 3610 3351 3668 cuidam
3398 3610 3609 3680 Turco,

1959 3703 2150 3775 gratia
2179 3718 2287 3758 sua
2316 3700 2607 3774 praelecto,
2628 3706 2685 3758 et
2714 3700 2858 3757 dixit
2882 3702 2931 3757 ei
2967 3718 3025 3757 ;‹‹
3058 3701 3485 3774 Expergiscere,
3511 3698 3613 3772 qui

1963 3790 2206 3847 dormis.
2234 3790 2459 3862 Impero
2492 3790 2599 3847 tibi
2630 3794 2694 3846 ut
2726 3791 2934 3847 reddas
2951 3788 3318 3845 Antiochiam
3341 3786 3615 3845 Christia-

1962 3879 2074 3935 nis.
2101 3900 2129 3928 ››
2153 3878 2398 3934 Miratus
2448 3884 2645 3935 autem
2686 3878 3103 3947 ille,visionem
3160 3876 3324 3934 illam
3383 3873 3613 3933 silentio

1963 3968 2124 4025 texit.
2149 3968 2367 4024 Iterum
2400 3972 2595 4024 autem
2628 3968 2902 4042 apparuit
2928 3968 2979 4025 ei
3007 3967 3328 4024 Dominus:
3358 3988 3388 4017 (ι
3419 3964 3615 4022 Redde

1964 4057 2171 4113 urbem
2210 4057 2469 4125 Francis,
2511 4056 2732 4130 inquit;
2766 4074 2898 4114 sum
2949 4057 3165 4114 etenim
3196 4054 3480 4124 Christus,
3514 4052 3616 4127 qui

1965 4146 2074 4202 hoc
2103 4145 2211 4201 tibi
2234 4146 2436 4218 jubeo.
2461 4168 2490 4196 »
2514 4146 2829 4203 Meditatus
2872 4150 3068 4202 autem
3113 4145 3209 4203 ille
3241 4160 3442 4202 secum
3475 4142 3616 4216 quid

1964 4235 2099 4291 inde
2125 4234 2388 4292 facturus
2414 4239 2585 4303 esset,
2601 4234 2745 4292 abiit
2774 4235 2846 4291 ad
2869 4235 3173 4291 dominum
3200 4251 3396 4304 suum,
3420 4231 3617 4289 Antio-

1967 4324 2111 4380 chiae
2141 4323 2361 4380 scilicet
2389 4324 2738 4397 principem,
2769 4328 2827 4380 et
2854 4323 3139 4380 visionem
3171 4322 3329 4379 illam
3361 4319 3621 4378 innotuit

1968 4413 2040 4470 ei.
2073 4412 2177 4469 Cui
2236 4412 2539 4486 respondit
2595 4412 2690 4469 ille
2730 4430 2743 4469 :
2778 4436 2807 4464 ‹‹
2856 4411 3134 4484 Nunquid
3190 4409 3615 4485 phantasmati,

192 4502 494 4561 laborant.
518 4502 678 4592 Licet
714 4502 871 4559 Deus
913 4503 1016 4576 qui
1048 4508 1261 4561 cuncta
1301 4509 1479 4574 creat,
1503 4509 1697 4562 creata
1733 4522 1859 4561 mo-
1888 4526 1935 4592 D
1970 4502 2252 4592 brute,vis
2270 4501 2573 4592 obedire?»
2588 4502 2875 4592 Reversus
2893 4506 3091 4558 autem
3109 4499 3226 4592 ille,
3242 4499 3619 4592 postmodum

193 4593 391 4659 derat,
428 4591 732 4648 moderata
759 4595 1072 4663 sustentat,
1094 4592 1305 4650 virtute
1332 4594 1639 4667 gubernat,
1672 4594 1860 4667 possit

196 4696 455 4755 quisque
482 4678 607 4736 vult
636 4684 933 4738 momento
979 4698 1094 4738 uno
1140 4683 1460 4751 destruere,
1483 4683 1670 4741 sentio
1702 4683 1857 4756 quod

195 4769 445 4827 verbere
471 4767 943 4827 Christianorum
973 4771 1183 4827 annuit
1230 4788 1490 4845 paganos
1522 4772 1605 4829 ita
1631 4772 1858 4843 subrui,

198 4857 306 4931 qui
334 4861 426 4914 tot
452 4856 821 4930 temporibus
858 4863 1070 4916 cuncta
1099 4877 1226 4933 quae
1276 4860 1379 4917 Dei
1430 4866 1588 4930 sunt,
1622 4861 1862 4936 permit-

194 4951 362 5005 tente
393 4945 544 5020 ipso,
568 4945 764 5004 viliter
786 4948 1337 5020 pessumdederunt.
1356 4949 1719 5007 Christianos
1741 4950 1866 5024 qui-

201 5036 341 5094 dem
373 5035 448 5090 ab
478 5035 624 5108 ipsis
655 5036 863 5093 Turcis
893 5036 1178 5110 permittit
1202 5038 1384 5094 occidi
1423 5040 1492 5096 ad
1528 5039 1867 5097 salvationis

202 5126 621 5198 augmentum,
645 5124 869 5183 Turcos
898 5131 1095 5183 autem
1125 5127 1198 5183 ad
1241 5126 1575 5185 animarum
1623 5146 1866 5186 suarum

209 5213 669 5285 detrimentum;
700 5231 950 5288 quorum
983 5217 1270 5290 quosdam
1300 5219 1498 5274 tamen
1530 5219 1658 5290 jam
1691 5219 1867 5276 saluti

216 5301 689 5377 praedestinatos,
713 5303 933 5377 placuit
959 5305 1078 5362 Deo
1104 5310 1244 5362 tunc
1275 5322 1310 5362 a
1337 5307 1740 5364 sacerdotibus
1770 5326 1870 5366 no-

215 5391 361 5451 stris
398 5391 704 5466 baptizari.
729 5393 871 5463 Quo:
898 5398 1057 5452 enim
1070 5395 1509 5469 praedestinavit,
1541 5396 1638 5454 hos
1682 5405 1733 5454 et
1774 5414 1868 5455 υο-

212 5484 384 5553 cavit,
419 5498 648 5540 necnon
687 5484 1084 5559 magniﬁcavit
1103 5486 1275 5559 (Rom.
1297 5499 1415 5551 vm,
1438 5484 1549 5554 80).
1577 5487 1723 5553 Quid
1754 5486 1869 5561 igi-

202 5570 351 5638 tur?
378 5570 559 5630 Fuere
586 5571 826 5649 quidem
853 5571 924 5630 de
952 5573 1167 5632 nostris
1198 5569 1486 5642 nonnulli,
1501 5578 1570 5631 ut
1597 5574 1870 5653 superius

528 5698 802 5769 Panos.
846 5698 1020 5787 OLV,

1969 4590 2149 4648 siluit.
2180 4591 2283 4646 Cui
2332 4608 2570 4649 rursum
2618 4591 2901 4647 Dominus
2949 4589 3245 4663 apparuit,
3295 4587 3618 4661 inquiens:

1969 4703 1998 4732 «
2021 4684 2134 4736 Cur
2154 4697 2270 4736 non
2292 4679 2537 4754 explesti
2558 4681 2715 4753 quod
2731 4681 2926 4753 jussi?
2956 4681 3077 4736 Ncn
3101 4682 3191 4735 est
3219 4676 3322 4733 tibi
3356 4676 3625 4732 hmsitan-

1970 4770 2142 4840 dum;
2176 4786 2313 4825 nam
2337 4770 2438 4843 qui
2458 4769 2568 4826 hoc
2588 4770 2811 4843 impero
2833 4770 3118 4827 Dominus
3142 4784 3274 4825 sum
3295 4765 3622 4823 omnium.»

1971 4858 2073 4915 Ille
2103 4863 2301 4916 autem
2334 4876 2448 4914 non
2494 4858 2750 4932 amplius
2797 4860 3096 4926 dubitans,
3120 4857 3441 4930 prudenter
3488 4868 3625 4910 eum

1971 4949 2112 5005 viris
2128 4948 2347 5005 nostris
2380 4952 2519 5004 tunc
2536 4949 2652 5021 egit
2669 4954 2734 5005 ut
2755 4948 2864 5005 sub
2893 4945 3349 5005 machinationis
3367 4961 3485 5001 sua:
3506 4947 3631 5000 stu-

1977 5038 2073 5095 dio
2104 5038 2310 5094 urbem
2354 5038 2699 5111 acciperent.
2730 5041 2852 5105 Quo
2901 5036 3223 5111 prolocuto,
3247 5040 3304 5092 et
3348 5033 3470 5090 ﬁlio
3523 5050 3630 5090 suo

1977 5127 2217 5184 Francis
2267 5127 2401 5184 dato
2449 5127 2673 5195 obside,
2705 5126 2943 5184 domino
2992 5124 3216 5183 scilicet
3267 5122 3630 5193 Boamundo,

1978 5220 2146 5272 nocte
2174 5218 2427 5288 quadam
2452 5233 2554 5289 per
2573 5217 2764 5275 scalas
2784 5216 2854 5272 de
2876 5214 3113 5273 chordis
3135 5213 3319 5270 factas
3338 5212 3544 5286 viginti
3562 5211 3636 5268 de

1980 5304 2297 5362 clientibus
2323 5306 2542 5363 nostris
2564 5324 2666 5381 per
2688 5305 2842 5363 muri
2871 5312 3177 5363 summ‘um
3205 5300 3545 5359 intromisit.
3566 5298 3642 5356 Et

1980 5412 2097 5453 non
2117 5411 2284 5451 mora
2300 5396 2677 5463 facta,statim
2697 5399 2866 5471 porta
2881 5400 3088 5472 aperta
3102 5390 3423 5451 est.Franci
3437 5403 3643 5445 omnes

1980 5486 2293 5559 praeparati
2324 5482 2618 5545 civitatem
2668 5489 2811 5545 sunt
2837 5483 3117 5562 ingressi.
3147 5484 3220 5540 Et
3246 5496 3350 5557 per
3397 5475 3644 5534 chordas

1974 5576 2103 5657 jam
2150 5573 2506 5636 introierant
2552 5573 2956 5657 quadraginta
2980 5573 3213 5648 milites,
3245 5567 3349 5646 qui
3398 5565 3654 5641 quadra-3

3254 5693 3339 5773 2'1
