3998 6088
398 302 519 370 843

914 307 1020 367 AD
1066 305 1577 377 GODEFRIDUM
1621 304 1961 368 APPEND.
2007 305 2089 372 ΙΙ.
2116 336 2199 356 --
2227 306 2537 372 MONUM.
2582 308 2684 371 DE
2726 308 2975 371 BELLO
3020 309 3296 372 SACRO.

3690 309 3814 372 8H

400 441 563 515 ginta
591 440 747 495 illico
794 439 1141 496 invenerunt
1183 439 1263 495 ibi
1296 442 1536 507 Turcos,
1570 439 1747 494 trium
1798 439 2049 494 turrium
2078 439 2138 508 Α
2166 442 2427 497 mundus
2456 442 2658 497 tandiu
2699 441 2856 497 illam
2912 442 3179 510 servavit,
3211 443 3393 498 donec
3439 457 3569 498 eam
3616 442 3812 499 nescio

402 530 697 599 custodes,
722 547 871 602 quos
918 530 1463 585 occiderunt.Tunc
1512 528 1628 584 alta
1665 545 1802 584 voce
1850 529 2057 585 Franci

401 636 606 676 omnes
640 619 819 675 simul
850 619 1358 675 exclamaverunt:
1382 618 1538 674 Deus
1568 635 1677 673 nec
1706 635 1871 686 VULT,
1901 618 2056 674 Deus

401 726 512 765 HOC
532 726 699 764 vUL'r.
729 709 846 764 Hoc
873 714 999 765 erat
1027 708 1182 764 enim
1215 708 1447 780 signum
1481 707 1920 763 exclamationis
1953 725 2056 763 no-

402 803 557 868 stras,
583 815 717 855 cum
750 797 971 870 aliquid
1005 799 1075 853 de
1122 797 1353 869 negotio
1404 802 1603 851 nostro
1635 813 1804 867 agere
1834 796 2055 851 voleba-

402 904 558 945 mus.
583 890 704 954 Quo
728 887 949 955 audito,
975 886 1149 941 Turci
1177 902 1381 941 omnes
1402 886 1774 941 vehementer
1802 884 2058 940 exterriti

405 980 567 1034 sunt.
588 978 812 1032 Aurora
835 976 1052 1049 quippe
1073 974 1425 1039 albescente,
1449 975 1654 1029 urbem
1678 974 1881 1029 Franci
1903 991 2060 1046 pror-

407 1084 510 1124 sus
558 1065 838 1139 impetere
887 1068 1208 1136 cmperunt.
1252 1063 1515 1135 Cumque
1560 1063 1733 1119 Turci
1782 1063 2058 1136 primitus

401 1154 679 1212 vexillum
731 1154 1053 1210 Boamundi
1098 1153 1495 1209 rubicundum
1520 1153 1645 1224 jam
1695 1152 1754 1207 in
1806 1151 2057 1207 sublime

405 1243 708 1318 displicari
729 1243 1076 1316 aspicerent,
1101 1246 1157 1298 et
1178 1241 1497 1297 tumultum
1521 1245 1750 1297 tantum
1777 1245 1952 1313 atque
1976 1245 2059 1296 tot

407 1335 686 1393 cornibus
708 1333 766 1389 in
790 1332 944 1388 muri
965 1333 1128 1405 apice
1162 1333 1412 1387 Francos
1445 1348 1670 1399 sonare,
1689 1336 1745 1386 et
1774 1348 1877 1404 per
1904 1330 2058 1386 vicos

406 1428 464 1482 et
486 1441 689 1480 muros
716 1422 893 1478 nudis
923 1422 1164 1478 ensibus
1194 1438 1291 1476 eos
1317 1420 1432 1476 late
1462 1421 1807 1487 discurrere,
1830 1424 1885 1475 et
1914 1437 2060 1492 gen-

405 1519 527 1571 tem
556 1530 725 1570 suam
754 1512 1021 1569 ferociter
1048 1511 1308 1565 occidere
1334 1527 1347 1564 ε
1378 1510 1767 1581 obstupefacti
1796 1509 1979 1578 valde,
2006 1514 2062 1564 et

406 1604 519 1661 hac
547 1608 606 1660 et
634 1602 769 1658 illac
800 1602 997 1675 fugere
1028 1604 1346 1672 cmperunt.
1370 1600 1450 1655 De
1481 1598 1696 1671 quibus
1728 1597 1894 1653 multi
1928 1616 2063 1653 mox

409 1693 586 1751 occisi
612 1693 866 1760 fuerunt,
883 1691 1198 1764 pluresque
1220 1688 1494 1762 fugiendo
1520 1688 1575 1743 in
1599 1693 1880 1755 castrum,
1904 1688 2059 1760 quod

410 1784 469 1840 in
495 1800 639 1857 rupe
660 1781 815 1838 celsa
832 1786 920 1837 est
942 1780 1145 1845 situm,
1169 1796 1228 1835 se
1256 1777 1717 1835 intromiserunt.
1740 1778 1909 1833 Plebs
1928 1794 2061 1833 vero

412 1878 613 1930 nostra
635 1875 999 1943 cuncta,quze
1024 1869 1081 1924 in
1109 1868 1251 1923 vicis
1275 1873 1376 1924 aut
1396 1868 1671 1923 domibus
1694 1868 2061 1938 invenerunt,

412 1963 793 2020 immoderate
813 1963 1284 2031 assumpserunt.
1304 1959 1371 2012 At
1393 1956 1608 2012 milites
1632 1956 1938 2029 probitatis
1960 1956 2064 2011 mi-

409 2053 599 2109 litiam
624 2052 956 2115 tenuerunt,
980 2048 1201 2102 Turcos
1225 2046 1624 2118 persequendo
1647 2050 1703 2099 et
1722 2046 2054 2102 occidendo.

410 2143 576 2198 Tunc
605 2139 930 2195 admiratus
951 2136 1287 2203 Antiochire,
1311 2135 1529 2190 scilicet
1550 2134 1882 2201 Gratianus,
1907 2152 1939 2189 a
1964 2153 2060 2189 ru-

413 2232 558 2288 stico
588 2230 843 2301 quodam
889 2225 1161 2281 Armenio
1212 2225 1439 2297 fugiens
1470 2223 1793 2279 decollatus
1821 2228 1928 2280 est.
1954 2224 2061 2291 Qui

414 2322 592 2393 caput
621 2317 947 2373 abscissum
982 2313 1219 2370 Francis
1250 2330 1384 2369 mox
1413 2312 1608 2368 attulit
1638 2314 1785 2384 ejus.

1069 2402 1301 2457 CAPUT
1341 2401 1406 2457 X.

486 2494 740 2568 Contigit
763 2497 978 2560 autem,
995 2495 1305 2565 postquam
1329 2491 1535 2547 civttas
1557 2496 1726 2565 capta
1746 2496 1853 2560 est,
1870 2509 1903 2548 a
1924 2510 2067 2565 quo.

414 2587 553 2643 dam
574 2583 811 2640 homine
830 2581 1093 2638 lanceam
1127 2598 1302 2635 unam
1333 2579 1577 2636 inveniri
1599 2599 1776 2653 quam
1806 2580 1867 2636 in
1888 2581 2062 2637 eccle-

414 2676 504 2731 sia
531 2673 684 2731 beati
715 2671 959 2745 apostoli
986 2670 1135 2726 Petri
1169 2670 1327 2726 fossa
1355 2670 1536 2725 humo
1570 2675 1880 2742 repertam,
1910 2688 2063 2727 asse-

410 2764 648 2820 verabat
676 2779 803 2818 esse
832 2760 995 2816 illam
1027 2761 1096 2815 de
1127 2777 1242 2833 qua
1281 2759 1580 2834 Longinus
1627 2759 1781 2816 latus
1827 2761 2059 2816 Domini

412 2852 743 2925 perforavit.
788 2850 985 2906 Aiebat
1024 2850 1181 2905 enim
1213 2866 1247 2905 a
1276 2855 1477 2906 sancto
1523 2851 1753 2905 Andrea
1800 2850 2061 2922 apostolo

411 2941 728 2999 revelatum
743 2940 853 2996 hoc
870 2956 996 2996 esse
1014 2938 1145 2995 sibi.
1160 2937 1394 2994 Visions
1415 2943 1471 2994 et
1493 2938 1811 2994 monitione
1834 2940 1906 2995 ab
1932 2938 2061 3011 ipso

411 3030 674 3109 apostolo
706 3035 793 3086 ter
840 3028 925 3084 illi
980 3029 1153 3097 facta,
1179 3028 1324 3084 fodit
1379 3029 1581 3085 subter
1638 3028 2058 3101 pavimentum,

413 3120 515 3193 ubi
545 3137 649 3193 per
676 3119 959 3176 visionem
989 3117 1041 3174 ei
1088 3121 1481 3173 monstratum
1515 3117 1724 3182 fuerat,
1744 3120 1801 3172 et
1846 3117 2064 3174 invenit

413 3192 677 3267 lanceam
710 3207 993 3264 fallaciter
1031 3207 1380 3263 occultatam
1412 3206 1673 3262 forsitan.
1702 3207 1859 3261 Hanc
1887 3205 2062 3263 visio-

415 3316 551 3356 nem
581 3297 904 3372 propalavit
933 3296 1206 3369 primitus
1236 3296 1508 3368 episcopo
1536 3295 1801 3351 Podiensi
1833 3299 1891 3351 et
1922 3296 2066 3369 Bay-

418 3390 640 3447 mundo
671 3386 890 3443 comiti.
917 3386 1075 3453 Quod
1109 3390 1303 3440 tamen
1349 3384 1659 3456 episcopus
1690 3384 1904 3440 falsum
1937 3401 2065 3441 esse

412 3477 870 3552 putavit,comes
892 3490 1025 3529 vero
1058 3473 1440 3546 Raymundus
1470 3490 1673 3529 verum
1706 3489 1833 3528 esse
1865 3490 2063 3546 spera~

412 3567 514 3623 vit.
539 3565 652 3621 Sed
681 3580 815 3619 cum
846 3562 930 3618 sic
962 3566 1191 3634 reperta
1236 3561 1461 3628 fuisset,
1484 3566 1542 3617 et
1588 3562 1781 3617 omnis
1812 3562 2065 3634 populus

411 3661 593 3713 Deum
613 3650 913 3709 exsultans
932 3649 1337 3723 gloriﬁcasset,
1354 3654 1407 3705 et
1426 3666 1527 3722 per
1547 3654 1781 3706 centum
1798 3652 1922 3721 jam
1947 3651 2063 3707 fere

412 3745 538 3801 dies
568 3743 639 3799 ab
670 3741 947 3798 omnibus
985 3739 1044 3794 in
1086 3739 1451 3795 veneratione
1482 3756 1697 3811 magna
1726 3740 2058 3808 haberetur,

410 3831 768 3892 etacomite
826 3828 1174 3902 Raymundo
1232 3827 1482 3901 gloriose
1540 3832 1924 3897 tractaretur;
1960 3829 2061 3902 qui

407 3922 586 3980 etiam
634 3919 985 3977 oblationem
1018 3934 1052 3972 a
1082 3916 1296 3989 populo
1329 3919 1401 3973 ad
1434 3916 1697 3973 lanceam
1746 3919 1947 3973 devote
1977 3917 2061 3973 fa-

408 4016 564 4068 ctam
595 4008 792 4082 egenis
826 4023 976 4079 sazpe
1008 4007 1406 4074 distribuerat,
1431 4007 1570 4079 quia
1599 4006 1862 4062 lanceam
1896 4006 2059 4063 illam

407 4100 793 4170 custodiebat,
819 4098 965 4153 forte
997 4096 1241 4169 contigit
1269 4094 1609 4169 episco‘pum
1633 4098 1807 4165 Barac,
1832 4100 1887 4151 et
1913 4096 2058 4153 alios

408 4188 896 4264 quamplurimos,
925 4190 1043 4241 tam
1078 4184 1316 4241 clericos
1347 4203 1523 4257 quam
1556 4185 1757 4253 laicos,
1791 4185 2059 4242 haesitare

407 4279 562 4354 quod
592 4294 707 4333 non
740 4280 893 4333 esset
936 4274 1037 4330 illa
1068 4273 1366 4329 Dominica
1396 4274 1596 4330 lancea
1625 4291 1752 4345 quas
1783 4275 2055 4346 speraba-

406 4375 523 4439 tur,
549 4369 650 4425 sed
681 4367 865 4422 altera
894 4369 1015 4421 erat
1061 4366 1131 4421 ab
1164 4363 1398 4420 homine
1447 4364 1546 4420 illo
1578 4363 1788 4419 stolido
1820 4363 2057 4419 fraudu-

404 4458 592 4517 lenter
620 4460 867 4529 reperta.
893 4458 1254 4527 Quapropter
1275 4453 1516 4509 consilio
1551 4453 1716 4523 inito,
1742 4458 1873 4525 post
1909 4469 2053 4525 sup-

2166 547 2279 603 quo
2301 534 2507 587 eventu
2538 531 2812 604 perdidit.
2835 532 3004 588 Nunc
3026 536 3225 588 autem
3248 532 3321 588 ad
3343 534 3553 588 caetera
3567 531 3815 590 dimissa

2167 625 2437 677 revertar.

2285 776 2291 782 ,
2805 710 3032 767 CAPUT
3079 710 3172 767 XL

2237 800 2497 871 Cumque
2516 798 2823 855 Antiochia
2843 799 3048 856 civitas
3079 803 3248 871 capta
3268 800 3574 867 fuisset,ut
3593 801 3813 857 dictum

2164 891 2274 954 est,
2290 888 2553 961 sequenti
2577 888 2671 944 die
2687 890 2771 944 Tu
2782 905 3011 945 reorum
3030 888 3346 945 multitudo
3368 889 3816 947 innumerabilis

2166 976 2319 1031 circa
2341 978 2606 1034 eamdem
2626 979 2832 1033 urbem
2850 977 3213 1034 obsidionem
3232 984 3653 1051 opposuerunt.
3669 979 3813 1035 Nam

2166 1065 2450 1135 soltanus,
2476 1083 2575 1122 rex
2613 1066 2834 1122 scilicet
2882 1067 3213 1134 Persarum,
3237 1068 3392 1124 unde
3430 1069 3557 1141 jam
3607 1085 3813 1140 parum

2165 1155 2441 1227 praefatus
2462 1173 2618 1225 sum,
2642 1156 2843 1211 habita
2870 1155 3160 1229 legatione
3190 1156 3347 1229 quod
3378 1157 3583 1213 Franci
3610 1157 3814 1214 Antio-

2167 1244 2358 1299 chiam
2390 1244 2757 1312 obsidebant,
2792 1246 2994 1301 statim
3033 1249 3203 1318 gente
3240 1243 3429 1301 multa
3466 1247 3812 1312 coadunata,

2166 1337 2369 1389 contra
2400 1335 2648 1390 Francos
2687 1334 3002 1390 exercitum
3053 1352 3228 1390 suum
3260 1334 3442 1391 misit.
3475 1335 3657 1408 Cujus
3707 1335 3817 1393 fuit

2167 1421 2495 1496 Corbagath
2518 1423 2636 1479 dux
2658 1426 2713 1479 et
2736 1424 2803 1479 ad
2815 1423 3081 1479 miratus.
3107 1423 3173 1479 Hi
3197 1423 3435 1496 quidem
3458 1428 3591 1480 ante
3611 1425 3815 1481 urbem

2167 1511 2457 1579 Edissam,
2485 1512 2587 1568 ubi
2618 1516 2756 1568 tunc
2791 1512 3112 1569 Balduinus
3142 1517 3286 1581 erat,
3320 1531 3420 1585 per
3448 1518 3567 1570 tres
3597 1512 3818 1570 hebdo-

2168 1601 2374 1657 madas
2397 1600 2709 1657 stationem
2730 1602 3005 1669 fecerant,
3028 1603 3130 1658 sed
3153 1601 3296 1658 nihil
3324 1602 3401 1658 ibi
3426 1603 3818 1675 proficientes,

2164 1689 2529 1746 Antiochiam
2564 1696 3040 1763 properaverunt,
3063 1692 3136 1747 ad
3180 1691 3643 1748 succurrendum
3677 1695 3820 1749 Gra-

2169 1778 2579 1844 tiano.Quibus
2597 1779 2759 1845 visis,
2786 1797 2900 1836 non
2933 1779 3130 1836 minus
3157 1779 3329 1837 solito
3361 1780 3575 1837 iterum
3610 1781 3819 1839 Franci

2172 1867 2414 1924 desolati
2441 1873 2599 1924 sunt.
2626 1869 2863 1940 Propter
2908 1874 3145 1942 peccata
3173 1870 3330 1925 enim
3376 1887 3485 1926 sna
3531 1887 3705 1943 paena
3732 1875 3823 1927 est

2170 1956 2253 2012 eis
2278 1957 2592 2029 duplicata.
2620 1958 2764 2014 Nam
2790 1975 2923 2014 cum
2951 1958 3243 2014 civitatem
3264 1959 3514 2033 ingressi
3546 1959 3820 2027 fuissent,

2172 2047 2476 2102 confestim
2497 2064 2631 2102 cum
2654 2047 2884 2103 feminis
2907 2047 3207 2120 exlegibus
3228 2049 3671 2104 concubuerunt
3688 2047 3822 2120 plu-

2171 2152 2263 2191 res
2293 2153 2359 2190 ex
2390 2138 2494 2191 eis.
2519 2138 2682 2191 Tunc
2714 2136 2954 2209 insuper
2984 2137 3227 2209 ingressi
3254 2142 3394 2193 sunt
3424 2138 3630 2194 urbem
3663 2155 3824 2194 sexa-

2170 2225 2332 2297 ginta
2362 2225 2477 2281 fere
2509 2224 2691 2281 millia
2710 2227 3032 2281 Turcorum
3065 2242 3168 2297 per
3197 2230 3453 2281 castrum
3487 2226 3765 2293 sublime,
3789 2245 3824 2283 a

2172 2319 2334 2388 parte
2364 2316 2529 2387 rupis
2554 2314 2750 2384 celsae;
2777 2316 2875 2388 qui
2905 2319 3136 2372 nostros
3154 2315 3824 2374 vehementissimecre—

2171 2404 2293 2460 bris
2314 2403 2715 2462 invasionibus
2739 2409 3181 2461 coarctaverunt
3224 2405 3337 2461 Sed
3360 2422 3476 2462 non
3502 2405 3612 2461 fuit
3633 2423 3823 2469 mora.

2170 2510 2379 2565 pavore
2409 2493 2669 2565 percussi
2697 2510 2930 2567 magno,
2956 2494 3111 2551 foras
3131 2495 3203 2551 ad
3225 2494 3590 2551 obsidionem
3620 2494 3829 2552 relicta

2170 2583 2314 2638 urbe
2356 2582 2639 2640 exierunt.
2666 2582 2868 2640 Franci
2925 2588 3123 2640 autem
3181 2583 3593 2653 inclusi,ultra
3639 2601 3827 2657 quam

2171 2672 2327 2728 credi
2345 2677 2533 2745 potest
2551 2678 2957 2729 remanserunt
2975 2672 3152 2729 anxii.
3168 2674 3395 2730 Interea
3408 2676 3605 2730 tamen
3616 2690 3826 2730 eorum

2171 2778 2286 2816 non
2320 2761 2629 2817 immemor
2658 2762 2811 2818 Deus
2841 2761 3110 2835 pluribus
3142 2778 3314 2835 saepe,
3344 2762 3499 2835 quod
3529 2762 3706 2819 dictis
3738 2763 3828 2820 af-

2171 2850 2506 2917 ﬁrmabant,
2531 2850 2819 2922 apparuit,
2844 2851 2945 2923 qui
2978 2851 3359 2907 confortando
3388 2868 3487 2908 eos
3516 2853 3828 2924 promitte-

2168 2941 2271 2996 bat
2299 2939 2583 3013 populum
2616 2941 2687 2996 ad
2720 2957 2978 3012 praesens
3006 2940 3248 2997 victoria
3276 2941 3676 3014 gaudendum.

2800 3030 3029 3085 CAPUT
3067 3030 3186 3085 XII.

2243 3120 2407 3175 Tunc
2427 3117 2636 3175 clerico
2657 3118 2891 3175 cuidam
2916 3136 3019 3191 pro
3038 3119 3249 3175 timore
3268 3120 3474 3177 mortis
3494 3120 3831 3194 aufugienti

2174 3209 2445 3280 apparuit
2467 3207 2767 3277 Dominus,
2796 3206 3069 3279 inquiens
3093 3225 3106 3263 :
3133 3231 3160 3258 ‹‹
3186 3210 3329 3275 Quo,
3353 3209 3550 3276 frater,
3582 3215 3831 3282 proten-

2174 3298 2266 3353 dis
2285 3296 2510 3353 iter?—
2534 3297 2734 3370 Fugio,
2762 3320 2790 3345 »
2814 3297 3133 3370 respondit,
3157 3320 3185 3348 α
3210 3315 3282 3353 ne
3312 3297 3713 3356 infortunatus
3735 3316 3835 3373 pe-

2174 3402 2354 3441 ream.
2371 3385 2465 3441 Sic
2488 3385 2721 3459 fugiunt
2743 3385 2931 3454 multi,
2948 3394 3185 3459 pereant
3205 3403 3277 3443 ne
3299 3391 3485 3444 morte
3503 3387 3829 3461 maligna.»

2174 3474 2277 3530 Cui
2309 3474 2593 3531 Dominus
2622 3474 2704 3531 oit
2727 3492 2775 3529 :«
2802 3475 2884 3531 Ne
2916 3475 3126 3549 fugias,
3151 3476 3253 3531 sed
3284 3476 3427 3532 vade
3456 3481 3629 3548 retro,
3653 3482 3713 3534 et
3738 3479 3835 3535 dic

2175 3564 2396 3620 caeteris
2417 3565 2573 3637 quod
2602 3564 2659 3618 in
2690 3564 2887 3637 praelio
2911 3581 3043 3620 eum
3074 3564 3192 3621 illis
3222 3566 3414 3622 adem.
3438 3566 3585 3621 Nam
3618 3568 3836 3624 matris

2175 3670 2314 3709 mea:
2345 3652 2608 3726 placatus
2659 3654 2950 3726 precibus,
2976 3654 3336 3727 propitiabor
3381 3655 3485 3711 eis.
3519 3655 3630 3711 Sed
3684 3657 3839 3729 quia

2173 3747 2577 3815 peccaverunt,
2612 3744 2730 3800 fere
2760 3743 3079 3816 perierunt.
3109 3744 3196 3800 Sit
3225 3749 3421 3801 autem
3454 3761 3588 3817 spes
3617 3761 3836 3802 eorum

2172 3832 2232 3887 in
2264 3849 2358 3888 me
2387 3834 2576 3899 firma,
2600 3836 2655 3888 et
2689 3832 2897 3888 faciam
2936 3850 3036 3889 eos
3074 3833 3134 3888 in
3174 3835 3395 3890 Turcos
3436 3834 3835 3907 triumphare.

2172 3920 2513 3987 Pmniteant,
2537 3925 2595 3976 et
2634 3921 2775 3977 salvi
2808 3922 2967 3977 fiert.
3001 3921 3286 3978 Dominus
3315 3922 3583 3994 sum,qui
3616 3921 3841 3996 loquor

2170 4014 2385 4066 tecum.
2412 4032 2440 4060 »
2466 4010 2596 4066 Mox
2627 4009 2721 4066 ille
2752 4027 3039 4078 reversus,
3063 4011 3219 4082 quod
3251 4011 3419 4068 scivit
3447 4012 3733 4070 narravit.

2785 4099 3020 4155 CAPUT
3058 4100 3205 4156 XIII.

2239 4188 2463 4245 Interea
2493 4189 2634 4244 dum
2667 4187 2864 4261 plures
2894 4194 3069 4245 noctu
3122 4206 3225 4262 per
3273 4189 3522 4246 chordas
3551 4190 3623 4246 de
3654 4208 3835 4248 muro

2165 4278 2517 4334 descendere
2563 4277 2854 4349 volebant,
2878 4282 2935 4333 et
2981 4278 3202 4352 fugere,
3245 4278 3523 4351 quoniam
3576 4280 3840 4355 contigit

2165 4366 2370 4423 multis
2399 4366 2509 4422 hoc
2540 4366 2684 4433 fieri,
2711 4367 2809 4439 qui
2844 4366 3239 4423 formidabant
3256 4367 3341 4424 vel
3371 4368 3567 4424 inedia
3584 4368 3674 4424 vel
3701 4369 3834 4444 gla-

2164 4455 2260 4511 dio
2283 4455 2491 4528 perire,
2518 4456 2730 4512 iterum
2763 4455 2950 4511 astitit
2970 4456 3203 4513 cuidam
3234 4457 3611 4513 descendenti
3644 4457 3840 4515 frater

404 4547 779 4621 plicationem
803 4544 1016 4617 jejunii
1048 4543 1329 4609 triduani,
1353 4560 1486 4598 eum
1512 4546 1735 4598 struem
1758 4540 2052 4615 lignorum
2087 4560 2130 4624 D
2162 4545 2425 4614 ejusdem
2442 4546 2569 4616 jam
2595 4549 2886 4613 mortuus,
2914 4545 3075 4602 aiens
3098 4545 3149 4601 ei
3174 4563 3227 4602 ;‹‹
3249 4548 3392 4613 Quo,
3412 4546 3611 4606 frater.
3630 4547 3841 4621 fugis?

402 4637 465 4699 in
496 4636 686 4692 medio
720 4634 910 4707 campi
958 4633 1079 4707 igni
1130 4633 1536 4689 accendissent
1576 4632 1748 4703 juxta
1796 4635 2053 4685 castrum

399 4725 744 4791 Archarum,
770 4724 925 4796 quod
963 4729 1102 4778 tunc
1133 4721 1436 4778 obsidione
1468 4720 1831 4786 coercebant,
1857 4724 2056 4775 octavo

399 4832 602 4872 mense
634 4818 765 4888 post
792 4811 1159 4868 Antiochiam
1191 4814 1443 4883 captam,
1473 4809 1878 4865 benedictione
1902 4810 2058 4880 judi-

398 4904 530 4961 ciali
553 4922 730 4976 super
750 4904 946 4975 ignem
970 4903 1039 4955 ab
1058 4898 1348 4972 episcOpis
1366 4898 1537 4965 facta,
1557 4900 1823 4954 inventor
1842 4897 2055 4954 lanceas

397 5011 502 5068 per
532 4994 789 5048 medium
826 4991 944 5061 rogi
982 4988 1340 5044 ﬂammantis
1372 4988 1524 5043 ultro
1558 4986 1821 5044 celeriter
1860 4991 2055 5044 trans-

397 5083 631 5140 meavit.
656 5084 778 5147 Quo
813 5082 1130 5143 transacto,
1156 5077 1323 5132 illum
1356 5077 1653 5133 hominem
1690 5076 1855 5148 quasi
1888 5094 2054 5132 reum

395 5174 457 5230 in
488 5176 620 5227 cute
650 5168 905 5225 flammis
936 5170 1259 5221 crematum
1292 5167 1581 5231 viderunt,
1612 5171 1669 5221 et
1698 5165 1753 5219 in
1789 5165 2051 5221 interiori

394 5264 561 5336 parte
591 5257 849 5330 corporis
882 5256 1086 5311 laesum
1128 5256 1273 5310 mori
1319 5254 1747 5311 intellexerunt.
1772 5255 1932 5321 Quod
1967 5254 2048 5311 rei

395 5349 586 5407 exitus
618 5344 1129 5409 monstravit,cum
1176 5343 1267 5398 die
1298 5345 1643 5400 duodecimo
1674 5344 1800 5416 ipso
1832 5360 2047 5417 angore

394 5435 561 5494 obiit.
582 5436 652 5491 Et
681 5434 820 5507 quia
867 5434 939 5491 ob
990 5433 1270 5490 honorem
1317 5433 1417 5489 Dei
1449 5438 1505 5488 et
1536 5450 1795 5489 amorem
1838 5450 2043 5489 omnes

390 5524 655 5581 lanceam
674 5523 932 5581 venerati
954 5523 1206 5590 fuerant,
1239 5521 1348 5578 hoc
1369 5522 1595 5596 judicio
1625 5526 1878 5595 peracto,
1904 5523 2039 5579 facti

386 5612 693 5685 increduli,
721 5612 1047 5674 contristati
1067 5614 1217 5675 sunt
1233 5610 1419 5673 valde.
1443 5612 1648 5671 Comes
1673 5616 1868 5672 tamen
1903 5610 2037 5671 Rei-

2164 4634 2358 4701 Resta,
2384 4650 2456 4689 ne
2488 4634 2721 4702 timeas,
2758 4634 3038 4706 quoniam
3072 4634 3352 4691 Dominus
3382 4635 3492 4690 erit
3519 4635 3838 4693 vobiscum

2174 4722 2232 4776 in
2257 4721 2451 4794 praelio
2471 4727 2684 4795 vestro,
2700 4728 2756 4778 et
2779 4722 3032 4779 consocii
3052 4723 3229 4779 vestri
3257 4723 3359 4796 qui
3388 4723 3447 4778 in
3481 4723 3589 4779 hoc
3621 4723 3841 4782 itinere

2162 4810 2291 4882 jam
2323 4827 2426 4866 vos
2457 4815 2644 4866 morte
2692 4815 3157 4883 antecesserunt,
3179 4816 3383 4869 contra
3420 4813 3644 4868 Turcos
3672 4814 3845 4870 vobi-

2167 4916 2331 4955 scum
2366 4899 2848 4972 praeliabuntur.»
2876 4901 3121 4957 Miratus
3160 4906 3356 4981 autem
3388 4900 3487 4956 ille
3515 4902 3695 4957 Verba
3729 4904 3843 4959 de-

2168 4989 2380 5060 functi,
2404 4989 2488 5045 ire
2521 4989 2729 5045 desiit:
2754 4994 2812 5046 et
2841 4990 2996 5062 quod
3026 4989 3247 5046 audivit
3284 4990 3504 5046 ceteris
3544 4991 3842 5047 recitavit.

2786 5079 3020 5135 CAPUT
3067 5078 3212 5136 XIV.

2234 5168 2345 5224 Sed
2378 5184 2515 5223 cum
2547 5166 2766 5240 placuit
2793 5166 3041 5224 Domino
3072 5167 3259 5224 labori
3293 5168 3653 5224 famulorum
3688 5186 3843 5225 suo~

2160 5273 2291 5311 rum
2326 5255 2501 5311 tinem
2537 5256 2693 5324 dare,
2719 5255 2820 5329 qui
2869 5256 3044 5312 etiam
3093 5273 3375 5331 angorem
3422 5257 3838 5313 tantimodum

2158 5344 2416 5416 amplius
2445 5344 2691 5400 tolerare
2722 5361 2835 5401 non
2870 5350 3158 5417 poterant,
3192 5361 3298 5401 nec
3335 5346 3463 5416 jam
3497 5345 3839 5419 quidquam

2156 5433 2439 5488 habentes
2474 5434 2631 5506 quod
2672 5435 3060 5503 comederelt,
3086 5436 3242 5492 unde
3287 5438 3410 5490 tam
3468 5435 3590 5508 ipsi
3644 5453 3837 5508 quam

2151 5521 2288 5595 equi
2309 5538 2512 5578 eorum
2538 5522 2760 5580 debiles
2783 5523 2961 5580 nimis
2989 5528 3179 5593 erant,
3199 5523 3635 5581 constituerunt
3667 5523 3838 5581 invi-

2148 5627 2275 5671 cem
2296 5610 2421 5671 ﬁeri
2443 5611 2788 5672 triduanum
2806 5613 3106 5690 jejunium
3126 5630 3262 5674 cum
3294 5612 3569 5690 precibus
3607 5617 3666 5673 et
3682 5613 3851 5677 elce’.
