3998 6088
204 196 327 266 849

971 199 1397 265 FULCHEBII
1440 197 1777 262 CARNOT.
1822 196 2024 260 HIST.
2072 197 2759 262 BIEROSOL.—LIB.
2804 197 2855 261 Ι.

3495 198 3619 266 850

204 338 373 409 patre
402 331 725 401 orbati,tibl
744 332 1041 407 spirituali
1072 333 1223 407 patri
1256 336 1454 389 nostro
1477 333 1851 400 mandamus,
1884 330 1941 398 Α
1969 329 2234 404 protrita,
2268 331 2649 388 Boamundus
2673 329 3044 389 Antiochiam
3075 330 3355 390 remeavit
3375 350 3389 403 ;
3409 333 3481 391 de
3502 350 3620 408 qua

205 429 275 481 ut
304 423 405 497 qui
430 422 582 478 hanc
612 423 767 478 viam
791 422 1099 494 inccepisti,
1124 426 1182 478 et
1213 422 1583 477 sermonibus
1605 422 1725 477 tuis
1745 437 1853 477 nos

203 531 432 581 omnes,
467 516 525 568 et
553 518 736 569 terras
768 516 1080 579 nostras,et
1102 511 1390 583 quidquid
1425 511 1484 566 in
1516 510 1686 567 terris
1709 515 1852 579 erat,

203 604 540 676 relinquere
575 602 782 671 fecisti,
816 607 873 658 et
920 619 1122 658 cruces
1181 600 1502 674 bajulando
1557 600 1855 656 Christum

204 692 374 767 sequi
406 692 751 765 praecepisti,
785 696 845 748 et
895 690 1295 748 Christianum
1350 706 1565 747 nomen
1605 689 1857 746 exaltare

204 780 645 848 commonuisti,
672 779 1018 853 complendo
1049 797 1177 852 quae
1227 779 1494 836 hortatus
1525 795 1588 834 es
1621 779 1693 834 ad
1727 795 1854 849 nos,

205 871 493 937 venias,et
523 886 905 943 quoscunque
927 870 1144 942 poteris
1168 873 1232 924 ut
1252 874 1445 925 tecum
1466 868 1703 924 veniant
1724 868 1871 935 sub:

207 976 474 1018 moneas.
507 955 653 1015 Hinc
684 959 841 1014 enim
872 958 1275 1014 Christianum
1335 974 1547 1014 nomen
1601 957 1859 1030 sumpsit

205 1049 536 1108 exordium.
570 1048 715 1103 Nam
748 1051 1060 1120 postquam
1092 1048 1298 1104 beatus
1337 1048 1539 1103 Petrus
1569 1046 1629 1101 in
1658 1046 1856 1102 cathe-

206 1139 319 1196 dra
348 1153 526 1211 quam
558 1136 821 1209 quotidie
850 1137 1146 1192 cernimus
1186 1136 1613 1192 inthronizatus
1633 1126 1856 1201 fuit,illi

206 1229 311 1302 qui
343 1226 508 1301 prius
535 1226 898 1282 vocabantur
926 1225 1434 1298 Galilaei,primum
1454 1224 1592 1281 hinc
1612 1228 1670 1281 et
1691 1224 1856 1297 prin-

205 1316 477 1390 cipaliter
501 1314 687 1371 vocati
719 1318 859 1371 sunt
890 1313 1223 1372 Christiani.
1248 1313 1393 1380 Quid
1427 1314 1609 1388 igitur
1628 1314 1688 1370 in
1719 1314 1858 1369 orbe

205 1405 428 1463 rectius
456 1421 586 1461 esse
615 1404 844 1460 videtur
871 1419 1048 1475 quam
1082 1406 1143 1457 ut
1175 1404 1368 1474 tu,qui
1401 1407 1567 1475 pater
1594 1406 1653 1458 et
1682 1406 1859 1471 caput

206 1494 557 1552 Christianas
578 1491 875 1565 religionis
905 1491 1126 1561 existis,
1143 1492 1215 1547 ad
1236 1492 1441 1548 urbem
1474 1490 1857 1564 principalem

206 1588 267 1642 et
294 1583 605 1656 capitalem
636 1581 952 1637 Christiani
992 1581 1251 1637 nominis
1298 1580 1518 1648 venias,
1552 1584 1608 1636 et
1637 1580 1857 1636 bellum

209 1674 369 1748 quod
401 1678 570 1729 tuum
601 1676 691 1730 est
713 1689 783 1727 ex
812 1676 914 1726 tua
971 1676 1136 1744 parte
1189 1671 1512 1727 conficias?
1542 1671 1658 1726 Nos
1699 1670 1855 1726 enim
1889 1706 1935 1772 B

209 1765 436 1820 Turcos
450 1766 509 1818 et
527 1777 785 1834 paganos
797 1760 1259 1833 expugnavimus
1280 1779 1293 1829 ;
1310 1760 1614 1816 haereticos
1636 1764 1854 1825 autem,

205 1856 523 1918 Grmcos,et
549 1854 851 1918 Armenos,
869 1850 1063 1923 Syros,
1087 1850 1502 1921 Jacobitasque
1527 1865 1860 1922 expugnare

210 1940 609 2015 nequivimus.
645 1940 997 1996 Mandamus
1029 1939 1211 2011 igitur
1231 1943 1288 1995 et
1310 1939 1729 1994 remandamus
1747 1938 1856 1993 tibi

208 2031 343 2099 hoc,
379 2028 726 2086 charissimo
758 2026 915 2083 Patri
945 2032 1167 2095 nostro,
1200 2030 1268 2082 ut
1296 2032 1358 2082 tu
1390 2031 1563 2082 Pater
1600 2030 1657 2082 et
1685 2030 1862 2099 caput

209 2121 285 2178 ad
315 2124 431 2175 tum
460 2117 831 2191 paternitatis
860 2116 1055 2173 locum
1086 2115 1368 2183 venias,et
1397 2116 1497 2188 qui
1530 2116 1682 2172 beati
1708 2115 1859 2171 Petri

208 2227 276 2267 es
304 2209 580 2275 vicarius,
612 2207 673 2262 in
732 2206 1008 2262 cathedra
1049 2207 1178 2278 ejus
1218 2206 1443 2274 sedeas,
1475 2208 1533 2260 et
1570 2222 1676 2261 nos
1708 2203 1861 2261 ﬁlios

208 2305 347 2356 tuos
378 2298 438 2353 in
469 2296 746 2353 omnibus
771 2299 924 2351 recte
980 2294 1224 2368 agendis
1255 2294 1590 2351 obedientcs
1618 2294 1856 2363 habeas,

210 2394 272 2445 et
299 2403 507 2444 omnes
552 2385 803 2441 haereses
853 2387 1259 2457 cujuscunque
1315 2383 1545 2457 generis
1593 2382 1731 2449 sint,
1759 2386 1861 2438 tua

212 2475 560 2534 auctoritate
590 2480 647 2531 et
676 2478 877 2530 nostra
902 2473 1113 2529 virtute
1133 2473 1392 2529 eradices
1419 2476 1475 2527 et
1495 2473 1863 2528 destruas.Et

208 2566 302 2623 sie
331 2564 639 2621 nobiscum
669 2563 824 2619 viam
850 2562 991 2619 Jesu
1023 2561 1235 2619 Christi
1268 2579 1303 2618 a
1331 2561 1499 2618 nobis
1528 2561 1858 2634 incmptam,

209 2659 271 2713 et
301 2671 338 2710 a
356 2658 415 2709 te
445 2652 1048 2726 praedicatam,portas
1070 2651 1243 2707 etiam
1268 2650 1574 2723 utriusque
1596 2651 1862 2706 Hierusa-

211 2744 333 2801 lem
366 2742 539 2799 nobis
568 2741 816 2814 aperias,
851 2746 907 2796 et
938 2739 1273 2813 sepulcrum
1323 2739 1555 2795 Domini
1584 2738 1857 2806 liberum,

212 2838 393 2905 atque
421 2830 821 2887 Christianum
842 2846 1055 2886 nomen
1076 2846 1254 2901 super
1275 2845 1448 2884 omne
1474 2844 1685 2884 nomen
1707 2827 1861 2884 exal-

212 2926 409 2979 tatum
440 2920 641 2976 facias.
676 2919 737 2974 Si
767 2920 922 2975 enim
954 2920 1027 2974 ad
1074 2936 1180 2974 nos
1209 2918 1457 2986 veneris,
1491 2922 1549 2974 et
1574 2918 1729 2973 viam
1761 2934 1864 2988 per

212 3015 275 3067 te
302 3009 620 3081 incmptam
638 3008 879 3065 nobiscu
890 3025 945 3062 m
960 3008 1290 3079 perfeceris,
1306 3010 1465 3063 totus
1478 3006 1656 3061 mund
1668 3023 1736 3062 us
1759 3005 1862 3061 tibi

1966 424 2108 477 tunc
2138 419 2407 477 homines
2459 420 2789 494 Raymundi
2839 421 3091 489 comitis,
3124 437 3274 494 quos
3312 420 3393 477 ibi
3422 424 3621 496 posuit

1964 511 2249 584 portionis
2279 528 2398 567 suae
2451 511 2745 577 custodes,
2797 510 3141 567 eliminavit.
3193 513 3379 578 Quam
3409 512 3615 569 urbem

1964 604 2169 672 postea
2199 616 2335 655 cum
2367 603 2486 656 tota
2504 599 2801 672 provincia
2822 599 3314 672 possedit.Aiebat
3332 600 3491 657 enim
3512 618 3616 674 per

1965 688 2423 761 prolocutionem
2457 705 2625 745 suam
2642 693 2700 745 et
2720 688 3260 745 machinamentum
3284 705 3413 753 eam
3434 691 3613 747 tradi-

1964 782 2087 834 tam
2116 778 2317 835 fuisse.
2372 778 2579 835 Comes
2636 794 2768 834 vero
2828 779 3464 851 Raymundus,juncto
3495 779 3609 837 sibi

1966 867 2266 924 Tancredc
2313 867 2632 939 incoeptum
2680 866 2793 923 iter
2846 867 3055 923 tenuit.
3090 867 3199 924 Sed
3232 870 3290 923 et
3320 868 3609 925 Robertus

1966 946 2428 1017 Northmannus.
2456 956 2557 1029 qui
2589 956 2682 1013 die
2713 957 2970 1012 secundo
2993 956 3395 1014 discesserata
3415 957 3611 1014 Marca

1967 1046 2111 1102 urbe
2135 1062 2313 1119 quam
2361 1049 2654 1118 ceperant,
2711 1045 2901 1102 eidem
2952 1045 3229 1103 exercitui
3258 1048 3609 1121 aggregatus

1965 1140 2073 1193 est.

2568 1225 2800 1282 CAPUT
2836 1226 3005 1282 XVII.

2034 1315 2199 1369 Anno
2231 1318 2428 1370 autem
2463 1314 2776 1372 millesimo
2824 1315 3204 1388 nonagesimo
3227 1332 3380 1373 nono
3411 1316 3484 1373 ab
3517 1318 3613 1373 In-

1966 1402 2300 1460 carnatione
2331 1404 2835 1476 Domini,profecti
2852 1408 2992 1461 sunt
3021 1407 3094 1461 ad
3112 1409 3372 1461 castrum
3391 1406 3613 1463 Archas

1965 1492 2209 1559 dictum,
2245 1493 2316 1548 ad
2348 1493 2601 1549 radicem
2634 1493 2838 1550 Libani
2871 1495 3240 1567 situm,quod
3276 1497 3513 1568 propter
3531 1496 3613 1552 si-

1964 1584 2091 1636 tum
2123 1580 2236 1637 loci
2267 1582 2474 1638 fortem
2505 1583 2577 1638 ad
2602 1582 2953 1655 capiendum
2983 1588 3073 1639 est
3099 1582 3515 1641 difficillimum
3536 1584 3612 1641 ab

1965 1669 2239 1726 hostibus
2262 1671 2534 1728 externis.
2565 1674 2714 1728 Ante
2760 1674 2939 1745 quod,
2971 1672 3031 1728 in
3075 1672 3473 1731 tabernaculis
3501 1673 3611 1730 ho—

1967 1758 2186 1831 spitati,
2219 1776 2323 1832 per
2350 1760 2610 1833 quinque
2640 1762 2757 1817 fere
2787 1761 3148 1834 septimanas
3170 1762 3502 1819 astiterunt.
3536 1762 3612 1819 Il-

1967 1847 2070 1905 lud
2102 1848 2384 1921 oppidum
2417 1849 2897 1922 antiquissimum
2919 1849 3180 1907 condidit
3197 1852 3452 1908 Araceus
3472 1851 3615 1910 Cha-

1968 1953 2119 1993 naan
2153 1938 2329 2005 filius,
2364 1944 2430 1993 ut
2459 1939 2693 2012 legitur.
2735 1940 2863 1995 Dux
2905 1944 3101 1997 autem
3159 1939 3529 2008 Godefridus,
3558 1946 3618 1997 et

1969 2027 2260 2084 Rohertus
2292 2026 2573 2084 Flandriae
2604 2045 2821 2096 comes,
2854 2045 2971 2084 non
3020 2028 3208 2085 multo
3236 2034 3371 2102 post
3394 2022 3616 2086 exerci-

1967 2120 2095 2172 tum
2127 2116 2297 2173 illum
2327 2118 2625 2174 subsecuti
2659 2118 2933 2185 sunt.0ui
2962 2123 3281 2191 antequam
3310 2116 3454 2174 illuc
3482 2133 3616 2191 per-

1967 2205 2579 2272 venissent,Gibellum
2610 2210 2873 2263 castrum
2903 2208 3200 2278 quoddam
3223 2206 3620 2264 nominatissi-

1969 2311 2133 2349 mum
2165 2294 2470 2351 obsidione
2498 2295 2876 2352 vallaverunt.
2902 2296 3013 2351 Sed
3044 2295 3333 2368 legatione
3353 2296 3427 2351 ab
3456 2312 3618 2353 exer-

1969 2382 2088 2439 citu
2123 2383 2342 2450 habita,
2376 2389 2441 2439 ut
2468 2385 2556 2440 eis
2586 2385 2794 2441 festiue
2826 2388 3233 2440 succurrerent
3253 2388 3456 2441 contra
3477 2385 3621 2441 Tur-

1969 2488 2088 2540 cos,
2113 2483 2272 2545 quos
2302 2475 2375 2529 ad
2406 2473 2626 2530 bellum
2647 2474 3081 2547 exspectabant,
3098 2473 3407 2531 confestim
3428 2473 3619 2531 Gibel-

1969 2560 2095 2617 lum
2125 2561 2557 2631 dimiserunt,et
2584 2563 2657 2619 ad
2676 2562 2975 2636 negotium
3006 2563 3351 2619 mandatum
3376 2562 3617 2636 profecti

1971 2656 2130 2708 sunt.
2164 2652 2248 2707 Ad
2282 2668 2431 2724 quos
2461 2669 2597 2708 cum
2629 2652 3191 2725 pervenissent,cum
3211 2651 3297 2709 eis
3316 2652 3612 2721 sederunt,

1971 2740 2072 2797 sed
2106 2740 2349 2808 bellum,
2384 2742 2539 2814 quod
2570 2741 2717 2797 forte
2746 2742 3053 2813 putabant,
3095 2758 3210 2798 non
3257 2741 3613 2798 habuerunt.

1972 2830 2035 2885 In
2064 2828 2167 2885 illa
2193 2834 2389 2885 tamen
2421 2830 2744 2898 obsidione,
2776 2828 3048 2886 Ansellus
3096 2830 3170 2886 de
3199 2829 3614 2899 Ribotimonte,

1973 2917 2142 2974 miles
2170 2922 2467 2986 strenuus,
2501 2919 2620 2973 ictu
2648 2917 2862 2991 lapidis
2906 2917 3145 2973 interiit.
3178 2919 3344 2975 Tunc
3397 2922 3614 2986 autem,

1954 3007 2124 3063 'facto
2154 3006 2402 3062 invicem
2461 3006 2707 3063 consilio
2763 3007 3144 3063 decreverunt
3198 3007 3377 3080 quod,
3411 3005 3463 3063 si
3510 3004 3620 3063 ali-

217 3080 503 3156 obediens
532 3097 660 3154 erit.
695 3098 857 3163 Quod
890 3097 1015 3169 ipse
1042 3102 1100 3153 te
1132 3098 1318 3152 facere
1371 3095 1563 3162 faciat,
1598 3095 1698 3168 qui
1727 3096 1868 3151 vivit
1896 3080 1939 3146 ὓ
1974 3096 2235 3170 quandiu
2258 3095 2339 3151 ibi
2370 3112 2596 3152 moram
2626 3095 2868 3151 fecerint
2889 3099 2948 3151 et
2966 3098 3226 3151 castrum
3248 3093 3393 3150 illud
3414 3108 3621 3166 capere

213 3193 273 3246 et
303 3192 511 3261 regnat
539 3187 693 3243 Deus
716 3187 777 3242 in
810 3185 1023 3242 saecula
1052 3185 1422 3242 saeculorum.
1453 3187 1657 3240 Amen.
1690 3207 1718 3235 »

837 3275 1067 3333 CAPUT
1105 3274 1247 3330 XVI.

289 3367 439 3423 Cum
470 3365 626 3437 apud
659 3364 1032 3420 Antiochiam
1065 3380 1168 3436 per
1190 3367 1447 3436 quatuor
1496 3378 1729 3418 menses
1760 3362 1867 3417 viri

214 3455 405 3514 nostri
437 3471 571 3511 cum
602 3453 771 3527 equis
802 3453 948 3520 suis,
973 3453 1171 3526 requie
1199 3457 1257 3508 et
1292 3451 1486 3508 edulio
1528 3450 1745 3519 refecti,
1778 3450 1865 3505 vio

214 3564 313 3604 res
342 3544 629 3618 pristinas
659 3541 1142 3614 resumpsissent,
1175 3541 1276 3613 qui
1306 3545 1393 3596 tot
1431 3540 1640 3597 diebus
1670 3539 1869 3597 labore

214 3633 449 3708 fatigati
482 3633 731 3698 fuerant,
766 3648 900 3705 pars
923 3648 1040 3687 una
1059 3630 1347 3687 exercitus
1366 3635 1604 3703 sumpto
1625 3628 1868 3686 consilio

215 3724 453 3796 Syriam
487 3721 761 3778 adierunt
790 3719 1549 3785 interiorem,desiderantea
1570 3718 1867 3775 tramitem

214 3809 819 3884 Hierosolymitanum
841 3809 1097 3882 amplius
1123 3808 1457 3865 dilatare.ln
1480 3825 1594 3881 quo
1615 3807 1869 3863 exercitu

218 3899 606 3959 Boamundus
626 3904 683 3955 et
705 3899 1088 3972 Raymundus
1109 3898 1587 3969 comes,majores
1612 3897 1868 3952 fuerunt.

217 3990 331 4048 Alii
361 3990 519 4046 enim
551 3989 845 4062 principes
876 3988 936 4043 in
968 3987 1233 4059 partibus
1271 3985 1650 4042 Antiochenis
1679 3985 1872 4041 adhuc

220 4079 631 4137 morabantur.
666 4078 777 4134 Sed
808 4077 848 4132 ii
879 4078 996 4132 duo
1028 4094 1162 4132 cum
1185 4081 1354 4149 gente
1375 4093 1483 4131 sua
1505 4075 1652 4130 duas
1674 4075 1872 4142 urbes,

224 4170 439 4226 Baram
469 4166 760 4229 videlicet,
804 4170 862 4222 et
919 4166 1166 4233 Marum,
1197 4180 1422 4237 magnae
1454 4162 1759 4235 probitatis
1789 4163 1875 4218 in-

220 4258 470 4316 vasionc
496 4254 1082 4328 comprehenderunt.
1100 4253 1281 4311 Priori
1312 4270 1563 4327 quarum
1595 4251 1876 4309 citissime

224 4348 489 4418 capta,et
517 4344 670 4400 caede
687 4344 901 4399 civium
933 4360 1173 4416 prorsus
1195 4342 1877 4416 depopulata,raptisque

1976 3203 2092 3242 non
2126 3184 2400 3258 poterint,
2433 3185 2852 3240 detrimentum
2908 3182 3359 3256 irrecuperabile
3389 3182 3620 3240 cunctis

1975 3276 2111 3332 inde
2140 3274 2395 3343 eveniet;
2427 3274 2748 3346 dicuntque
2776 3291 2963 3347 operai
2994 3272 3251 3346 pretium
3278 3288 3409 3329 esse
3438 3275 3505 3328 ut
3531 3271 3621 3328 di-

1975 3365 2160 3421 missa
2188 3363 2491 3420 obsidione
2521 3363 2735 3419 vadant
2762 3380 2865 3436 per
2883 3362 3037 3418 viam
3060 3378 3239 3435 quam
3271 3360 3622 3418 commercio

1976 3457 2269 3526 expertem
2300 3457 2571 3521 noscunt,
2605 3453 2749 3508 dum
2778 3451 2971 3508 adhuc
3027 3455 3260 3524 tempus
3307 3449 3623 3508 messicnis

1977 3558 2076 3598 eos
2108 3540 2569 3613 Hierosolymam
2600 3540 2786 3597 ituros
2813 3543 3190 3614 exspectat,et
3219 3539 3361 3595 dum
3391 3538 3623 3613 iverint,

1978 3631 2048 3687 de
2077 3647 2269 3687 messe
2298 3630 2559 3702 undique
2589 3647 2623 3685 a
2644 3630 2891 3686 Domino
2921 3629 3033 3687 sibi
3055 3632 3379 3703 praeparata
3403 3628 3622 3697 vivant,

1978 3724 2037 3777 et
2062 3719 2165 3774 tali
2189 3718 2479 3791 stipendio
2500 3720 2568 3774 ad
2569 3719 2786 3790 juti,ad
2810 3718 3007 3775 locum
3032 3716 3621 3784 desideratissimum,

1978 3809 2226 3866 Domino
2256 3808 2523 3872 ducente,
2554 3807 2912 3881 perveniant.
2955 3808 3050 3865 Sic
3092 3807 3399 3863 laudatum
3428 3810 3537 3875 est,
3569 3809 3629 3863 et

1980 3898 2198 3953 factum
2227 3900 2334 3952 est.
2367 3896 2658 3953 Tentoriis
2706 3900 2847 3952 tunc
2895 3895 3173 3964 collectis,
3207 3896 3316 3952 iter
3364 3898 3624 3967 agentes,

1982 3986 2344 4043 transierunt
2372 3985 2577 4041 urbem
2606 3984 2890 4057 Tripolim
2913 4001 3052 4057 ;qua
3076 3982 3326 4041 transita
3337 3984 3510 4056 juxta
3527 3982 3628 4038 Gl-

1981 4076 2200 4131 bellum
2232 4079 2493 4130 castrum
2527 4078 2887 4129 meaverunt.
2919 4072 3134 4146 Aprilis
3164 4076 3290 4129 erat
3317 4071 3634 4143 mensis,et

1975 4166 2102 4236 jam
2135 4165 2206 4220 de
2235 4163 2531 4219 messibus
2560 4161 2851 4218 vivebant.
2884 4162 3050 4218 Ultra
3096 4161 3309 4217 deinde
3337 4146 3633 4233 progressi

1984 4253 2145 4310 haud
2175 4253 2347 4325 longe
2376 4252 2448 4307 ab
2481 4252 2623 4307 urbe
2645 4251 2857 4307 Beruto
2878 4250 3251 4320 transientes,
3284 4248 3634 4305 invenerunt

1989 4347 2123 4416 post
2151 4359 2278 4397 eam
2303 4341 2507 4396 urbem
2539 4339 2923 4411 aliam,quam
2954 4338 3206 4411 legimus
3235 4337 3512 4394 Sidonem
3540 4352 3635 4392 vo-

225 4435 512 4492 omnibus
563 4450 689 4505 qua:
725 4432 784 4487 in
844 4450 913 4489 ea
969 4431 1347 4504 reperierunt,
1380 4430 1576 4487 festini
1633 4429 1877 4486 alteram
1911 4450 1960 4515 Ι)
1989 4430 2198 4488 cabulo
2227 4430 2470 4496 dictam,
2502 4428 2562 4484 in
2621 4433 2777 4485 terra
2805 4427 3115 4493 Phenicim,
3146 4441 3349 4515 quamq
3375 4423 3638 4515 condidit

228 4521 641 4582 adierunt.Ubl
672 4521 976 4578 obsidione
997 4539 1100 4594 per
1116 4521 1323 4595 viginti
1348 4521 1474 4577 dies
1506 4524 1761 4593 peracta,
1793 4520 1881 4575 fa-

230 4629 396 4671 mem
426 4611 674 4669 nimiam
696 4610 936 4684 pertulit
955 4628 1099 4684 gens
1119 4610 1549 4667 nostra.Dicere
1575 4608 1885 4682 perhorreo

232 4702 396 4777 quod
420 4700 683 4774 plerique
712 4699 1341 4773 nostrum,exasperati
1374 4699 1548 4754 famis
1571 4698 1750 4767 rabie,
1785 4698 1884 4754 ab-

235 4792 546 4850 sciderunt
566 4790 637 4845 de
667 4788 905 4845 natibus
929 4787 1233 4846 Sarraceni
1247 4789 1371 4860 jam
1393 4787 1607 4844 mortui
1630 4788 1887 4844 frustum

236 4897 452 4945 unum,
483 4877 570 4934 vel
602 4878 738 4934 duo.
773 4880 895 4946 Quo
948 4894 1156 4951 parum
1206 4882 1423 4944 assato,
1458 4877 1890 4933 manducahant

237 4986 343 5028 ore
374 4968 524 5024 diro.
559 4967 760 5039 Itaque
790 4966 923 5041 plus
954 4969 1289 5024 obsessores
1321 4982 1498 5040 quam
1529 4966 1755 5022 obsessi
1787 4983 1890 5022 an-

241 5059 556 5133 gebantur.
590 5057 817 5113 Interea
853 5057 1145 5113 machinis
1166 5056 1336 5112 factis
1372 5058 1429 5111 et
1456 5056 1693 5112 tandem
1724 5071 1891 5110 muro

243 5146 524 5215 admotis,
556 5163 782 5219 magnae
843 5146 1190 5203 audacitatis
1240 5144 1490 5213 assultu,
1535 5145 1893 5218 suffragante

243 5238 498 5310 Deo,per
528 5237 682 5291 muri
711 5235 1012 5309 fastigium
1066 5234 1272 5293 Franci
1320 5251 1382 5290 se
1410 5234 1892 5302 intromiserunt;

243 5325 349 5399 qui
381 5325 476 5381 die
504 5323 605 5380 illo
637 5328 813 5398 atque
862 5325 1130 5397 sequenti
1189 5327 1432 5380 cunctos
1479 5323 1832 5379 Sarracenos
1864 5342 1897 5378 a

243 5414 457 5488 majori
488 5431 677 5489 usque
707 5415 781 5471 ad
832 5413 1143 5471 minimum
1195 5411 1552 5482 occiderunt,
1602 5420 1902 5482 tutamque

1993 4521 2173 4578 Sidon
2206 4518 2363 4574 filius
2393 4518 2666 4574 Chanaan
2711 4533 2746 4573 a
2775 4533 2891 4589 quo
2949 4515 3234 4582 Sidones;
3266 4513 3493 4583 exinde,
3526 4513 3636 4570 Sa-

1996 4613 2219 4682 reptam
2248 4606 2518 4663 Sidoniae.
2554 4605 2772 4662 Dehinc
2818 4605 3164 4662 invenerunt
3188 4604 3409 4676 Tyrum
3438 4600 3638 4658 civita-

1994 4703 2113 4755 tem
2144 4695 2551 4771 peroptimam,
2584 4695 2738 4750 unde
2762 4694 2872 4750 fuit
2897 4691 3338 4767 Apollonius,de
3365 4706 3482 4763 quo
3501 4688 3642 4762 legi-

1996 4792 2094 4844 tur
2119 4789 2170 4856 (I
2198 4786 2449 4845 Machab.
2481 4801 2566 4852 III,
2588 4784 2697 4857 10).
2726 4784 2806 4841 De
2827 4784 2920 4840 his
2941 4782 3116 4840 etiam
3139 4781 3372 4837 duabus
3393 4793 3639 4852 evange-

1996 4876 2134 4934 lista
2164 4878 2370 4932 sonat:
2405 4876 2467 4930 In
2500 4880 2684 4945 partes
2734 4874 2865 4945 Tyri
2918 4881 2971 4929 et
3025 4870 3252 4928 Sidonis
3307 4866 3516 4939 (Matth.
3546 4883 3641 4935 xv,

1998 4966 2111 5037 2t).
2140 4966 2307 5022 Nunc
2339 4968 2536 5019 autem
2560 4962 2815 5035 regionis
2835 4960 3037 5017 incolae
3058 4959 3312 5033 priorem
3332 4957 3645 5030 Sagittam,

2002 5054 2245 5111 alteram
2278 5071 2411 5109 vero
2442 5053 2555 5108 Sur
2604 5051 2929 5108 nominant.
2988 5050 3136 5107 Nam
3195 5045 3476 5105 Hebraice
3505 5045 3652 5103 Socr

2004 5143 2240 5206 dicitur,
2271 5147 2327 5198 et
2359 5146 2450 5198 est
2478 5141 2540 5196 in
2572 5146 2724 5198 sorte
2755 5137 3255 5213 Nephtalim.Post
3272 5135 3383 5192 has
3404 5132 3655 5191 transie-

2005 5237 2144 5289 runt
2176 5230 2621 5297 Ptolemaidam,
2652 5230 2816 5303 prius
2832 5230 3035 5286 Achon
3067 5226 3283 5282 dictam
3308 5239 3507 5297 ;quam
3523 5220 3658 5293 qui-

2007 5323 2143 5377 dam
2175 5323 2438 5376 errantes
2467 5321 2726 5375 Accarcn
2772 5317 3044 5375 solebant
3098 5313 3290 5387 legere
3320 5329 3333 5369 :
3368 5310 3523 5385 quod
3551 5325 3661 5365 nos

2009 5411 2185 5468 etiam
2219 5409 2599 5476 faciebamus,
2632 5424 2769 5465 cum
2790 5406 3073 5476 primitus
3100 5406 3318 5459 terram
3336 5397 3667 5457 Palaestino-

244 5482 645 5565 substantiam
677 5520 881 5561 eorum
930 5502 1046 5560 sibi
1095 5502 1489 5574 arripuerunt.
1522 5501 1674 5558 Urbe
1704 5500 1905 5572 itaque
2016 5515 2151 5557 rum
2183 5495 2574 5555 introivimus.
2607 5497 2721 5554 Sed
2751 5495 3018 5553 Accaron
3041 5491 3182 5550 urbs
3236 5492 3329 5548 est
3373 5482 3668 5547 Philisthm
