3998 6088
377 273 493 342 851

886 275 990 340 AD
1034 277 1541 372 GODEFRIDDM
1584 278 1922 341 APPEND.
1967 277 2046 339 ῙῘ.
2079 311 2158 323 —-
2187 274 2502 342 MONUM.
2547 276 2651 340 DE
2691 276 2941 341 BELLO
2985 274 3263 342 SACRO.

3660 271 3781 340 85!

377 406 530 470 inter
557 414 802 470 Azotum
834 418 890 470 et
913 414 1230 481 Jamniam,
1252 431 1429 487 prope
1457 413 1822 469 Ascalonem.
1856 414 2014 468 Acon
2047 413 2099 480 Α
2128 416 2324 468 monte
2355 412 2493 468 Sion
2525 412 2729 468 subter
2757 410 3169 468 decursionem
3210 410 3490 469 torrentis
3527 411 3778 480 Cedron,

373 520 528 571 vero,
560 503 620 558 id
653 508 741 559 est
789 503 1160 570 Ptolemaida,
1193 502 1264 560 εῖῦ
1296 508 1495 559 austro
1554 503 1729 559 habet
1772 501 2015 558 Carmeli

376 596 657 661 montem,
682 593 853 664 juxta
881 610 1055 665 quem
1086 598 1480 657 transeuntes,
1505 593 1577 647 ad
1608 593 1905 647 dexteram
1928 609 2017 648 re-

371 680 671 753 liquerunt
702 682 1004 753 oppidum,
1038 683 1334 755 Caypham
1365 681 2018 753 dictum,exhincjuxta

379 772 609 837 Doram,
640 771 728 826 vel
759 771 953 843 Pirgul
979 776 1133 843 ;post
1163 771 1471 841 haec,juxta
1488 771 1805 825 Caesaream
1836 770 2017 825 Palas-

376 860 542 916 stinaa
571 859 944 922 incessimus,
975 877 1101 932 quae
1131 860 1369 931 quidem
1400 858 1703 915 dicebatur
1750 863 1806 914 et
1835 859 2016 914 altero

378 949 612 1005 nomine
643 948 846 1004 Turris
874 949 1197 1003 Stratonis:
1232 948 1291 1002 in
1350 966 1465 1019 qua
1518 948 1786 1013 llerodes,
1821 949 2019 1003 dictus

379 1038 654 1110 Agrippa,
687 1054 867 1109 nepos
898 1037 1056 1093 illius
1096 1037 1336 1092 Herodis
1366 1037 1477 1092 sub
1534 1037 1704 1107 cujus
1759 1042 2019 1109 tempore

380 1126 646 1182 Christus
678 1131 849 1181 natus
879 1131 986 1197 est,
1020 1143 1334 1198 percussus
1365 1126 1436 1181 ab
1485 1125 1710 1198 angelo,
1745 1142 2018 1181 consum-

379 1221 633 1288 ptusque
657 1232 691 1271 a
719 1216 1352 1283 vermibus,infeliciter
1380 1215 1870 1287 exspiravit.Tum
1892 1214 2019 1287 qui-

379 1304 507 1359 dem
541 1321 575 1360 a
604 1306 839 1361 dextera
868 1311 1031 1377 parte
1088 1305 1453 1376 reliquerunt
1478 1304 1799 1369 maritima,
1833 1309 1889 1359 et
1920 1321 2022 1376 per

377 1394 606 1462 urbem,
667 1395 905 1450 nomine
966 1394 1296 1462 Ramulam,
1330 1397 1742 1466 perrexerunt:
1776 1394 1847 1448 de
1905 1410 2022 1465 qua

376 1483 681 1539 Sarraceni
710 1482 912 1538 incolae
948 1484 1075 1555 jam
1125 1484 1574 1555 obfugaverunt,
1608 1482 1795 1555 pridie
1842 1499 2021 1554 quam

375 1570 515 1628 illuc
547 1572 751 1628 Franci
794 1571 1214 1643 pervenissent.
1266 1571 1391 1628 Illic
1449 1587 1740 1626 annonam
1772 1570 2020 1626 multam

374 1661 756 1733 reperierunt,
788 1662 859 1717 de
915 1677 1033 1733 qua
1070 1662 1342 1732 jumenta
1371 1678 1478 1716 sua
1506 1665 1720 1715 cuncta
1749 1676 2023 1715 onerave-

375 1755 532 1821 runt,
567 1766 744 1823 quam
795 1767 980 1822 usque
1003 1749 1364 1806 Hierusalem
1400 1753 1601 1821 postea
1622 1753 2017 1821 portaverant.
2049 1786 2098 1851 Β

959 1839 1189 1895 CAPUT
1226 1838 1422 1894 XVIII.

446 1930 608 1986 Mora
637 1929 715 1985 ibi
749 1946 853 2001 per
901 1932 1155 2001 quatuor
1201 1928 1328 1984 dies
1376 1928 1550 1994 facta,
1583 1944 1718 1983 cum
1765 1926 2016 1982 basilicae

348 2019 573 2076 'Sancti
603 2018 831 2091 Georgii
862 2017 1197 2091 episcopum
1231 2017 1768 2090 prmposuissent,et
1794 2016 1852 2071 in
1876 2015 2019 2071 arci-

374 2108 488 2165 bus
517 2107 788 2164 homines
818 2108 889 2162 ad
920 2106 1365 2162 custodiendam
1396 2106 1603 2162 urbem
1642 2104 2014 2172 locavisscnt,

373 2195 739 2253 Hierusalem
768 2195 879 2251 iter
908 2211 1080 2251 suum
1106 2194 1695 2267 praetenderunthso
1716 2194 1809 2249 die
1832 2210 2019 2266 usque

374 2286 448 2342 ad
502 2284 830 2351 castellum,
864 2284 1019 2355 quod
1067 2283 1284 2338 dicitur
1340 2284 1640 2351 Emmaus,
1683 2282 2015 2338 ambulave-

371 2377 529 2429 runt.
563 2373 742 2429 Nocte
770 2389 903 2428 vero
932 2371 1034 2427 illa
1064 2378 1299 2428 centum
1350 2373 1421 2428 de
1478 2371 1766 2427 militibus
1797 2373 2015 2428 nostris

370 2462 687 2519 calliditate
716 2462 880 2529 moti,
914 2460 1200 2533 probitate
1223 2459 1497 2533 prompti,
1534 2462 1935 2517 conscendunt
1954 2462 2015 2516 in

367 2569 572 2625 equos,
605 2550 726 2623 qui,
774 2549 1102 2607 albescente
1159 2567 1388 2617 aurora,
1425 2566 1603 2623 prope
1651 2549 2013 2606 Hierusalem

367 2645 762 2709 transeuntes,
795 2656 981 2711 usque
1032 2637 1362 2695 Bethlehem
1410 2643 1865 2711 properaverunt
1894 2657 1906 2709 ;
1942 2640 2014 2695 de

369 2730 586 2802 quibus
614 2745 771 2785 unus
800 2732 925 2784 erat
953 2727 1579 2799 Tancredus,alterque
1600 2726 1920 2783 Balduinus
1944 2728 2015 2784 de

371 2825 584 2892 Burge.
620 2819 783 2885 Quod
807 2834 941 2873 cum
964 2815 1410 2888 Christiani,qui
1430 2815 1571 2871 inibi
1596 2816 2015 2872 conversaban

369 2913 489 2976 tur,
520 2907 958 2979 comperissent.
993 2903 1173 2961 Graeci
1201 2903 1467 2961 videlicet
1490 2908 1546 2959 et
1578 2904 1725 2976 Syri,
1760 2906 2012 2961 Francos

370 2997 511 3053 illuc
544 2995 867 3059 advenisse,
901 2993 1085 3066 gavisi
1130 2998 1269 3050 sunt
1314 2993 1530 3067 gaudio
1581 3010 1794 3066 magno
1824 2994 2008 3051 valde.

2127 501 2225 574 qui
2240 507 2501 574 tempore
2513 501 2749 557 hiemali
2772 520 2874 574 per
2891 500 3099 557 vallem
3114 502 3145 558 J
3151 503 3331 575 osaph
3341 506 3397 557 at
3412 502 3486 558 ilu
3495 519 3590 559 ere
3608 502 3776 570 solet,

2126 592 2402 648 Cisternaa
2433 596 2630 647 autem
2657 591 2937 659 multm,et
2958 591 3131 664 aquis
3162 591 3303 646 satis
3325 591 3697 648 abundantes
3718 593 3779 648 in

2127 682 2271 737 urbe
2300 681 2592 736 habentur
2614 698 2761 749 muas
2793 682 2840 737 si
2877 682 3023 736 bene
3052 685 3372 754 procurata:
3398 681 3637 752 fuerint,
3660 699 3782 738 om-

2126 771 2301 826 nibus
2330 770 2946 838 inhabitantibus,tam
2980 770 3316 826 hominibus
3341 787 3517 842 quam
3538 772 3779 842 jumen-

2126 860 2226 925 tis,
2260 859 2419 914 omui
2450 864 2709 931 tempore
2740 859 3144 915 indeﬁcienter
3179 859 3460 915 haustum
3494 861 3774 932 praebent,

2126 947 2690 1004 hihernisimbribus
2712 948 3402 1021 reservatis.Constatque
3421 948 3623 1004 civitas
3644 967 3778 1006 con-

2128 1037 2351 1093 decenti
2375 1038 2779 1109 magnitudine
2802 1053 2905 1110 per
2924 1037 3233 1093 circuitum
3257 1038 3693 1110 composita,ita
3713 1044 3781 1095 ut

2126 1143 2233 1182 nec
2264 1125 2546 1199 parvitate
2576 1142 2679 1181 nec
2711 1125 3099 1198 amplitudine
3140 1126 3446 1183 fastidiosa
3496 1127 3775 1199 cuiquam

2125 1216 2410 1271 videatur.
2444 1216 2627 1270 Habet
2653 1215 2893 1287 quidem
2923 1217 2996 1270 ab
3025 1232 3235 1272 occasu
3255 1215 3395 1272 solis
3428 1216 3642 1273 turrim
3664 1218 3777 1273 Da.

2124 1304 2654 1376 vidicam,utroque
2668 1304 2844 1360 latere
2856 1321 3092 1360 murum
3111 1305 3364 1361 civitatis
3381 1306 3775 1379 supplentem,

2128 1410 2255 1465 quae
2289 1409 2474 1465 usque
2496 1392 2566 1448 ad
2595 1393 2967 1449 medietatem
2998 1394 3089 1449 sui
3120 1410 3154 1449 a
3203 1397 3366 1467 parte
3387 1394 3646 1450 inferiori
3678 1413 3777 1452 so-

2126 1481 2242 1538 lide
2273 1486 2531 1538 massata
2551 1474 2724 1549 est,et
2748 1483 2819 1537 de
2841 1481 3139 1554 lapidibus
3162 1487 3510 1539 cmmentata
3530 1485 3781 1557 quadrae

2128 1570 2226 1638 tis,
2260 1570 2567 1643 etplumbo
2594 1569 2752 1626 fusili
2771 1570 3207 1643 sigillatis.Quaa
3223 1571 3271 1628 sl
3290 1572 3529 1628 cibariis
3550 1574 3781 1630 munita

2127 1658 2327 1726 fuerit,
2359 1659 2406 1715 si
2440 1664 2671 1715 tantum
2702 1658 2907 1732 viginti
2963 1659 3053 1716 vel
3112 1660 3447 1733 quindecim
3506 1661 3779 1720 homines

2128 1748 2465 1805 defensores
2494 1747 2733 1813 inerint,
2764 1765 3071 1821 nuuquam
3111 1767 3216 1822 per
3270 1749 3388 1805 vim
3420 1751 3492 1806 ab
3519 1752 3778 1809 exercitu

2128 1837 2334 1908 quovis
2378 1836 2987 1909 comprehenderetur.
3037 1838 3107 1893 Et
3150 1843 3239 1894 est
3285 1838 3346 1894 in
3395 1840 3599 1896 eadem
3630 1842 3779 1897 urbe

2124 1925 2412 1999 templum
2459 1925 2849 1994 Dominicum,
2883 1927 3228 1994 rotundum,
3261 1929 3655 2001 compositum
3712 1931 3776 1987 in

2124 2015 2326 2071 eodem
2356 2014 2482 2070 loco
2512 2032 2626 2087 quo
2659 2015 2933 2071 Salomon
2986 2015 3237 2073 alterum
3294 2016 3458 2089 prius
3514 2018 3780 2076 instituit

2125 2104 2442 2160 mirificum
2468 2123 2481 2173 ;
2517 2106 2671 2177 quod
2703 2105 2973 2177 quamvis
3002 2104 3086 2160 illi
3118 2105 3297 2178 priori
3330 2107 3615 2165 schemati
3641 2108 3777 2165 nul-

2126 2192 2357 2249 latenus
2390 2193 2465 2249 sit
2495 2193 3147 2265 comparandum,istud
3172 2199 3369 2251 tamen
3400 2212 3571 2275 opere
3603 2197 3782 2255 mira-

2126 2282 2226 2339 bili
2255 2288 2312 2338 et
2343 2283 2531 2338 forma
2567 2282 3004 2355 speciosissima
3060 2283 3282 2339 factum
3339 2288 3448 2341 est.
3506 2286 3570 2342 1n
3602 2288 3779 2359 cujus

2126 2372 2318 2427 medio
2349 2376 2439 2428 est
2470 2372 2633 2444 rupis
2654 2372 2850 2427 nativa
2870 2376 2929 2427 et
2958 2372 3264 2446 ingens,de
3293 2389 3411 2446 qua
3428 2374 3783 2449 deturpatur

2124 2459 2269 2517 satis
2299 2464 2355 2516 et
2382 2460 2705 2533 impeditur
2722 2460 2919 2533 ipsum
2942 2460 3463 2533 templum.Nescio
3495 2481 3678 2538 quare
3702 2466 3778 2523 ab

2122 2554 2334 2605 aeterno
2366 2549 2724 2622 permittitur
2769 2549 2964 2606 locum
3014 2566 3320 2624 occupare,
3354 2552 3495 2624 quin
3530 2570 3781 2626 prorsus

2121 2638 2424 2694 exciditur.
2459 2638 2567 2693 Sed
2602 2637 2807 2694 dicunt
2837 2638 3010 2694 illum
3040 2656 3169 2696 esse
3217 2639 3434 2707 locum,
3466 2642 3566 2698 ubi
3608 2646 3781 2701 stetit

2122 2727 2365 2801 angelus
2395 2727 2847 2799 percutiens,cui
2879 2728 3056 2784 David
3093 2729 3271 2785 intuit
3290 2729 3536 2802 pavidus
3566 2732 3775 2790 nimis:

2120 2820 2241 2885 Ego
2271 2817 2491 2889 quidem
2516 2833 2644 2871 sum
2671 2818 2771 2887 qui
2792 2819 3014 2887 peccavi
3030 2820 3180 2887 ,-isti,
3209 2819 3307 2889 qui
3335 2835 3455 2875 oves
3484 2823 3783 2893 sangquid

2117 2908 2401 2977 fecerunt?
2429 2906 2501 2977 (II
2534 2906 2660 2973 Reg.
2692 2922 2846 2972 xxrv,
2881 2907 2993 2973 17.)
3019 2906 3314 2979 Aiuntque
3368 2907 3427 2963 in
3466 2908 3596 2981 ipsa
3622 2927 3778 2983 rupe

2121 3011 2315 3050 arcam
2349 2994 2581 3050 fcsderis
2612 2993 2840 3049 Domini
2887 3011 3035 3063 esse,
3070 3011 3205 3050 cum
3245 2997 3427 3069 virga,
3462 3003 3520 3053 et
3548 2999 3777 3056 tabulis

370 3086 714 3160 Ignorantes
746 3089 941 3140 tamen
975 3082 1248 3155 primitus
1291 3100 1418 3154 quae
1477 3099 1621 3155 gens
1652 3087 1868 3147 essent,
1900 3084 2010 3139 rati
2051 3155 2081 3160 ω
2116 3082 2478 3151 testamenti,
2507 3083 2654 3139 bene
2684 3082 3096 3155 sigillatam,eo
3116 3085 3270 3156 quod
3292 3084 3485 3141 Josias
3505 3088 3780 3145 rexluda

365 3155 506 3232 sunt
533 3192 632 3231 eos
660 3172 749 3229 vel
778 3174 996 3228 Turcos
1024 3171 1111 3227 vel
1131 3172 1351 3227 Arabes
1371 3173 1633 3228 esse.Sed
1653 3189 1787 3228 eum
1810 3178 2007 3244 aperte
2038 3155 2083 3224 (ἶ
2120 3172 2255 3245 poni
2279 3172 2464 3243 jussit
2493 3189 2621 3228 eam
2647 3172 2706 3228 in
2737 3155 3515 3245 sanctuariotempli,dicens
3533 3180 3781 3249 :Nequa-

363 3281 463 3321 eos
493 3263 735 3337 propius
764 3262 1151 3329 intuerentur,
1184 3264 1241 3316 et
1287 3277 1387 3316 eos
1434 3261 1686 3316 Francos
1732 3278 1859 3317 esse
1892 3278 2009 3317 non

362 3353 796 3415 dubitaverunt,
822 3348 1022 3405 statim
1044 3350 1369 3421 gaudentes
1391 3348 1664 3404 crucibus
1687 3351 2010 3423 assumptis

359 3445 417 3499 et
435 3442 627 3509 textis,
661 3439 890 3496 obviam
927 3437 1139 3503 flendo,
1166 3438 1257 3508 pie
1279 3436 1568 3492 cantando
1598 3444 2008 3509 processerunt

355 3530 446 3586 eis
469 3546 482 3585 :
516 3529 730 3595 ﬂendo,
748 3526 1024 3599 quoniam
1045 3526 1383 3582 metuebant
1404 3542 1476 3581 ne
1497 3525 1793 3582 tantillum
1817 3529 2008 3600 gentis

357 3637 393 3675 a
424 3615 800 3673 multitudine
820 3619 983 3671 tanta
1004 3631 1543 3687 paganorum,quos
1576 3615 1636 3669 in
1663 3616 1847 3688 patria
1868 3617 2008 3673 scie-

359 3709 503 3762 bant
518 3704 948 3770 esse,facillime
965 3702 1369 3758 occiderentur
1393 3705 2005 3777 ;cantando,quoniam

359 3797 431 3851 de
462 3794 579 3849 illis
610 3791 1174 3865 congratulabantur
1203 3808 1351 3864 quos
1383 3791 1484 3847 diu
1534 3792 2007 3850 desideraverant

328 3914 335 3923 ~
362 3887 657 3951 venturos,
692 3898 955 3954 quosque
984 3879 1565 3948 Cbristianismum,a
1586 3881 1853 3939 nefandis
1876 3889 2004 3940 tan-

363 3972 465 4028 diu
498 3971 950 4044 pessundatum,
980 3969 1039 4025 in
1063 3974 1430 4042 resumptum
1454 3970 1731 4027 honorem
1754 3972 2006 4031 relevare

362 4059 710 4117 sentiebant.
745 4059 921 4114 Facta
947 4062 1143 4114 autem
1197 4058 1395 4113 statim
1454 4058 1512 4114 in
1553 4058 1795 4116 basilica
1824 4061 2004 4119 beatas

360 4147 556 4204 Maria:
587 4147 1012 4220 supplicatione
1043 4147 1115 4202 ad
1163 4146 1347 4203 Deum
1389 4147 1611 4215 devota,
1644 4164 1777 4204 cum
1809 4151 2001 4206 locum

355 4238 457 4293 ubi
481 4237 751 4293 Christus
772 4235 882 4291 fuit
902 4240 1075 4290 natus
1103 4235 1602 4307 visitassent,dato
1620 4237 1779 4310 Syris
1801 4240 2001 4297 osculo

351 4326 513 4399 pacis
529 4326 812 4398 jocundo,
844 4325 917 4380 ad
960 4326 1164 4379 urbem
1215 4330 1481 4380 sanctam
1543 4325 1807 4382 celeriter
1864 4334 2003 4385 sunt

347 4415 770 4488 regressi.Ecce
801 4413 1166 4485 subsequens
1216 4413 1506 4469 exercitus
1557 4420 1754 4471 noster
1781 4417 1999 4474 civitati

2119 3278 2282 3334 quam
2306 3261 2595 3333 portabitis
2624 3278 2748 3317 eam
2774 3261 2847 3316 de
2890 3259 3016 3317 loco
3066 3262 3179 3317 isto
3219 3263 3297 3332 (Il
3323 3264 3454 3318 Par.
3486 3281 3655 3333 xxxv,
3691 3268 3779 3336 3.)

2121 3350 2473 3407 Praevidebat
2499 3348 2655 3405 enim
2685 3350 2945 3405 futuram
2999 3349 3416 3422 captivitatem.
3452 3353 3561 3409 Sed
3596 3353 3775 3425 illud,

2118 3439 2355 3512 quodin
2387 3437 2877 3511 descriptionibus
2935 3438 3202 3494 Jeremias
3251 3439 3525 3514 legimus,
3574 3443 3772 3515 obest,

2118 3527 2272 3599 quod
2306 3527 2430 3599 ipse
2471 3526 2752 3582 .leremias
2806 3543 2936 3582 eam
2966 3526 3026 3582 in
3081 3528 3295 3584 Arabia
3349 3529 3773 3603 occultaverat,

2116 3614 2316 3671 dicens
2345 3615 2500 3687 quod
2532 3632 2647 3671 non
2696 3614 3048 3671 invenienda
3105 3620 3281 3685 esset,
3317 3618 3501 3674 donec
3558 3626 3774 3693 gentes

2118 3703 2312 3759 multa:
2343 3714 2838 3775 congregarentur
2865 3706 2995 3777 (Jer.
3030 3722 3114 3771 ιιι,
3147 3706 3256 3776 l7).
3276 3708 3404 3779 Ipse
3434 3706 3591 3764 enim
3623 3726 3775 3767 con-

2114 3797 2527 3865 temporaneus
2558 3793 2738 3864 hujus
2767 3793 2921 3866 regis
2949 3793 3123 3849 Josiaa
3155 3795 3499 3862 fuit;tamen
3530 3797 3771 3856 vivendi

2116 3883 2293 3938 ﬁnem
2307 3881 2785 3953 fecit,anthuam
2800 3881 3085 3939 Jeremias
3105 3882 3443 3943 obiret.Non
3465 3885 3771 3945 credimus

2115 3971 2296 4044 igitur
2325 3987 2519 4026 arcam
2554 3971 2609 4026 in
2642 3971 2859 4043 templo
2901 3988 3050 4028 esse.
3085 3972 3209 4029 Non
3257 3973 3418 4030 valeo
3448 3991 3553 4031 nec
3574 3978 3770 4036 audeo

2112 4059 2357 4115 recitare
2387 4076 2481 4116 res
2511 4062 2629 4115 tam
2661 4059 3088 4128 sanctissimas,
3110 4078 3241 4134 quas
3268 4060 3417 4118 inihi
3444 4062 3765 4137 habentur,

2113 4166 2185 4204 ne
2216 4149 2273 4204 in
2304 4147 2500 4221 aliquo
2529 4149 2825 4205 auditores
2855 4148 3219 4217 fallam.Sed,
3245 4152 3573 4208 secundum
3605 4154 3770 4212 dicta

2111 4238 2524 4310 quorumdam,
2555 4236 2615 4293 in
2646 4237 2925 4294 honorem
2956 4242 3015 4294 et
3044 4256 3303 4296 amorem
3334 4240 3455 4307 Dei,
3474 4240 3599 4298 haec
3627 4247 3765 4300 tan-

2109 4325 2235 4382 tilla
2266 4326 2323 4382 in
2356 4326 2702 4382 memoriam
2724 4326 3088 4399 collegi.ch
3112 4332 3203 4384 est
3221 4345 3327 4402 pro
3356 4334 3515 4386 certo
3544 4331 3767 4390 domus

2111 4416 2228 4483 Dei,
2261 4416 2333 4471 de
2362 4433 2480 4487 qua
2509 4416 2795 4488 scriptum
2825 4420 2919 4472 est
2939 4434 2957 4471 :
2990 4417 3144 4472 Bene
3186 4419 3430 4474 fundata
3458 4425 3548 4475 est
3578 4437 3767 4494 supra

346 4507 486 4560 tunc
545 4501 1058 4576 appropinquavit,
1120 4502 1320 4557 relicta
1378 4502 1615 4558 Gabaon
1666 4521 1701 4559 a
1759 4505 1999 4562 sinistra
2029 4525 2076 4589 Β
2110 4505 2341 4560 ﬁrmam
2370 4508 2597 4576 petram
2628 4505 2834 4573 (Matth.
2866 4521 2968 4572 vn,
3000 4507 3115 4574 25).
3152 4506 3213 4561 Iu
3259 4523 3378 4579 qua
3422 4524 3557 4564 cum
3587 4510 3761 4567 Salo-

346 4595 533 4664 parte,
567 4608 694 4664 quis
728 4591 799 4646 ab
832 4589 1196 4646 Hierusalem
1221 4590 1652 4664 quinquaginta
1682 4594 1863 4650 distat
1884 4600 1999 4651 sta-

343 4679 478 4737 diis.
509 4679 776 4751 Cumque
806 4696 1195 4751 pracursores
1249 4678 1419 4752 signa
1471 4679 1691 4736 elevata
1747 4683 1994 4751 civibus,

338 4772 791 4831 monstrassent,
824 4769 1093 4840 protinus
1140 4772 1343 4822 contra
1398 4784 1496 4823 eos
1528 4768 1739 4826 interni
1772 4770 1991 4837 hostes,

2107 4609 2244 4649 mon
2274 4594 2473 4649 devote
2504 4593 2618 4649 Deo
2649 4610 2879 4665 precem
2913 4611 3082 4650 suam
3115 4595 3403 4662 funderet,
3423 4601 3481 4652 et
3516 4603 3579 4653 ut
3599 4600 3762 4657 oculi

2105 4683 2234 4753 ejus
2264 4682 2356 4738 die
2387 4698 2455 4738 ac
2484 4687 2652 4738 nocte
2681 4699 2858 4754 super
2887 4699 3017 4739 eam
3067 4683 3251 4756 aperti
3309 4691 3531 4752 essent,
3564 4691 3625 4742 et
3651 4689 3758 4761 qui

2105 4771 2175 4826 ad
2209 4771 2610 4827 sanctuarium
2636 4770 2781 4827 illud
2804 4776 2997 4828 oraret
3017 4777 3172 4829 recto
3192 4774 3464 4841 corde,ab
3496 4791 3564 4831 eo
3583 4792 3759 4833 exau-

332 4858 741 4915 exierunt.Sed
776 4858 874 4928 qui
909 4858 991 4913 sic
1027 4856 1222 4911 festini
1245 4855 1909 4925 exierant,festinantius
1930 4862 1989 4918 in
2101 4860 2344 4927 diretur,
2376 4860 2665 4916 concessit
2694 4860 2744 4921 ei
2776 4860 3450 4935 Dominus,respondens
3474 4869 3650 4936 prout
3678 4867 3753 4923 ab

336 4947 544 5003 urbem
576 4963 711 5002 mox
742 4944 986 5017 repulsi,
1022 4949 1426 5001 recesserunt:

473 5036 755 5107 Septenas
787 5032 947 5089 Junii
980 5033 1121 5087 Idus
1152 5033 1330 5088 dabat
1361 5050 1552 5091 annus
1583 5053 1748 5105 usus,

473 5124 647 5179 Lucis
676 5126 924 5193 septenas
947 5122 1075 5192 jam
1106 5121 1322 5177 Junius
1352 5122 1485 5194 igne
1518 5123 1764 5193 calebat,

469 5211 832 5267 Hierusalem
866 5209 1069 5265 Franci
1103 5226 1237 5264 cum
1270 5210 1491 5267 vallant
1521 5213 1848 5272 obsidione.

322 5301 426 5357 Est
455 5299 694 5370 quidem
726 5297 929 5353 civitas
959 5297 1087 5370 ipsa
1117 5299 1176 5353 in
1209 5306 1486 5356 montano
1518 5300 1643 5357 loco
1674 5303 1971 5380 sita.rivis,

2097 4965 2164 5004 eo
2197 4948 2609 5021 postulaverat.
2634 4950 2794 5005 Hanc
2815 4950 3197 5019 domum,hoc
3226 4956 3317 5007 est
3345 4952 3579 5008 Domini
3602 4958 3753 5011 tem-

2095 5037 2279 5110 plum,
2314 5037 2373 5093 in
2394 5037 2760 5094 veneratione
2800 5054 3017 5112 magna
3071 5039 3267 5095 cuncti
3308 5041 3615 5098 Sarraceni
3639 5042 3751 5099 ha-

2091 5127 2548 5194 buerant,donec
2565 5126 2650 5183 eis
2682 5126 2827 5182 illud
2858 5127 3438 5202 abstulimus,ibique
3457 5132 3742 5203 praedica-

2086 5217 2274 5272 tiones
2304 5233 2443 5272 suas
2472 5215 2754 5272 libentius
2783 5233 2963 5288 quam
3021 5216 3161 5273 alibi
3210 5219 3403 5275 facere
3451 5219 3742 5289 solebant,

2084 5305 2351 5378 quamvis
2384 5305 2562 5372 idolo,
2596 5304 2657 5360 in
2700 5305 2936 5361 nomine
2996 5305 3402 5363 Mahummeth
3432 5307 3610 5378 facto,
3644 5326 3744 5365 eas

321 5386 504 5451 silvis,
540 5387 921 5457 fontibusque
952 5404 1179 5453 carens,
1212 5394 1450 5460 excepto
1481 5391 1638 5446 fonte
1661 5392 1832 5463 Siloe,
1869 5396 1967 5451 ubi
2077 5400 2392 5459 vastarent,
2424 5394 2484 5449 in
2518 5394 2673 5466 quod
2706 5394 2885 5450 etiam
2937 5393 3167 5450 nullum
3197 5395 3426 5469 ingredi
3457 5396 3743 5454 Christia-

318 5472 677 5530 sufﬁcienter
706 5492 860 5547 aqua
889 5475 1182 5531 interdum
1216 5475 1482 5543 habetur,
1510 5478 1801 5538 interdum
1834 5501 1966 5541 vero
2076 5500 2219 5538 num
2254 5482 2691 5555 permittebant.
2726 5482 2988 5539 Alterum
3006 5500 3138 5540 vero
3159 5484 3447 5558 templum
3472 5485 3741 5543 Salomo-

317 5575 449 5615 raro
478 5558 763 5617 hauritur.
795 5564 900 5632 Qui
944 5562 1267 5621 fonticulus
1301 5565 1358 5621 in
1417 5565 1587 5624 vallis
1620 5569 1821 5639 fundo,
1851 5573 1961 5628 sub

2075 5572 2168 5628 nis
2198 5571 2448 5641 dictum,
2477 5588 2761 5645 magnum
2790 5576 2899 5641 est,
2933 5576 2992 5629 et
3040 5572 3329 5643 mirabile,
3363 5574 3463 5633 sed
3496 5590 3615 5633 non
3645 5579 3738 5633 est
