3998 6088
189 257 310 327 853

950 260 1371 328 FULCHEBII
1415 259 1750 324 GARNO’I‘.
1795 257 1998 321 HIST.
2043 256 2457 322 HIEROSOL.
2491 257 2744 319 -—LIB.
2788 256 2837 319 Ι.

3584 220 3596 244 ἱ

3478 252 3601 323 854

192 395 340 454 illud
367 394 526 452 idem
545 395 702 469 quod
722 395 848 470 ipse
861 394 1135 454 Salomon
1160 394 1480 452 fabricavit.
1506 394 1668 461 Quod
1691 410 1848 449 nunc
1876 389 1929 458 Α
1960 408 2077 464 qua
2107 393 2224 448 dux
2249 390 2596 448 Godet‘ridus
2627 394 2768 459 erat,
2802 394 2859 447 et
2890 391 3175 449 Robertus
3195 356 3601 451 Notbmannlzs

190 485 339 544 satis
368 484 691 541 dolendum
722 489 829 552 est,
874 501 941 541 eo
989 485 1144 558 quod
1202 484 1403 557 inopia
1458 484 1669 557 pressi,
1732 500 1848 539 non

189 575 499 648 potuimus
514 573 648 629 tecti
663 574 792 646 ejus
812 577 1167 629 structuram
1188 573 1520 639 reformare,
1538 575 1847 645 postquam

187 664 248 720 in
283 680 501 719 manus
531 661 802 718 Balduini
827 662 981 735 regis
996 667 1052 718 et
1074 666 1305 719 nostras
1323 662 1566 719 devenit.
1592 662 1701 718 Sed
1725 662 1850 734 ipse

188 752 370 810 etiam
407 752 718 824 plumbum
750 752 1219 825 negotiatoribus
1246 752 1554 815 vendebat,
1590 768 1724 807 cum
1760 750 1848 806 vel

187 843 261 898 de
275 846 431 898 tecto
452 841 772 914 aliquando
796 840 1121 909 decidebat,
1137 841 1223 897 vel
1242 842 1514 897 deorsum
1538 840 1690 896 dirui
1706 858 1847 913 prae-

186 930 467 1004 cipiebat.
501 933 660 987 Inest
691 930 934 1003 insuper
954 930 1196 987 basilica
1219 932 1429 987 decens
1450 948 1625 1002 super
1652 929 1849 985 Domi-

186 1020 392 1076 nicum
425 1019 760 1092 sepulcrum
788 1021 1144 1076 rotunditate
1176 1020 1350 1087 facta,
1382 1022 1552 1091 cujus
1585 1019 1848 1074 rotundi-

186 1110 331 1167 tatis
371 1108 689 1165 summitas
748 1109 830 1164 ita
886 1108 1200 1165 artiﬁciose
1256 1109 1513 1182 tegmine
1569 1112 1727 1165 caret
1782 1113 1850 1164 ut

186 1196 483 1255 foramine
513 1197 611 1253 illo
643 1195 785 1254 solis
818 1197 1115 1270 splendori
1170 1197 1374 1271 patula
1431 1198 1586 1254 clara
1618 1214 1850 1269 semper

184 1287 497 1344 habeatur.
523 1286 649 1343 Non
667 1287 883 1343 desunt
909 1288 1085 1343 etiam
1111 1287 1328 1343 civitati
1354 1304 1669 1360 peromnes
1688 1287 1847 1343 vicos

185 1392 352 1448 aquai
386 1376 626 1440 ductus,
642 1392 747 1447 per
765 1391 915 1448 quos
938 1375 1218 1432 imbrium
1241 1380 1503 1449 tempore
1524 1392 1727 1432 omnes
1745 1375 1849 1430 im-

184 1463 497 1520 munditia:
509 1462 838 1520 diluuntur.
856 1464 1016 1520 Hane
1038 1464 1215 1520 etiam
1234 1465 1439 1521 urbem
1456 1464 1657 1520 Helius
1672 1465 1848 1536 impe-

184 1558 347 1610 rator
380 1552 667 1609 Adrianus
698 1552 944 1609 miriﬁce
964 1554 1274 1622 decoravit,
1294 1558 1349 1609 et
1368 1554 1525 1610 vicos
1548 1557 1603 1609 et
1624 1553 1847 1626 plateas

184 1643 523 1716 pavimento
555 1643 827 1699 decenter
856 1642 1100 1710 ornavit,
1136 1644 1206 1699 de
1237 1645 1407 1715 cujus
1437 1643 1673 1699 nomine
1712 1644 1847 1698 Hie-

184 1732 449 1789 rusalem
485 1731 645 1788 llelia
671 1735 1016 1825 vocata-est.
1049 1734 1131 1787 Ex
1162 1732 1235 1788 iis
1274 1737 1331 1788 et
1360 1732 1582 1789 cmteris
1620 1733 1844 1797 multis,
1877 1758 1924 1825 Β

184 1821 394 1879 civitas
423 1822 555 1893 ipsa
582 1820 933 1877 venerabilis
960 1826 1048 1877 est
1080 1826 1136 1877 et
1160 1822 1434 1895 gloriosa.
1468 1824 1652 1889 Quam
1707 1839 1841 1878 cum

184 1911 517 1984 aspicerent
544 1910 770 1975 Franci,
806 1915 861 1966 et
889 1910 1153 1966 viderent
1201 1928 1326 1967 eam
1370 1911 1439 1967 ad
1493 1911 1841 1984 capiendum

185 2016 446 2073 gravem,
471 2001 712 2072 jussum
742 2005 832 2056 est
881 2017 915 2056 a
961 1999 1327 2073 principibus
1377 1999 1592 2056 nostris
1653 1999 1842 2057 scalas

188 2088 418 2163 ligneas
450 2087 613 2156 ﬁeri;
645 2087 865 2160 quibus
892 2104 1061 2143 muro
1093 2092 1298 2160 postea
1326 2087 1556 2158 erectis,
1589 2104 1724 2143 cum
1756 2104 1842 2143 as-

185 2177 347 2236 sultu
383 2177 515 2233 forti
548 2194 652 2250 per
680 2193 781 2234 eas
811 2176 870 2233 in
903 2194 1207 2233 summum
1253 2176 1407 2232 muri
1467 2177 1838 2242 scandentes,

183 2267 393 2324 urbem
457 2266 700 2323 forsitan
734 2266 979 2338 juvante
1008 2266 1123 2322 Deo
1155 2266 1617 2341 ingrederentur.
1677 2267 1840 2332 Quod

185 2373 322 2414 cum
355 2356 650 2422 fecissent,
682 2354 950 2429 sequenti
980 2355 1073 2411 die
1103 2340 1374 2428 septimo,
1399 2355 1625 2411 monitu
1650 2372 1844 2428 proce-

184 2463 343 2514 rum,
368 2444 634 2502 buccinis
655 2445 1022 2509 sonantibus,
1049 2462 1220 2501 mane
1241 2444 1417 2513 claro,
1442 2445 1667 2518 impetu
1692 2445 1840 2501 miro

184 2535 481 2591 civitatem
530 2534 791 2606 undique
846 2532 1203 2590 assilierunt.
1246 2535 1317 2590 Et
1373 2551 1508 2590 cum
1552 2551 1737 2607 usque
1767 2535 1840 2590 ad

182 2625 398 2681 horam
429 2622 543 2680 diei
575 2628 799 2680 sextam
830 2621 1200 2690 assiliissent,
1233 2628 1291 2679 et
1320 2640 1422 2696 per
1451 2623 1658 2693 scalas,
1692 2639 1841 2696 quas

185 2714 452 2779 ﬁxerant,
486 2728 553 2768 eo
584 2712 740 2785 quod
773 2728 970 2785 paucae
1002 2716 1189 2778 erant,
1214 2712 1454 2768 introire
1474 2712 1838 2784 nequissent,

185 2800 480 2858 assultum
512 2799 710 2856 tristes
740 2799 1115 2855 dimiserunt.
1152 2801 1318 2856 Tunc
1372 2804 1568 2856 autem
1602 2804 1840 2873 sumpto

184 2889 451 2956 consilio,
478 2891 717 2961 jussum
749 2892 840 2944 est
865 2889 938 2944 ab
973 2888 1297 2945 artiﬁcibus
1338 2889 1643 2945 machinas
1692 2889 1839 2956 ﬁeri,

183 2996 319 3035 cum
354 2979 573 3051 quibus
604 2993 773 3033 muro
813 2977 1087 3045 admotis,
1147 2977 1463 3034 auxiliante
1521 2978 1660 3043 Deo,
1717 2977 1840 3050 spei

183 3070 458 3125 elfectum
491 3067 973 3139 adipiscerentur.
1008 3067 1074 3122 Et
1101 3066 1185 3123 sic
1216 3067 1435 3123 factum
1466 3071 1572 3123 est.
1616 3067 1841 3122 Interea

183 3174 290 3214 nec
321 3156 496 3230 panis
526 3173 631 3211 nec
661 3155 857 3211 carnis
886 3154 1144 3227 inopiam
1176 3155 1335 3228 passi
1367 3160 1526 3211 sunt.
1556 3155 1664 3211 Sed
1700 3154 1840 3227 quia

182 3245 372 3313 locus,
406 3249 473 3300 ut
502 3244 774 3317 superius
806 3244 1029 3300 dictum
1060 3248 1169 3310 est,
1228 3244 1553 3317 inaquosus
1610 3248 1668 3299 et
1715 3243 1841 3300 sine

185 3334 537 3391 fluminibus
558 3339 665 3399 est,
696 3332 805 3389 viri
838 3333 1023 3389 nostri
1046 3337 1353 3406 propterea
1379 3338 1438 3389 et
1460 3334 1735 3405 jumenta
1753 3350 1842 3389 eo-

182 3440 316 3480 rum
348 3420 695 3495 indigebant
736 3439 890 3495 aqua
944 3422 1315 3478 vehementer
1366 3423 1439 3478 ad
1494 3422 1838 3495 potandum.

185 3515 572 3585 Quapropter,
598 3512 1057 3583 proutmonebat
1079 3510 1421 3577 necessitas,
1433 3511 1603 3583 longe
1625 3528 1839 3583 aquam

185 3601 661 3676 quzeritabant,et
690 3617 724 3655 a
756 3604 1011 3672 quatuor
1038 3599 1331 3655 milliariis
1356 3600 1444 3657 vel
1475 3599 1736 3673 quinque
1767 3600 1845 3656 la-

184 3691 419 3748 boriose
449 3690 523 3745 ad
552 3688 920 3745 obsidionem
944 3689 1005 3744 in
1028 3689 1261 3745 utribus
1284 3690 1410 3745 suis
1431 3690 1839 3763 apportabant.

185 3778 481 3836 Machinis
510 3782 704 3834 autem
734 3777 1000 3851 patratis,
1045 3777 1324 3833 arietibus
1354 3777 1577 3833 scilicet
1627 3781 1684 3834 et
1711 3795 1842 3833 sco-

183 3868 378 3942 pbris,
410 3867 485 3924 ad
517 3865 901 3924 assiliendum
942 3867 1079 3922 item
1136 3884 1198 3922 se
1256 3871 1624 3940 paraverunt.
1691 3867 1847 3922 Inter

184 3956 441 4014 artiﬁcia
468 3973 601 4012 vero
630 3959 858 4021 caetera,
889 3973 1069 4012 nuam
1098 3955 1309 4011 turrim
1365 3956 1434 4012 de
1491 3956 1667 4030 lignis
1722 3954 1843 4012 exi-

182 4044 496 4121 guis,quia
508 4061 722 4117 magna
744 4044 1019 4101 materies
1032 4043 1149 4099 illis
1164 4044 1380 4116 deerat,
1397 4049 1843 4118 compegerunt;

185 4152 375 4208 quam
407 4137 605 4199 noctu,
624 4133 814 4189 edicto
835 4132 1078 4205 proinde
1102 4133 1272 4198 facto,
1297 4135 1368 4189 arl
1395 4150 1573 4189 cornu
1597 4133 1846 4190 civitatis

182 4220 583 4297 opportunius
613 4222 941 4278 frustratim
990 4226 1384 4293 portaverunt.
1420 4224 1489 4278 Et
1535 4222 1619 4279 sic
1676 4239 1848 4278 mane

182 4314 317 4387 ipso
350 4328 487 4368 cum
522 4311 805 4385 petrarias
844 4315 901 4368 et
940 4314 1147 4368 caetera
1202 4310 1561 4368 adminicula
1589 4311 1847 4384 paravis-

185 4404 346 4467 sent,
397 4398 681 4455 citissime
737 4398 895 4455 haud
953 4396 1125 4472 longe
1166 4416 1201 4454 a
1257 4415 1426 4454 muro
1483 4403 1846 4471 compactam

185 4492 526 4556 erexerunt,
561 4490 745 4553 Quam
786 4492 1059 4555 erectam,
1083 4491 1139 4543 et
1169 4488 1239 4544 de
1267 4486 1440 4544 coriis
1462 4487 1677 4543 deforis
1700 4488 1844 4542 bene
1874 4507 1921 4571 Ι)

187 4581 553 4643 contextam,
584 4577 869 4649 paulatim
898 4578 1355 4651 promovendam
1398 4593 1562 4632 muro
1602 4576 1844 4650 propius

184 4667 588 4740 impegerunt.
624 4666 776 4720 Tum
796 4681 931 4744 vero
953 4664 1066 4719 rari
1091 4663 1329 4729 milites,
1354 4668 1547 4719 tamen
1574 4663 1845 4730 audaces,

186 4759 470 4812 monente
502 4771 705 4826 cornu,
729 4754 1119 4809 ascenderunt
1146 4753 1206 4807 in
1228 4769 1380 4819 eam,
1400 4753 1469 4808 de
1499 4769 1617 4824 qua
1647 4752 1847 4807 statim

183 4843 420 4918 lapides
451 4848 511 4898 et
540 4842 787 4917 sagittas
817 4843 1013 4915 jacere
1072 4845 1386 4914 caeperunt.
1444 4846 1655 4897 Contra
1703 4854 1850 4913 quos

189 4930 474 4990 similiter
489 4932 792 4989 Sarraceni
816 4931 1179 4988 defendendo
1201 4947 1262 4986 se
1283 4930 1553 5003 agebant,
1576 4934 1633 4985 et
1654 4931 1847 5003 ignem

190 5040 331 5079 cum
351 5020 480 5077 oleo
503 5019 741 5094 etadipe
753 5019 1012 5075 vividum
1037 5019 1243 5076 faculis
1266 5020 1479 5091 aptatis
1500 5018 1666 5074 dictae
1680 5018 1848 5074 turri.

190 5116 254 5168 et
282 5109 579 5167 militibus
608 5109 711 5182 qui
741 5113 907 5165 erant
936 5108 996 5164 in
1029 5125 1115 5173 ea,
1140 5106 1466 5164 fundibulis
1488 5106 1613 5163 suis
1633 5107 1855 5179 jacula-

191 5200 435 5255 bantur.
468 5197 671 5255 Multis
704 5197 882 5272 igitur
912 5203 1294 5270 utrorumque
1324 5195 1571 5252 invicem
1607 5196 1691 5251 sic
1723 5212 1849 5251 cer-

193 5289 454 5346 tantium
481 5305 642 5345 mors
673 5306 826 5362 saepe
857 5288 1057 5344 aderat
1086 5302 1360 5361 praesens.
1396 5286 1475 5341 Ea
1518 5278 1770 5357 quidem
1794 5284 1855 5341 in

189 5382 362 5452 parte
393 5395 515 5451 qua
545 5377 930 5451 Raymundus
959 5393 1154 5432 comes
1182 5378 1241 5431 et
1268 5373 1538 5430 homines
1570 5376 1661 5431 sui
1705 5375 1858 5430 assi-

191 5468 452 5533 stebant,
472 5467 694 5524 scilicet
712 5465 773 5521 in
790 5468 1050 5520 montem
1073 5465 1232 5527 Sion,
1260 5480 1389 5517 eum
1418 5464 1705 5518 machinis
1734 5466 1857 5520 suis

194 5572 483 5632 magnum
518 5552 813 5612 assultum
845 5552 1079 5609 dabant.
1119 5552 1195 5606 Ex
1244 5549 1425 5604 altera
1480 5567 1615 5608 vero
1670 5556 1857 5623 parte,

1959 498 2174 548 comes,
2207 486 2263 537 et
2286 481 2663 537 Flandrensis
2695 481 3002 547 Robertus,
3035 484 3223 553 major
3278 487 3403 539 erat
3432 500 3601 540 muro

1958 570 2239 627 assultus.
2270 570 2372 626 lllo
2405 571 2497 625 die
2530 570 2612 626 sic
2638 571 2914 625 fecerunt.
2941 572 3217 643 Sequenti
3241 589 3470 645 quoque
3486 574 3600 641 die,

1957 659 2217 715 laborem
2246 660 2517 715 eumdem
2552 660 2702 715 facto
2742 661 3127 717 buccinarum
3177 666 3482 729 concentu,
3514 662 3604 718 vi-

1958 749 2126 805 rilius
2142 749 2508 815 inierunt,ita
2522 754 2585 804 ut
2601 766 2733 805 cum
2758 750 3038 806 arietibus
3060 751 3346 823 pulsando
3366 769 3603 809 murum

1958 838 2015 894 in
2037 857 2152 894 uno
2167 839 2289 895 loco
2313 839 2690 911 perforarent.
2708 840 3041 895 Pendebant
3063 858 3271 912 nempe
3293 846 3428 897 ante
3449 841 3607 898 muri

1958 927 2400 1001 prepugnacula
2431 929 2544 984 duo
2569 946 2765 984 asscra
2789 929 3028 985 funibus
3052 929 3169 985 illic
3192 930 3448 1002 alligata.
3476 949 3603 1004 quae

1958 1014 2259 1073 Sarraceni
2293 1016 2404 1073 sibi
2436 1023 2918 1089 prmparaverant,
2946 1023 3011 1074 ut
3042 1019 3398 1075 irruentibus
3427 1025 3484 1078 et
3512 1020 3602 1077 la-

1956 1106 2123 1178 pides
2154 1106 2212 1160 in
2243 1123 2342 1161 eos
2364 1106 2729 1177 jactantibus
2782 1108 3149 1163 obstaculum
3210 1109 3430 1164 ﬁerent.
3489 1110 3599 1167 Sed

1956 1196 2111 1266 quod
2144 1212 2247 1266 pro
2277 1194 2636 1251 incremento
2669 1196 2781 1252 sibi
2813 1198 3086 1263 fecerant,
3120 1198 3274 1254 idem
3313 1199 3387 1254 ad
3417 1200 3600 1255 detri-

1958 1289 2223 1340 mentum
2255 1302 2452 1349 suum,
2503 1284 2751 1340 Domino
2809 1287 3165 1359 providente,
3226 1293 3595 1359 acceperunt.

1956 1374 2101 1429 Nam
2132 1374 2279 1429 turri
2311 1374 2549 1447 praefata
2592 1391 2759 1431 muro
2805 1376 3060 1445 admota,
3109 1377 3595 1450 rudentibusque,

1955 1463 2170 1534 quibus
2202 1463 2363 1537 ligna
2382 1464 2716 1535 pendebant
2746 1465 3039 1537 praedicta,
3075 1465 3370 1523 fasciculis
3401 1468 3596 1535 sectis,

1955 1552 2257 1609 deeisdem
2269 1552 2450 1625 tignis
2465 1570 2647 1608 unum
2672 1559 2903 1626 pontem
2922 1556 3123 1611 Franci
3140 1560 3280 1612 tunc
3302 1555 3597 1629 sibicoap-

1956 1644 2433 1714 taverunt,quem
2459 1644 2528 1699 de
2554 1644 2699 1698 turri
2728 1661 3151 1716 supermurum
3174 1645 3601 1702 callideexten»

1955 1732 2107 1803 sumj
2117 1732 2511 1788 actaverunt.J
2516 1750 2606 1788 am
2606 1734 2630 1805 j
2639 1750 2851 1805 amque
2864 1734 3415 1791 ardebatarxunain
3431 1752 3599 1792 muro

1950 1820 2181 1893 lapidea
2192 1838 2553 1893 superquam
2564 1821 2990 1879 machinatores
3004 1824 3187 1879 nostri
3200 1827 3386 1880 torres
3397 1825 3598 1897 igneos

1950 1909 2296 1982 injecerant:
2314 1911 2468 1967 unde
2484 1911 2606 1966 foco
2630 1910 3079 1984 paulatimintra
3092 1913 3394 1970 materiem
3419 1914 3598 1987 ligno-

1950 2016 2081 2054 rum
2105 1999 2344 2065 nutrito,
2368 2000 2569 2056 fumus
2590 2001 2944 2073 flammaque
2967 2002 3051 2057 sic
3085 2003 3314 2074 prodire
3338 2004 3512 2076 ccepit
3532 2008 3599 2059 ut

1950 2104 2057 2144 nec
2086 2105 2242 2144 unus
2273 2089 2582 2144 custodum
2606 2088 2820 2144 civium
2845 2089 2923 2145 ibi
2956 2090 3204 2147 ulterius
3226 2091 3439 2148 morari
3462 2109 3596 2165 pos-

1949 2184 2054 2233 set.
2089 2177 2219 2233 Mox
2248 2178 2447 2249 itaque
2484 2178 2718 2234 Francis
2746 2179 2891 2234 hora
2924 2180 3248 2236 meridiana
3277 2181 3484 2237 urbem
3514 2181 3600 2236 in-

1948 2265 2262 2334 trantibus,
2294 2266 2388 2321 die
2417 2283 2544 2339 qua:
2572 2267 2816 2323 Veneris
2836 2267 3180 2335 habebatur,
3207 2269 3481 2327 cornibus
3503 2287 3597 2326 so-
3684 2298 3687 2305 -

1949 2355 2248 2421 nantibus,
2270 2356 2497 2411 cunctis
2514 2356 3033 2423 tumultuantibus,
3054 2356 3299 2413 viriliter
3318 2359 3599 2431 impeten-

1950 2444 2128 2511 tibus,
2173 2444 2403 2499 Anauva
2442 2443 2593 2522 Deus
2637 2443 3120 2510 exclamantibus,
3150 2444 3355 2500 vexillo
3386 2462 3503 2501 uno
3535 2445 3596 2501 in

1950 2531 2369 2605 muri'fastigio
2391 2533 2517 2605 jam
2550 2532 2873 2597 sublevato,
2906 2533 3118 2606 pagani
3149 2533 3388 2591 omnino
3420 2536 3599 2607 pude-

1950 2621 2105 2689 facti,
2136 2639 2238 2694 per
2284 2620 2542 2677 vicorum
2603 2620 2853 2677 civitatis
2892 2622 3257 2696 angiportus,
3287 2624 3596 2681 audaciam

1950 2728 2119 2767 suam
2150 2712 2205 2766 in
2247 2710 2447 2783 fugam
2503 2709 2745 2766 celerem
2802 2715 3177 2767 mutaverunt
3233 2729 3455 2769 omnes.
3488 2715 3597 2780 Qui

1950 2816 2084 2855 cum
2116 2799 2388 2855 velociter
2417 2799 2707 2872 fugerent,
2740 2799 2996 2856 velocius
3055 2801 3239 2874 fugati
3289 2806 3445 2857 sunt.
3480 2803 3600 2859 Hoc

1952 2890 2333 2962 Raymundus
2365 2905 2560 2944 comes
2591 2905 2659 2943 ex
2690 2888 2872 2944 altera
2903 2892 3065 2961 parte
3122 2889 3412 2957 assiliens,
3447 2907 3598 2946 non-

1949 2978 2090 3033 dum
2123 2976 2364 3039 sciebat,
2397 2993 2501 3032 nec
2531 2976 2801 3033 homines
2831 2979 2981 3048 ejus,
3023 2979 3205 3033 donec
3247 2979 3597 3036 Sarracenos

1948 3082 2051 3138 per
2080 3064 2231 3120 muri
2264 3064 2487 3136 apicem
2520 3069 2653 3120 ante
2684 3081 2784 3121 eos
2812 3064 3080 3137 prosilire
3127 3065 3416 3121 viderunt.
3474 3069 3596 3134 Quo

1948 3154 2093 3225 viso,
2120 3154 2191 3209 ad
2212 3154 2416 3208 urbem
2439 3152 2723 3209 laetissimi
2746 3154 3096 3226 quantocius
3121 3159 3519 3223 accurrerunt,
3540 3160 3598 3212 et

1949 3260 2084 3298 cum
2116 3243 2339 3298 caeteris
2372 3242 2568 3298 hostes
2599 3242 2851 3299 nefarios
2884 3243 3083 3316 fugare
3107 3247 3164 3299 et
3199 3243 3461 3301 occidere
3486 3262 3593 3302 caa-

1950 3336 2181 3404 perunt.
2202 3332 2351 3386 Tum
2372 3331 2605 3403 quidem
2625 3332 2721 3386 alii
2740 3332 3215 3404 Sarracenorum,
3238 3337 3359 3389 tam
3372 3334 3596 3391 Arabes

1951 3437 2127 3493 quam
2156 3420 2474 3491 zEtbiopes,
2508 3419 2568 3475 in
2625 3437 2817 3476 arcem
2851 3420 3181 3476 Davidicam
3228 3422 3501 3495 fugiendo
3532 3440 3596 3479 se

1951 3508 2433 3574 intromiserunt;
2468 3509 2563 3564 alii
2597 3526 2728 3565 vero
2762 3509 2820 3565 in
2854 3509 3140 3582 templum
3169 3510 3402 3567 Domini
3424 3515 3599 3584 atque

1952 3597 2281 3655 Salomonis
2312 3615 2373 3653 se
2394 3597 2779 3654 incluserunt.
2815 3599 2878 3654 In
2901 3616 3150 3671 quorum
3174 3599 3339 3656 atriis
3359 3600 3603 3674 templo-

1952 3702 2084 3740 rum
2116 3684 2371 3757 impetns
2402 3684 2461 3739 in
2493 3703 2591 3740 eos
2623 3687 2905 3758 agebatur
2935 3686 3191 3756 nimius;
3220 3688 3383 3744 locus
3422 3689 3601 3745 etiam

1953 3791 2247 3846 nusquam
2280 3778 2423 3841 erat,
2448 3790 2562 3845 quo
2584 3773 2938 3847 gladiatores
2950 3779 3183 3832 nostros
3212 3777 3452 3834 evadere
3473 3795 3606 3851 pos-

1955 3868 2103 3919 sent.
2137 3868 2324 3934 Supra
2355 3862 2684 3919 Salomonis
2739 3864 3049 3936 templum,
3112 3865 3268 3937 quod
3328 3866 3605 3939 fugiendo

1955 3952 2358 4018 ascenderant,
2394 3951 2563 4006 multi
2586 3969 2653 4007 ex
2686 3952 2770 4008 eis
2793 3954 2864 4008 ad
2890 3959 3134 4010 mortem
3160 3954 3423 4027 sagittati
3446 3960 3604 4026 sunt,

1955 4046 2012 4097 et
2041 4041 2313 4096 deorsum
2363 4041 2433 4095 de
2464 4044 2614 4096 tecto
2677 4041 3083 4097 insanabiliter
3130 4042 3511 4116 praecipitati;
3546 4045 3606 4100 in

1957 4146 2071 4202 quo
2103 4128 2279 4184 etiam
2322 4127 2564 4201 templo,
2599 4129 2800 4184 decem
2860 4130 3039 4186 ferme
3094 4130 3280 4187 millia
3340 4131 3608 4189 decollati

1957 4220 2113 4272 sunt.
2149 4216 2310 4281 Quod
2343 4215 2391 4270 si
2426 4215 2571 4270 inibi
2600 4218 2830 4286 essetis,
2864 4217 3039 4288 pedes
3098 4218 3284 4274 nostri
3316 4236 3501 4291 usque
3532 4221 3604 4276 ad

1957 4305 2127 4361 bases
2158 4320 2362 4359 cruore
2394 4308 2827 4377 peremptorum
2851 4305 3273 4378 tingueremur.
3298 4309 3445 4375 Quid
3476 4326 3606 4365 nar-

1958 4393 2098 4449 rabo
2120 4392 2147 4447 ?
2176 4391 2387 4447 Nullus
2417 4409 2485 4447 ex
2505 4392 2589 4449 eis
2622 4392 2749 4448 vitae
2768 4396 2856 4449 est
2889 4400 3242 4453 reservatus.
3263 4396 3376 4452 Sed
3407 4413 3514 4452 nec
3532 4397 3607 4453 fe-

1958 4481 2137 4538 minis
2170 4497 2274 4536 nec
2297 4480 2556 4552 parvulis
2580 4488 2986 4553 pepercerunt.
3011 4482 3274 4539 Mirabile
3305 4485 3605 4556 quoddam

1952 4568 2245 4634 videretis,
2266 4586 2400 4624 cum
2421 4568 2699 4642 scutigeri
2731 4570 2917 4625 nostri
2948 4574 3044 4641 atq
3055 4587 3122 4626 ue
3143 4571 3368 4643 pedites
3389 4588 3607 4645 paupe-

1958 4660 2160 4725 riores,
2195 4655 2515 4712 calliditate
2547 4656 3005 4713 Sarracenorum
3031 4663 3347 4730 comperta,
3379 4664 3610 4716 ventres

1958 4747 2291 4818 eorumjam
2311 4745 2639 4801 occisorum
2665 4746 2985 4814 (indebant,
3013 4750 3079 4801 ut
3108 4746 3179 4801 de
3204 4746 3500 4803 intestinis
3516 4748 3615 4821 by-

1959 4838 2181 4893 santios
2213 4839 2605 4909 cxcerperent,
2623 4853 2769 4907 quos
2780 4835 2891 4889 vivi
2915 4835 3182 4891 faucibus
3204 4835 3612 4909 transglutive-

1960 4931 2112 4980 rant.
2146 4927 2508 4997 Quapropter
2535 4929 2663 4997 post
2687 4925 2811 4980 dies
2832 4924 3055 4997 aliquot
3078 4940 3278 4980 acervo
3302 4940 3515 4999 magno
3538 4925 3617 4981 fa-

1962 5021 2054 5070 cto
2087 5015 2157 5070 de
2190 5012 2593 5080 cadaveribus,
2648 5031 2714 5069 ea
2745 5013 2865 5087 igni
2908 5013 3379 5082 combusserunt,
3442 5017 3507 5069 ut
3537 5028 3616 5070 eas

1960 5103 2106 5158 illud
2139 5103 2483 5174 praedictum
2513 5101 2571 5157 in
2605 5101 2794 5158 cinere
2825 5104 2975 5159 facto
3008 5101 3234 5159 facilius
3266 5104 3612 5177 reperirent.

1963 5192 2301 5248 Tancredus
2357 5195 2555 5245 autem
2606 5190 2889 5262 templum
2942 5190 3173 5248 Domini
3205 5210 3340 5248 cum
3400 5193 3614 5249 festino

1965 5299 2142 5338 cursu
2176 5280 2499 5352 ingressus,
2520 5280 2705 5335 multa
2727 5298 2907 5336 aurea
2925 5286 2982 5337 et
3008 5282 3469 5354 argenteatquod
3496 5287 3623 5339 erat

1966 5373 2131 5429 nefas
2162 5368 2556 5441 rapiendum.)
2590 5368 2812 5442 lapides
2834 5371 3016 5427 etiam
3046 5371 3332 5442 pretiosos
3367 5370 3622 5441 arripuit

1971 5462 2083 5519 Sed
2114 5460 2222 5514 hoc
2254 5462 2456 5534 postea
2487 5461 2825 5525 emendans,
2852 5463 3055 5518 eadem
3087 5464 3295 5515 cuncta
3319 5458 3403 5515 vel
3422 5459 3506 5513 eis
3529 5476 3629 5531 ap-

1974 5548 2225 5625 prcliata
2256 5549 2378 5605 loco
2409 5553 2783 5607 sacrosancto
2815 5548 3200 5607 remandavit.
