3998 6088
339 175 460 242 855

340 312 571 363 Ensibus
599 309 850 360 extractis
878 309 1042 359 currit
1070 322 1201 372 gens
1228 310 1413 358 nostra
1439 320 1536 371 per
1562 306 1774 357 urbem.

341 386 452 436 Nec
476 382 726 446 cuiquam
761 383 990 444 parcunt
1018 381 1172 429 etiam
1204 380 1456 429 miserere
1487 378 1741 442 precanti.

342 454 546 519 Vulgus
575 455 691 502 erat
719 454 944 502 stratum
968 451 1137 500 veluti
1166 465 1286 500 eum
1319 450 1533 514 putrida
1560 450 1719 499 motis

343 527 507 576 Poma
535 523 735 574 cadunt
760 523 940 583 ramis,
971 522 1275 585 agitataque
1305 522 1423 571 ilice
1456 521 1698 585 glandes.

348 615 418 673 Et
445 617 579 688 post
607 616 862 685 stragem
895 615 1121 666 tantam
1151 610 1399 682 ingrcssi
1434 613 1572 666 sunt
1602 610 1891 676 domos,et
1911 627 1997 666 ce-

349 706 562 778 perunt
592 716 977 775 quascumque
1006 699 1065 755 in
1105 698 1188 755 eis
1217 698 1582 766 invenerunt,
1628 699 1707 755 ita
1739 710 1898 766 sane,
1932 704 1998 755 ut

351 793 687 868 quicunque
709 790 936 863 primus
948 790 1189 846 domum
1208 789 1628 855 intrasset,sive
1638 805 1859 862 pauper
1878 788 1996 845 sive

354 883 515 940 dives
546 884 721 950 esset,
751 878 1090 935 nullatenus
1123 879 1194 934 ab
1227 876 1420 950 aliquo
1453 877 1567 933 alio
1598 878 1762 934 ﬁeret
1792 877 1876 933 illi
1907 878 1995 932 iu-

345 971 527 1046 juria,
550 969 693 1042 quin
706 970 946 1025 domum
971 968 1159 1040 ipsam
1184 971 1283 1022 aut
1302 966 2000 1039 palatium,etquodcum-

353 1078 466 1135 que
495 1060 555 1116 in
587 1076 655 1116 ea
682 1056 1013 1130 reperissct,
1046 1073 1111 1112 ac
1129 1056 1179 1112 si
1211 1056 1449 1112 omnino
1480 1056 1733 1129 propria,
1769 1057 1882 1113 sibi
1904 1074 1998 1113 as-

350 1150 609 1209 sumeret
637 1152 694 1203 et
718 1146 1063 1220 possideret.
1098 1146 1214 1202 Iloc
1236 1144 1435 1216 itaque
1446 1147 1550 1217 jus
1568 1146 1886 1202 tenendum
1908 1146 1996 1202 in-

346 1238 532 1297 vicem
563 1236 946 1294 stabilierant.
980 1234 1143 1290 Unde
1174 1233 1343 1290 multi
1368 1235 1571 1307 inopes
1592 1235 1729 1291 facti
1751 1240 1890 1291 sunt
1908 1234 1998 1292 lo-

350 1327 629 1401 cupletes.
654 1326 818 1381 Tunc
834 1329 1032 1380 autem
1055 1325 1124 1379 ad
1150 1323 1487 1396 sepulcrum
1503 1323 1753 1391 Domini,
1786 1329 1842 1380 ct
1858 1329 2000 1380 tem-

349 1417 515 1491 plum
544 1416 672 1488 ejus
703 1414 1024 1487 gloriosum
1055 1416 1283 1482 euntes,
1332 1412 1527 1470 clerici
1573 1413 1753 1469 simul
1784 1417 1840 1469 et
1868 1413 1998 1470 faici

349 1503 756 1564 exsultationis
786 1520 924 1560 voce
953 1501 1204 1559 altisona
1234 1504 1530 1558 canticum
1563 1519 1776 1559 novum
1810 1498 2004 1559 Domi-

350 1613 426 1653 no
457 1594 841 1661 decantando,
862 1592 989 1648 loca
1009 1596 1510 1648 sacrosanctatam
1536 1592 1635 1647 diu
1650 1592 1997 1662 desiderata,

352 1702 488 1743 cum
509 1682 905 1741 oblationibus
928 1680 1209 1738 faciendis
1232 1680 1879 1755 supplicationibusque
1901 1681 2004 1737 bu-
2031 1686 2080 1752 B

352 1772 638 1838 millimis,
670 1769 988 1827 laetabundi
1017 1788 1220 1827 omnes
1258 1769 1660 1826 visitaverunt.
1694 1772 1738 1827 Ο
1767 1774 2001 1844 tempus

350 1867 475 1921 tam
523 1861 953 1919 desideratum!
988 1877 1020 1917 ο
1050 1863 1284 1932 tempus
1324 1859 1476 1916 inter
1503 1864 1709 1917 caetera
1740 1864 2004 1934 tempora

353 1951 842 2010 memorandum!
877 1967 909 2006 ο
942 1950 1162 2006 factum
1183 1948 1350 2005 factis
1379 1950 1656 2006 omnibus
1686 1950 2006 2007 anteferen-

355 2042 534 2100 dum!
565 2041 713 2097 Vere
742 2038 1454 2110 desideratum,quoniam
1477 2039 1549 2095 ab
1581 2038 1856 2096 omnibus
1870 2040 2003 2097 ﬁdei

355 2131 654 2189 catholicis
686 2128 1010 2186 cultoribus
1037 2128 1267 2184 interno
1297 2127 1507 2184 mentis
1538 2127 1825 2185 desiderio
1856 2146 2004 2186 sem-

355 2236 462 2294 per
491 2218 889 2275 desideratum
919 2216 1129 2286 fuerat,
1153 2220 1219 2272 ut
1238 2216 1402 2273 locus
1423 2216 1484 2272 in
1506 2233 1624 2290 quo
1656 2222 2001 2274 cunctarum

356 2312 758 2367 creaturarum
777 2306 1014 2362 Creator
1038 2305 1738 2363 recreationissalutiferaa
1763 2325 2000 2377 munus,

353 2399 513 2456 Deus
541 2397 717 2453 homo
749 2395 958 2462 factus,
980 2395 1240 2451 humano
1261 2394 1459 2469 generi
1488 2395 1702 2468 pietate
1731 2413 1839 2453 sua
1858 2396 2005 2453 mul-

352 2485 561 2561 tiplici,
576 2485 890 2554 nascendo,
906 2483 1228 2552 moriendo,
1254 2485 1729 2558 resurgendoque
1758 2486 2007 2542 contulit

353 2593 388 2634 a
417 2591 783 2650 paganorum
806 2573 1151 2647 contagione
1171 2572 1627 2629 inhabitantium
1650 2575 2004 2648 quandoque

352 2665 694 2733 mundatus,
727 2662 933 2719 tandiu
963 2662 1376 2735 superstitione
1406 2655 1609 2719 eorum
1641 2664 2003 2720 contamina-

353 2758 553 2824 natus,
587 2771 623 2809 a
651 2752 1024 2809 credentibus
1056 2756 1111 2808 et
1142 2752 1649 2808 conﬁdentibusin
1681 2770 1762 2821 se,
1798 2752 1856 2808 in
1887 2771 2006 2810 mo-

362 2844 505 2899 dum
527 2841 828 2916 dignitatis
849 2860 967 2898 suae
990 2840 1304 2914 pristinum
1332 2842 1763 2897 reformaretur.
1788 2843 1855 2897 Et
1874 2859 2005 2899 vere

359 2931 720 3003 memoriale,
751 2935 808 2988 et
818 2932 954 3003 jure
983 2930 1454 3002 memorandum,
1477 2930 1616 3002 quia
1646 2949 2005 3003 quaecunque

354 3021 642 3080 Dominus
664 3026 864 3077 noster
877 3021 1051 3077 Jesus
1071 3020 1359 3087 Christus,
1392 3019 1452 3076 iu
1485 3025 1639 3076 terra
1669 3020 1844 3077 homo
1867 3038 2000 3077 cum

354 3110 695 3168 hominibus
726 3126 1097 3177 conversans,
1121 3108 1237 3183 egit
1257 3114 1314 3165 et
1334 3108 1550 3177 docuit,
1575 3113 1633 3165 et
1654 3109 2002 3166 memoriam

356 3199 814 3258 famosissimam
854 3202 1119 3255 revocata
1146 3202 1203 3254 et
1232 3198 1474 3254 reducta
1529 3202 1686 3254 sunt.
1748 3200 1815 3255 Et
1843 3200 2001 3271 quod

354 3289 512 3347 idem
542 3287 824 3346 Dominus
879 3305 983 3359 per
1046 3287 1201 3341 hunc
1239 3285 1521 3359 populum
1554 3304 1731 3343 suum
1764 3290 1903 3356 tam,
1938 3292 2004 3343 ut

352 3378 580 3451 opinor,
613 3377 891 3433 dilectum
924 3375 1232 3432 alumnum
1291 3374 1778 3448 familiaremque,
1840 3382 1897 3433 et
1927 3378 2000 3433 ad

350 3467 461 3524 hoc
488 3466 789 3538 negotium
817 3464 1207 3537 praelectum,
1238 3463 1458 3536 expleri
1495 3464 1698 3533 voluit,
1731 3482 1918 3538 usque
1940 3466 1998 3521 in

349 3556 528 3612 ﬁnem
558 3552 754 3610 saeculi
786 3552 1143 3621 memoriale,
1177 3551 1396 3626 linguis
1447 3553 1707 3609 tribuum
1765 3554 1997 3612 univer-

349 3660 551 3702 sarum
583 3642 939 3716 personabit.

343 3750 519 3802 Julius
545 3747 810 3798 effervens
836 3752 917 3799 ter
945 3748 1108 3812 quina
1137 3748 1253 3799 luce
1283 3749 1492 3800 calebat

342 3820 605 3872 Undecies
633 3823 848 3869 centum
878 3833 1106 3869 numero
1136 3821 1180 3869 si
1209 3820 1508 3885 dempseris
1540 3835 1726 3883 unum,

341 3892 600 3943 Dicebant
628 3904 799 3940 annos
827 3891 1038 3941 Domini
1068 3895 1198 3941 tunc
1226 3905 1341 3942 esse
1372 3896 1637 3956 peractos,

340 3965 471 4014 Cum
499 3976 600 4013 nos
630 3961 980 4019 Hierusalem,
1002 3976 1135 4027 gens
1163 3963 1374 4022 Gallica,
1407 3965 1646 4027 cepimus
1679 3965 1884 4016 urbem.

338 4036 439 4085 Ter
467 4034 633 4097 quina
660 4032 829 4082 Julius
855 4033 1172 4097 splendebat
1198 4033 1315 4083 luce
1345 4033 1585 4093 micanti,

344 4104 536 4156 Urbem
565 4118 687 4154 cum
717 4104 904 4153 Franci
934 4104 1145 4167 capiunt
1181 4105 1375 4154 virtute
1407 4106 1633 4168 potenti,

341 4175 499 4226 Anno
528 4175 751 4225 milleno
780 4178 1029 4233 centeno,
1064 4176 1356 4238 quonimus
1386 4189 1513 4226 uno.

341 4245 576 4310 Virginis
606 4260 640 4296 a
665 4249 843 4310 partu,
873 4245 1063 4309 genuit
1091 4259 1211 4309 quae
1241 4249 1432 4295 cuncta
1463 4250 1756 4311 regentem.

343 4351 483 4409 Idus
511 4355 636 4409 erat
662 4351 825 4421 Julii,
859 4368 1013 4407 anno
1045 4352 1117 4408 ab
1151 4352 1312 4408 obitu
1345 4352 1535 4408 Caroli
1568 4353 1757 4427 Magni
1779 4356 1996 4412 ducen-

860 175 964 237 AD
1009 173 1521 238 GODEFRIDUM
1560 173 1900 237 APPEND.
1944 172 2022 234 II.
2055 206 2135 217 —-
2165 171 2476 237 MONUM.
2521 171 2625 234 DE
2665 169 2919 233 BELLO
2960 166 3237 232 SACRO.

2021 306 2076 375 Α
2105 305 2321 362 sissent
2348 321 2523 378 quem
2556 304 2681 377 ipse
2708 303 2976 360 laudaret
3021 299 3256 375 praefici.
3304 303 3535 357 Interea
3570 300 3751 359 Τυωὶ

3623 164 3757 230 856

2102 400 2160 451 et
2187 395 2426 462 Arabes,
2459 393 2610 467 nigri
2641 409 2873 466 quoque
2928 391 3225 464 [Ethiopes
3273 390 3576 465 quingenti
3608 389 3751 459 fere,

2103 484 2203 558 qui
2234 485 2293 540 in
2324 501 2517 540 arcem
2540 482 2877 538 Davidicam
2900 499 2961 538 se
2978 479 3439 545 intromiserant,
3456 480 3756 552 petierunt

2104 591 2139 630 a
2168 574 2514 647 Raymundo
2546 571 2777 639 comite,
2803 572 2903 644 qui
2923 587 3103 642 prope
3123 568 3333 624 turrim
3364 567 3527 624 illam
3558 568 3757 641 hospi-

2103 667 2262 722 tatus
2292 668 2436 731 erat,
2469 666 2535 718 ut
2564 662 2812 735 pecunia
2865 676 3066 716 eorum
3098 659 3157 715 in
3189 674 3322 714 arce
3348 659 3477 730 ipsa
3506 662 3753 727 retenta,

2101 755 2265 810 vivos
2294 756 2525 808 tantum
2558 768 2657 807 eos
2688 751 2849 807 abire
2878 749 3258 823 permitteret.
3294 749 3411 804 [loc
3441 748 3753 815 concessit,

2105 848 2162 899 et
2190 843 2325 898 hinc
2348 840 2692 898 Ascalonem
2716 839 3004 896 adierunt.
3030 837 3255 895 Placuit
3273 841 3416 893 tunc
3434 836 3574 903 Deo,
3597 837 3756 909 quod

2107 932 2343 988 inventa
2372 936 2462 988 est
2490 929 2783 1004 particula
2812 946 2931 985 una
2960 927 3151 984 crucis
3179 925 3493 983 Dominicis
3538 924 3601 981 in
3627 925 3758 982 loco

2107 1025 2348 1090 secreto,
2369 1022 2496 1094 jam
2532 1021 2604 1076 ab
2633 1020 2874 1092 antiquo
2910 1021 3173 1090 tempore
3202 1034 3238 1072 a
3281 1014 3424 1071 viris
3467 1014 3760 1088 religiosis

2106 1110 2398 1168 occultata
2421 1128 2434 1179 ;
2469 1127 2625 1166 nunc
2650 1113 2846 1165 autem
2872 1125 2906 1164 a
2921 1107 3179 1180 quodam
3199 1104 3439 1161 homine
3460 1104 3759 1177 Syro,Deo

2104 1200 2353 1268 volente,
2386 1199 2659 1255 revelata.
2693 1201 2879 1266 Quam
2901 1213 3035 1253 cum
3058 1200 3224 1268 patre
3243 1211 3352 1252 suo
3371 1193 3508 1251 inde
3521 1194 3761 1251 conscio

2108 1289 2417 1363 diligenter
2448 1288 2529 1345 ibi
2559 1292 2617 1344 et
2632 1288 3038 1353 absconderat,
3071 1288 3130 1342 et
3156 1288 3548 1341 conservarat.
3572 1285 3763 1351 Quam

2109 1379 2347 1453 quidem
2379 1377 2731 1451 particulam
2761 1377 2821 1432 in
2863 1376 3103 1431 modum
3136 1374 3331 1431 crucis
3361 1372 3761 1443 reformatam,

2108 1486 2287 1525 aurea
2316 1467 2528 1541 partim
2559 1472 2616 1523 et
2646 1469 2921 1540 argentea
2942 1464 3164 1527 fabrica
3184 1466 3531 1531 contectam,
3551 1463 3624 1518 ad
3648 1463 3763 1520 Do-

2110 1558 2393 1614 minicum
2415 1555 2771 1629 sepulcrum,
2795 1553 3004 1611 dehinc
3020 1553 3198 1609 etiam
3219 1553 3293 1608 ad
3312 1551 3766 1624 templum,con-

2109 1646 2473 1722 gratulanter
2502 1644 2826 1717 psallendo,
2860 1648 2918 1699 et
2948 1641 3167 1715 gratias
3195 1641 3310 1698 Deo
3363 1641 3610 1714 agendo,
3663 1640 3765 1713 qui

2113 1754 2214 1810 per
2244 1740 2332 1791 tot
2361 1736 2486 1791 dies
2516 1735 2674 1790 hunc
2704 1733 3048 1789 thesaurum
3070 1748 3246 1787 suum
3267 1733 3326 1787 et
3352 1734 3625 1787 nostrum
3648 1730 3763 1787 sibi

2112 1831 2171 1883 et
2199 1825 2368 1883 nobis
2400 1826 2746 1890 servaverat,
2779 1838 2984 1879 omnes
3017 1837 3136 1877 una
3163 1820 3224 1876 in
3256 1818 3509 1877 sublime
3550 1835 3765 1893 propa-

2110 1915 2291 1972 latam
2323 1913 2676 1971 detulerunt.

2732 2018 2963 2076 CAPUT
2999 2018 3141 2074 XIX.

2183 2130 2259 2203 (1)
2290 2131 2409 2186 Rex
2439 2133 2634 2185 autem
2667 2126 2997 2200 Babylonis,
3025 2130 3083 2182 et
3099 2125 3218 2182 dux
3247 2123 3469 2181 militiae
3490 2125 3645 2198 ejus,
3667 2141 3768 2181 no-

2114 2220 2272 2276 mine
2302 2217 2710 2286 Lavendalius,
2743 2233 2875 2273 cum
2899 2215 3202 2272 audissent
3232 2214 3390 2288 quod
3414 2214 3619 2271 Franci
3632 2215 3767 2286 jam

2113 2310 2267 2366 circa
2279 2308 2389 2365 sibi
2412 2307 2715 2365 subdendo
2738 2304 3085 2379 Babylonico
3104 2320 3282 2378 regno
3304 2301 3771 2377 appropinquas-

2114 2402 2263 2466 sent,
2297 2400 2648 2471 congregata
2675 2393 3055 2451 multitudine
3083 2393 3196 2449 sub
3235 2391 3423 2449 edicto
3453 2392 3525 2449 de
3554 2391 3769 2449 Turcis

2112 2492 2169 2544 et
2197 2487 2483 2543 Arabibus
2514 2483 3024 2557 jEthiopibusque,
3067 2486 3269 2539 contra
3295 2498 3394 2539 eos
3423 2481 3505 2539 ire
3533 2481 3768 2556 praelia-

2111 2581 2239 2634 tum
2273 2575 2711 2633 festinaverunt.
2744 2575 2816 2630 Et
2843 2589 2979 2629 cum
3008 2572 3221 2629 iterum
3243 2589 3349 2644 per
3368 2571 3769 2629 internuntios

2114 2666 2437 2733 audissent,
2471 2662 2833 2721 Hierusalem
2863 2666 2986 2718 tam
3020 2662 3289 2718 ferociter
3307 2662 3435 2733 jam
3464 2660 3651 2718 fuisse
3674 2679 3769 2718 ca-

2114 2761 2296 2829 ptam,
2328 2754 2668 2828 indignatus
2698 2750 2930 2807 duxille
2958 2751 3268 2824 praedictus
3291 2748 3672 2824 Babylonius;
3699 2751 3771 2807 fe-

2116 2844 2352 2901 stinavit
2382 2847 2446 2899 ut
2473 2841 2561 2900 vel
2591 2840 2855 2915 praelium
2888 2857 3021 2896 cum
3052 2840 3200 2912 ipsis
3230 2840 3648 2909 committeret,
3680 2840 3769 2897 vel

2115 2933 2350 2989 eosdem
2372 2931 2432 2987 in
2451 2932 2655 2987 eadem
2672 2930 2816 2985 urbe
2838 2929 3097 2985 inclusos
3113 2928 3424 2985 obsideret.
3441 2929 3607 2994 Quod
3631 2947 3767 2986 cum

2116 3021 2354 3078 Francis
2410 3020 2798 3086 nuntiaretur,
2860 3023 3165 3091 assumpto
3222 3035 3448 3092 magna:
3505 3018 3767 3075 audacias

2114 3110 2379 3178 consilio,
2410 3126 2612 3166 versus
2659 3108 3003 3164 Ascalonem
3053 3111 3256 3164 contra
3306 3110 3587 3180 tyrannos
3638 3107 3768 3164 illos

2111 3200 2263 3257 acies
2279 3216 2418 3256 suas
2436 3198 2789 3267 dircxerunt,
2814 3200 3114 3271 portantes
3135 3212 3335 3254 secum
3357 3195 3587 3270 lignum
3613 3196 3768 3254 salu-

2107 3289 2288 3346 tiferae
2312 3288 2502 3345 crucis
2524 3289 2650 3360 jam
2697 3287 2970 3361 superius
3019 3290 3429 3344 memoratum.
3491 3286 3763 3361 Cumque

2108 3378 2202 3435 die
2235 3379 2491 3451 quodam
2525 3395 2640 3433 non
2661 3377 2833 3451 longe
2854 3377 2927 3432 ab
2950 3375 3234 3433 Ascalone
3255 3375 3765 3450 circumvagantes

2110 3467 2315 3524 Franci
2347 3466 2631 3540 praadium
2662 3470 3082 3539 exspectarent,
3116 3466 3465 3521 invenerunt
3491 3463 3618 3521 illic
3649 3483 3764 3522 non

2109 3557 2415 3612 minimam
2447 3555 2704 3628 praedam
2735 3555 2806 3611 de
2835 3553 3026 3610 bobus
3064 3557 3121 3610 et
3150 3552 3410 3623 camelis,
3462 3553 3680 3611 ovibus
3710 3557 3765 3611 et

2108 3644 2513 3718 capris.0uam
2535 3660 2760 3700 carram
2785 3661 2919 3699 cum
2929 3645 3101 3715 juxta
3120 3641 3368 3699 tentoria
3387 3642 3510 3699 sole
3544 3648 3757 3700 ruente

2108 3737 2583 3808 congregassent,
2607 3733 2918 3805 jusserunt
2947 3732 3057 3789 sub
3101 3731 3288 3789 edicto
3326 3730 3628 3805 principes
3660 3750 3760 3789 no-

2107 3822 2619 3895 stri,nunquamin
2646 3822 2922 3890 crastino,
2950 3820 3294 3894 quobellum
3317 3822 3759 3894 foreputabant,

2107 3929 2307 3968 secum
2338 3911 2575 3978 minari,
2608 3915 2673 3967 ut
2702 3911 2775 3966 ab
2806 3911 2963 3966 omni
2988 3909 3220 3966 sarcina
3239 3909 3592 3986 expediti,ab
3614 3929 3758 3984 pra:-

2105 4000 2372 4057 liandum
2403 4004 2600 4056 essent
2630 3999 2904 4073 prompti.
2939 4000 3109 4056 Mane
3138 4004 3333 4055 autem
3358 3999 3530 4064 facto,
3555 4016 3761 4073 specu-

2105 4088 2396 4146 latoribus
2426 4088 2747 4162 praamissis
2772 4105 3034 4162 paganos
3091 4088 3361 4145 accedere
3399 4087 3755 4153 didicerunt.

2106 4181 2228 4247 Quo
2260 4178 2426 4248 scito,
2461 4194 2595 4234 mox
2624 4177 2846 4234 tribuni
2876 4180 2934 4234 et
2962 4177 3331 4234 centuriones
3361 4193 3463 4250 per
3521 4176 3651 4236 alas
3704 4182 3761 4235 et

2103 4284 2322 4324 cuneos
2342 4271 2514 4340 gente
2536 4284 2644 4324 sua
2658 4266 2994 4338 constituta,
3018 4265 3282 4340 praelium
3305 4266 3604 4341 agendum
3626 4285 3760 4342 pru-

2104 4356 2449 4413 dentissime
2462 4356 3172 4426 ordinaverunt,etcontra
3182 4355 3380 4413 hostes
3392 4355 3758 4414 vexillisleva

341 4440 551 4497 tesimo
580 4445 637 4499 et
665 4440 1061 4515 octuagesimo
1094 4441 1322 4514 quinto,
1353 4445 1410 4497 et
1456 4447 1643 4498 morte
1691 4444 1988 4501 Guillelmi
2017 4432 2066 4499 Ι)
2098 4445 2172 4503 tis
2185 4445 2481 4502 audaciter
2492 4450 2924 4518 processerunt.
2943 4444 3232 4502 Videretis
3250 4445 3589 4518 przedictam
3610 4463 3755 4519 pras-

340 4529 560 4602 Anglite
592 4529 745 4603 regis
778 4530 966 4603 primo
984 4546 1136 4586 anno
1167 4529 1532 4586 duodecimo.
1559 4530 1780 4605 Quippe
1812 4534 1993 4590 Gede-

340 4618 489 4676 frido
519 4619 717 4692 patria:
750 4636 885 4676 mox
906 4620 1166 4692 principe
1199 4620 1371 4686 facto,
1404 4636 1581 4692 quem
1613 4622 1686 4677 ob
1718 4622 1989 4680 nobilita-

338 4707 477 4765 tatis
507 4707 927 4777 excellentiam,
961 4713 1019 4765 et
1050 4707 1269 4763 militiae
1293 4709 1664 4781 probitatem,
1699 4715 1873 4783 atque
1895 4729 1993 4785 pa-

337 4797 557 4854 tientia
575 4798 945 4869 modestiam,
966 4815 1070 4854 nec
1092 4815 1207 4854 non
1222 4802 1277 4853 et
1290 4814 1522 4854 morum
1535 4799 1906 4872 elegantiam,
1932 4802 1988 4858 in

336 4886 481 4942 urbe
512 4891 715 4943 sancta
743 4887 905 4959 regni
940 4885 1263 4958 principem
1296 4888 1489 4944 omnis
1524 4889 1777 4961 populus
1797 4891 1992 4947 Domi-

336 4974 519 5031 ninici
540 4973 825 5030 exercitus
855 4973 925 5028 ad
951 4973 1091 5029 illud
1114 4976 1578 5032 conservandum
1596 4981 1771 5049 atque
1792 4996 1992 5053 regen-

318 5062 479 5125 dum
510 5061 703 5134 elegit.
735 5063 901 5117 Tunc
932 5060 1106 5117 etiam
1132 5061 1303 5118 locati
1336 5069 1475 5121 sunt
1506 5065 1564 5122 in
1596 5066 1848 5123 ecclesia
1876 5069 1988 5125 Do-

337 5149 541 5206 minici
572 5149 827 5222 sepulcri
858 5150 1145 5219 canonici,
1180 5155 1352 5225 atque
1382 5153 1440 5209 in
1472 5154 1691 5229 templo
1722 5157 1987 5229 ejusdem

336 5238 450 5311 ipsi
483 5238 771 5295 servituri.
818 5239 1215 5297 Patriarcham
1275 5247 1469 5299 autem
1525 5249 1666 5301 tuuc
1723 5246 1987 5304 decreve-

336 5330 479 5383 runt
506 5328 770 5384 nondum
800 5329 881 5386 ibi
910 5330 1056 5399 ﬁeri,
1081 5331 1262 5386 donec
1293 5348 1327 5387 a
1358 5333 1618 5390 Romano
1652 5352 1803 5409 papa
1833 5354 1988 5410 qua-

2101 4536 2238 4592 dam
2268 4540 2551 4607 tanquam
2574 4533 2799 4590 monitu
2832 4535 3171 4591 ducentium
3202 4552 3236 4590 a
3256 4534 3491 4591 dextera
3511 4538 3567 4590 et
3582 4534 3753 4593 laeva-

2101 4628 2263 4698 parte
2295 4621 2549 4679 acierum
2581 4639 2852 4696 gressum
2876 4640 3050 4679 suum
3070 4628 3225 4679 recte
3239 4621 3576 4697 agere,licet
3597 4640 3633 4679 a
3662 4640 3754 4679 ne-

2101 4712 2258 4769 mine
2280 4710 2711 4779 minaretur,ita
2739 4716 2804 4768 ut
2824 4711 2993 4768 multi
3010 4729 3373 4787 paganorum
3392 4728 3522 4769 eam
3535 4710 3751 4787 alonge

2101 4819 2235 4858 cum
2268 4801 2557 4857 militibus
2590 4801 2811 4857 nostris
2850 4806 3087 4857 euntem
3148 4804 3499 4875 spectantes,
3560 4805 3747 4858 totum

2100 4892 2460 4948 aestimarent
2489 4890 2771 4946 exrcitum
2806 4906 2935 4946 esse
2993 4891 3372 4947 Francorum.
3433 4889 3522 4946 Illi
3552 4895 3746 4947 autem

2102 4979 2353 5054 pepulus
2384 4977 2733 5035 innumerus
2763 4995 2897 5035 cum
2930 4979 3002 5035 ad
3036 4996 3252 5036 cuneos
3283 4983 3516 5036 nostros
3545 4996 3746 5053 appro-

2099 5071 2505 5143 pinquassent,
2540 5073 2823 5140 tanquam
2854 5085 3057 5126 cervus
3078 5086 3273 5126 ramos
3303 5085 3587 5126 cornuum
3612 5086 3750 5142 pras-

2098 5160 2364 5225 tendens,
2397 5174 2579 5214 cuneo
2612 5175 2718 5214 suo
2751 5157 3027 5215 anteriori
3061 5158 3210 5216 tacto
3242 5158 3489 5227 bifurco,
3523 5157 3743 5214 disten-

2098 5249 2261 5305 sione
2292 5247 2546 5304 Arabum
2580 5248 3064 5320 przscurrentium
3086 5247 3394 5323 eXplicata,
3429 5245 3743 5304 machinati

2098 5342 2237 5396 sunt
2266 5337 2569 5410 accingere
2590 5341 2937 5409 postremos,
2963 5338 3061 5394 ubi
3093 5339 3212 5395 dux
3239 5336 3584 5395 Godefridus
3603 5336 3741 5393 sub-

334 5495 344 5504 .
406 5450 648 5519 (1)0um
696 5452 907 5513 abhinc
954 5459 1289 5528 sequentur,
1320 5474 1388 5515 ex
1425 5475 1537 5516 ms.
1588 5460 1806 5518 codicis
1856 5463 1971 5520 ﬁde
2007 5464 2318 5523 emendata
2341 5464 2502 5531 sunt,
2535 5464 2595 5518 et
2614 5465 2891 5519 correcta.
