3998 6088
171 267 297 337 επ
929 270 1352 337 FULCHERII
1393 270 1730 335 CARNOT.
1772 267 1974 332 HlST.
2019 266 2431 332 HIEROSOL.
2471 302 2546 314 —
2572 267 2723 332 LIB.
2765 266 2817 332 Ῑ.
3455 266 3576 334 858

170 409 485 481 sequenter
511 421 648 464 cum
677 404 910 479 agmine
940 406 1120 463 denso
1147 407 1405 464 militum
1456 409 1812 463 armatorum
1843 403 1900 473 Α
1928 420 2047 459 suae
2075 402 2304 459 reverti.
2337 404 2561 459 Etcum
2584 403 2910 460 inJordane
2938 402 3179 460 ﬂumine
3210 404 3450 464 indilate
3468 405 3575 465 loti

173 495 515 570 remigando
562 496 961 570 posteritatem
1004 496 1376 554 sollicitabat.
1425 495 1621 553 Caeteri
1662 496 1820 552 enim
1928 492 2197 560 fuissent,
2233 496 2291 548 et
2312 492 2643 566 palmarum
2673 510 2869 549 ramos
2890 495 3044 566 apud
3075 495 3306 551 Jericho
3325 495 3385 552 in
3406 496 3575 554 horto

171 602 440 660 proceres
460 584 560 641 alii
582 584 641 641 in
663 584 876 659 prima,
899 585 996 642 alii
1020 585 1080 642 in
1102 587 1361 643 secunda
1380 586 1502 642 acie
1514 585 1818 659 praeibant.
1927 581 2171 637 Abrahm
2203 582 2356 637 dicto
2388 581 2777 655 collegissent,
2812 584 3099 640 Robertus
3146 585 3578 643 Northmanno-

171 675 287 734 Sed
306 692 443 732 cum
466 675 541 732 ab
562 678 810 748 utraque
828 679 992 749 parte
1010 675 1209 732 hostes
1230 675 1822 749 hostibus,quantum
1932 688 2063 727 rum
2096 688 2310 739 comes,
2347 671 2632 728 Robertus
2664 689 2859 729 comes
2898 672 3202 741 Flandrize,
3253 676 3584 732 Constanti-

161 765 365 838 jactus
395 768 484 821 est
509 763 744 838 lapidis,
762 765 852 821 vel
882 764 1054 837 paulo
1075 764 1227 838 plus,
1256 764 1826 838 apprOpinquassent
1930 759 2190 833 nopolim
2240 760 2469 834 navigio
2498 761 2887 834 appetierunt,
2920 762 3128 819 deinde
3178 764 3477 821 Franciam
3511 766 3584 822 ad

170 853 330 911 illico
360 853 585 927 pedites
613 853 799 910 nostri
847 854 1095 927 sagittas
1137 855 1195 910 in
1246 854 1378 910 illos
1425 855 1826 910 distendentes

157 943 995 1017 jeceruut.Congruentissime
1025 960 1161 999 mox
1182 948 1393 1000 secutae
1416 947 1553 1000 sunt
1575 944 1823 1017 sagittas

169 1031 414 1101 lanceae,
444 1033 587 1089 dum
616 1031 841 1106 equites
871 1033 1079 1102 nostri,
1120 1037 1402 1106 tanquam
1437 1034 1826 1105 jurejurando

169 1138 382 1179 omnes
411 1121 659 1178 invicem
688 1118 1386 1196 conﬁrmassent,impetu
1408 1121 1732 1179 vehementi
1756 1122 1830 1177 ir-

166 1215 421 1268 ruerunt
448 1211 510 1267 in
539 1227 661 1278 eos,
684 1215 742 1267 et
770 1227 1020 1283 quorum
1045 1212 1455 1285 quadrupedes
1484 1229 1657 1268 cursu
1688 1216 1829 1268 tun‘c

168 1317 293 1358 non
324 1301 565 1357 fuerunt
592 1298 829 1357 celeres.
871 1300 1147 1357 continuo
1196 1300 1324 1357 neci
1371 1301 1662 1358 submersi
1694 1305 1833 1357 sunt

168 1407 356 1464 supra
385 1406 647 1447 sessores
696 1390 795 1445 ubi
841 1407 1029 1462 parvae
1078 1390 1235 1447 horas
1267 1390 1456 1463 spatio
1488 1389 1675 1447 multa
1707 1408 1833 1448 cor-

166 1496 319 1555 pora
338 1478 675 1553 palluerunt
702 1479 1052 1536 exanimata.
1075 1480 1237 1536 Tunc
1260 1479 1431 1536 multi
1459 1497 1663 1537 eorum
1683 1498 1838 1537 mor-

166 1574 294 1625 tem
325 1572 674 1636 metuentes,
723 1569 1119 1625 ascendebant
1165 1570 1443 1625 arborum
1487 1570 1832 1640 cacumina;

169 1657 278 1732 qui
322 1663 523 1715 tamen
576 1657 721 1713 inibi
759 1657 1040 1731 sagittati,
1090 1662 1147 1715 et
1183 1659 1355 1714 morti
1404 1657 1546 1731 laesi,
1599 1660 1671 1715 ad
1721 1664 1835 1715 ter-

170 1764 306 1804 ram
336 1747 648 1803 infeliciter
675 1747 1043 1815 corruebant,
1076 1746 1317 1804 incursu
1348 1747 1407 1804 in
1439 1765 1538 1805 eos
1569 1753 1834 1821 penetra-

166 1836 279 1894 bili
310 1837 463 1894 facto
486 1837 746 1909 undique
775 1836 1078 1893 Sarraceni
1097 1836 1506 1909 pertimebant.
1543 1839 1835 1896 Tentoriis

168 1926 511 1995 transactis,
530 1927 801 1999 usquead
821 1924 1121 1983 Ascalonis
1143 1927 1359 1982 moenia
1381 1927 1481 1999 qui
1504 1933 1840 1987 evaserunt:

169 2016 363 2091 fugati
396 2020 554 2072 sunt.
589 2016 724 2084 Quae
753 2014 959 2071 civitas
989 2015 1381 2089 septingentis
1409 2020 1465 2071 et
1488 2015 1696 2090 viginti
1728 2023 1843 2074 sta-

171 2105 411 2163 diorum
443 2104 653 2179 spatiis
684 2104 757 2160 ab
781 2103 1182 2178 Hierosoiyma
1197 2104 1398 2162 distat.
1422 2109 1485 2160 In
1503 2107 1693 2179 prima
1714 2108 1841 2180 qui-

171 2195 311 2252 dem
344 2193 467 2252 acie
497 2195 616 2250 dux
645 2210 848 2250 eorum
872 2192 1280 2260 Lavendalius,
1303 2193 1438 2251 licet
1458 2200 1627 2252 antea
1660 2197 1840 2253 Fran-

171 2301 275 2341 cos
304 2282 736 2357 vilipendisset,
770 2300 885 2339 non
918 2281 1072 2338 lente
1103 2281 1335 2356 fuglens
1365 2284 1605 2340 dorsum
1635 2286 1838 2355 vertit;

173 2371 399 2447 quibus
428 2371 873 2429 tabernaculum
895 2388 1070 2427 suum
1094 2388 1228 2427 cum
1262 2373 1485 2429 caeteris
1510 2378 1837 2443 extensum,

172 2466 235 2519 et
282 2460 537 2535 pecunia
584 2461 905 2527 munitum,
955 2460 1174 2516 invitus
1224 2460 1483 2534 reliquit.
1548 2464 1839 2529 Quorsum

174 2549 390 2610 Franci
434 2550 708 2623 regressi,
753 2548 999 2606 victoria
1037 2549 1308 2622 jocundi,
1356 2550 1603 2608 Domino
1647 2558 1842 2625 grates

172 2640 376 2697 dando
407 2642 547 2695 sunt
577 2636 886 2712 regregati.
920 2639 1086 2694 Tunc
1115 2638 1363 2712 ingressi
1395 2643 1534 2695 sunt
1572 2642 1841 2698 taberna-

174 2728 314 2786 cula
341 2744 571 2794 eorum,
602 2729 660 2784 et
688 2727 1037 2783 invenerunt
1065 2728 1121 2782 in
1155 2727 1240 2784 eis
1268 2744 1441 2799 gazas
1472 2729 1710 2798 multas,
1746 2748 1836 2788 au-

178 2835 341 2885 rum,
375 2820 706 2890 argentum,
740 2815 937 2889 pallia,
969 2815 1262 2888 induvias,
1285 2816 1510 2891 lapides
1532 2820 1838 2892 pretiosos,

177 2907 286 2982 qui
303 2904 561 2963 duodeni
584 2904 670 2962 sic
687 2905 1095 2961 nominantur:
1119 2905 1843 2980 Jaspis,sapphirus,chal-

178 2995 492 3063 cedonius,
525 2995 896 3068 smaragdus,
930 3011 1233 3068 sarconyx,
1267 2995 1516 3065 sardius,
1551 2998 1844 3072 Chrisoly-

178 3086 346 3152 thus,
378 3082 661 3158 beryllus,
681 3083 965 3157 topazius,
982 3083 1442 3157 chrisoprassus.
1468 3085 1839 3159 hyacinthus,

1933 849 2168 923 propria
2200 855 2623 907 remeaverunt.
2646 851 3029 925 Raymundus
3057 869 3190 909 vero
3222 871 3409 927 usque
3442 856 3586 912 Lao-

1888 960 1893 971 ν
1934 938 2147 995 diciam
2180 939 2356 1012 Syriae
2380 956 2683 1013 regressus
2704 945 2810 1006 est,
2844 944 2901 996 et
2928 940 2986 995 in
3019 943 3586 1017 ConstantinOpolim

1935 1028 2140 1084 relicta
2192 1045 2388 1097 uxore,
2440 1028 2497 1083 in
2547 1029 2816 1084 Laodicia
2863 1030 3179 1110 rediturus.
3220 1032 3347 1089 Dux
3391 1039 3586 1090 autem

1937 1116 2284 1174 Godefridus
2318 1122 2541 1174 retento
2572 1119 2682 1174 sibi
2715 1120 3034 1188 Tancredo,
3067 1120 3272 1177 etaliis
3296 1121 3586 1195 pluribus,

1939 1205 2333 1280 principatum
2357 1206 2948 1281 Hierosolymitanum
2972 1208 3319 1283 rexit,quem
3345 1228 3590 1269 consen-

1939 1312 2011 1353 su
2041 1295 2307 1352 omnium
2340 1301 2676 1369 susceperat
2706 1298 3112 1355 obtinendum.

2569 1386 2801 1443 CAPUT
2829 1388 2970 1444 XXI.

1940 1475 2016 1532 De
2044 1475 2358 1532 Boamundo
2386 1484 2437 1532 et
2481 1476 2776 1543 Balduino,
2824 1486 2877 1534 et
2921 1494 3109 1534 eorum
3134 1482 3592 1553 peregrinatione.

2014 1569 2157 1620 Cum
2207 1570 2403 1621 autem
2454 1566 2715 1622 audisset
2751 1567 3009 1624 domnus
3047 1569 3447 1640 Boamundus,
3495 1571 3595 1646 qui

1942 1654 2262 1710 Antiochiae
2301 1659 2441 1710 tunc
2472 1655 2929 1727 principabatur,
2962 1657 3049 1712 vir
3078 1660 3335 1731 prudens
3365 1664 3423 1716 et
3451 1663 3596 1717 stre-

1946 1761 2122 1811 nuus,
2143 1748 2201 1799 et
2221 1744 2475 1800 domnus
2498 1743 2820 1801 Balduinus
2842 1747 3060 1818 praefati
3085 1748 3376 1804 Godefridi
3396 1750 3595 1820 frater,

1950 1833 2049 1905 qui
2072 1833 2344 1890 similiter
2362 1834 2588 1890 Edessa:
2606 1834 2870 1891 civitatis.
2894 1836 3210 1910 patriaeque
3231 1838 3597 1896 aftinistrans

1950 1921 2191 1978 fiuvium
2224 1922 2579 1995 Euphratem
2628 1923 3066 1993 dominabatur,
3115 1926 3477 1983 Hierusalem
3525 1928 3597 1985 ab

1947 2009 2067 2068 illis
2085 2011 2185 2085 qui
2199 2011 2539 2085 praeiverant
2559 2011 2794 2086 collegis
2817 2014 2941 2069 suis
2962 2019 3191 2088 captam
3207 2015 3406 2084 fuisse,
3432 2015 3599 2074 lastis-

1950 2100 2085 2157 simi
2109 2100 2297 2158 etl‘ecti
2328 2103 2439 2158 Deo
2487 2101 2691 2158 laudes
2721 2102 3089 2159 exsolverunt
3119 2103 3253 2161 inde
3283 2105 3596 2180 supplices.

1948 2191 2111 2257 Quod
2144 2190 2193 2246 si
2224 2189 2327 2257 illi,
2360 2190 2461 2262 qui
2509 2190 2878 2247 festinatione
2926 2192 3153 2249 itineris
3185 2199 3603 2266 praecesserant

1948 2296 2068 2346 eos,
2102 2281 2248 2337 bene
2278 2285 2334 2335 et
2364 2279 2586 2336 utiliter
2623 2281 2843 2353 operati
2889 2282 3160 2347 fuissent,
3206 2284 3474 2356 quamvis
3502 2301 3603 2342 eos

1948 2369 2176 2425 tardius
2206 2370 2578 2425 subsecuturi
2611 2374 2807 2426 essent
2836 2369 2896 2426 hi
2929 2370 3043 2428 duo
3074 2388 3208 2428 cum
3239 2373 3386 2444 suis,
3418 2373 3601 2446 parti-

1949 2459 2106 2531 cipes
2134 2463 2341 2515 tamen
2387 2459 2651 2531 ejusdem
2696 2460 2815 2516 fore
2844 2460 3023 2516 bravii
3058 2477 3174 2517 non
3206 2466 3296 2519 est
3324 2462 3602 2519 dubitan-

1949 2548 2113 2603 dum.
2149 2541 2281 2604 Erat
2310 2547 2467 2605 enim
2499 2566 2735 2605 necesse
2766 2553 2831 2604 ut
2870 2554 3025 2605 terra
3071 2555 3129 2606 et
3175 2551 3437 2608 civitates
3467 2569 3602 2609 cum

1948 2640 2112 2693 tanto
2142 2637 2472 2710 laborejam
2503 2638 2709 2695 Turcis
2741 2638 2947 2695 ablata:
2982 2638 3226 2696 solerter
3244 2642 3603 2698 custodiren-

1950 2730 2066 2797 tur,
2101 2744 2172 2784 ne
2202 2727 2348 2783 forte
2369 2732 2522 2783 terra
2542 2727 2772 2784 incaute
2802 2728 3162 2796 etderelicta,
3190 2729 3237 2787 si
3268 2730 3457 2787 cancti
3478 2731 3605 2788 Hie-

1950 2815 2207 2873 rusalem
2239 2820 2380 2872 tunc
2412 2816 2692 2885 abissent,
2727 2834 2967 2873 recursu
2999 2819 3304 2890 repentino
3334 2837 3369 2875 a
3397 2819 3603 2876 Turcis

1951 2922 2137 2978 usque
2170 2906 2469 2962 Persidem
2504 2907 2629 2977 jam
2680 2906 2929 2978 repulsis
2974 2911 3387 2966 resumeretur.
3438 2908 3603 2966 Unde

1951 2995 2233 3050 damnum
2262 2996 2497 3051 Francis
2522 3013 2638 3050 non
2662 2994 2974 3050 minimum
2997 2995 3223 3053 cunctis
3245 2996 3604 3071 contingeret

1952 3084 2234 3151 evenisse,
2265 3088 2386 3140 tam
2409 3085 2887 3157 euntibue‘quam
2912 3085 3309 3143 redeuntibus.
3334 3086 3602 3143 Forsitan

176 3156 574 3248 amethystus.
596 3173 959 3247 Repererunt
978 3156 1311 3230 etiamvasu
1332 3179 1388 3231 et
1402 3156 1677 3232 utensilia
1697 3156 1845 3233 mul-
1873 3156 1915 3222 α
1955 3172 2152 3229 divina
2181 3173 2539 3247 providentia
2583 3156 2812 3229 distulit
2841 3191 2969 3244 eos,
3003 3173 3136 3247 plus
3166 3174 3224 3230 in
3255 3174 3604 3250 peragendis

173 3262 479 3332 tiformia;
512 3260 740 3337 galeros
769 3266 1027 3331 auratos,
1073 3263 1325 3320 annulos
1355 3263 1631 3337 optimos,
1674 3284 1842 3325 enses

176 3351 507 3419 mirabiles,
540 3367 856 3419 annonam,
890 3351 1162 3420 farinam,
1198 3356 1519 3425 caeteraque
1551 3355 1841 3413 multa.Ea

172 3459 315 3500 vero
346 3444 518 3499 nocte
544 3439 665 3495 illic
693 3438 974 3513 hospitati
1005 3445 1165 3509 sunt,
1198 3445 1254 3497 et
1283 3442 1591 3515 pervigiles
1613 3444 1759 3501 bene
1781 3462 1842 3502 se

176 3533 690 3590 conservaverunt.
724 3529 870 3586 Nam
901 3528 994 3586 die
1016 3529 1284 3603 sequenti
1314 3532 1597 3604 putabant
1622 3533 1841 3591 bellum

180 3638 217 3678 a
247 3617 600 3679 Sarracenis
624 3618 910 3683 reiterari,
942 3619 1044 3691 qui
1076 3623 1273 3676 tamen
1302 3620 1512 3677 timore
1541 3621 1707 3679 valde
1720 3641 1844 3697 pcr-

174 3708 369 3768 territi
404 3711 573 3764 nocte
600 3707 732 3782 ipsa
759 3724 967 3765 omnes
996 3709 1371 3782 aufugerunt.
1395 3712 1518 3777 Quo
1541 3728 1711 3768 mane
1740 3730 1843 3786 per

176 3798 577 3873 exploratores
607 3801 924 3870 comperto,
948 3797 1192 3855 vocibus
1219 3797 1522 3856 lauditluis
1539 3800 1722 3858 Deum
1748 3803 1839 3860 be-

175 3887 534 3946 nedixerunt
550 3889 607 3942 et
625 3884 1115 3959 gloriﬁcaverunt,
1140 3888 1242 3960 qui
1274 3892 1361 3944 tot
1390 3888 1577 3946 millia
1601 3891 1842 3964 perﬁdo-

175 3995 315 4035 rum
340 3992 479 4033 raro
499 3975 749 4032 exercitu
772 3974 1236 4033 Christianorum
1260 3977 1534 4051 dissipari
1551 3980 1838 4052 permisit.

176 4065 517 4126 Benedictus
545 4081 684 4139 ergo
704 4064 878 4131 Deus,
897 4067 996 4138 qui
1022 4082 1132 4122 non
1164 4066 1308 4123 dedit
1329 4082 1427 4124 nos
1458 4069 1520 4123 in
1540 4071 1844 4141 captionem

175 4156 440 4214 dentibus
468 4170 658 4212 eorum
699 4155 873 4223 (Psal.
900 4171 1104 4223 cxxxn,
1152 4157 1228 4224 6).
1275 4157 1440 4213 Beata
1485 4158 1641 4214 enim
1687 4177 1838 4231 gens,

170 4247 334 4320 aqua
362 4247 457 4302 est
480 4243 742 4300 Dominus
770 4244 908 4300 Deus
936 4245 1074 4317 ejus.
1108 4245 1280 4313 (Psal.
1312 4263 1488 4314 xxxn,
1511 4246 1841 4316 l2).Nonne

172 4333 393 4393 minati
426 4333 659 4390 fuerant
703 4332 817 4406 ipsi
860 4332 1185 4407 Babylonii,
1227 4333 1579 4392 dicenteszu
1601 4337 1838 4407 Eamus,

168 4427 232 4483 et
260 4421 574 4497 capiamus
603 4420 965 4479 Hierusalem
997 4439 1131 4480 cum
1145 4423 1385 4481 Francis
1406 4424 1466 4480 in
1498 4441 1567 4481 ea
1589 4425 1844 4483 clausis?

1953 3279 2133 3335 quam
2162 3261 2220 3318 in
2249 3263 2500 3336 peractis
2531 3262 2783 3335 negotiis
2805 3263 3087 3335 judicans
3118 3280 3217 3321 eos
3244 3266 3599 3338 profuturos.

1951 3352 1996 3407 Ο
2035 3352 2263 3424 quoties
2296 3351 2527 3407 interim
2558 3351 2686 3425 ipse
2728 3351 3052 3409 Balduinus
3082 3353 3141 3408 in
3173 3353 3602 3426 Mesopotamiae

1953 3440 2168 3497 finibus
2199 3440 2413 3514 praeliis
2456 3444 2658 3496 contra
2703 3442 2924 3498 Turcos
2976 3442 3144 3498 factis
3176 3441 3452 3516 fatigatus
3481 3443 3598 3501 est!

1951 3534 2206 3603 quotque
2239 3529 2429 3603 capita
2456 3547 2658 3586 eorum
2706 3547 2855 3586 caesa
2882 3530 3002 3588 illic
3051 3531 3319 3601 fuissent,
3369 3531 3601 3589 recitari

1950 3637 2065 3675 non
2078 3623 2286 3691 potest.
2305 3619 2466 3692 Saepe
2483 3619 2727 3693 contigit
2744 3618 2913 3675 illum
2927 3637 3059 3676 cum
3083 3626 3253 3694 gente
3283 3638 3391 3677 sua
3412 3639 3602 3695 pauca

1950 3713 2153 3765 contra
2185 3708 2621 3764 multitudinem
2663 3726 2865 3765 eorum
2914 3726 3190 3783 magnam
3220 3710 3492 3784 praeliari,
3524 3715 3600 3780 et,

1953 3804 2065 3855 Deo
2086 3798 2351 3870 juvante,
2384 3798 2684 3871 triumpho
2706 3798 2907 3856 laetari.
2940 3800 3052 3856 Sed
3083 3816 3218 3855 cum
3249 3817 3351 3873 per
3369 3800 3604 3875 legatio-

1950 3904 2055 3944 nes
2076 3904 2211 3944 eum
2240 3887 2618 3944 Boamundus
2648 3876 3118 3960 paaamonuisset,
3148 3893 3211 3945 ut
3240 3889 3603 3948 Hierusalem

1950 3977 2123 4033 ambo
2154 3993 2287 4033 cu‘n
2320 3975 2444 4033 suis
2474 3976 2583 4032 iter
2604 3978 2863 4033 nondum
2886 3978 3177 4051 expletum
3211 3978 3349 4034 ituri
3370 3979 3606 4053 perfice-

1950 4070 2099 4134 rent,
2134 4065 2457 4122 Balduinus
2477 4065 2630 4121 illico
2654 4083 2793 4124 suas
2811 4083 2904 4124 res
2918 4071 3244 4140 opportune
3260 4068 3602 4142 disponens,

1951 4173 2013 4212 se
2059 4154 2283 4211 iturum
2331 4155 2692 4227 praeparavit.
2746 4155 2856 4211 Sed
2896 4159 3037 4212 tunc
3090 4157 3335 4214 audiens
3383 4159 3605 4217 Turcos

1950 4262 2136 4301 unum
2171 4261 2350 4300 cornu
2384 4243 2582 4317 patriae
2616 4261 2734 4300 suae
2764 4244 3128 4317 ingressione
3158 4247 3489 4319 pervadere,
3524 4247 3606 4303 in-

1951 4339 2138 4407 ccepto
2159 4333 2425 4402 dimisso,
2445 4351 2576 4389 cum
2603 4335 2852 4390 necdum
2873 4334 3253 4391 exercitulum
3275 4353 3449 4393 suum
3471 4353 3604 4394 con-

1951 4428 2272 4499 gregasset,
2305 4422 2673 4496 cum‘paucis
2703 4422 2904 4480 hostes
2940 4423 3107 4479 adiit.
3140 4423 3246 4491 Qui
3278 4442 3412 4481 cum
3444 4426 3603 4483 arbi-

170 4513 408 4583 Quibus
437 4510 716 4569 omnibus
736 4510 1127 4585 interemptis,
1153 4513 1466 4570 credamus
1488 4512 1631 4570 illud
1654 4514 1846 4588 sepul-
1873 4534 1920 4599 Ι)
1951 4514 2088 4569 trati
2119 4513 2455 4585 essentjam
2476 4529 2611 4569 eum
2643 4512 2753 4568 iter
2772 4529 2947 4568 suum
2968 4513 3301 4586 inccepisse,
3324 4513 3416 4570 die
3464 4532 3604 4588 qua-

172 4618 348 4660 crum
378 4604 501 4657 tam
534 4599 647 4657 sibi
675 4600 1025 4673 pretiosum,
1058 4606 1117 4658 et
1143 4600 1370 4674 lapides
1394 4602 1581 4675 ipsius
1612 4604 1840 4662 aediﬁcii
1950 4603 2086 4658 dam
2117 4618 2252 4657 cum
2284 4600 2342 4657 in
2390 4600 2787 4658 tabernaculis
2835 4601 2962 4658 suis
2993 4601 3183 4658 securi
3229 4606 3445 4672 essent,
3480 4603 3601 4660 viso

172 4695 347 4750 extra
390 4689 599 4747 urbem
629 4688 878 4760 ejectos:
898 4706 1005 4746 nec
1034 4690 1252 4747 mentio
1282 4690 1530 4748 ulterius
1558 4710 1841 4766 umquam

168 4780 316 4838 inde
336 4779 457 4836 fiet.
485 4800 514 4828 »
535 4778 648 4835 Sed
676 4778 793 4835 Deo
806 4778 1141 4847 miserante,
1162 4779 1354 4836 hocin
1377 4780 1629 4837 nihilum
1652 4799 1840 4839 rever-

170 4887 263 4939 so,
298 4869 372 4926 de
403 4866 652 4942 pecunia
696 4868 875 4925 etiam
924 4867 1159 4925 illorum
1212 4875 1601 4926 oneraverunt
1634 4871 1837 4928 Franci

168 4975 363 5034 equos
391 4957 732 5015 eorumdem
757 4960 814 5014 et
845 4957 1121 5015 camelos.
1165 4959 1272 5025 Qui
1304 4975 1439 5015 cum
1484 4960 1754 5029 tentoria,
1783 4965 1840 5018 et

168 5053 263 5107 tot
282 5045 489 5120 jacula
519 5046 579 5103 in
611 5046 836 5120 campis
868 5046 1150 5119 jacentia,
1183 5064 1471 5122 arcusque
1504 5053 1560 5105 et
1592 5049 1837 5123 sagittas

168 5138 247 5196 ad
280 5137 490 5194 urbem
512 5139 777 5193 sanctam
799 5137 1022 5194 deferre
1049 5153 1167 5193 non
1198 5142 1457 5210 possent,
1480 5137 1602 5195 haec
1625 5143 1839 5196 cuncta

171 5224 449 5284 incendio
479 5225 932 5295 commiserunt;
957 5226 1168 5283 deinde
1198 5226 1557 5284 Hierusalem
1584 5229 1839 5302 gauden-

178 5318 264 5373 ter
290 5314 616 5374 redierunt.

814 5404 1048 5462 CAPUT
1084 5405 1198 5463 XX.

438 5495 517 5552 De
542 5497 850 5552 reversione
873 5497 1191 5568 principum
1220 5494 1291 5559 ad
1313 5495 1576 5568 patriam.

240 5582 348 5643 His
376 5582 583 5659 gestis,
604 5583 829 5660 placuit
847 5584 1203 5659 quibusdam
1223 5584 1285 5642 in
1308 5582 1555 5658 patriam
1578 5586 1833 5647 nationis

1953 4691 2122 4765 signo
2154 4691 2308 4761 albo,
2342 4691 2497 4764 quod
2541 4690 2844 4763 bajulabat
2876 4690 3217 4764 Balduinus,
3251 4692 3602 4765 quantocius

1949 4781 2231 4854 pavefacti
2262 4782 2557 4853 fugerunt.
2590 4782 2744 4846 Quos
2789 4797 2925 4836 cum
2958 4797 3166 4854 parum
3212 4798 3348 4837 cum
3396 4781 3601 4855 paucis

1947 4870 2230 4943 fugasset,
2262 4869 2333 4925 ad
2360 4868 2416 4924 id
2451 4869 2606 4941 quod
2639 4869 2805 4942 prius
2836 4869 3155 4943 incmperat
3184 4869 3375 4926 rediit.
3410 4871 3481 4927 Et
3510 4870 3600 4927 in-

1946 4975 2183 5033 gressus
2216 4959 2343 5026 iter,
2374 4958 2681 5015 Antiochia
2713 4959 3010 5015 dexterata
3056 4958 3214 5015 venit
3240 4958 3600 5031 Laodiciam,

1948 5049 2046 5105 ubi
2080 5047 2370 5121 stipendio
2403 5048 2609 5104 viatico
2640 5053 2855 5123 empto,
2898 5053 2955 5104 et
2985 5047 3216 5105 clitellis
3248 5048 3598 5119 reformatis,

1947 5137 2256 5195 abivimus.
2279 5137 2499 5194 Mensis
2520 5138 2841 5194 November
2861 5142 3003 5194 erat.
3028 5142 3288 5212 Cumque
3308 5137 3599 5196 Gibellum

1946 5228 2388 5295 transissemus,
2422 5228 2833 5283 Boamundum
2856 5226 2915 5282 in
2941 5228 3207 5284 tentoriis
3238 5227 3362 5285 suis
3394 5227 3599 5301 hospi-

1948 5322 2137 5375 tatum
2155 5324 2284 5373 anlc
2299 5316 2511 5390 oppidu
2523 5335 2576 5372 m
2591 5319 2888 5391 quoddam
2898 5316 3210 5374 Valenium
3232 5316 3600 5377 nominatum

1945 5406 2201 5467 assecuti
2232 5407 2602 5464 sumus.Erat
2623 5425 2757 5464 cum
2779 5422 2847 5463 eo
2866 5406 3341 5479 archiepiscopus
3360 5404 3600 5478 quidam

1946 5496 2221 5564 Pisanus,
2269 5495 2502 5553 nomine
2541 5496 2874 5562 Daibertus,
2922 5496 3026 5569 qui
3067 5512 3204 5550 cum
3243 5492 3601 5565 quibusdam

1942 5585 2236 5654 Tuscanis
2266 5589 2323 5643 et
2349 5584 2513 5645 Italis
2557 5586 2843 5647 Laodiciae
2872 5584 3067 5656 portui
3105 5581 3387 5654 navigans
3415 5576 3601 5651 appli-
