3998 6088
379 289 498 357 859

886 288 992 353 AD
1038 288 1552 354 GODEFBIDUM
1593 287 1925 351 APPEND.
1973 286 2049 349 II.
2082 320 2161 332 -—
2200 286 2511 357 MONUM.
2555 288 2660 351 DE
2701 286 2953 351 BELLO
2997 283 3270 351 SACRO.

3661 281 3789 349 860

380 429 602 496 cuerat,
648 428 707 482 et
750 424 832 482 ibi
882 440 988 481 nos
1040 425 1439 497 expectabant,
1497 422 1803 479 nobiscum
1864 422 2021 479 ituri.
2056 418 2109 485 Α
2138 438 2358 489 semus,
2391 422 2484 477 die
2513 425 2721 493 quarto
2750 419 3087 477 Bethlehem
3137 419 3449 487 adivimus,
3496 422 3563 476 ut
3615 424 3785 478 nocte

381 517 709 587 Aderatque
722 515 959 587 quidam
986 514 1295 586 episc0pus
1311 514 1382 569 de
1402 513 1627 584 Apulia.
1652 517 1791 568 Cum
1816 513 2031 568 domno

380 605 664 662 Balduino
695 607 818 660 erat
848 604 1075 660 tertius.
1122 603 1344 668 Quibus
1374 603 1453 657 ita
1496 601 1879 657 amicabiliter
1908 600 2030 671 glo-

381 693 639 760 meratis,
700 692 966 748 aestimati
1026 709 1232 748 sumus
1284 708 1525 746 numero
1551 708 1678 746 esse
1724 694 1796 745 25
1848 690 2033 746 millia

381 783 688 855 utriusque
737 800 909 838 sexus
962 786 1083 836 tam
1136 783 1396 853 peditum
1430 799 1605 853 quam
1640 780 1924 851 equitum.
1963 781 2032 835 Et

380 891 515 930 cum
548 875 692 928 fines
714 874 1165 927 Sarracenorum
1192 870 1496 925 interiores
1527 870 2031 935 introissemus,ct

380 963 453 1019 ab
483 962 689 1017 incolis
722 960 975 1030 regionis
1006 960 1173 1014 nobis
1206 959 1347 1014 satis
1390 959 1617 1014 infestis
1649 977 1754 1014 nec
1796 976 2023 1031 panem,

380 1069 485 1109 nec
517 1050 737 1123 aliquid
785 1048 959 1105 edulii
992 1049 1208 1103 habere
1240 1065 1566 1120 possemus,
1603 1048 1739 1120 quia
1772 1066 1877 1103 nec
1905 1052 2029 1103 erat

378 1141 479 1213 qui
503 1142 686 1207 daret,
720 1138 805 1193 vel
832 1137 931 1211 qui
951 1140 1242 1201 venderet,
1269 1138 1558 1209 stipendio
1573 1138 1806 1208 quidem
1828 1142 2026 1193 nostro

377 1230 565 1300 magis
596 1230 901 1301 magisque
927 1232 1296 1299 consumpto,
1355 1226 1598 1297 contigit
1628 1226 1843 1281 multos
1874 1226 2026 1282 fame

376 1318 617 1376 anxiari.
654 1320 693 1373 Ε
723 1322 799 1371 ri
824 1335 1054 1389 quoque
1077 1318 1436 1388 etjumenta,
1461 1316 1763 1372 deficiente
1792 1333 2026 1372 annona

375 1409 571 1465 dolore
603 1407 895 1481 geminato
910 1407 1087 1462 nimis
1109 1406 1501 1478 angebantur:
1527 1406 1712 1469 ibant,
1738 1423 1843 1461 nec
1866 1423 2026 1461 man-

376 1499 689 1554 ducabant.
723 1498 888 1553 Tunc
919 1502 1114 1552 autem
1150 1500 1317 1551 erant
1347 1496 1406 1550 in
1447 1495 1591 1567 ipsis
1631 1495 1784 1566 agris
1826 1495 2020 1559 cultis,

374 1604 478 1660 per
499 1604 648 1660 quos
668 1590 874 1642 euntes
898 1586 1552 1649 transibamus,messes
1579 1585 2022 1657 q11aadam,quas

370 1676 585 1751 vulgus
612 1679 777 1731 vocat
800 1676 1195 1741 Cannamelles,
1220 1674 1609 1728 arundinibus
1631 1675 1747 1729 fere
1777 1674 2019 1741 similes,

372 1785 407 1823 a
438 1783 626 1823 canna
652 1769 709 1820 et
740 1763 908 1820 melle
939 1782 1151 1819 nomen
1184 1764 1594 1834 compositum.
1631 1763 1792 1820 Unde
1823 1768 1877 1818 et
1910 1762 2021 1818 mel
2054 1790 2101 1855 Β

374 1855 656 1923 silvestre,
676 1858 741 1909 ut
761 1858 924 1926 puto,
947 1853 1181 1918 dicitur,
1205 1854 1359 1925 quod
1376 1854 1444 1908 de
1461 1853 1554 1909 his
1576 1852 1872 1923 sapienter
1893 1870 2024 1908 con-

372 1945 587 2000 ficitur.
617 1948 735 2000 Has
756 1943 993 2015 quidem
1016 1942 1266 1998 famelici
1291 1945 1526 2014 propter
1549 1942 1838 1997 mellitum
1861 1960 2025 2014 sapo-

351 2036 494 2090 'rem
523 2036 647 2090 tota
676 2033 769 2089 die
792 2032 1066 2088 dentibus
1083 2034 1301 2087 nostris
1322 2031 1789 2100 ruminabamus,
1813 2048 2023 2103 parum

370 2129 568 2180 tamen
599 2121 977 2195 proﬁciendo.
1027 2119 1238 2192 Utique
1290 2138 1393 2192 pro
1447 2137 1643 2175 amore
1684 2120 1784 2175 Dei
1816 2120 1938 2174 haec
1969 2123 2025 2175 et

373 2211 488 2269 alia
519 2212 725 2278 multa,
774 2211 988 2267 famem
1038 2208 1276 2276 scilicet,
1326 2213 1384 2265 et
1434 2210 1669 2281 frigora,
1703 2212 1760 2265 et
1796 2208 2024 2282 pluvias

372 2301 588 2358 nimias
617 2300 1077 2356 sustinebamus.
1112 2298 1378 2369 Plerique
1395 2297 1571 2353 etiam
1599 2315 1801 2370 equos,
1824 2297 2024 2354 asinos

371 2387 763 2460 camelosque,
811 2387 981 2460 panis
1010 2390 1245 2459 egentes
1276 2387 1732 2442 manducabant.
1780 2387 2026 2459 Insuper

372 2477 569 2551 algore
601 2475 801 2546 nimio,
835 2481 893 2532 et
922 2475 1201 2531 imbrium
1231 2474 1535 2531 afﬂuentia
1562 2474 1887 2547 saepissime
1906 2480 2023 2531 tor-

372 2567 718 2640 quebamur.
752 2582 858 2622 nec
885 2570 1008 2622 erat
1023 2569 1252 2620 tantum
1275 2563 1415 2620 solis
1441 2568 1637 2629 aestus,
1662 2581 1776 2637 quo
1798 2581 2024 2637 pannos

372 2660 606 2713 nostros
637 2655 993 2711 madefactos
1037 2654 1323 2710 exsiccare
1368 2670 1695 2726 possemus,
1747 2671 1881 2709 cum
1911 2654 2024 2708 im-
2090 2640 2103 2651 ’

374 2744 568 2801 brium
602 2744 962 2800 continuatio
991 2742 1081 2799 vel
1114 2760 1216 2815 per
1236 2747 1485 2816 quatuor
1511 2742 1602 2799 vel
1633 2760 1735 2814 per
1764 2743 2026 2815 quinque

374 2833 500 2891 dies
528 2851 636 2890 nos
663 2836 912 2888 vexaret.
944 2831 1075 2888 Vidi
1104 2836 1243 2887 tunc
1274 2832 1470 2904 plures
1499 2832 1891 2888 tabernaculis
1929 2850 2024 2888 ca-

373 2927 568 2980 rentes
592 2922 872 2978 imbrium
922 2923 1119 2994 algore
1157 2921 1467 2992 exstingui.
1520 2922 1638 2990 Ego
1684 2921 2025 2976 Fulcherius

373 3011 767 3080 Carnotensis,
808 3009 909 3083 qui
940 3010 1031 3066 his
1079 3010 1411 3076 intereram,
1461 3010 1579 3065 vidi
1630 3010 1882 3082 quadam
1933 3009 2026 3065 die

375 3099 572 3174 plures
602 3100 909 3172 utriusque
939 3103 1158 3165 sextus,
1193 3099 1526 3170 bestiasque
1555 3098 2025 3170 quamplurimas

2141 511 2269 582 ipsa
2299 511 2602 566 dominicae
2631 510 2958 567 Nativitatis
2989 509 3406 566 revolutionem
3437 509 3785 566 celebraturi

2141 599 2829 672 annuam,przesepio,ubi
2851 600 3055 656 Jesum
3085 600 3270 656 Maria
3287 598 3638 656 venerabilis
3667 616 3787 656 ma-

2138 694 2227 745 ter
2256 689 2572 757 reclinavit,
2606 688 3049 761 praesentialiter
3078 688 3383 761 pervigiles
3411 688 3472 745 in
3504 689 3784 744 orationi-

2139 778 2250 834 bus
2281 779 2713 834 assisteremus.
2767 780 2889 844 Quo
2938 778 2997 834 in
3039 781 3268 834 noctem
3316 795 3448 833 cum
3503 778 3784 850 obsequio

2138 868 2476 924 condeccnti
2506 868 2752 939 expleto,
2783 868 2929 923 hora
2982 868 3095 924 diei
3126 867 3317 935 tertia,
3340 868 3525 924 missa
3552 884 3786 941 quoque

2135 958 2307 1012 tertia
2332 957 3002 1025 celebrata,Hierusalem
3034 956 3440 1013 remeavimus.
3464 957 3509 1013 Ο
3525 961 3783 1030 quantus

2136 1050 2276 1102 tunc
2306 1050 2429 1102 erat
2461 1047 2606 1102 fetor
2633 1047 2788 1102 circa
2819 1063 3018 1102 muros
3037 1046 3306 1114 civitatis,
3342 1046 3503 1102 intus
3516 1051 3575 1103 et
3598 1050 3780 1113 extra,

2136 1136 2205 1192 de
2219 1136 2594 1191 cadaveribus
2608 1136 3062 1191 Sarracenorum
3075 1135 3266 1191 adhuc
3280 1135 3358 1191 ibi
3371 1136 3779 1205 mareentium,

2135 1242 2283 1297 quos
2318 1226 2460 1281 urbe
2493 1229 2665 1297 capta
2696 1224 2929 1296 collegae
2961 1224 3145 1280 nostri
3180 1224 3636 1291 trucidaverunt,
3658 1225 3784 1280 ubi-

2135 1332 2365 1386 cunque
2394 1331 2493 1370 eos
2527 1313 2780 1370 assecuti
2828 1315 3078 1370 fuerant.
3111 1317 3255 1369 Cum
3287 1318 3483 1369 autem
3506 1318 3563 1370 et
3590 1330 3700 1370 nos
3727 1318 3785 1371 et

2133 1405 2397 1477 iumenta
2423 1407 2622 1459 nostra
2652 1404 2844 1475 quiete
2869 1403 3200 1459 necessaria
3235 1402 3661 1476 aliquantisper
3694 1420 3785 1460 ve-

2132 1492 2305 1565 getati
2341 1509 2626 1558 essemus,
2672 1495 2729 1547 et
2775 1491 3165 1565 patriarcham
3215 1492 3274 1547 in
3315 1491 3560 1549 ecclesia
3594 1493 3783 1549 sancti

2133 1580 2383 1654 sepulcri
2406 1586 2527 1637 tam
2559 1583 2677 1637 dux
2708 1598 2883 1653 quam
2919 1581 3111 1637 caeteri
3143 1582 3455 1654 optimates
3485 1581 3781 1654 praefecis-

2133 1676 2283 1741 sent,
2299 1671 2521 1727 scilicet
2541 1672 2822 1726 domuum
2847 1670 3186 1727 Daibertum
3205 1671 3476 1744 superius
3498 1688 3785 1728 memora-

2132 1764 2283 1827 tum,
2301 1760 2692 1831 redintegrato
2718 1758 3027 1830 stipendio,
3041 1763 3099 1815 et
3103 1760 3393 1831 jnmentis
3410 1761 3629 1817 nostris
3649 1778 3785 1817 one-

2134 1850 2298 1917 ratis,
2314 1848 2706 1922 regredientes
2727 1848 3144 1905 descendimus
3174 1850 3247 1905 ad
3271 1850 3489 1906 flumen
3507 1850 3783 1907 Jordani-

2134 1956 2289 1997 cum.
2320 1941 2484 1995 Tunc
2507 1938 2724 2010 placuit
2737 1939 3093 2009 quibusdam
3107 1939 3178 1994 de
3193 1938 3445 1995 exercitu
3461 1940 3785 2011 posteriore

2132 2029 2193 2084 in
2228 2027 2586 2085 Hierusalem
2637 2045 2958 2095 remanere,
3015 2031 3072 2084 et
3120 2028 3456 2100 quibusdan
3486 2029 3558 2085 de
3587 2029 3785 2103 priore

2135 2118 2440 2174 nobiscum
2475 2133 2753 2173 remeare.
2777 2117 2905 2172 Dux
2933 2122 3154 2181 autem,
3176 2117 3330 2174 sicut
3356 2118 3540 2190 prius,
3562 2123 3786 2176 terram

2135 2205 2723 2278 Hierosolymitanam
2756 2209 2993 2263 strenue
3023 2206 3170 2262 rexit
3196 2224 3209 2262 :

2196 2313 2378 2364 Idibus
2406 2313 2458 2361 in
2488 2313 2657 2362 ternis
2683 2312 2908 2377 Augusti
2936 2316 3067 2363 tunc
3094 2314 3224 2363 satis
3253 2315 3408 2377 aegris

2195 2384 2404 2434 Corruit
2433 2384 2679 2435 Urbanus
2707 2384 2905 2448 praesul
2933 2384 3114 2435 Romae
3133 2385 3494 2436 venerandus.

2737 2482 2970 2538 CAPUT
3006 2482 3174 2538 XXII.

2220 2573 2292 2628 De
2321 2572 2628 2628 reversione
2655 2572 2983 2635 Boamundz’,
3013 2579 3066 2657 et
3089 2574 3303 2629 comitis
3330 2573 3598 2630 Balduz‘ni
3625 2575 3701 2631 ad

2830 2660 3076 2716 propria.

2204 2743 2371 2797 Anno
2402 2742 2474 2797 ab
2524 2741 2923 2798 incarnatione
2972 2741 3282 2799 Dominica
3329 2744 3470 2798 1100
3516 2742 3611 2800 die
3642 2744 3787 2801 anni

2137 2831 2345 2903 prima,
2379 2831 2441 2885 in
2470 2829 2701 2886 Jericho
2730 2830 2911 2886 ramis
2942 2831 3273 2903 palmarum
3302 2831 3487 2900 caasis,
3520 2833 3591 2889 ad
3625 2835 3788 2891 defe-

2082 2980 2091 2985 _
2136 2920 2405 2985 rendam,
2442 2923 2506 2974 ut
2553 2936 2681 2975 mos
2725 2924 2834 2984 est,
2868 2937 3073 2977 omnes
3113 2921 3569 2995 assumpsimus,
3602 2926 3665 2979 et
3694 2941 3791 2981 se-

2137 3010 2330 3066 cunda
2360 3008 2452 3065 die
2482 3007 2593 3064 iter
2622 3008 2937 3066 remeanile
2959 3009 3243 3082 cepimus.
3268 3010 3493 3067 Placuit
3510 3011 3792 3087 principi-

2137 3099 2247 3155 bus
2275 3097 2491 3155 nostris
2504 3114 2606 3169 per
2616 3098 2820 3154 urbem
2834 3097 3201 3156 Tiberiadem
3219 3101 3388 3172 juxta
3402 3117 3563 3157 mare
3583 3105 3789 3159 trans-

374 3163 482 3246 hac
513 3188 707 3261 pluvia
737 3163 884 3244 mdri
915 3163 1299 3260 algidissima.
1354 3163 1617 3260 Longum
1649 3163 1758 3244 est-
1777 3188 2022 3243 recitau-
2056 3163 2098 3229 C
2131 3188 2237 3243 ire.
2271 3188 2433 3253 Quod
2466 3163 2627 3244 mare
2656 3188 2728 3244 de
2759 3187 2910 3243 dulci
2936 3206 3091 3262 aqua
3106 3163 3524 3263 congregatum
3555 3190 3789 3249 duode-

374 3278 537 3343 dum,
552 3280 610 3334 et
625 3276 899 3333 audiendi
915 3278 1110 3333 forsan
1129 3276 1389 3342 taedium,
1406 3277 1545 3348 quia
1558 3275 1719 3332 nulla
1737 3276 2019 3343 anxietas,

377 3365 577 3422 nullus
608 3366 774 3422 dolor
798 3366 983 3422 defuit
1030 3365 1245 3438 populo
1276 3364 1397 3420 Dei.
1432 3365 1593 3436 Saepe
1623 3383 1657 3420 a
1690 3365 2024 3421 Sarracenis

374 3455 436 3511 in
466 3455 560 3511 via
587 3454 1008 3511 insidiantibus
1030 3454 1184 3508 circa
1205 3458 1433 3509 meatus
1450 3458 1642 3509 arctos
1664 3454 1858 3526 plures
1881 3455 2026 3509 occi-

377 3544 683 3610 debentur,
734 3546 835 3597 aut
880 3558 1015 3597 cum
1065 3545 1295 3612 raptum
1331 3542 1481 3597 irent
1529 3560 1632 3614 pro
1674 3542 2027 3598 victualibus

377 3630 725 3704 quaerendis.
749 3629 1037 3686 Videretis
1060 3629 1275 3686 milites
1298 3630 1541 3695 nobiles,
1576 3631 1744 3704 equis
1770 3648 2027 3704 quoquo-

378 3719 553 3776 modo
584 3717 839 3785 amissis,
874 3718 1096 3791 pedites
1118 3718 1292 3775 efﬁci.
1313 3719 1600 3776 Videretis
1619 3721 1910 3793 jumentis
1932 3722 2027 3776 de-

379 3806 712 3864 ﬁcientibus
743 3823 948 3879 capras
978 3808 1309 3865 Serracenis
1351 3807 1597 3877 ablatas,
1647 3825 2027 3881 vervecesque

381 3894 767 3969 superpositis
797 3895 1043 3953 sarcinis
1071 3895 1238 3953 valde
1272 3897 1522 3969 fatigari,
1543 3902 1599 3953 et
1630 3897 1805 3954 dorsa
1824 3914 2027 3954 eorum

382 3984 535 4042 mole
563 3984 723 4041 illius
753 3985 993 4041 sarcinae
1025 3987 1340 4058 corrumpi.
1390 3985 1481 4041 Bis
1534 3986 1594 4042 in
1627 3986 1736 4042 hac
1766 3987 1877 4054 via,
1912 4004 2025 4043 non

383 4072 657 4146 amplius,
691 4090 901 4146 panem
928 4076 984 4129 et
1003 4091 1296 4130 annonam
1320 4073 1667 4130 commercio
1698 4074 2025 4143 carissimo,

383 4161 604 4218 scilicet
633 4179 668 4218 a
697 4160 1074 4235 Tripolitanis
1099 4166 1155 4218 et
1184 4162 1639 4219 Caesariensibus
1690 4162 2026 4219 habuimus.

382 4254 548 4306 Patet
575 4266 711 4323 ergo
742 4250 881 4322 quia
927 4249 1140 4323 poterit
1184 4251 1279 4306 vix
1309 4251 1441 4324 quis
1484 4268 1765 4323 magnum
1792 4250 2030 4323 aliquod

384 4339 495 4396 nisi
527 4356 661 4395 cum
692 4356 904 4413 magno
934 4338 1129 4396 labore
1143 4340 1463 4412 acquirere.
1491 4340 1767 4413 Magnum
1797 4340 2027 4413 quidem

383 4428 511 4498 fuit,
547 4445 678 4484 cum
721 4445 907 4500 usque
957 4428 1319 4484 Hierusalem
1370 4428 1858 4500 pervenissemus.
1912 4433 2037 4495 Qua

2130 3275 2339 3350 viginti
2369 3272 2632 3333 millibus
2661 3293 2971 3348 passuum,
3005 3281 3063 3333 et
3091 3277 3353 3351 quinque
3379 3279 3441 3335 in
3471 3278 3790 3347 latnm,vel

2126 3366 2297 3436 juxta
2324 3364 2645 3436 Josephum
2680 3364 2749 3418 40
2777 3364 2986 3421 stadiis
3013 3364 3073 3420 in
3107 3364 3434 3435 latitudine,
3466 3369 3525 3422 et
3541 3371 3789 3424 centum

2135 3454 2193 3509 in
2224 3451 2610 3526 longitudine.
2641 3452 2851 3508 Deinde
2883 3469 2985 3525 per
3013 3456 3332 3511 Caesaream
3365 3454 3638 3528 Philippi,
3656 3472 3789 3529 qua

2134 3547 2356 3598 Paneas
2386 3541 2589 3614 lingua
2635 3541 2872 3615 Syriaca
2923 3541 3155 3611 dicitur,
3207 3544 3281 3600 ad
3308 3544 3536 3614 Libani,
3560 3545 3792 3603 montis

2135 3630 2389 3687 radicem
2447 3630 2643 3699 sitam,
2690 3631 2791 3686 ubi
2835 3631 2952 3686 duo
3011 3631 3201 3688 fontes
3249 3637 3578 3705 emergunt,
3629 3635 3793 3691 unde

2134 3720 2409 3776 Jordanis
2438 3719 2650 3776 ﬂuvius
2676 3718 2971 3776 exoritur:
3006 3721 3105 3793 qui
3132 3726 3332 3793 postea
3358 3738 3519 3778 mare
3549 3722 3790 3780 Galin

2137 3827 2360 3876 secans,
2398 3808 2456 3864 in
2487 3825 2646 3864 mare
2676 3808 2974 3865 Mortuum
3004 3826 3066 3866 se
3096 3809 3327 3883 ingerit.
3350 3812 3458 3868 Hic
3481 3814 3687 3868 autem
3710 3811 3791 3869 la-

2137 3915 2242 3955 cus
2271 3898 2527 3954 Genesar
2555 3896 2768 3966 dictus,
2801 3899 2871 3953 40
2896 3898 3106 3955 stadiis
3134 3898 3195 3955 in
3224 3898 3615 3973 longitudine,
3647 3917 3788 3959 cen-

2137 3991 2380 4059 tumque
2410 3986 2467 4041 in
2481 3986 2809 4055 latitudine,
2817 3987 2989 4058 juxta
3006 3988 3354 4061 Josephum.
3374 3989 3537 4055 Quod
3560 3989 3788 4048 ﬂumen

2139 4076 2346 4147 deinpe
2373 4092 2475 4147 per
2504 4074 2732 4131 alveum
2770 4093 2953 4132 unum
2988 4093 3356 4149 percurrens,
3388 4077 3609 4151 ingerit
3637 4095 3708 4136 se
3736 4079 3796 4135 in

2141 4182 2303 4221 mare
2334 4164 2489 4236 quod
2524 4164 2820 4219 Mortuum
2853 4164 3089 4236 dicitur,
3123 4183 3190 4222 eo
3223 4166 3379 4238 quod
3412 4166 3557 4223 nihil
3589 4167 3801 4241 gignat

2139 4254 2356 4310 vivum.
2392 4253 2498 4319 Qui
2522 4252 2686 4310 lacus
2707 4253 3065 4326 Asphaltites
3087 4254 3281 4311 dictus
3309 4255 3436 4313 sine
3460 4256 3647 4314 fundo
3669 4274 3802 4315 esse

2143 4341 2400 4399 creditur
2428 4341 2487 4397 in
2517 4342 2794 4415 abyssum
2822 4359 2836 4409 ;
2872 4342 2953 4398 ibi
2984 4343 3282 4401 subversis
3311 4343 3668 4413 civitatibus,
3704 4351 3804 4405 So-

2145 4432 2321 4487 doma
2350 4430 2573 4487 scilicet
2600 4434 2657 4487 et
2686 4432 3026 4487 Gomorrha.
3062 4433 3407 4505 Ego-autem
3438 4432 3718 4493 callidius
3734 4436 3804 4492 de

381 4517 634 4586 visitata,
659 4522 1105 4573 consummatus
1131 4523 1221 4572 est
1244 4517 1409 4572 labor
1431 4518 2037 4590 diuturnus.Cumquc
2068 4537 2115 4601 Ι)
2146 4520 2407 4576 fontibus
2427 4518 2522 4575 his
2544 4520 2969 4591 conjectabam,
2993 4520 3234 4578 imitans
3260 4523 3497 4580 beatum
3519 4523 3803 4599 Hierony-

383 4611 719 4663 sanctorum
754 4606 968 4661 Sancta
1006 4605 1545 4662 desiderantissime
1592 4605 2036 4678 inspiceremus,

385 4695 607 4770 ingenti
639 4694 853 4768 gaudio
884 4694 1087 4768 repleti
1120 4712 1348 4751 sumus.
1386 4695 1429 4750 Ο
1460 4694 1688 4767 quoties
1719 4696 1791 4750 ad
1823 4712 2039 4751 memo-

385 4786 533 4841 riam
552 4785 974 4840 reducebamus
997 4783 1158 4840 illam
1181 4784 1513 4840 Davidicam
1537 4785 1904 4857 prophetiam
1922 4802 2039 4857 qua

386 4875 565 4931 dicit:
598 4873 952 4945 Adorabimps
998 4875 1053 4929 in
1093 4875 1227 4940 loco,
1268 4874 1366 4928 ubi
1393 4881 1653 4929 steterant
1695 4874 1852 4945 pedes
1888 4875 2039 4946 ejus!

385 4964 614 5032 (Psalm.
648 4979 832 5032 cxxxr,
865 4965 944 5029 7.)
977 4962 1137 5028 Quod
1172 4960 1451 5016 nimirum
1484 4961 1543 5016 in
1575 4962 1744 5018 nobis
1772 4963 2038 5017 tuncim-

387 5052 529 5126 pleri
559 5051 837 5119 vidimus,
869 5050 1136 5121 quamvis
1167 5048 1298 5105 aliis
1330 5050 1531 5106 multis
1563 5050 1832 5106 similiter
1862 5051 2040 5123 perti-

387 5146 564 5197 neat:
629 5140 769 5195 Illuc
818 5137 1056 5210 quidem
1140 5139 1515 5195 ascendimus
1564 5141 1739 5195 tribus
1800 5142 2038 5207 Domini,

385 5230 456 5285 ad
483 5227 849 5299 conﬁtendum
892 5229 1109 5282 nomini
1158 5232 1359 5282 sancto
1413 5230 1541 5299 ejus
1575 5230 1743 5297 (Psal.
1777 5247 1925 5298 cxxu,
1961 5231 2039 5298 4).

389 5318 492 5373 Die
522 5316 620 5370 illo
654 5333 767 5388 quo
799 5315 1158 5371 Hierusalem
1186 5321 1323 5370 tunc
1354 5315 1841 5387 introivimus,sol
1870 5322 2044 5375 retro-

389 5405 608 5475 gradus
620 5405 903 5461 descensu
916 5403 1152 5460 hiemali
1166 5408 1398 5477 peracto
1412 5423 1713 5462 recursum
1729 5408 2045 5480 resumpsit

391 5492 1088 5566 ascensibilem,Cumque
1102 5492 1436 5566 sepulcrum
1451 5495 1843 5563 Dominicum,
1869 5500 2044 5569 atque

389 5582 505 5635 tem
512 5580 675 5654 plum
688 5583 738 5654 ej
748 5601 815 5641 us
827 5582 1235 5659 gloriosum,et
1246 5585 1449 5641 caetera
1464 5583 1591 5640 loca
1603 5591 1805 5643 sancta
1817 5585 2046 5645 visitas-

2150 4627 2335 4675 mum,
2368 4625 2545 4682 quem
2575 4607 2711 4681 legi,
2742 4608 2804 4664 in
2835 4608 3206 4682 Expositione
3234 4611 3364 4681 ejus
3412 4628 3593 4684 super
3620 4614 3804 4670 Amos

2148 4697 2514 4773 prophetam,
2550 4698 2704 4770 quod
2763 4698 2887 4753 Dan
2936 4698 2997 4754 in
3027 4698 3297 4755 terminis
3325 4703 3490 4756 terras
3539 4701 3802 4759 Judaicaa

2146 4788 2241 4856 sit,
2276 4786 2377 4842 ubi
2408 4803 2565 4842 nunc
2594 4790 2689 4842 eat
2744 4787 2984 4854 Paneas,
3016 4791 3075 4843 et
3126 4788 3268 4860 quia
3295 4789 3486 4846 tribus
3516 4794 3641 4847 Dan
3683 4790 3804 4847 illic

2147 4875 2453 4931 aediﬁcavit
2484 4873 2798 4943 civitatem,
2832 4891 3010 4948 quam
3041 4876 3282 4934 nomine
3302 4877 3485 4950 patris
3516 4879 3611 4935 sui
3639 4897 3805 4937 voca-

2146 4968 2354 5020 verunt
2389 4964 2526 5019 Dan.
2552 4967 2671 5019 Hac
2703 4964 2774 5020 de
2805 4980 2983 5020 causa
3015 4966 3226 5034 sentio,
3260 4966 3478 5022 fontem
3509 4965 3682 5023 illum
3710 4984 3804 5023 vo-

2148 5050 2268 5108 cari
2288 5053 2433 5121 Dan,
2456 5055 2515 5108 et
2544 5051 2792 5108 alterum
2822 5053 2943 5122 Jor,
2967 5054 3070 5126 qui
3096 5052 3233 5110 huic
3254 5053 3617 5128 adiungitur.
3634 5054 3803 5112 Veni-

2150 5159 2282 5197 mus
2298 5145 2495 5197 autem
2518 5142 2590 5196 ad
2604 5141 2811 5197 urbem
2830 5142 3234 5209 fortissimam,
3260 5161 3439 5210 quam
3462 5142 3633 5200 Balac
3656 5161 3802 5200 nun-

2151 5234 2387 5303 cupant,
2420 5248 2454 5285 a
2484 5227 2794 5286 Salomone
2823 5231 3139 5300 conditam,
3174 5233 3359 5289 muris
3403 5234 3802 5290 eminentibus

2151 5320 2612 5386 circumtectam,
2645 5323 2702 5374 et
2714 5318 3046 5375 Thadomor
3065 5320 3137 5376 ab
3162 5337 3228 5377 eo
3254 5320 3630 5394 appellatam,
3656 5321 3800 5377 duo—

2151 5426 2283 5464 rum
2315 5408 2541 5463 dierum
2578 5406 2783 5463 itinere
2804 5425 2839 5463 a
2860 5408 3028 5481 Syria
3056 5408 3395 5477 distantem,
3419 5414 3523 5466 eta
3545 5409 3803 5466 maxima

2154 5496 2472 5569 Babylonia
2500 5511 2602 5552 sex
2646 5495 3053 5552 mansionibus
3102 5496 3304 5569 procul
3353 5497 3691 5567 distantem,
3726 5497 3800 5555 ab

2154 5585 2449 5659 Euphrate
2478 5601 2611 5643 vero
2659 5584 2773 5643 diei
2827 5584 3024 5644 unius.
3049 5589 3212 5645 Hanc
3259 5587 3439 5645 αι’θοί
3471 5587 3799 5663 Palmyram
