3994 6066
207 282 319 347 861

951 286 1368 350 FULCHERII
1411 287 1743 349 CARNOT.
1794 285 1994 347 HIST.
2042 285 2449 347 HIEROSOL.
2482 284 2737 346 -LIB.
2782 284 2860 346 II.

3485 287 3603 350 862

205 423 431 474 vocant.
467 419 570 474 Illo
600 419 657 474 in
690 419 814 475 loco
849 421 1033 476 fontes
1053 425 1109 475 et
1140 420 1295 492 putei
1328 420 1503 474 nimis
1521 421 1843 475 abundant.
1878 420 1931 485 Α
1962 419 2176 489 quibus
2191 419 2362 474 Turci
2389 418 2977 487 multosoceiderunt,
2995 421 3049 473 et
3067 418 3374 490 pecuniam
3399 436 3600 477 eorum

205 509 350 563 Nam
383 509 640 564 inferiori
671 517 823 564 terra
858 529 1146 582 nusquam
1196 528 1350 581 aqua
1397 509 1705 564 invenitur.
1743 510 1846 562 Ubi

206 599 379 653 Turci
419 601 658 653 Dan‘iase
718 600 775 654 in
826 601 994 655 nobis
1043 600 1192 654 obvii
1223 605 1508 654 venerunt
1539 601 1640 652 400
1671 600 1849 653 ferme

203 686 438 742 milites.
456 689 523 742 Et
544 688 680 760 quia
697 689 1019 744 didicerant
1047 707 1161 744 non
1184 706 1310 743 esse
1331 689 1603 756 inermes,
1622 692 1674 742 et
1699 688 1851 742 labo-

204 776 284 832 ris
317 794 497 832 causa
525 776 690 833 valde
721 779 924 846 fessos,
960 778 1220 833 arbitrati
1257 782 1394 832 sunt
1433 795 1538 832 nos
1589 794 1848 847 quoquo-

204 866 377 920 modo
409 867 730 922 debilitare.
767 868 928 932 Quod
962 867 1010 922 si
1045 869 1186 922 forte
1237 872 1562 938 postremos
1611 867 1703 920 die
1754 865 1850 921 illo

206 955 460 1009 domnus
477 956 797 1010 Balduinus
811 957 1058 1011 sollicite
1080 960 1312 1010 etcaute
1334 975 1446 1010 non
1461 960 1846 1018 conservaret,

205 1044 425 1098 multos
457 1045 524 1099 de
553 1045 768 1100 nostris
793 1045 1137 1101 occiderent.
1158 1046 1540 1100 Inundatione
1556 1045 1708 1099 enim
1727 1045 1850 1115 pln-

205 1133 433 1188 viarum
449 1138 685 1188 etarcus
705 1140 754 1188 et
773 1135 996 1206 sagittae
1013 1135 1340 1189 defecerant
1357 1135 1550 1192 eis.eis
1567 1134 1702 1205 quia
1717 1152 1848 1188 cum

206 1221 433 1295 glutine
455 1223 512 1277 in
538 1223 679 1278 locis
704 1223 819 1278 illis
852 1225 1223 1295 adoptantur.
1243 1224 1617 1278 Boamundus
1640 1223 1853 1294 quippe

205 1311 264 1366 in
297 1313 488 1384 primo
521 1329 704 1368 cuneo
721 1315 979 1384 praeibat.
1008 1313 1205 1384 Itaque
1224 1314 1336 1366 Deo
1356 1312 1673 1367 auxiliante
1705 1312 1850 1366 nihil

205 1402 359 1472 apud
396 1419 500 1456 nos
528 1401 732 1457 lucrati
766 1407 923 1457 sunt.
962 1404 1122 1456 Tunc
1173 1407 1366 1457 castra
1419 1407 1617 1456 nostra
1654 1401 1853 1456 metati

205 1508 415 1546 sumus
445 1496 577 1546 ante
609 1492 886 1564 oppidum
923 1492 1285 1564 praedictum.
1307 1492 1582 1562 Sequenti
1604 1508 1736 1546 vero
1763 1492 1852 1545 die

206 1579 341 1651 plus
374 1580 519 1634 mari
556 1581 991 1652 appropiantes,
1026 1585 1156 1635 ante
1189 1582 1394 1634 urbem
1437 1581 1762 1643 Tox-tosam,
1799 1585 1855 1632 et

207 1669 539 1723 Laodiciam
572 1669 974 1725 transivimus.
994 1671 1074 1724 lbi
1101 1687 1331 1742 quoque
1348 1670 1524 1740 Itaym
1537 1670 1651 1723 und
1664 1687 1692 1722 u
1705 1686 1756 1722 m
1774 1685 1856 1722 co-

204 1757 410 1812 mitem
444 1759 973 1831 reperimus,quem
1009 1759 1128 1813 illic
1163 1759 1690 1830 reliqueriimusEt
1717 1757 1855 1828 quia
1890 1797 1934 1860 Β

205 1863 340 1901 cara
370 1851 495 1901 erat
543 1866 794 1914 annona,
813 1847 955 1902 nihil
981 1848 1056 1901 ibi
1075 1849 1471 1903 ademendnm
1496 1847 1853 1911 invenii‘nns,

207 1937 362 1991 unde
393 1937 580 1992 vivere
613 1955 938 2008 possemus.
967 1940 1327 2008 QuaprOpter
1361 1953 1544 2006 usque
1579 1937 1856 1990 Edessam

209 2042 522 2097 properare
555 2044 666 2081 non
702 2026 1079 2081 cessavimus.

788 2116 1018 2170 CAPUT
1059 2116 1250 2170 XXIII.

679 2206 752 2259 De
779 2207 1022 2276 captione
1049 2205 1374 2260 Boamumli.

276 2294 658 2348 Boamundus
689 2293 868 2366 igitur
897 2293 1261 2348 Antiochiam
1297 2294 1570 2365 primitus
1603 2293 1855 2360 advenit,

204 2383 306 2437 ubi
325 2400 357 2436 a
371 2383 495 2436 suis
517 2384 840 2454 gaudenter
859 2388 945 2438 est
967 2387 1296 2454 susceptus.
1317 2384 1596 2453 Deinceps
1613 2398 1857 2452 regnum

205 2489 380 2527 suum
415 2488 518 2543 per
549 2489 648 2527 sex
687 2489 920 2527 menses
953 2476 1018 2526 ut
1040 2472 1203 2543 prius
1255 2472 1528 2526 obtinuit.
1563 2472 1672 2525 Sed
1724 2488 1857 2524 cum

201 2562 230 2616 J
243 2561 362 2616 ulio
395 2578 594 2616 mense
609 2567 884 2633 sequente
901 2562 1104 2615 urbem
1140 2559 1430 2614 Meletiam
1443 2565 1707 2613 vocatam
1723 2577 1858 2613 cum

204 2668 394 2723 pauca
425 2655 593 2722 gente
623 2656 936 2722 appeteret,
971 2667 1146 2722 quam
1182 2650 1230 2704 ei
1268 2650 1363 2721 qui
1400 2649 1562 2703 urbis
1595 2650 1856 2719 ejusdem

204 2745 493 2812 patronus
519 2723 666 2806 erat,
689 2739 914 2794 Gabriel
950 2739 1207 2802 nomine,
1230 2739 1563 2792 redditurus
1583 2739 1858 2809 erat,jam

204 2847 308 2902 per
340 2829 660 2901 legationes
693 2829 962 2883 amicitias
997 2834 1214 2882 mature
1262 2827 1637 2882 conventione
1686 2828 1855 2893 facta,

207 2918 416 2973 obvius
468 2917 548 2971 illi
604 2918 708 2972 t'uit
762 2917 1125 2972 admiraldus
1177 2917 1418 2987 quidam
1464 2916 1697 2970 nomine
1751 2917 1860 2970 Da—

210 3007 489 3072 nismam,
509 3024 641 3061 cum
664 3011 835 3078 gente
855 3009 1176 3061 Turcorum
1205 3023 1438 3077 magna,
1459 3005 1703 3059 moliens
1728 3010 1863 3058 Boa-

211 3097 504 3151 mundum
538 3096 620 3151 sic
642 3096 1046 3167 imprudenter
1067 3094 1466 3150 ambulantem
1493 3094 1857 3165 intercipere.

205 3186 275 3239 Et
305 3203 423 3239 non
457 3185 625 3257 longe
652 3185 725 3238 ab
756 3185 898 3238 urbe
933 3185 1168 3256 praefata
1213 3184 1565 3238 insiluerunt
1612 3183 1670 3236 in
1723 3200 1853 3236 eum
1891 3169 1932 3233 C

202 3274 470 3344 undique
502 3290 645 3345 gens
675 3273 775 3327 illa
803 3274 1187 3344 nefaria,qum
1221 3272 1280 3326 in
1311 3272 1542 3326 insidiis
1569 3272 1848 3326 latitabat.

202 3364 273 3417 Et
306 3380 422 3417 non
455 3363 735 3418 audentes
769 3363 951 3418 nostri
985 3362 1253 3434 prtcliar‘i,
1289 3361 1426 3432 quia
1458 3360 1626 3432 pauci
1669 3365 1850 3425 erant,

204 3453 408 3508 statim
443 3453 730 3524 fugientes
761 3452 818 3505 in
864 3452 1287 3524 dispersionem
1342 3449 1523 3522 fugati
1575 3455 1749 3516 sunt;
1785 3451 1852 3504 de

965 3610 1194 3618 #:—

1959 514 2140 562 totam
2174 510 2523 563 habuerunt.
2542 510 2713 563 Boam
2724 509 2948 562 undum
2971 525 3103 563 vero
3115 509 3601 580 comprehensum

1961 597 2018 651 in
2053 598 2381 669 captionem
2419 615 2615 652 secum
2648 598 3032 651 adduxerunt.
3069 599 3330 669 Cumque
3377 599 3484 654 hoc
3517 601 3598 655 in-

1959 687 2281 742 fortunium
2317 689 2388 741 ab
2422 687 2536 741 illis
2570 688 2664 758 qui
2697 693 3003 742 evaserunt
3036 686 3450 760 divulgaretur,
3480 695 3605 746 orta

1961 780 2046 831 est
2077 777 2230 847 genti
2267 780 2472 831 nostra:
2505 777 2744 848 grandis
2793 777 2926 830 inde
2975 776 3273 832 desolatio.
3305 780 3604 835 Verumta-

1963 884 2092 919 men
2154 867 2269 919 dux
2319 866 2481 919 urbis
2555 867 2776 920 Edessaa
2845 866 3183 932 Balduinus,
3239 871 3605 941 congregatis

1967 957 2196 1009 Francis
2248 961 2623 1026 quotcunque
2672 955 2880 1026 potuit,
2921 956 3230 1010 Edessenis
3281 957 3502 1012 scilicet
3550 963 3607 1014 et.

1960 1044 2356 1104 Antiochenis,
2389 1044 2587 1098 hostes
2621 1045 2925 1115 praedictos
2961 1045 3056 1099 ubi
3091 1062 3186 1100 eos
3235 1063 3360 1101 esse
3387 1049 3608 1103 audivit

1963 1152 2218 1205 qumrere
2251 1151 2364 1187 non
2399 1132 2645 1187 distulit.
2681 1135 3058 1189 Boamundus
3106 1136 3302 1198 etiam,
3336 1137 3605 1192 cincinno

1964 1223 2170 1294 capitis
2201 1222 2289 1276 sui
2326 1223 2607 1288 abscisso,
2645 1222 2939 1277 mandavit
2972 1224 3077 1278 hoc
3109 1224 3431 1297 intersigno
3474 1226 3608 1281 Bal—

1963 1313 2138 1366 duino
2172 1313 2467 1382 prmdicto,
2504 1318 2568 1366 ut
2601 1311 2650 1365 ei
2684 1313 2858 1366 citato
2895 1313 3109 1368 auxilio
3143 1331 3244 1385 pro
3278 1331 3474 1371 amore
3505 1316 3606 1371 Dei

1963 1406 2341 1456 succurreret.
2369 1403 2529 1466 Quod
2555 1419 2686 1455 cum
2702 1402 2962 1456 audisset.
2985 1403 3325 1470 Danisman,
3344 1409 3608 1462 metuens

1963 1491 2172 1545 horum
2207 1491 2664 1557 animositatem,
2701 1507 2816 1545 non
2850 1495 2936 1546 est
2967 1509 3146 1546 ausus
3180 1492 3423 1548 ulterius
3473 1499 3608 1551 ante

1963 1581 2168 1634 urbem
2195 1579 2529 1634 Meletinam
2559 1580 2792 1646 morari,
2810 1599 2986 1651 quam
3006 1581 3307 1637 obsidione
3327 1583 3604 1655 cinxerat;

1964 1670 2063 1723 sed
2098 1669 2376 1741 paulatim
2413 1675 2545 1722 ante
2578 1686 2684 1723 nos
2719 1668 3100 1740 fugiendo,ad
3137 1671 3369 1743 prOpria
3399 1691 3505 1728 sua
3526 1691 3608 1729 re-

1968 1775 2158 1812 meare
2191 1758 2430 1813 curavit.
2467 1758 2626 1813 Unde
2686 1758 2938 1812 multum
2975 1758 3290 1831 doluimus,
3325 1779 3457 1817 cum
3508 1781 3610 1836 per

1969 1852 2085 1901 tres
2119 1847 2242 1901 dies
2277 1847 2405 1901 illos
2441 1847 2593 1901 ultra
2616 1848 2820 1902 urbem
2848 1849 3178 1919 praedictam
3206 1853 3491 1921 persecuti
3518 1871 3611 1907 su-

1970 1953 2124 2001 mus,
2159 1937 2256 2007 qui
2315 1936 2701 1991 libentissime
2743 1943 2944 1991 contra
2993 1955 3089 1993 eos
3142 1939 3607 1997 dimicassemus.

1968 2025 2229 2096 Cumque
2262 2025 2342 2079 sic
2359 2027 2813 2096 regrederemur,
2833 2025 3140 2098 pra‘dictus
3162 2028 3389 2084 Gabriel
3407 2031 3610 2086 urbem

1969 2112 2301 2168 Meletinam
2330 2113 2608 2168 Balduino
2625 2115 2894 2169 reddidit.
2913 2116 3134 2181 Quibus
3153 2117 3609 2185 amiciscfi‘ectis,

1968 2207 2022 2255 et
2054 2203 2395 2257 custodibus
2420 2202 2543 2256 suis
2577 2202 3246 2259 intromissis.Edessam
3273 2205 3474 2260 urbem
3490 2205 3615 2261 Bal-

1968 2291 2184 2346 duinus
2219 2292 2404 2358 rediit,
2441 2298 2495 2346 et
2526 2291 2868 2346 Antiocheni
2900 2294 3091 2349 Incesti
3128 2294 3197 2348 de
3227 2294 3466 2351 domino
3506 2313 3611 2352 suo

1968 2383 2037 2435 ad
2075 2382 2306 2453 propria
2337 2381 2581 2452 regressi
2616 2385 2771 2435 sunt.

2570 2498 2798 2553 CAPUT
2839 2497 3026 2554 XXIV.

2404 2587 2474 2641 De
2506 2596 2674 2642 morte
2700 2590 2841 2658 regis
2874 2589 3168 2661 Godcfridi.

2039 2703 2184 2756 Cum
2218 2707 2412 2756 antem
2448 2702 2571 2772 ipse
2594 2701 2914 2757 Balduinus
2941 2704 3227 2760 frueretur
3251 2723 3359 2760 sua
3378 2724 3616 2780 prospe-

1971 2793 2164 2856 ritate,
2182 2808 2311 2845 eece
2344 2793 2588 2845 nuntius
2619 2791 2852 2845 veniens
2877 2793 2947 2846 ab
2968 2792 3401 2865 Hierosolymis,
3419 2796 3617 2852 intulit

1972 2883 2019 2936 ei
2052 2882 2189 2952 quia
2217 2882 2333 2934 dux
2365 2880 2711 2935 Godefridus
2742 2897 3061 2951 germanus
3091 2885 3218 2954 ejus
3250 2902 3321 2940 xv
3354 2886 3606 2940 Ka1.Au-

1971 2971 2124 3042 gusti
2159 2971 2313 3024 diem
2351 2970 2638 3024 clauserat
2657 2971 2809 3039 apud
2845 2971 3324 3043 Hisrosolymam.

1969 3096 2045 3144 Ad
2078 3100 2236 3156 cal‘iut
2267 3094 2367 3142 hoc
2399 3094 2524 3141 anni
2559 3096 2678 3155 post
2708 3097 2911 3155 captam
2944 3096 3165 3158 contigit
3195 3097 3403 3155 urbem,

1976 3167 2048 3214 Ad
2078 3166 2251 3213 meriti
2282 3165 2551 3212 cumulum
2585 3163 2839 3212 Dominus
2870 3165 2984 3220 tibi,
3017 3166 3124 3214 dux
3153 3167 3450 3226 Godefride,

1969 3237 2201 3296 Contigit
2231 3236 2331 3283 hoc
2354 3249 2593 3296 regnum.
2627 3235 2726 3282 Sed
2760 3238 2997 3296 tempore
3030 3250 3138 3284 non
3170 3237 3425 3287 diuturno

1965 3310 2039 3356 ’l‘u
2073 3307 2381 3369 perium-tus
2414 3321 2494 3363 eo,
2529 3311 2721 3355 natura
2751 3306 2912 3355 dante
2942 3308 3113 3355 ruisti.

1965 3381 2087 3427 Orto
2120 3379 2228 3425 sole
2261 3377 2427 3425 semel
2458 3377 2555 3425 sub
2587 3379 2916 3426 favi-secuto
2950 3380 3144 3437 Leone,

1964 3450 2174 3498 zEtbcra
2203 3449 2456 3496 seandisti
2487 3449 2686 3508 laetans,
2723 3449 2975 3497 Michaele
3008 3449 3237 3499 levante.

1973 3609 2024 3614 -—-—
2037 3608 2256 3614 ____.—__..—-
2279 3607 2468 3613 _—-——-
2479 3607 3078 3615 -.—.___.—-_‘_______

1028 3745 1515 3835 INCIPIT
1595 3746 1976 3830 LIBER
2056 3745 2348 3829 SEtii.
2403 3745 2785 3831 NI)US.

1404 3925 1493 3979 DE
1535 3923 1782 3979 GESTIS
1824 3922 2161 3977 BALDUINI
2202 3921 2430 3976 PRIMI.

747 4076 977 4131 CAPUT
1019 4077 1328 4131 PRIMUM.

276 4165 537 4232 Qualiter
567 4165 874 4220 Balduinu-s
906 4165 976 4219 ad
1016 4166 1311 4237 regendam
1362 4167 1790 4235 Hierosolymam

905 4239 1165 4308 perrca'it.

279 4343 430 4396 Cum
467 4342 997 4413 igiturintimatum
1015 4345 1394 4398 essetdomno
1410 4344 1692 4398 Balduino
1709 4343 1858 4414 quod

211 4430 411 4485 omnis
436 4431 688 4502 populus
713 4432 1414 4504 Hierosolymitanuseum
1441 4433 1497 4486 in
1523 4431 1682 4502 regni
1709 4432 1861 4503 prin-

1972 4076 2307 4145 potuerunt,
2341 4073 2440 4127 ubi
2476 4072 2664 4144 magis
2697 4073 2863 4128 nobis
2895 4073 3126 4130 ofﬁcere
3159 4076 3421 4132 arbitrati
3453 4084 3611 4147 sunt,

1972 4163 2198 4217 obviam
2235 4161 2440 4215 armati
2474 4166 2774 4216 venerunt.
2811 4163 2960 4217 Tum
3003 4164 3238 4234 quidem
3288 4183 3388 4238 per
3437 4168 3615 4224 Anto-

1971 4252 2163 4306 chiam
2196 4250 2657 4315 ivin'ius,debinc
2691 4255 2821 4305 ante
2858 4253 3281 4321 Laodiciam,et
3302 4257 3614 4324 Gibellum,

1974 4340 2340 4404 Maracleam,
2377 4344 2431 4393 et.
2462 4341 2788 4407 Tortosam,
2823 4341 3062 4408 Arcbas,
3099 4346 3154 4396 et
3186 4343 3462 4415 Tripolim
3496 4365 3619 4418 per-

1972 4430 2428 4484 reximus.’l‘unc
2465 4446 2560 4482 rex
2595 4426 2993 4498 Tripolitanus
3017 4429 3228 4501 legavit
3254 4433 3470 4489 domno
3492 4436 3616 4490 Bal-

206 4520 398 4592 cipem
421 4521 896 4575 substituendum
922 4523 1207 4576 hzeredem
1239 4521 1865 4592 cxspectarent.dolens
1900 4508 1940 4570 Ι)
1973 4519 2148 4572 duino
2183 4520 2244 4573 sd
2280 4518 2594 4572 tentorium
2628 4536 2800 4572 suum
2837 4536 3035 4590 panes,
3072 4519 3420 4586 vinum,mcl
3446 4524 3621 4594 sylve-

205 4609 651 4680 aliquantutum
684 4611 752 4664 de
787 4610 982 4665 fratris
1016 4610 1336 4678 morte,sed
1363 4609 1494 4679 plus
1520 4611 1863 4681 gaudensde

203 4697 574 4766 hazreditate,
609 4705 842 4771 accepto
896 4699 1163 4762 consilio,
1199 4704 1412 4753 terram
1464 4717 1652 4768 suam,
1687 4715 1861 4769 quam

204 4787 581 4859 possidebat,
600 4787 825 4855 locavit,
843 4789 1074 4842 cuidam
1101 4787 1382 4842 Balduino
1406 4788 1601 4843 comiti
1621 4791 1863 4859 cognato

203 4893 318 4932 suo
342 4893 474 4930 eam
498 4878 968 4932 committensEt
986 4877 1266 4948 colligens
1279 4876 1657 4932 exercitulum
1690 4895 1861 4931 suum

206 4965 487 5020 ducentis
543 4968 656 5021 fere
689 4967 995 5031 militibus,
1030 4971 1082 5021 et
1117 4967 1504 5038 septingentis
1549 4967 1860 5038 peditibus,

208 5055 322 5110 iter
376 5054 968 5128 Hierosolymitanum
1017 5073 1074 5109 v1
1115 5056 1261 5108 Non.
1297 5055 1560 5109 Octobris
1609 5056 1860 5126 incmpit.

209 5143 502 5199 Nonnulli
535 5145 920 5210 mirabantur,
957 5145 1112 5215 quod
1147 5161 1279 5198 cum
1313 5148 1481 5215 gente
1514 5149 1631 5199 tam
1681 5163 1868 5216 pauca

208 5239 339 5289 erat
373 5250 557 5288 ausus
586 5251 687 5304 per
713 5238 796 5288 tot
825 5233 1082 5288 hostium
1117 5233 1379 5305 regiones
1411 5234 1693 5289 incedere.
1719 5235 1863 5288 Nam

207 5321 482 5394 plerique
514 5327 818 5393 propterea
851 5321 1039 5393 pavidi
1075 5325 1130 5375 et
1163 5321 1345 5375 timidi
1383 5324 1451 5378 de
1491 5323 1730 5394 collegio
1763 5341 1862 5378 no-

211 5417 336 5466 stro
373 5409 625 5466 latenter
654 5415 1043 5475 recesserunt,
1079 5411 1245 5464 nobis
1277 5413 1695 5469 nescientibus.
1722 5415 1864 5468 Cum

212 5505 422 5554 autem
464 5501 888 5572 comperissent
917 5501 1087 5556 Turci
1123 5505 1295 5570 atque
1324 5503 1622 5558 Sarraceni
1655 5523 1760 5559 nos
1789 5506 1869 5559 ita

214 5587 328 5643 iter
361 5604 554 5660 agere,
589 5592 958 5664 congregatis
998 5590 1274 5645 omnibus
1323 5591 1446 5645 suis
1495 5599 1869 5664 quotcunque

1975 4614 2112 4674 stre,
2149 4609 2204 4662 id
2237 4613 2324 4663 est
2356 4608 2659 4673 chuerum,
2691 4624 3072 4679 vervecesqne
3099 4611 3167 4662 ad
3203 4611 3515 4665 edendum.
3551 4615 3620 4668 Et

1976 4698 2308 4751 mandant-lo
2343 4697 2598 4751 innotuit
2631 4695 2711 4750 illi
2746 4697 2899 4768 quod
2934 4697 3158 4751 Duchat
3190 4715 3285 4753 rex
3309 4699 3618 4757 Damasce-

1973 4791 2276 4855 norum,et
2299 4785 2688 4841 Ginahadoles
2716 4803 2812 4839 rex
2843 4786 3062 4858 Calypti
3088 4804 3218 4841 cum
3243 4789 3450 4843 Turcis
3471 4789 3618 4844 mul-

1974 4876 2052 4930 tis
2101 4880 2157 4929 et
2205 4875 2563 4940 Sarracenis,
2597 4875 3022 4947 Arabibusque,
3058 4875 3117 4928 in
3149 4876 3258 4944 via,
3295 4895 3396 4948 per
3443 4895 3616 4950 quam

1976 4983 2078 5018 nos
2112 4963 2295 5017 ituros
2328 4963 2607 5029 sciebant,
2634 4965 2966 5036 congregati
2999 4967 3429 5037 exspectabant.
3456 4969 3617 5032 Quod

1975 5054 2106 5108 licet
2136 5071 2248 5107 non
2283 5053 2520 5107 omnino
2554 5058 2773 5107 certum
2800 5071 2924 5108 esse
2961 5055 3620 5128 crederemus,postmo-

1975 5145 2115 5197 (IUI'II
2145 5160 2346 5197 VCI‘UIT)
2379 5158 2503 5196 CSSC
2537 5142 2959 5213 perscnsimus.

2630 5249 2860 5304 CAPUT
2901 5251 2969 5304 Il.

2014 5347 2089 5396 Ur
2127 5339 2349 5394 insuliis
2383 5341 2674 5412 Turrani»:
2701 5340 2758 5412 in?
2787 5356 2874 5412 rm
2905 5344 3217 5412 pnit'tcnsis,
3249 5350 3300 5397 et
3336 5344 3591 5400 miradili

2363 5411 2630 5481 probitate
2663 5410 2925 5465 Bnlduz’ni
2954 5415 3180 5468 comitis.

2048 5503 2182 5556 Erat
2216 5501 2433 5571 quippe
2467 5516 2579 5552 non
2613 5498 2783 5570 longe
2815 5517 2848 5553 a
2881 5499 3113 5554 Beritbo
3151 5503 3427 5570 urbe,sed
3457 5503 3623 5576 quasi

1980 5589 2268 5647 milliariis
2301 5590 2561 5660 quinque
2579 5587 2988 5660 distansjuxta
3013 5607 3170 5645 mare
3201 5591 3254 5646 in
3279 5592 3369 5646 via
3392 5593 3626 5664 publica
