3998 6088
391 265 510 335 863

903 267 1008 331 AD
1054 266 1568 337 GODEFBIDUM
1612 267 1947 330 APPEND.
1992 264 2070 329 ῙῙ.
2102 299 2179 312 -
2209 262 2523 330 MONUM.
2568 265 2673 328 DE
2714 264 2969 328 BELLO
3012 261 3289 328 SACRO.

3640 264 3802 331 ρεϐι

392 407 624 462 meatus
653 403 1043 473 arctissimus,
1077 402 1246 461 nobis
1277 407 1333 460 et
1362 403 1637 459 omnibus
1667 401 1802 458 illac
1842 405 2034 458 trans-
2065 402 2117 470 Α
2147 405 2302 457 ctam
2324 404 2452 473 psst
2473 417 2581 457 nos
2602 399 3110 464 descenderant,et
3128 397 3375 473 sagittas
3396 398 3613 456 multas
3624 400 3799 472 jacie—

391 493 671 553 euntibus
702 493 938 566 penitus
968 492 1351 561 inevitabilis;
1385 508 1560 565 quem
1594 492 1641 547 si
1675 491 1873 547 hostes
1900 508 2042 563 prae-

406 582 622 639 muniti
667 582 962 638 viantibus
1007 582 1316 655 prohibere
1360 580 1669 647 voluerint,
1704 580 2041 636 nullatenus

394 677 630 729 centum
649 671 829 727 millia
853 670 1105 727 militum
1124 670 1372 726 transire
1396 675 1733 742 potuerunt,
1750 671 1891 741 quin
1915 686 2043 726 cen~

394 766 520 818 tum
556 766 657 835 aut
686 761 989 834 sexaginta
1017 761 1121 816 viri
1155 761 1365 816 armati
1394 759 1699 815 introitum
1733 758 1896 814 illum
1930 759 2046 815 vio-

391 850 580 908 lenter
608 854 811 907 contra
840 849 970 905 illos
1001 850 1300 905 obtineant
1330 849 1905 922 exspectantes.ldeo
1928 848 2039 902 ini-

389 940 528 997 mici
559 940 742 996 nostri
770 938 887 995 illic
911 938 1169 1010 undique
1199 938 1542 1010 intercipere
1573 942 1630 993 et
1650 937 1911 993 occidere
1934 954 2041 993 nos

389 1029 845 1086 arbitrabantur.
880 1029 995 1084 Nos
1025 1033 1221 1084 autem
1253 1026 1391 1082 illuc
1424 1044 1611 1100 usque
1643 1026 2037 1100 pervenimus.

385 1119 649 1189 Cumque
671 1132 1061 1188 praecursores
1089 1116 1272 1171 nostri
1297 1115 1571 1188 praedicto
1596 1114 1811 1170 meatui
1836 1131 2041 1187 appro-

386 1206 797 1280 pinquassent,
820 1205 1090 1261 viderunt
1119 1203 1455 1277 aliquantos
1485 1204 1557 1259 de
1584 1204 1790 1260 Turcis
1814 1202 1931 1259 illis
1952 1220 2039 1259 se-

383 1298 653 1369 gregatos
683 1295 755 1349 ab
783 1294 934 1357 aliis,
963 1299 1165 1348 eontra
1196 1294 1668 1365 procedentes,et
1699 1310 1814 1348 non
1846 1291 2039 1364 explo-

382 1386 772 1451 rantes.Quos
803 1401 936 1439 cum
967 1380 1363 1456 speculatores
1388 1382 1570 1438 nostri
1596 1381 2039 1454 perspexissent

383 1474 497 1530 rati
529 1476 668 1530 sunt
699 1473 983 1544 majorem
1014 1475 1247 1543 gentem
1280 1476 1414 1544 post
1435 1470 1568 1527 illos
1592 1470 1924 1527 insidiando
1952 1470 2038 1526 la-

382 1566 524 1620 tere.
541 1562 704 1630 Quod
728 1561 882 1617 sicut
904 1559 1168 1615 viderant
1188 1560 1404 1631 domno
1428 1558 1710 1616 Balduino
1726 1576 1827 1631 per
1850 1577 2035 1615 unum

384 1668 587 1710 eorum
639 1651 839 1707 statim
889 1650 1294 1705 innotuernnt.
1330 1651 1451 1715 Quo
1501 1648 1724 1718 audito,
1758 1648 2033 1704 militiam

385 1758 553 1800 suam
585 1757 687 1813 per
714 1738 867 1795 acies
898 1738 1148 1794 divisam
1172 1742 1569 1811 competenter
1585 1742 1725 1793 tunc
1747 1738 2036 1794 ordinavit
2065 1775 2111 1841 Β

310 1898 313 1905 _
385 1831 458 1887 ad
490 1828 895 1903 praeliandum.
912 1828 980 1882 Et
1001 1826 1186 1901 signis
1207 1826 1431 1894 levatis,
1452 1826 1733 1899 paulatim
1756 1827 2033 1885 adversus

384 1937 483 1977 eos
515 1917 806 1993 progressi
832 1934 1060 1995 sumus.
1086 1916 1193 1983 Qui
1224 1933 1356 1973 cum
1389 1916 1608 1973 bellum
1640 1933 1774 1973 mox
1796 1918 1915 1973 fore
1932 1935 2035 1989 pu-

382 2012 663 2076 taremus,
697 2007 972 2065 cordibus
1021 2007 1357 2079 compuncti
1406 2006 1592 2078 puris.
1624 2005 1909 2062 auxilium
1934 2007 2032 2062 de-

384 2097 529 2157 ccelo
545 2098 721 2154 affore
733 2095 1122 2169 precabamur
1143 2095 1217 2151 ad
1243 2112 1342 2151 eos
1355 2095 1713 2152 accedentes.
1747 2096 2032 2151 Continuo

385 2190 580 2242 autem
610 2184 800 2256 primo
831 2199 1017 2239 cuneo
1048 2186 1246 2238 nostro
1290 2182 1590 2255 congressi
1640 2187 1780 2239 sunt
1824 2182 1930 2252 illi,
1961 2184 2033 2239 de

386 2273 603 2347 quibus
635 2270 921 2344 aliquanti
953 2271 1263 2327 confestim
1284 2271 1461 2328 occisi
1492 2276 1669 2339 sunt;
1702 2273 1774 2328 de
1813 2273 2031 2329 nostris

383 2379 519 2419 vero
549 2365 801 2435 quatuor
832 2359 1048 2416 milites
1068 2360 1249 2415 vitam
1273 2360 1617 2417 amiserunt.
1635 2363 1896 2433 Cumque
1916 2378 2033 2417 cer-

383 2455 581 2508 tamen
612 2448 758 2505 illud
791 2448 1065 2521 utrinque
1097 2447 1480 2515 dimisissent,
1515 2454 1750 2522 sumpto
1789 2450 2030 2507 consilio

376 2541 618 2613 jussum
649 2543 706 2595 et
733 2542 926 2595 castra
956 2540 1154 2593 nostra
1183 2537 1491 2610 deponi,et
1512 2539 1582 2594 ad
1611 2538 2029 2611 hospitandum

384 2627 616 2687 extendi
649 2627 747 2683 ubi
775 2627 939 2699 prius
967 2643 1439 2696 accesseramus;
1474 2627 1743 2685 hostibus
1777 2645 1849 2684 ne
1878 2630 2035 2685 vide-

382 2735 583 2775 remur
602 2717 771 2789 quasi
794 2716 1073 2785 timidi,si
1103 2715 1297 2772 locum
1321 2732 1425 2773 ceu
1456 2717 1643 2790 refugi
1678 2716 2031 2791 relinquere-

383 2825 538 2865 mus.
570 2807 686 2864 Sed
719 2806 881 2863 aliud
913 2806 1391 2871 monstravimus,
1411 2806 1571 2863 aliud
1600 2823 1733 2863 vero
1761 2807 2029 2881 cogitavi-

382 2914 538 2954 mus.
570 2896 891 2954 Audaciam
923 2894 1220 2952 ﬁnximus.
1254 2896 1354 2952 sed
1388 2900 1636 2952 mortem
1685 2896 2025 2954 metuimus.

381 2986 627 3044 Difﬁcile
657 3002 941 3053 remeare,
969 2985 1068 3041 sed
1102 2983 1406 3041 difficilius
1430 2989 1564 3041 ante
1596 2985 1699 3040 ire.
1730 2987 1777 3041 A
1810 2985 2028 3042 nostris

378 3076 650 3134 hostibus
692 3075 954 3147 undique
1001 3074 1439 3130 obsidebamur.
1488 3073 1633 3129 Hinc
1690 3072 1787 3130 isti
1846 3074 2027 3130 mari-

2147 490 2308 546 bant.
2346 489 2611 560 Undique
2655 489 2965 544 adversum
3014 504 3121 544 nos
3152 489 3553 558 vociferantes,
3581 494 3639 545 et
3667 495 3796 547 tan-

2149 596 2326 651 quam
2358 595 2532 634 canes
2558 577 2645 634 vel
2678 577 2803 650 lupi
2826 576 3207 645 ululantes,et
3223 594 3394 634 enses
3416 595 3557 634 suos
3575 578 3802 636 Vibran-

2146 673 2254 737 tes,
2289 668 2770 724 eonviciabantur
2802 667 2991 723 nobis.
3027 667 3137 722 Sed
3179 666 3320 739 quid
3371 669 3663 724 narrabo?
3690 669 3803 726 Nec

2147 762 2274 814 erat
2297 758 2528 829 uspiam
2562 756 2727 812 locus
2758 757 3043 829 fugae,nec
3074 756 3521 813 remanentibus
3553 774 3687 830 spes
3713 775 3805 814 sa-

2147 845 2432 903 lutis.Nec
2462 850 2692 919 saperet
2721 844 3131 913 Salomon,nec
3162 850 3360 918 posset
3384 846 3613 902 vincere
3645 847 3804 903 Sam-

2148 952 2274 992 son.
2310 936 2423 991 Sed
2471 953 2697 1008 magnae
2747 935 2902 990 Deus
2947 934 3220 1007 potentiae
3271 939 3447 1007 atque
3477 935 3799 993 clementiae

2147 1024 2511 1098 prospiciens
2533 1025 2605 1080 de
2628 1023 2769 1080 cmlo
2792 1024 2851 1078 in
2877 1023 3516 1089 terram,humilitatem
3540 1030 3796 1083 nsstram

2148 1118 2323 1186 atque
2354 1112 2709 1186 angustiam,
2737 1130 2842 1169 nec
2869 1130 2983 1169 non
3014 1112 3362 1186 periculum,
3386 1114 3539 1186 quod
3576 1115 3797 1171 incide-

2150 1220 2353 1258 ramus
2383 1207 2620 1276 prepter
2648 1218 2909 1258 amorem
2928 1203 3058 1274 ejus
3080 1206 3254 1274 atque
3276 1202 3799 1270 servitium,motus

2150 1291 2381 1364 pietate,
2414 1308 2532 1364 qua
2587 1291 2695 1347 rite
2741 1308 2974 1364 semper
3015 1308 3270 1364 praesens
3326 1290 3453 1348 suis
3508 1293 3797 1361 subvenit,
3878 1350 3888 1356 ,
3938 1312 3939 1365 ς

2146 1384 2323 1437 tantae
2344 1380 2651 1454 probitatis
2668 1380 2978 1436 audaciam
2996 1376 3285 1436 militibus
3297 1380 3517 1437 nostris
3532 1382 3802 1454 praestitit

2145 1474 2211 1525 ut
2242 1487 2478 1526 recursu
2506 1468 2808 1542 repentino
2838 1469 3110 1541 fugarent
3132 1485 3231 1525 eos
3253 1470 3636 1543 fugientes,ut
3656 1489 3799 1527 nun-

2144 1577 2324 1633 quam
2357 1559 2623 1615 animum
2655 1558 3005 1614 defendendi
3037 1574 3099 1614 se
3128 1557 3430 1615 haberent.
3456 1559 3569 1616 Sed
3598 1560 3699 1616 alii
3728 1562 3799 1618 de

2144 1649 2393 1721 rupibus
2425 1647 2736 1720 praeruptis
2767 1646 2940 1703 celsis
2986 1647 3046 1702 in
3090 1664 3347 1720 praeceps
3396 1665 3459 1705 se
3487 1649 3795 1715 dederunt,

2142 1737 2240 1794 alii
2274 1753 2407 1793 vero
2436 1736 2593 1793 haud
2625 1736 2778 1792 lente
2807 1736 2879 1792 ad
2902 1734 3099 1793 locum
3128 1737 3468 1795 salvationis
3496 1738 3794 1812 fugerunt,

2141 1827 2238 1883 alii
2271 1831 2468 1883 autem
2500 1825 2797 1882 consecuti
2829 1824 3044 1899 gladiis
3073 1826 3407 1899 interempti
3437 1833 3594 1883 sunt.
3631 1829 3798 1884 Tunc

2140 1914 2402 1973 videritis
2434 1931 2607 1971 naves
2637 1932 2839 1971 eorum
2886 1913 3188 1971 celerrime
3235 1921 3474 1989 propter
3517 1917 3793 1973 timorem

2141 2006 2342 2079 fugere
2375 2022 2476 2077 per
2507 2003 2864 2075 mare,quasi
2894 2020 3205 2076 possemus
3235 2021 3335 2061 eas
3373 2006 3654 2063 manibus
3700 2024 3794 2063 ca-

2086 2126 2109 2137 ο
2141 2094 2409 2167 pere.Per
2438 2098 2668 2149 montes
2689 2092 2845 2148 enim
2877 2098 2935 2148 et
2963 2092 3140 2150 colles
3170 2092 3283 2150 cito
3299 2095 3445 2167 pede
3466 2094 3794 2169 fugiebant.

2141 2185 2341 2256 Itaque
2372 2183 2442 2239 de
2473 2187 2635 2238 tanto
2667 2181 2923 2254 trophaeo
2953 2180 3293 2255 gloriantes,
3325 2183 3399 2239 ad
3438 2183 3794 2254 clientelam,

2140 2288 2269 2344 quae
2291 2271 2524 2328 interim
2546 2270 2948 2344 quadrupedia
2962 2274 3202 2327 onerata
3221 2272 3280 2326 in
3297 2272 3392 2328 via
3406 2274 3797 2343 custodiebat,

2139 2361 2455 2418 laetabundi
2486 2359 2735 2434 regressi
2767 2376 2997 2416 sumus.
3033 2361 3262 2417 Laudes
3292 2361 3475 2434 igitur
3502 2362 3621 2419 Deo
3655 2368 3799 2421 tunc

2139 2450 2511 2525 gratissimas
2541 2448 3029 2522 exsolvimus,qui
3051 2449 3113 2504 in
3135 2454 3297 2507 tanta
3315 2455 3375 2507 et
3394 2449 3798 2509 inaestimabili

2139 2540 2490 2597 necessitate
2520 2540 2756 2610 adjutor
2785 2537 3011 2595 exstitit
3031 2539 3465 2614 magniﬁcus.0
3486 2558 3669 2614 quam
3706 2544 3802 2599 ad-

2139 2629 2434 2685 mirabilia
2463 2629 2563 2685 Dei
2588 2628 2770 2684 facta!
2797 2645 2830 2684 o
2853 2645 3030 2701 quam
3053 2645 3336 2702 magnum
3359 2629 3723 2707 miraculum
3743 2638 3801 2688 et

2138 2718 2433 2775 memoriae
2451 2718 2709 2791 digniter
2721 2717 3257 2773 commendandum
3278 2717 3291 2773 ι
3310 2718 3461 2775 Victi
3482 2736 3731 2778 eramus
3745 2727 3802 2777 et

2135 2808 2272 2865 victi
2301 2806 2550 2863 vicimus
2576 2825 2589 2876 ;
2614 2806 2716 2862 sed
2745 2823 2852 2862 nos
2882 2823 2999 2862 non
3018 2806 3802 2883 vieimus.0uomodoigitur

2136 2914 2250 2953 non
2265 2895 2513 2952 vicimus
2526 2895 2881 2952 ?Vicitenim
2899 2895 2994 2952 ille
3006 2894 3107 2969 qui
3128 2894 3290 2952 solus
3307 2896 3689 2970 omnipotens
3706 2904 3797 2957 est

2133 2989 2366 3042 Creator
2393 2984 2963 3051 omnium,creaturae
2984 3002 3103 3041 sua
3123 2984 3216 3058 pie
3241 2985 3794 3055 subveniens.Quod

2134 3075 2181 3132 si
2205 3076 2360 3131 Deus
2382 3090 2486 3147 pro
2510 3072 2838 3147 nobis,quis
2859 3078 3061 3129 contra
3082 3090 3188 3130 nos
3207 3076 3236 3129 ?
3250 3077 3397 3131 Vere
3412 3092 3515 3148 pro
3537 3076 3719 3133 nobis
3738 3083 3797 3134 et

380 3166 475 3222 nis
504 3163 955 3233 lintribus,hinc
983 3163 1066 3219 illi
1100 3180 1135 3219 a
1162 3163 1335 3219 celsis
1365 3163 1667 3219 monttbus
1698 3162 2028 3219 indesinen-
2054 3149 2097 3216 C
2134 3164 2443 3221 nobiscum
2477 3162 2607 3231 fuit,
2636 3161 2937 3235 complens
2969 3162 3028 3217 in
3061 3162 3233 3219 nobis
3262 3164 3419 3235 quod
3449 3164 3797 3223 Israeliticis

378 3259 468 3313 ter
495 3272 605 3312 nos
633 3253 1057 3330 urgebant.Die
1079 3251 1178 3308 illo
1204 3251 1351 3308 nihil
1380 3251 1540 3318 boni,
1559 3252 1703 3308 nihil
1724 3253 1903 3324 quieti
1928 3253 2026 3309 ha-

378 3345 639 3412 buimus,
673 3361 779 3400 nec
809 3344 1083 3415 jumenta
1128 3346 1348 3407 nostra,
1383 3341 1652 3413 quamvis
1700 3341 2020 3411 sitibunda,

378 3434 671 3507 adaquata
701 3437 858 3488 sunt.
892 3432 1007 3504 Ego
1038 3429 1275 3503 quidem
1305 3429 1394 3485 vel
1426 3429 1677 3496 Carnoti,
1710 3429 1797 3486 vel
1837 3432 2022 3488 Aure-

375 3522 551 3579 lianis
564 3521 798 3578 mallem
815 3537 964 3589 esse,
980 3519 1079 3576 alii
1102 3536 1356 3591 quoque.
1376 3519 1553 3574 Nocte
1564 3518 1693 3591 ipsa
1705 3523 1828 3576 tota
1839 3525 2025 3577 extra-

376 3611 700 3685 papiliones
751 3614 982 3666 nostros
1033 3607 1338 3681 pervigiles
1372 3606 1732 3681 languimus.
1757 3609 2023 3666 Diluculo

375 3705 572 3757 autem
602 3715 835 3756 summo
866 3698 1007 3754 dum
1038 3713 1251 3753 aurora
1281 3696 1447 3753 terris
1471 3697 1711 3753 umbras
1732 3697 2024 3756 dimovere

377 3788 666 3863 coepisset,
699 3790 936 3860 sumpto
969 3788 1041 3842 ad
1074 3786 1322 3842 invicem
1362 3785 1626 3853 consilio,
1658 3786 1749 3842 vel
1804 3786 2024 3843 vivere-

376 3895 531 3947 mus,
552 3876 640 3934 vel
672 3893 1063 3945 moreremur;
1092 3875 1360 3932 tentoriis
1381 3874 1897 3949 collectisregredi
1921 3894 2025 3949 per

373 3966 528 4024 viam
559 3984 737 4040 quam
767 3966 1056 4022 iveramus
1086 3964 1392 4039 elegimus,
1403 3964 1693 4037 jumentis
1715 3966 1931 4021 nostris
1952 3966 2022 4022 de

375 4057 551 4113 rebus
572 4055 803 4112 onustis
837 4054 1257 4128 praeeuntibus,
1284 4053 1711 4127 clientibusque
1743 4054 2021 4110 minanti-

374 4146 507 4202 bus.
536 4144 751 4201 Milites
791 4143 949 4200 enim
981 4143 1407 4216 subsequentes
1429 4142 1818 4199 defendebant
1837 4143 1958 4199 haec
1987 4160 2023 4199 a

375 4233 712 4292 Sarracenis
726 4232 1260 4289 irruentibus.Nam
1273 4248 1407 4287 cum
1421 4231 1503 4286 illi
1519 4231 1751 4289 nefandi
1765 4231 2025 4288 viderent

373 4342 482 4382 nos
534 4324 616 4380 ita
655 4339 889 4380 summo
920 4338 1094 4377 mane
1123 4320 1349 4387 reverti,
1383 4320 1671 4377 confestin
1701 4321 2020 4378 descende-

372 4418 513 4470 runt
541 4413 615 4469 ad
646 4411 1120 4485 persequendum
1152 4427 1259 4467 nos
1286 4414 1569 4482 tanquam
1602 4409 1894 4483 fugitivos.
1909 4409 2020 4466 Alii

2133 3271 2236 3328 per
2265 3251 2608 3326 prophetam
2639 3252 2788 3308 dixit
2819 3267 2832 3307 :
2868 3251 2928 3308 Si
2960 3255 3247 3324 praecepta
3271 3267 3403 3310 mea
3420 3255 3797 3312 servaveritis

2133 3343 2242 3399 hoc
2273 3343 2426 3398 dono
2456 3358 2558 3397 vos
2588 3340 2809 3407 ditabo,
2842 3345 2908 3396 ut
2961 3346 3391 3414 persequantur
3434 3344 3686 3416 quinque
3732 3345 3799 3403 de

2131 3431 2279 3488 vobis
2306 3439 2524 3487 centum
2552 3430 2839 3496 alienos,et
2864 3438 3082 3495 centum
3107 3447 3178 3486 ex
3209 3432 3358 3488 vobis
3394 3432 3575 3488 decem
3602 3436 3797 3490 millia

2132 3523 2278 3592 (Leu.
2311 3537 2426 3586 xw,
2457 3521 2531 3589 8).
2566 3520 2637 3575 Et
2666 3518 2805 3591 quia
2834 3519 2895 3574 in
2926 3519 3026 3576 Dei
3050 3520 3286 3577 servitio
3307 3519 3567 3577 laborem
3594 3522 3799 3579 multi-

2133 3610 2375 3665 modum
2405 3608 2499 3665 die
2530 3625 2595 3664 ae
2643 3612 2810 3665 nocte
2840 3608 3259 3678 tolerabamus,
3291 3614 3351 3666 et
3387 3609 3447 3666 in
3478 3608 3645 3668 nullo
3681 3612 3796 3669 alio

2132 3698 2937 3771 conﬁdebamus,superbiam
2955 3714 3158 3755 eorum
3178 3699 3489 3773 magnifice
3510 3702 3796 3759 cessavit.

2131 3788 2203 3843 Et
2232 3787 2371 3860 quia
2400 3788 2601 3843 devote
2631 3791 2691 3842 et
2718 3787 2778 3843 in
2808 3786 3086 3844 tribulato
3115 3788 3288 3845 corde
3328 3788 3570 3846 Domino
3601 3790 3797 3847 famuo

2129 3875 2420 3945 labamur,
2453 3874 2846 3931 humilitatem
2878 3880 3139 3932 nostram
3181 3877 3452 3950 respexit.
3483 3879 3659 3935 Tunc
3693 3897 3799 3936 au-

2129 3969 2249 4021 tem
2281 3963 2659 4021 tabernacula
2706 3969 2907 4021 nostra
2936 3963 3234 4036 displicari
3273 3971 3331 4021 et
3357 3967 3591 4023 extendi
3615 3969 3799 4038 jussa

2131 4053 2407 4110 sunt.Ubi
2440 4058 2574 4109 ante
2602 4054 2887 4109 domuum
2921 4051 3273 4109 Balduinum
3298 4053 3496 4127 plures
3515 4056 3698 4113 Turci
3723 4058 3801 4113 lo-

2130 4142 2393 4216 cupletes
2419 4142 2534 4199 vivi
2564 4141 2717 4216 capti
2747 4142 2985 4199 abducti
3016 4147 3314 4210 sunt,cum
3340 4143 3547 4217 spoliis
3566 4147 3799 4204 occiso-

2130 4236 2349 4301 rum,et
2379 4231 2560 4289 armis
2588 4230 2863 4288 similiter
2891 4230 3106 4288 allatis.
3138 4232 3333 4304 Equos
3361 4249 3495 4289 cum
3538 4233 3714 4293 sellis
3743 4241 3801 4293 et

2129 4320 2348 4395 lupatis
2383 4320 2606 4378 auratis
2633 4320 3155 4378 habuimus.Nocte
3177 4325 3375 4378 autem
3395 4322 3498 4379 illa
3515 4325 3799 4397 sequenti

2137 4414 2450 4479 transacta,
2475 4426 2669 4476 mane,
2702 4414 2878 4483 prout
2906 4409 3158 4467 astutius
3187 4410 3527 4468 consultum
3557 4418 3675 4483 est,
3712 4431 3800 4473 re-

373 4518 478 4576 per
506 4519 667 4558 mare
699 4518 833 4558 cum
864 4499 1101 4568 carinis,
1135 4498 1237 4554 alii
1265 4516 1399 4555 vero
1434 4502 1565 4571 post
1595 4515 1702 4555 nos
1735 4515 1839 4571 per
1868 4499 2022 4555 viam
2051 4516 2099 4582 D
2130 4505 2220 4556 tro
2272 4499 2627 4556 secessimus
2672 4502 2927 4571 quatuor
2957 4498 3210 4555 millium
3240 4499 3467 4557 itinere.
3502 4501 3612 4558 Ubi
3659 4521 3800 4560 eum

372 4609 488 4666 qua
520 4591 777 4659 ibamus,
810 4589 910 4646 alii
940 4606 1044 4663 per
1075 4592 1303 4645 montes
1333 4592 1390 4643 et
1419 4585 1596 4644 colles
1637 4596 1756 4644 tam
1796 4588 2022 4661 equites

372 4691 552 4754 quam
585 4680 809 4754 pedites
839 4695 943 4752 per
970 4677 1347 4752 angiportum
1379 4675 1532 4733 sicut
1578 4693 1712 4732 oves
1757 4677 1830 4733 ad
1875 4676 2024 4734 ovile

371 4774 505 4828 ante
534 4788 597 4826 se
628 4786 735 4827 nos
765 4768 1094 4839 minabant,
1129 4772 1194 4823 ut
1222 4765 1489 4824 exclusos
1521 4784 1555 4822 a
1584 4764 1827 4839 planitie
1877 4784 2022 4839 qua-

373 4859 532 4927 dam,
567 4876 694 4931 quae
744 4857 825 4913 ibi
873 4862 962 4915 est
1009 4858 1069 4912 in
1099 4857 1253 4914 exitu
1290 4853 1714 4929 angustissimo
1749 4855 1901 4911 inter
1929 4872 2023 4911 sa-

369 4950 495 5006 lum
526 4954 583 5004 et
613 4952 894 5015 montem,
926 4948 997 5003 ad
1031 4946 1486 5002 interimendum
1519 4961 1626 5001 nos
1658 4944 1825 5001 facile
1846 4945 2022 5000 inter-

368 5039 649 5112 ciperent.
666 5037 777 5093 Sed
812 5052 927 5091 non
959 5035 1111 5091 sicut
1141 5035 1419 5090 rebantur
1448 5032 1853 5107 contigit.Viri
1866 5034 2024 5090 enim

370 5125 556 5183 nostri
590 5127 926 5180 statuerunt
954 5122 1106 5179 inter
1132 5140 1217 5191 se,
1248 5122 1534 5179 dicentes:
1556 5144 1584 5173 ς(
1604 5121 1662 5177 Si
1700 5122 1757 5177 in
1782 5121 2027 5195 planitie

370 5214 473 5271 illa
503 5212 705 5285 patula
737 5229 843 5268 nos
874 5214 1289 5285 persequentes
1320 5210 1646 5284 poterimus
1674 5209 2026 5285 intercipere

360 5303 528 5369 illos,
562 5302 806 5357 forsitan
836 5301 952 5357 Deo
975 5303 1218 5373 juvante
1247 5304 1450 5356 contra
1480 5299 1612 5356 illos
1642 5303 2021 5365 revertentes.

373 5396 432 5449 et
461 5390 608 5446 bene
638 5396 988 5463 pugnantes,
1004 5406 1281 5446 eruemur
1309 5389 1381 5445 ab
1414 5387 1551 5444 illis.
1588 5412 1614 5439 >2
1647 5390 1903 5461 Jamjam
1926 5408 2027 5446 au-

373 5484 493 5536 tem
524 5495 555 5535 e
581 5478 826 5536 navibus
844 5478 1208 5546 exsiliebant,
1216 5479 1344 5549 jam
1364 5478 1420 5533 vi
1444 5482 1644 5550 captos
1666 5496 1845 5552 prope
1866 5495 2027 5536 mare

374 5572 683 5651 pergentes
704 5568 1070 5629 decollabant
1093 5585 1108 5639 ;
1123 5567 1370 5641 jamque
1399 5566 1460 5623 in
1491 5566 1794 5641 planitiem
1820 5570 2028 5643 praedi-

2132 4588 2731 4662 rapinam’praefatam
2761 4589 3034 4662 princeps
3065 4593 3263 4644 noster
3291 4589 3609 4658 divisisset,
3626 4599 3803 4649 nocte

2131 4677 2578 4751 superveniente
2625 4677 2686 4733 in
2736 4676 2976 4734 castello
3007 4677 3263 4750 quodam
3295 4678 3653 4752 depopulato
3686 4682 3801 4737 sub

2131 4766 2299 4824 olivis
2328 4767 2390 4822 in
2419 4766 2687 4840 virgultis
2718 4767 3070 4839 quievimus.
3104 4768 3349 4824 Summo
3386 4772 3589 4825 autem
3617 4786 3803 4826 mane

2133 4855 2460 4913 Balduinus
2489 4855 2631 4913 item
2675 4857 3027 4929 probitatem
3066 4872 3237 4913 suam
3284 4856 3518 4914 solitam
3568 4858 3802 4932 ample-

2133 4949 2318 5014 ctens,
2335 4945 2591 5017 sumptis
2621 4945 2692 5002 de
2714 4944 3002 5003 militibus
3025 4945 3150 5002 suis
3167 4944 3485 5019 aliquantis
3504 4963 3705 5020 usque
3726 4948 3801 5004 ad

2136 5034 2441 5108 angustias
2491 5038 2721 5091 meatus
2757 5035 2884 5106 jam
2915 5034 3053 5090 dicti
3085 5034 3386 5108 equitavit,
3420 5040 3803 5094 scrutaturus

2135 5124 2185 5180 si
2218 5123 2411 5180 adhuc
2459 5123 2605 5179 inibi
2653 5122 2957 5180 Sarraceni
2994 5127 3211 5193 essent,
3246 5124 3347 5197 qui
3406 5125 3578 5181 nobis
3636 5126 3800 5183 viam

2136 5213 2727 5287 ante'vetuerant.Qui
2739 5229 2874 5271 cum
2891 5211 3121 5269 nullum
3141 5213 3799 5288 invenisset,quoniam,

2135 5303 2345 5359 audita
2364 5301 2727 5375 dispersione
2747 5302 2921 5369 facta,
2951 5319 3157 5360 omnes
3177 5302 3553 5378 aufugerant,
3588 5304 3801 5362 laudes

2135 5391 2295 5449 dedit
2324 5391 2459 5461 Deo,
2493 5396 2551 5448 et
2597 5392 2799 5448 statim
2830 5391 2891 5448 in
2923 5393 3229 5449 cacumine
3259 5393 3527 5466 ejusdem
3573 5393 3800 5451 montis

2136 5479 2370 5538 escendi
2392 5496 2496 5553 pro
2527 5481 2694 5555 signo
2721 5480 2918 5555 ignem
2949 5480 3178 5553 fecit,ut
3205 5482 3307 5555 qui
3340 5482 3401 5538 in
3441 5483 3655 5540 castris
3690 5500 3800 5540 no-

2136 5569 2275 5627 stris
2305 5586 2799 5640 remanseramus,
2827 5570 2950 5629 viso
2971 5570 3136 5630 fumo
3164 5570 3265 5630 illo
3294 5571 3626 5646 promptius
3658 5572 3800 5631 illos
