3998 6088
159 292 281 378 865

926 310 1346 383 FULCHERII
1390 310 1726 378 CARNOT.
1773 310 1974 377 HIST.
2021 312 2516 378 HlEROSOL.—-
2543 314 2692 379 LIB.
2740 313 2817 379 II.

3460 282 3579 385 see

161 465 546 522 sequeremur
577 447 677 521 qui
711 445 794 504 sic
823 448 1316 520 praeiverant.Quo
1338 448 1671 516 viso,Dcum
1696 448 1817 504 lau-
1848 448 1905 515 Α
1936 453 2221 515 remus,ct
2251 453 2466 505 terram
2498 448 2871 505 inimicorum
2902 452 3235 507 nostrorum
3267 452 3444 507 etiam
3480 469 3581 525 va:

163 537 667 607 dantes,celeriter
696 537 882 595 secuti
911 555 1119 594 sumus
1151 555 1270 608 cos,
1287 541 1345 595 et
1371 537 1525 594 viam
1558 541 1819 595 nostram

163 627 498 684 invenimus
517 626 849 694 liberam,et
868 626 1264 683 desideratum
1287 626 1669 684 transivimus
1689 626 1817 681 iter.

164 716 268 773 Die
299 716 537 790 quidem
566 715 666 772 illo
696 732 875 789 prope
907 716 1111 771 urbem
1144 716 1404 772 Beritum
1428 715 1705 789 hospitati
1731 733 1826 771 su-

164 823 324 862 mus.
355 806 479 870 Quo
537 810 859 877 comperto,
918 805 1288 861 admiraldus
1341 805 1608 878 ejusdem
1656 804 1822 860 urbis

162 896 302 969 plus
331 912 510 951 causa
538 893 774 951 timoris
804 911 982 966 quam
1013 894 1233 951 amoris
1270 893 1519 951 victuale
1542 894 1821 950 diurnum

162 985 461 1043 scafarum
495 988 660 1058 gestu
696 984 911 1040 domno
941 982 1223 1040 Balduino
1254 982 1723 1040 misit.Similiter
1752 983 1823 1039 de

164 1073 504 1130 civitatibus
535 1072 689 1142 aliis,
722 1077 856 1129 ante
908 1089 1057 1145 quas
1104 1072 1507 1140 transivimus,
1539 1072 1820 1140 fecerunt,

162 1163 393 1221 scilicet
420 1162 717 1229 Sidonem,
752 1165 810 1218 et
833 1162 1073 1235 Tyrum,
1107 1166 1281 1235 atque
1330 1162 1545 1232 Acbon,
1578 1161 1687 1217 hoc
1734 1164 1825 1217 est

163 1252 905 1325 Ptolemaidamﬁngentes
938 1250 1391 1317 amicitiam,sed
1425 1267 1524 1306 cor
1544 1250 1825 1306 habentes

162 1342 584 1415 nequam.Jam
616 1339 954 1414 possidebat
975 1340 1259 1414 oppidum
1283 1339 1578 1413 Caypbam
1601 1339 1824 1395 dictum

162 1429 694 1502 Tancredus,quod
725 1429 853 1503 ipso
884 1446 1038 1485 anno
1062 1429 1189 1500 jam
1219 1427 1326 1484 viri
1368 1427 1826 1503 Hierosolymitze

162 1519 753 1592 comprehenderant.
771 1520 839 1574 Et
856 1519 998 1592 quia
1017 1519 1356 1574 Tancredus
1378 1517 1661 1574 Balduino
1688 1521 1827 1572 tunc

164 1607 493 1666 malevolus
524 1612 670 1675 erat,
716 1625 830 1664 non
880 1606 1025 1663 illud
1073 1606 1467 1663 introivimus.
1519 1608 1650 1680 Ipse
1692 1622 1827 1662 vero

162 1704 311 1755 tunc
341 1698 424 1754 ibi
455 1715 570 1754 non
619 1702 762 1764 erat,
797 1697 897 1753 sed
942 1696 1096 1752 cives
1120 1698 1250 1769 ejus
1290 1712 1502 1769 panem
1536 1700 1595 1752 et
1622 1695 1825 1751 vinum

165 1788 342 1844 nobis
370 1791 533 1844 extra
559 1784 1063 1843 vendiderunt.llli
1093 1785 1386 1886 enim.nos
1411 1790 1698 1888 tanquam“
1719 1785 1830 1841 fra-
1860 1823 1907 1888 Β

164 1883 292 1934 tres
322 1876 679 1943 habuerunt,
711 1879 767 1931 et
794 1875 989 1931 videre
1019 1891 1126 1931 nos
1148 1874 1830 1930 desideraverunt.Tran-

166 1969 413 2023 seuntes
443 1969 637 2021 autem
670 1965 1011 2031 Caesaream,
1045 1968 1103 2019 et
1133 1963 1343 2019 Arsuth
1386 1963 1828 2035 castrum,quod

167 2073 282 2112 nos
311 2060 454 2111 tunc
495 2053 685 2128 ignari
713 2056 955 2109 Azotum
991 2069 1119 2110 esse
1153 2053 1508 2125 putabamus
1557 2053 1679 2121 (sed
1714 2069 1829 2108 non

168 2150 281 2201 est.
317 2143 606 2211 Quoniam
634 2145 850 2199 Azotus
881 2159 1000 2198 una
1029 2141 1140 2197 fuit
1169 2142 1240 2198 de
1291 2141 1552 2214 quinque
1583 2141 1831 2197 civitati-

174 2235 291 2291 bus
320 2232 790 2299 Philistinorum,
809 2231 1108 2305 quaeinter
1132 2231 1380 2303 Joppem
1401 2235 1456 2287 et
1488 2229 1830 2286 Ascalonem

172 2325 232 2379 in
269 2322 529 2378 viculum
558 2322 789 2377 redacta
811 2326 944 2391 est),
972 2324 1030 2376 et
1048 2320 1417 2392 Antipatrida
1440 2319 1833 2388 transita,tan-

172 2414 309 2470 dem
339 2411 612 2468 venimus
656 2410 902 2483 Joppem
951 2408 1266 2478 civitatem,
1301 2426 1427 2482 quae
1458 2413 1547 2464 est
1581 2410 1639 2464 in
1671 2409 1831 2465 tribu

174 2508 323 2570 Dan,
353 2500 736 2557 maritimam.
768 2499 876 2555 Ubi
926 2498 1131 2555 Franci
1164 2496 1347 2554 nostri
1386 2498 1668 2553 domnum
1702 2497 1831 2554 Bal-

174 2592 431 2648 duinum
449 2593 517 2645 ut
530 2606 723 2663 regem
740 2588 864 2660 jam
881 2605 1055 2643 suum
1081 2587 1404 2661 gaudenter
1425 2591 1829 2659 susceperunt.

176 2682 246 2737 Et
276 2697 396 2736 non
428 2696 595 2735 mora
632 2678 711 2733 ibi
745 2678 918 2747 facta,
952 2675 1318 2732 Hierusalem
1369 2676 1829 2750 properavimus.

175 2773 445 2842 Cumque
477 2768 548 2824 ad
581 2768 785 2823 urbem
816 2765 1749 2839 appropinquassemus,exierunt
1781 2766 1831 2822 ei

174 2857 413 2917 obviam
444 2862 565 2913 tam
594 2855 787 2912 clerici
820 2871 998 2929 quam
1031 2853 1163 2911 laici
1196 2870 1401 2911 omnes
1434 2873 1447 2923 ;
1475 2854 1653 2911 Grazci
1688 2871 1831 2927 quo-

176 2965 295 3022 que
323 2964 393 3004 ac
422 2946 573 3020 Syri,
605 2959 741 3002 cum
791 2943 1066 3001 crucibus
1097 2960 1164 3000 ac
1204 2944 1405 2999 cereis.
1439 2942 1548 3008 Qui
1577 2961 1711 3000 eum
1744 2944 1833 3020 in-

175 3037 339 3112 genti
371 3034 588 3109 gaudio
618 3039 675 3091 et
699 3032 1144 3091 honorificentia
1162 3032 1402 3089 vocibus
1424 3032 1692 3088 altisonis
1712 3032 1836 3088 lau-

175 3128 285 3185 des
306 3125 747 3200 agendo,nsque
764 3123 824 3179 in
845 3121 1091 3179 ecclesia
1116 3121 1405 3178 Dominici
1427 3121 1676 3195 sepulcri
1697 3138 1831 3177 eum

1929 539 2468 595 staremus.Euntes
2499 555 2635 612 ergo
2661 538 2994 595 invenimus
3021 538 3212 606 villas,
3247 540 3348 596 ubi
3380 541 3579 598 Sarra-

1930 627 2057 683 ceni
2088 627 2288 683 incola
2315 627 2569 702 regionis
2589 627 2749 684 illius
2768 628 2828 684 in
2852 628 3116 685 cavernis
3132 634 3369 702 propter
3391 647 3497 686 nos
3521 645 3584 686 se

1931 715 2359 773 occultaverant
2387 734 2523 773 cum
2552 717 2756 774 bestiis
2787 722 2841 773 et
2873 718 3048 774 rebus
3079 718 3224 774 suis.
3258 719 3337 793 De
3369 718 3585 791 quibus

1932 822 2064 861 cum
2097 805 2327 861 nullum
2359 806 2660 863 extrahere
2690 823 3020 880 possemus,
3064 823 3306 864 accenso
3359 807 3481 880 igni
3512 808 3584 865 ad

1932 911 2186 951 cavernae
2218 896 2529 963 orificium,
2564 914 2697 951 mox
2730 900 2963 968 prepter
2994 898 3222 952 fumum
3247 901 3303 953 et
3331 896 3585 953 calorem

1932 983 2356 1040 intolerabilem
2379 985 2532 1041 alius
2546 989 2673 1058 post
2691 984 2875 1040 alium
2901 985 3056 1041 foras
3078 986 3148 1040 ad
3169 1002 3277 1041 nos
3297 985 3582 1043 exierunt.

1932 1074 2112 1129 Erant
2142 1073 2381 1146 quidam
2414 1091 2482 1128 ex
2513 1074 2597 1130 eis
2642 1073 2981 1141 latrunculi,
3015 1074 3113 1146 qui
3156 1074 3267 1130 rite
3306 1074 3457 1130 inter
3482 1075 3590 1131 Ra-

1934 1161 2154 1217 mulam
2188 1168 2246 1218 et
2277 1162 2640 1219 Hierusalem
2686 1162 3055 1232 insidiantes,
3091 1162 3455 1220 Christianos
3482 1180 3587 1220 no-

1934 1256 2087 1307 stros
2116 1252 2378 1308 occidere
2406 1251 2690 1307 solebant.
2725 1251 2885 1318 Quod
2920 1268 3052 1307 cum
3080 1268 3114 1307 a
3143 1251 3304 1324 Syris
3341 1251 3587 1324 quibus-

1936 1340 2071 1396 dam
2102 1340 2580 1414 Christianis,qui
2613 1357 2747 1397 cum
2777 1339 2895 1397 illis
2926 1340 2983 1395 in
3008 1340 3221 1397 abditis
3252 1340 3582 1414 latitabant,

1934 1430 2106 1485 nobis
2136 1429 2473 1485 intimatum
2506 1428 3229 1500 fuisset,hujusmodiesse
3259 1429 3390 1487 illos
3412 1429 3590 1486 male-

1936 1519 2203 1587 factores,
2238 1536 2372 1574 mox
2401 1536 2535 1575 cum
2569 1520 2639 1574 de
2678 1535 2924 1575 caverna
2953 1518 3189 1574 exibant
3218 1518 3588 1575 decollaban-

1936 1607 2220 1680 tur.Syris
2234 1613 2429 1663 autem
2449 1612 2505 1663 et
2521 1624 2722 1664 eorum
2745 1608 2873 1679 conj
2882 1607 3097 1680 ugibus
3113 1607 3589 1681 pepercimus.De

1938 1697 2275 1753 Sarracenis
2305 1697 2522 1770 quippe
2550 1701 2786 1753 centum
2814 1698 2993 1753 ferme
3013 1697 3434 1753 occidimus.Et
3453 1712 3588 1753 cum

1937 1791 2148 1841 cuncta
2176 1785 2293 1840 illic
2315 1787 2607 1857 jumenta,
2640 1790 2763 1841 tam
2813 1802 3106 1841 annonam
3156 1802 3335 1858 quam
3372 1785 3591 1843 bestias

1939 1875 2317 1942 comedendo,
2349 1874 2918 1947 consumpissemus,
2949 1878 3005 1930 et
3036 1874 3180 1930 nihil
3229 1874 3397 1931 nobis
3445 1872 3590 1931 utile

1939 1962 2198 2020 invenire
2229 1963 2486 2036 amplius
2514 1963 2996 2036 possemus,inito
3028 1962 3269 2020 consilio
3300 1980 3434 2020 cum
3464 1963 3592 2036 qui-

1940 2052 2193 2108 busdam
2226 2052 2423 2125 patriae
2445 2052 2896 2124 alumnis,prius
2915 2053 3381 2120 Sarracenis,sed
3405 2069 3592 2125 nuper

1940 2141 2309 2206 Christianis,
2341 2142 2442 2215 qui
2491 2141 2618 2198 loca
2647 2141 2804 2197 culta
2833 2146 2891 2198 et
2912 2141 3136 2198 inculta
3164 2141 3335 2216 longe
3359 2141 3591 2214 lateque

1941 2230 2224 2299 sciebant,
2256 2230 2317 2286 in
2366 2230 2641 2287 Arabiam
2693 2232 2926 2287 scedere
2975 2230 3324 2304 dispositum
3375 2235 3483 2287 est.
3523 2234 3593 2287 Et

1940 2325 2315 2375 transeuntes
2338 2325 2821 2393 mon‘tana,prope
2844 2320 3309 2392 patriarcharum
3333 2319 3591 2393 sepultu-

1942 2427 2056 2475 ras,
2090 2408 2359 2465 videlicet
2388 2409 2831 2478 Abrahae,lsaac
2858 2413 2915 2465 et
2940 2410 3140 2478 Jacob,
3175 2409 3328 2465 Sara:
3359 2426 3592 2483 quoque

1942 2503 1999 2555 et
2052 2499 2346 2566 Rebeccae,
2384 2499 2483 2554 ubi
2527 2515 2769 2571 corpora
2818 2515 3019 2554 eorum
3068 2498 3318 2573 gloriose
3362 2497 3594 2573 sepulta

1943 2592 2103 2658 sunt,
2128 2588 2200 2643 ab
2222 2588 2365 2643 urbe
2395 2587 2791 2660 Hierosolyma
2814 2589 2979 2660 quasi
3000 2588 3290 2644 milliariis
3313 2593 3590 2661 quatuor-

1942 2677 2130 2732 decim
2149 2677 2725 2744 distantia,venimus
2739 2676 2798 2732 in
2812 2676 3043 2745 vallem,
3065 2677 3163 2734 ubi
3178 2677 3434 2734 scelestae
3458 2676 3594 2733 civi-

1941 2770 2091 2822 tates
2105 2767 2423 2823 Sodomaet
2439 2766 2759 2822 Gomorrha
2772 2766 2871 2821 Dei
2882 2766 3108 2839 judicio
3122 2767 3411 2823 subversa
3431 2768 3588 2823 sunt.

2582 2854 2813 2911 CAPUT
2856 2855 2948 2911 ιν.

2509 2947 2583 3001 De
2608 2950 2825 3000 mortuo
2861 2945 3020 3000 Mari.

2016 3032 2099 3088 lbi
2131 3032 2369 3105 quidem
2399 3032 2561 3095 lacus
2591 3049 2748 3090 nunc
2785 3038 2875 3089 est
2904 3050 3176 3107 magnus,
3211 3050 3385 3106 quem
3431 3049 3593 3090 mare

1944 3122 2236 3177 Mortuum
2270 3126 2499 3190 vocant,
2530 3139 2596 3178 eo
2629 3123 2786 3195 quod
2816 3121 2961 3177 nihil
2993 3122 3216 3195 gignat.
3260 3122 3591 3196 Longitudo

177 3195 569 3273 deduxerunt.
604 3195 749 3269 Huic
798 3211 1119 3269 celebritati
1154 3210 1487 3284 patriarcha
1524 3210 1834 3268 Dalbertus
1864 3195 1906 3260 C
1946 3211 2788 3285 quoqueejusquingentorum
2808 3215 2865 3268 et
2887 3195 3591 3284 octogintastadiorumin

176 3322 301 3363 non
332 3302 617 3370 interfuit,
647 3302 786 3375 quia
814 3301 885 3357 de
915 3301 1273 3374 quibusdam
1304 3300 1459 3373 apud
1483 3299 1834 3356 Balduinum

176 3398 308 3451 erat
338 3391 800 3460 insimulatus,et
829 3389 1129 3447 discordes
1160 3390 1231 3445 ad
1264 3389 1509 3446 invicem
1540 3389 1836 3445 habeban-

178 3485 495 3549 tur.Quem
524 3481 701 3537 etiam
734 3481 924 3552 major
953 3477 1090 3535 cleri
1121 3496 1258 3551 pars
1286 3495 1527 3535 exosum
1562 3483 1703 3535 tunc
1732 3478 1834 3534 ha-

175 3572 754 3643 bebat.Quapropter
780 3568 841 3624 in
864 3573 1061 3624 monte
1083 3568 1222 3624 Sion
1246 3569 1381 3624 sede
1413 3568 1677 3641 privatus
1694 3572 1836 3625 tunc

174 3660 605 3723 morabatur,et
636 3658 746 3714 fuit
777 3657 858 3713 ibi
888 3658 1073 3713 donec
1105 3656 1383 3715 delictum
1414 3658 1465 3713 ei
1487 3656 1837 3714 malevolen-

172 3752 272 3808 tize
303 3749 565 3807 solutum
598 3751 706 3804 est.
741 3747 851 3803 Sed
886 3764 1017 3802 cum
1069 3763 1172 3819 per
1201 3762 1301 3803 sex
1350 3747 1477 3802 dies
1507 3747 1704 3819 quiete
1733 3765 1833 3821 op-

170 3838 517 3914 portunain
555 3835 919 3893 Hierusalem
952 3836 1152 3893 labore
1181 3835 1433 3892 alleviati
1465 3852 1750 3905 essemus,
1784 3840 1840 3892 et

168 3946 275 3987 rex
305 3930 381 3985 de
410 3922 663 4001 negotiis
693 3925 818 3982 suis
844 3924 1160 3998 aliquantis
1189 3924 1576 3998 expediretur,
1609 3925 1718 3982 iter
1748 3941 1837 3983 re-

168 4021 488 4092 sumptum
516 4017 578 4072 in
610 4014 1038 4089 expeditionem
1072 4014 1209 4069 ituri
1243 4013 1837 4088 renovavimus.0pus

168 4109 337 4166 enim
359 4111 453 4164 est
473 4105 748 4162 omnibus
766 4104 1038 4161 inimicos
1060 4103 1416 4161 habentibus
1436 4104 1614 4176 (quod
1638 4121 1840 4161 secun-

170 4199 321 4255 dum
358 4195 658 4251 hominem
692 4192 843 4267 dico)
875 4198 939 4249 ut
990 4193 1466 4266 frequentissime
1509 4193 1641 4250 illos
1673 4193 1839 4250 enixe

169 4289 508 4351 coerceant,
543 4287 836 4357 quatenus
868 4282 1206 4339 certaminis
1252 4283 1426 4338 taedio
1456 4281 1544 4339 vel
1574 4283 1629 4339 vi
1661 4300 1839 4357 supe-

171 4373 428 4445 rent,vel
458 4374 533 4430 ad
564 4371 725 4447 pacis
756 4372 1058 4446 pactiones
1086 4372 1452 4445 pertrahant.

825 4461 1059 4517 CAPUT
1098 4461 1194 4517 ΙΙΙ.

435 4554 509 4609 De
535 4551 878 4625 expeditione
907 4550 1175 4607 Balduim’
1202 4552 1263 4606 in
1294 4550 1586 4607 Arabiam.

248 4643 442 4717 Igitur
471 4643 727 4698 domnus
758 4639 1120 4710 Balduimus,
1153 4644 1324 4713 gente
1355 4657 1463 4696 sua
1510 4642 1832 4713 regregata,

172 4734 484 4807 profectus
532 4735 621 4788 est
647 4729 1013 4797 Ascalonem,
1046 4728 1340 4786 transiens
1390 4746 1492 4802 per
1540 4730 1782 4784 Azotum
1818 4744 1833 4784 :

172 4841 310 4896 qua
342 4820 549 4877 civitas
580 4824 669 4876 est
697 4819 848 4875 inter
874 4819 1121 4892 Joppem
1148 4823 1204 4874 et
1231 4818 1596 4885 Ascalonem,
1619 4834 1737 4873 una
1766 4816 1837 4872 de

172 4912 447 4985 quinque
480 4908 815 4965 civitatibus
844 4907 1308 4981 A110phylorum.
1340 4909 1598 4964 Accaron
1642 4910 1834 4963 autem

173 5002 251 5058 de
283 5001 527 5057 dextera
554 4998 925 5055 assistentem
955 4996 1275 5053 habuimus
1300 5013 1478 5071 prope
1509 4996 1833 5065 Pamniam,

174 5109 311 5164 quae
345 5105 526 5161 super
574 5104 734 5144 mare
765 5088 878 5144 sita
914 5091 1023 5144 est.
1054 5088 1201 5143 Ante
1249 5085 1590 5143 Ascalonem
1641 5089 1837 5141 autem

174 5196 319 5238 cum
350 5177 743 5247 venissemus,
764 5176 867 5250 qui
896 5177 1054 5233 foras
1084 5180 1284 5233 contra
1313 5192 1420 5232 nos
1450 5175 1708 5232 exierant
1737 5192 1836 5231 us-

176 5286 298 5344 que
328 5267 406 5325 ad
456 5267 673 5323 moenia
715 5265 1090 5323 vehementer
1136 5263 1380 5338 impulsi
1411 5268 1569 5319 sunt.
1604 5264 1670 5319 Et
1700 5263 1840 5336 quia

176 5375 299 5415 non
334 5356 449 5412 fuit
471 5355 643 5412 nobis
673 5355 815 5412 utile
844 5356 1038 5428 majus
1067 5352 1424 5427 incipere,ad
1455 5351 1703 5410 tentoria
1734 5369 1838 5409 no-

176 5452 307 5506 stra
328 5447 459 5520 jam
508 5449 748 5502 extensa
788 5443 1136 5518 hospitaturi
1182 5441 1519 5500 redivimus.
1562 5442 1841 5515 Sequenti

174 5540 317 5596 vero
346 5535 444 5593 die
472 5534 769 5609 regionem
800 5533 1091 5591 adivimus
1119 5530 1591 5599 interiorem,ubi
1623 5530 1839 5587 victum

176 5627 360 5690 nobis
390 5628 450 5686 et
468 5624 762 5702 jumentis
790 5622 1010 5683 nostris
1039 5622 1098 5683 in
1128 5622 1276 5682 locis
1304 5617 1597 5697 Opulentis
1625 5618 1842 5679 inveni-

1947 3299 2325 3356 meridianam
2357 3306 2582 3373 partem
2615 3305 2865 3368 extenta,
2902 3300 3209 3356 latitudine
3237 3317 3370 3356 vero
3400 3317 3468 3355 CL
3495 3317 3594 3373 pa-

1946 3388 2164 3455 tet.Qui
2193 3390 2336 3445 adeo
2368 3388 2562 3446 salsus
2591 3394 2698 3458 est,
2723 3394 2788 3445 ut
2816 3406 2921 3445 nec
2953 3389 3139 3445 bestia
3167 3387 3458 3462 quaelibet,
3492 3405 3593 3445 ne-

1947 3495 2057 3550 que
2089 3477 2338 3535 volucris
2368 3496 2436 3534 ex
2466 3496 2531 3535 eo
2562 3478 2759 3535 bibere
2790 3482 2981 3551 queat.
3011 3479 3169 3546 Quod
3212 3495 3316 3552 ego
3349 3477 3593 3534 Fulche-

1946 3566 2072 3629 rius
2122 3568 2519 3641 experimento
2551 3567 2748 3638 didici,
2794 3584 2929 3624 cum
2983 3567 3044 3623 in
3092 3565 3259 3623 illum
3314 3568 3386 3623 de
3433 3564 3596 3623 mula

1945 3673 2076 3712 mea
2122 3657 2502 3725 descendens,
2535 3662 2593 3713 et
2623 3656 2711 3713 ori
2757 3674 2885 3714 meo
2918 3673 3097 3713 manu
3147 3656 3427 3713 haustum
3481 3656 3596 3712 im-

1946 3745 2207 3815 mittens,
2239 3751 2416 3820 gustu
2475 3746 2733 3819 probavi,
2777 3751 2835 3803 et
2890 3745 3185 3802 helleboro
3244 3745 3593 3802 amariorem

1946 3852 2075 3891 esse
2125 3835 2337 3891 inveni.
2366 3837 2413 3891 A
2444 3841 2605 3909 parte
2655 3834 2948 3908 aquilonis
2980 3837 3196 3891 ﬂumen
3231 3835 3445 3909 recepit
3472 3835 3597 3891 Jor-

1946 3923 2242 3992 danicum,
2277 3925 2350 3980 ab
2403 3929 2603 3981 austro
2649 3928 2783 3981 vero
2832 3923 3063 3980 nullum
3113 3924 3291 3981 habet
3331 3925 3593 3992 exitum;

1947 4013 2047 4069 sed
2080 4031 2269 4087 neque
2314 4014 2532 4070 flumen
2581 4032 2649 4070 ex
2687 4031 2753 4070 oo
2803 4018 3169 4087 conceptum.
3201 4014 3376 4070 Juxta
3420 4029 3595 4087 quem

1945 4102 2134 4159 lacum
2169 4106 2357 4159 exstat
2406 4101 2676 4159 similiter
2726 4102 2919 4160 salsus
2972 4120 3143 4160 mons
3186 4120 3342 4159 unus
3388 4101 3597 4178 ingens

1946 4195 2003 4248 et
2028 4192 2310 4260 excelsus,
2343 4196 2399 4248 et
2427 4191 2582 4248 idem
2635 4191 2721 4248 sal
2778 4192 2946 4265 quasi
2995 4192 3147 4265 lapis
3194 4192 3445 4261 nativus,
3479 4209 3596 4249 non

1947 4285 2142 4337 tamen
2176 4285 2356 4349 totus,
2390 4282 2489 4338 sed
2538 4280 2803 4337 localiter
2849 4281 3055 4353 glaciei
3094 4280 3454 4337 simillimus.
3487 4280 3595 4337 De-

1946 4371 2129 4444 mergi
2145 4379 2340 4427 autem
2363 4369 2495 4443 quis
2510 4371 2569 4426 in
2583 4370 2939 4443 profundum
2959 4371 3088 4443 ejus
3101 4387 3205 4425 nec
3224 4369 3597 4426 deindustria

1947 4459 2115 4515 facile
2146 4459 2598 4533 potes.Conjicio
2628 4459 2899 4515 bifariam
2925 4458 3120 4516 locum
3150 4457 3319 4514 illum
3359 4459 3440 4514 ita
3467 4474 3596 4515 esse

1864 4569 1914 4635 D
1948 4548 2362 4616 salsissimum,
2409 4552 2465 4605 et
2519 4565 2588 4604 ex
2637 4565 2703 4604 eo
2763 4549 2919 4621 quod
2969 4547 3186 4604 montis
3235 4546 3596 4621 salsuginem

1943 4637 2276 4711 concipiens
2289 4637 2663 4712 glutit,quem
2678 4640 2837 4693 unda
2848 4635 3190 4710 marginalia
3201 4636 3599 4693 indesinenter

1946 4725 2238 4797 lambit,et
2267 4744 2334 4782 ex
2357 4726 2702 4783 decursione
2734 4725 3015 4782 imbrium
3049 4726 3119 4781 de
3151 4729 3348 4782 monte
3378 4725 3505 4797 ipso
3534 4723 3596 4780 in

1945 4815 2137 4872 lacum
2172 4815 2504 4882 ﬂuentium,
2521 4815 2641 4871 sive
2662 4816 2911 4889 abyssus
2930 4814 3223 4871 intantum
3246 4813 3324 4869 sit
3346 4829 3598 4870 concava

1946 4906 2012 4961 ut
2032 4922 2191 4961 mare
2216 4905 2683 4979 magnum,quod
2700 4908 2788 4961 est
2812 4903 3349 4973 salsum,invisibili
3372 4902 3596 4959 refluxu

1947 4995 2005 5049 in
2037 4995 2301 5050 eamdem
2334 4995 2609 5068 abyssum
2630 4995 2740 5050 sub
2763 4998 2918 5050 terra
2938 4993 3378 5066 influat.Gyrato
3400 4996 3596 5049 autem

1945 5082 2076 5139 lacu
2113 5100 2147 5139 a
2176 5088 2340 5157 parte
2372 5082 2634 5152 australi,
2665 5082 2992 5156 reperimus
3020 5082 3218 5139 villam
3251 5099 3430 5138 unam
3480 5082 3598 5138 situ

1947 5172 2341 5247 gratissimam
2353 5177 2428 5243 ,et
2440 5172 2510 5227 de
2525 5172 2811 5228 fructibus
2823 5172 3329 5244 palmarum,quos
3340 5169 3602 5244 dactylos

1948 5266 2172 5329 vocant,
2206 5261 2373 5319 valde
2403 5261 2826 5327 abundantem,
2847 5263 3064 5333 quibus
3093 5277 3198 5334 pro
3231 5259 3447 5316 cibario
3475 5258 3601 5330 pla-

1948 5352 2078 5408 cido
2108 5355 2233 5407 tota
2261 5351 2354 5407 die
2383 5351 2785 5426 vescebamur.
2801 5349 2884 5405 De
2910 5350 3133 5408 caeteris
3163 5350 3339 5406 rebus
3361 5364 3491 5405 raro
3522 5347 3607 5403 ibi

1947 5441 2302 5499 invenimus.
2358 5439 2723 5515 Aufugerant
2791 5438 2955 5497 enim
3008 5438 3171 5496 illinc
3239 5436 3439 5494 incola:
3495 5433 3611 5491 loci

1948 5529 2277 5600 Sarraceni,
2303 5532 2429 5605 jam
2462 5529 2533 5587 de
2582 5530 2753 5587 nobis
2786 5543 2896 5600 per
2924 5524 3320 5602 rumigerulos
3361 5522 3615 5599 praescii,

1950 5618 2209 5702 exceptis
2255 5620 2575 5699 aliquantis
2619 5616 2872 5696 fuligine
2921 5617 3302 5697 nigrioribus,
3348 5625 3495 5690 quos
3555 5610 3624 5670 ut
