3998 6088
406 304 524 367 86ἕ

913 304 1018 366 AD
1063 303 1577 371 GODEFRIDUM
1621 306 1957 369 APPEND.
2004 306 2037 370 Ιῖ

2149 307 2533 372 —MONUM.
2580 305 2681 369 DE
2729 307 2976 369 BELLO
3023 305 3296 369 SACRO.

3694 301 3816 364 868

409 437 602 510 algam
653 436 833 493 maris
889 442 1158 510 sumptos
1206 439 1287 495 ibi
1334 440 1689 497 dimisimus.
1738 439 1860 495 Illic
1910 440 2144 511 interA
2174 442 2359 497 Dcum
2391 439 3044 507 electus,bcnedictione
3066 435 3401 494 authentica
3424 434 3826 491 sanctiﬁcatur

408 527 646 583 arlwres
676 531 913 583 caeteras
961 527 1075 582 vidi
1129 530 1412 601 quasdam
1464 546 1638 601 poma
1676 530 1945 597 ferentes,
1981 530 2051 584 de

409 617 626 687 quibus
660 633 793 671 cum
824 616 1370 690 collegissem,scire
1397 617 1598 674 volens
1630 619 1799 690 cujus
1832 623 2049 673 naturae

407 704 822 769 essczzt,inveni
854 710 1025 776 rupto
1058 705 1270 761 cortice
1292 705 1539 762 interius
1560 706 1729 779 quasi
1755 706 2051 777 pulverem

407 797 623 860 atrum,
648 798 706 849 et
724 794 859 849 inde
879 793 1113 849 inanem
1135 795 1366 866 prodire
1388 795 1810 851 fumum.Tunc
1827 795 2049 851 Arabia:

406 887 689 939 montana
720 882 973 955 ingressi
1004 883 1297 951 sumus,in
1321 901 1568 956 quorum
1593 885 1853 940 cavernis
1886 888 2051 939 nocte

405 972 507 1028 illa
533 971 801 1044 sequenti
833 971 1231 1043 pausavimus.
1255 974 1421 1028 Mane
1447 991 1580 1028 cum
1614 978 1840 1029 montes
1858 991 2053 1028 ascen-

405 1061 720 1127 dissemus,
754 1060 1084 1116 invenimus
1115 1062 1315 1116 statim
1346 1061 1535 1128 villas,
1570 1063 1669 1118 sed
1710 1062 1871 1117 omni
1901 1063 2050 1117 bono

402 1150 789 1207 vacuas.Nam
823 1150 1073 1205 adventu
1103 1155 1302 1206 nostro
1334 1149 1392 1206 in
1426 1151 1568 1207 colle
1592 1156 2050 1223 comperto,cum

404 1240 579 1295 rebus
610 1238 737 1295 suis
759 1238 816 1294 in
840 1244 1005 1293 terras
1029 1240 1290 1295 cavernis
1310 1258 1370 1296 se
1392 1241 2054 1306 absconderant.Quam-

402 1329 603 1384 obrem
636 1344 845 1401 parum
877 1327 996 1383 illic
1036 1328 1410 1400 profecimus.
1445 1330 1576 1385 Ideo
1628 1330 1736 1385 iter
1786 1334 2051 1385 nostrum

401 1420 669 1492 prompte
682 1415 826 1472 alias
839 1418 1582 1486 extendimus,ductoribus
1595 1418 1810 1474 nostris
1824 1435 1942 1473 sem
1954 1435 2055 1490 per

401 1505 651 1579 praviis.
672 1507 837 1562 Tunc
869 1506 1202 1563 invenimus
1233 1506 1444 1563 vallem
1472 1525 1651 1563 unam
1685 1508 1754 1564 de
1785 1509 2053 1581 frugibus

400 1600 566 1651 terrea
617 1594 843 1651 cunctis
895 1596 1274 1663 uberrimam,
1310 1596 1367 1651 in
1427 1613 1543 1668 qua
1586 1596 1762 1652 etiam
1810 1601 2053 1654 Sanctus

401 1684 651 1758 Moyses,
683 1683 923 1740 Domino
958 1684 1315 1751 insinuante,
1349 1685 1509 1758 virga
1546 1686 1635 1741 bis
1666 1685 1887 1741 silicem
1921 1703 2052 1758 per-

399 1774 604 1841 cussit,
646 1774 802 1830 unde
850 1775 981 1829 fons
1029 1773 1193 1830 vivus
1225 1775 1535 1843 emanavit,
1570 1775 1669 1847 qui
1710 1792 1865 1831 nunc
1897 1775 2050 1830 nihi-
2081 1816 2129 1880 B

400 1861 658 1920 lominus
689 1880 866 1936 quam
900 1866 1039 1918 tunc
1064 1864 1368 1929 fluit,adeo
1401 1869 1466 1918 ut
1489 1864 1808 1919 molendini
1830 1882 1897 1919 ex
1918 1869 2049 1937 ejus

398 1952 569 2009 rivuli
621 1968 799 2009 cursu
852 1951 1136 2008 volubiles
1168 1954 1239 2007 ad
1274 1952 1610 2008 molendum
1641 1955 1802 2009 ﬁant.
1840 1954 1901 2009 In
1934 1971 2051 2026 qua

396 2059 551 2114 aqua
591 2058 752 2097 meos
784 2040 1065 2113 adaquavi
1099 2059 1300 2114 equos.
1336 2042 1671 2099 Invenimus
1718 2043 1959 2114 insuper
1988 2043 2047 2098 in

396 2129 614 2187 montis
635 2129 798 2203 apice
830 2130 1255 2186 monasterium
1278 2131 1463 2186 sancti
1489 2131 1803 2198 Aaron,ubi
1823 2132 2049 2205 Moyses

400 2223 458 2276 et
490 2220 614 2291 ipse
647 2236 781 2274 cum
815 2219 932 2274 Deo
962 2218 1121 2291 loqui
1154 2220 1762 2276 consueverant.Unde
1794 2220 2044 2277 multum

394 2308 903 2375 laetabamur,cum
937 2307 1065 2363 loca
1093 2313 1212 2364 tam
1234 2314 1437 2365 sancta
1465 2313 1522 2364 et
1552 2308 1718 2365 nobis
1751 2309 2047 2382 incognita

393 2396 788 2453 intuebamur.
821 2397 889 2451 Et
936 2397 1214 2468 quoniam
1268 2396 1424 2454 ultra
1450 2397 1659 2453 vallem
1700 2398 1862 2454 illam
1892 2404 2049 2455 terra

395 2490 519 2543 erat
560 2485 734 2551 invia,
782 2485 1030 2554 deserta,
1080 2492 1138 2542 et
1187 2486 1428 2555 inculta,
1476 2486 1724 2543 ulterius
1775 2488 2045 2561 progredi

393 2574 833 2633 noluimus.Sed
861 2592 964 2647 per
994 2579 1113 2631 tres
1144 2574 1268 2631 dies
1290 2575 1347 2631 in
1370 2562 1519 2631 Valle
1552 2576 1651 2632 illa
1676 2577 2047 2633 bonisomni-

393 2665 506 2722 bus
538 2664 736 2736 opima
768 2663 883 2719 otio
914 2663 1137 2733 habito,
1173 2665 1537 2736 etjumentis
1570 2666 1786 2721 nostris
1817 2666 2045 2722 refectis

391 2752 611 2821 edulio,
633 2757 691 2809 et.
721 2753 1205 2826 quadrupedibus
1236 2755 1490 2810 oneratis
1522 2755 1591 2810 de
1623 2754 1911 2827 stipendio
1944 2772 2043 2810 ne-

393 2842 666 2910 cessario,
699 2841 844 2898 hora
873 2842 1105 2898 circiter
1133 2845 1393 2899 secunda
1423 2843 1515 2899 die
1548 2844 1605 2898 in
1639 2847 1844 2915 quarto
1863 2861 2041 2899 cornu

392 2936 665 2989 monente
680 2931 1180 3005 regio,recidivum
1196 2933 1365 2988 trami
1377 2938 1489 2989 tem
1507 2950 1799 2989 resumere
1804 2933 2040 3003 jussum

392 3025 502 3078 est.
527 3021 866 3078 Redivimus
896 3038 1031 3094 ergo
1056 3022 1227 3093 juxta
1253 3020 1446 3077 lacum
1476 3021 2044 3095 Asphaltitem,sicut

391 3111 555 3183 prius
586 3110 899 3178 iveramus,
933 3114 991 3166 et
1042 3127 1144 3182 per
1192 3109 1526 3183 sepulturas
1576 3110 2038 3183 patriarcharum

2161 535 2220 586 et
2250 529 2761 595 consecratur.Qui
2785 546 2920 584 eum
2945 527 3205 599 suscepit
3225 525 3485 599 regimen
3515 524 3662 580 illud
3686 542 3821 581 cum

2161 636 2375 676 corona
2404 636 2602 687 aurea,
2637 617 2897 690 suscepit
2946 632 3183 689 quoque
3204 614 3450 687 justitize
3493 613 3821 670 obtinendis

2160 725 2309 764 onus
2366 708 2701 763 honestum.
2758 708 2861 762 Cui
2909 708 3067 778 jure,
3131 706 3287 759 sicut
3345 708 3401 759 et
3432 703 3703 776 episc0po
3747 705 3820 760 de

2159 799 2723 870 episcopatu,potest
2753 797 3024 852 decenter
3043 794 3218 865 objici
3253 811 3266 848 :
3300 797 3515 848 Bonum
3536 809 3667 865 opus
3682 794 3823 849 desi-

2158 886 2440 959 derat,qui
2477 903 2721 958 regnum
2772 884 3045 940 desiderat
3070 886 3121 954 (Ι
3162 885 3295 939 Tim.
3331 898 3413 950 111,
3449 882 3518 953 1).
3552 884 3715 948 Quod
3768 893 3821 950 si

2151 976 2287 1047 jure
2319 993 2437 1031 non
2471 975 2753 1047 regiknec
2786 992 2884 1030 rex
2913 979 3020 1030 est.
3057 996 3083 1022 ››
3117 973 3180 1028 In
3204 970 3591 1027 modernitate
3623 978 3816 1029 autem

2161 1064 2467 1138 regiminis
2499 1065 2591 1120 sui
2640 1063 2835 1119 adhuc
2880 1078 3200 1135 paucarum
3233 1060 3469 1117 urbium
3514 1077 3818 1132 possessor

2163 1160 2340 1227 atque
2385 1153 2599 1225 gentis,
2633 1170 2736 1225 per
2782 1152 2938 1207 idem
2988 1157 3222 1223 tempus
3269 1148 3519 1205 hiemale
3565 1167 3811 1224 regnum

2162 1261 2337 1321 suum
2360 1244 2431 1298 ab
2464 1242 2733 1298 hostibus
2763 1241 3023 1313 undique
3045 1245 3278 1295 strenue
3308 1238 3651 1311 protexit.Et
3672 1241 3812 1312 quia

2162 1336 2567 1404 compererant
2613 1349 2748 1386 eum
2797 1329 3139 1386 bellatorem
3190 1328 3611 1402 probissimum
3660 1347 3811 1397 esse,

2163 1419 2427 1495 quamvis
2459 1424 2693 1493 gentem
2744 1420 2983 1475 haberet
3028 1435 3242 1484 raram,
3276 1434 3391 1473 non
3436 1421 3633 1473 tamen
3683 1420 3811 1475 ausi

2162 1515 2301 1567 sunt
2331 1528 2463 1567 eum
2499 1508 2757 1582 aggredi.
2793 1510 2955 1575 Quod
3008 1510 3055 1564 si
3090 1506 3361 1562 militiam
3393 1508 3677 1578 majorem
3709 1507 3803 1565 ha-

2162 1602 2339 1667 beret,
2374 1599 2572 1655 hostes
2603 1616 2743 1653 suos
2793 1598 3041 1652 libenter
3068 1596 3271 1652 adiret.
3303 1596 3511 1652 Adhuc
3564 1600 3692 1652 erat
3720 1597 3813 1653 via

2162 1688 2485 1763 peregrinis
2514 1688 2733 1744 nostris
2764 1687 2908 1743 satis
2936 1684 3353 1759 impedita,qui
3379 1684 3677 1741 interdum
3710 1703 3812 1759 per

2160 1795 2319 1834 mare
2348 1782 2467 1833 tam
2497 1775 2700 1833 Franci
2732 1793 2909 1849 quam
2940 1774 3131 1848 Angli,
3166 1774 3283 1829 sive
3323 1772 3509 1829 Italici
3538 1778 3596 1830 et
3622 1774 3810 1831 Vene-

2162 1868 2281 1935 tici,
2316 1866 2374 1922 in
2410 1884 2528 1922 una
2576 1871 2803 1922 tantum
2851 1863 3002 1929 navi,
3036 1864 3155 1919 sive
3176 1863 3367 1919 tribus
3399 1868 3500 1918 aut
3530 1867 3807 1936 quatuor,

2158 1956 2311 2012 inter
2356 1956 2576 2028 piratas
2624 1954 2890 2019 hostiles,
2921 1958 2977 2009 et
3032 1956 3168 2008 ante
3225 1951 3487 2007 civitates
3535 1953 3807 2009 Sarrace-

2157 2062 2365 2101 norum
2397 2043 2775 2110 vcliﬁcantes,
2809 2041 2975 2098 valde
3010 2041 3203 2097 timidi
3238 2057 3422 2112 usque
3452 2042 3524 2097 ad
3554 2042 3807 2114 Joppem

2155 2135 2401 2190 Domino
2434 2134 2679 2189 ducente
2711 2132 3139 2205 perveniebant.
3164 2129 3402 2185 Nullum
3432 2130 3589 2187 enim
3621 2130 3807 2187 alium

2155 2224 2215 2278 in
2237 2223 2443 2296 primis
2466 2222 2826 2277 habebamus
2850 2220 3267 2293 portum.Quos
3290 2235 3423 2274 cum
3447 2219 3517 2275 de
3537 2220 3809 2292 partibus

2155 2313 2373 2369 nostris
2432 2310 2894 2367 occidentalibus
2952 2308 3257 2365 advenisse
3323 2309 3683 2375 videremus,
3743 2328 3810 2367 ex

2154 2401 2371 2474 Tripoli
2407 2401 2479 2456 ad
2510 2416 2608 2457 eos
2639 2398 2807 2471 quasi
2839 2399 2909 2453 ad
2942 2398 3432 2471 sanetosjocundi
3453 2399 3811 2471 procedeba-

2154 2492 2364 2546 mus.A
2388 2490 2604 2562 quibus
2630 2488 3036 2561 unusquisque
3058 2492 3325 2543 nostrum
3349 2487 3420 2542 de
3440 2486 3679 2544 natione
3702 2505 3811 2545 sua

2152 2584 2209 2636 et
2256 2580 2556 2652 parentela
2597 2577 2906 2649 diligenter
2950 2575 3415 2649 inquirebamus.
3467 2576 3695 2643 Quibus
3738 2579 3809 2634 de

2152 2670 2261 2725 hoc
2293 2668 2644 2723 intimabant
2671 2672 2842 2738 prout
2870 2665 2982 2738 ipsi
3016 2665 3342 2738 sapiebant.
3374 2665 3524 2720 Tum
3564 2666 3635 2721 de
3668 2684 3807 2739 pro-

2152 2757 2428 2831 speritate
2441 2756 2640 2811 audita
2655 2755 3097 2823 lmtabamur,de
3114 2754 3590 2810 incommoditate
3604 2761 3804 2812 autem

2150 2844 3020 2917 tristabamur.llierosolymam
3051 2842 3443 2910 ibant,sancla
3458 2848 3806 2901 sanctorum

2150 2954 2255 3010 pro
2286 2953 2400 3009 quo
2441 2937 2717 2989 venerant
2760 2933 3097 2990 visitabant.
3130 2932 3351 2988 Dehinc
3398 2931 3497 2987 alii
3542 2933 3605 2987 in
3644 2939 3808 2991 terra

2150 3029 2353 3081 sancta
2382 3021 2887 3090 remanebant,alii
2908 3039 3041 3077 vero
3074 3021 3133 3076 in
3154 3025 3368 3076 terram
3391 3038 3559 3077 suam
3582 3039 3808 3080 remea-

2150 3115 2309 3170 bant.
2347 3115 2471 3178 Qua
2512 3113 2583 3167 de
2615 3129 2675 3168 re
2704 3117 2860 3167 terra
2907 3109 3429 3183 Hierosolymitana
3459 3113 3807 3169 remanebat

391 3204 847 3256 memoratorum
884 3217 898 3267 ;
923 3199 1131 3255 deinde
1162 3216 1264 3271 per
1284 3199 1709 3263 Bethlehem,et
1728 3217 1830 3272 per
1850 3200 2039 3272 sepul-
2069 3185 2110 3251 (Σ
2150 3209 2321 3276 gente
2350 3219 2551 3269 vacua,
2585 3218 2691 3256 nec
2719 3205 2843 3256 erat
2873 3199 2974 3272 qui
3005 3217 3131 3255 eam
3164 3216 3198 3255 a
3228 3199 3561 3255 Sarracenis
3594 3200 3806 3258 defen‘

388 3293 583 3345 turam
615 3288 903 3356 Rachelis,
940 3288 1139 3360 Itaque
1167 3288 1402 3360 die,quo
1435 3287 1753 3344 solstitium
1787 3289 2037 3344 hiemale

392 3376 991 3445 accidit,Hierusalem
1026 3394 1164 3432 sane
1194 3376 1667 3449 pervenimus.Et
1700 3378 2038 3450 prmparatis

389 3466 751 3524 ornamentis
785 3483 909 3537 quae
942 3464 1059 3537 regi
1090 3469 1421 3537 competant
1451 3467 1803 3537 coronando,
1838 3466 2037 3538 paciﬁ-

389 3559 635 3626 catoque
667 3553 934 3609 Daiberto
967 3570 1100 3608 cum
1133 3554 1347 3609 domno
1380 3554 1683 3626 Balduino,
1717 3559 1927 3611 etcum
1949 3572 2038 3611 ca-

388 3642 617 3699 nonicis
647 3642 828 3698 sancti
860 3642 1110 3715 sepulcri
1142 3642 1479 3715 aliquantis,
1515 3644 1653 3716 quia
1681 3644 1785 3700 viri
1818 3644 2035 3700 sensati

388 3733 461 3789 de
490 3731 600 3787 hoc
628 3734 1042 3799 tractaverunt,
1077 3732 1325 3788 cessavit
1351 3733 1642 3789 contentio
1675 3750 1897 3789 eorum.

1044 3838 1275 3895 CAPUT
1304 3839 1372 3896 V.

385 3931 461 4007 De
488 3929 871 3986 substitutione
920 3929 1064 3999 regis
1112 3929 1396 4011 Balduini,
1427 3938 1478 3986 et
1521 3932 1820 4002 exiguitate
1863 3930 2034 4002 ipsius

1131 4018 1296 4070 regis.

456 4091 623 4146 Anno
655 4089 726 4145 ab
773 4088 1176 4145 Incarnatione
1227 4089 1457 4144 Domini
1491 4091 1646 4155 1101,
1680 4089 1737 4144 in
1790 4088 2034 4145 basilica

386 4178 565 4235 beatae
589 4178 781 4233 Mariae
800 4179 954 4251 apud
984 4178 1309 4234 Bethlehem
1334 4180 1429 4234 die
1457 4178 1786 4235 Nativitatis
1799 4178 2029 4234 Domini

383 4284 419 4323 a
448 4266 781 4341 patriarcha
801 4272 1269 4335 memorato,una
1289 4285 1421 4323 cum
1446 4266 2031 4340 episeopis,cleroque

383 4373 451 4413 ac
481 4355 694 4429 populo
725 4356 1159 4424 assistentibus,
1194 4357 1254 4412 in
1304 4374 1499 4430 regem
1548 4356 1864 4412 honorifice
1919 4358 2029 4413 sub

383 4463 550 4502 sacra
607 4446 881 4501 unctione
933 4446 1289 4502 sublimatus
1336 4451 1393 4501 et
1443 4450 1753 4502 coronatus
1810 4450 1897 4502 est
1933 4463 2030 4502 rex

381 4533 807 4593 Balduinus.Et
845 4536 999 4607 quod
1060 4535 1223 4590 fratri
1284 4552 1390 4590 suo
1449 4535 1860 4607 praedecessori
1912 4553 2028 4591 non

380 4623 659 4691 fecerant,
694 4624 970 4696 quoniam
1004 4622 1212 4690 noluit,
1245 4627 1303 4679 et
1332 4627 1472 4679 tunc
1513 4623 1815 4678 laudatum
1847 4641 1880 4678 a
1910 4624 2035 4696 qui-

380 4712 630 4769 busdam
665 4730 779 4768 non
812 4713 940 4780 fuit,
964 4711 1103 4768 huic
1136 4712 1356 4768 ratione
1388 4712 1734 4786 prudentius
1765 4713 2028 4769 conside-

380 4805 507 4858 rata
533 4801 657 4857 ﬁeri
690 4802 1085 4857 decreverunt.
1123 4824 1142 4851 α
1180 4802 1327 4868 Quid
1359 4802 1513 4857 enim
1537 4802 2025 4875 obest,inquiunt,

380 4889 430 4948 si
463 4890 726 4947 Christus
755 4890 1041 4946 Dominus
1062 4894 1258 4946 noster
1278 4890 1336 4946 in
1366 4890 1726 4946 Hierusalem
1746 4896 2026 4965 tauquam

378 4979 664 5035 scelestus
695 4978 931 5051 aliqu’is,
964 4978 1239 5035 conviciis
1283 4980 1720 5047 dehonestatns,
1758 4986 1812 5037 et
1842 4981 2030 5053 spinis

377 5072 468 5124 est
497 5071 828 5133 coronatus,
864 5084 997 5122 cum
1023 5068 1194 5122 etiam
1230 5069 1302 5124 ad
1336 5068 1613 5124 ultimum
1644 5074 1893 5125 mortem
1926 5088 2026 5142 pro

377 5142 550 5212 nobis
583 5155 821 5225 pertulit
850 5154 1085 5211 volens?
1107 5156 1329 5212 Corona
1352 5158 1589 5230 quidem
1621 5157 1721 5213 illa
1741 5163 2027 5230 quantum

378 5244 451 5299 ad
484 5240 849 5299 intellectum
896 5260 1099 5299 eorum
1132 5262 1245 5300 non
1288 5246 1396 5301 fuit
1426 5246 1682 5314 honoris,
1720 5264 1824 5303 nec
1856 5248 2026 5319 regia:

378 5329 705 5403 dignitatis,
742 5332 859 5388 imo
909 5332 1241 5405 ignominiae
1282 5339 1337 5389 et
1366 5335 1684 5391 dedecoris.
1720 5336 1829 5392 Sed
1870 5337 2023 5408 quod

377 5417 466 5473 illi
495 5422 688 5475 truces
718 5422 791 5477 ad
817 5421 1237 5494 improperium
1258 5422 1307 5477 ei
1331 5424 1804 5496 fecerunt,gratia
1837 5425 1929 5480 Dei
1954 5427 2026 5482 ad

379 5504 629 5562 salutem
660 5515 919 5567 nostram
954 5515 1010 5566 et
1039 5510 1286 5584 gloriam
1315 5529 1548 5568 versum
1576 5518 1682 5570 est.
1704 5513 1821 5569 Rex
1850 5514 2026 5570 etiam

380 5596 583 5654 contra
602 5597 774 5671 jussa
802 5618 919 5661 non
949 5600 1437 5679 praeﬁciturﬁam
1460 5602 1595 5677 jure
1625 5606 1681 5662 et
1702 5604 2026 5697 secundum

2147 3295 2326 3360 deret,
2362 3291 2411 3347 si
2460 3290 2867 3346 tantummodo
2920 3306 3026 3344 nos
3076 3287 3187 3360 ipsi
3223 3288 3459 3361 aggredi
3492 3290 3803 3347 auderent.

2148 3382 2258 3438 Sed
2291 3397 2470 3453 quare
2519 3396 2633 3435 non
2685 3377 3024 3434 audebant?
3055 3379 3164 3433 Tot
3204 3376 3428 3450 populi,
3459 3381 3545 3434 tot
3594 3396 3802 3452 regna,

2147 3486 2328 3543 quare
2360 3467 2628 3540 regulum
2662 3471 2928 3523 nostrum
2959 3471 3015 3521 et
3043 3465 3338 3539 popellum
3373 3465 3646 3523 invadere
3682 3486 3806 3525 me-

2148 3559 2428 3615 tuebant?
2458 3558 2572 3613 Cur
2619 3558 2691 3612 de
2718 3560 2978 3630 Egypto,
3013 3556 3082 3610 de
3114 3554 3370 3623 Persida,
3412 3555 3484 3611 de
3531 3555 3807 3631 Mesem-

2146 3646 2438 3714 tamia,vel
2469 3647 2539 3702 de
2572 3644 2738 3718 Syria
2772 3663 2884 3700 non
2919 3644 3327 3700 coadunabant
3347 3643 3555 3700 saltem
3578 3647 3808 3704 centies

2146 3741 2379 3793 centum
2416 3734 2603 3790 millia
2656 3738 3072 3807 pugnatorum,
3106 3738 3171 3788 ut
3200 3750 3307 3789 nos
3355 3732 3555 3790 hostes
3593 3751 3806 3792 eorum

2141 3826 2385 3882 viriliter
2414 3825 2888 3897 aggrederentur,
2920 3827 2976 3878 et
3006 3828 3070 3877 ut
3101 3821 3289 3878 solent
3325 3820 3585 3889 locustae,
3620 3824 3805 3881 innu-

2144 3933 2314 3971 merae
2346 3930 2597 3970 messem
2630 3913 2690 3968 in
2721 3912 2926 3986 agello,
2947 3928 3055 3968 nos
3085 3912 3324 3967 omnino
3355 3920 3801 3982 consumerent,

2143 4009 2210 4060 ut
2240 4021 2345 4060 nec
2376 4002 2595 4059 mentio
2612 4002 2682 4058 de
2708 4002 2877 4057 nobis
2897 4000 2955 4056 in
2985 4005 3140 4057 terra
3154 4001 3226 4056 ab
3253 4000 3392 4057 olim
3417 4018 3525 4057 sua
3543 4001 3798 4060 ulterius

2142 4094 2304 4150 fieret
2318 4093 2345 4148 ?
2362 4093 2486 4148 Non
2503 4091 2658 4148 enim
2680 4095 2820 4146 tunc
2840 4090 3205 4146 habebamus
3226 4089 3541 4163 plusquam
3564 4093 3798 4149 trecen-

2138 4186 2231 4239 tos
2263 4181 2564 4247 milites,et
2594 4184 2829 4237 tantum
2859 4180 2931 4235 de
2959 4179 3381 4252 peditibus,qui
3405 4179 3799 4249 Hierusalem,

2139 4276 2196 4327 et
2223 4272 2492 4344 Joppem,
2523 4274 2579 4326 et
2608 4268 2939 4334 Ramulam,
2971 4267 3266 4342 Caypham
3314 4267 3491 4324 etiam
3530 4274 3801 4327 castrum

2140 4360 2576 4415 custodiebant.‘
2602 4358 2812 4414 Milites
2870 4356 3045 4414 etiam
3102 4361 3335 4413 nostros
3391 4356 3485 4413 vix
3530 4358 3799 4416 adunare

2140 4449 2524 4516 audebamus,
2558 4465 2691 4503 cum
2739 4446 2983 4503 insidias
3014 4445 3242 4518 aliquas
3272 4445 3529 4501 inimicis
3574 4448 3801 4505 nostris

2141 4536 2334 4593 moliri
2353 4536 2996 4603 volebamus,timentes
3018 4553 3089 4591 ne
3106 4534 3341 4591 interim
3360 4534 3799 4594 munitionibus

2142 4626 2404 4681 vacuatis
2436 4627 2719 4681 damnum
2752 4626 3027 4680 facerent.
3062 4624 3223 4680 Unde
3267 4623 3452 4697 liquet
3489 4625 3797 4694 omnibus,

2139 4715 2249 4771 hoc
2280 4732 2408 4771 esse
2439 4714 2788 4770 miraculum
2818 4712 2984 4768 valde
3018 4712 3304 4781 mirabile,
3336 4714 3489 4786 quod
3523 4713 3680 4771 inter
3712 4721 3798 4771 tot

2140 4803 2323 4860 millia
2384 4803 2633 4859 millium
2676 4803 3036 4869 vivebamus,
3068 4802 3362 4875 etiamque
3419 4803 3798 4861 dominantes

2139 4910 2342 4949 eorum
2399 4891 2545 4948 alios
2603 4892 2943 4948 tributarios
3003 4890 3383 4960 faciebamus,
3445 4890 3593 4948 alios
3654 4910 3793 4949 vero

2138 4982 2522 5055 depraedando
2575 4980 2661 5036 vel
2716 4969 3059 5053 captivando
3107 4980 3633 5037 confundebamus.
3677 4982 3791 5038 Sed

2137 5073 2293 5126 unde
2340 5071 2461 5127 haec
2512 5071 2813 5143 probitas?
2844 5069 2996 5125 unde
3045 5069 3159 5125 ista
3206 5069 3501 5141 petentia?
3526 5069 3675 5126 Vere
3716 5071 3790 5126 ab

2137 5159 2260 5229 illo,
2293 5160 2387 5216 cui
2441 5177 2651 5215 nomen
2701 5158 3102 5231 Omnipotens.
3136 5158 3243 5224 Qui
3294 5157 3494 5231 populi
3542 5159 3637 5215 sui
3688 5177 3793 5233 pro

2136 5248 2372 5304 nomine
2404 5249 2532 5320 ejus
2564 5248 2911 5304 desudantis
2940 5264 3056 5303 non
3087 5246 3417 5315 immemor,
3436 5246 3495 5301 in
3530 5248 3794 5305 necessi-

2136 5337 2355 5393 tatibus
2394 5336 2517 5392 suis
2562 5337 2653 5409 pic
2703 5337 2753 5392 ei
2802 5336 3085 5393 auxilium
3132 5337 3530 5409 impendebat,
3577 5336 3681 5409 qui
3730 5336 3791 5392 in

2137 5424 2297 5481 nullo
2349 5424 2482 5491 alio,
2518 5425 2631 5481 nisi
2680 5426 2739 5481 in
2771 5442 2836 5481 eo
2887 5425 3031 5491 solo,
3064 5425 3410 5481 conﬁdebat.
3448 5427 3631 5492 Quem
3659 5425 3792 5498 ipse

2136 5515 2289 5570 Deus
2320 5514 2636 5587 aliquando
2666 5514 2998 5570 mercedula
3026 5514 3332 5586 temporali
3358 5514 3712 5583 lastificabat,
3728 5514 3789 5571 in

2134 5603 2333 5663 futuro
2351 5609 2545 5663 autem
2561 5607 2775 5662 aeterna
2792 5602 2978 5681 gloria
2991 5620 3367 5663 remunerare
3380 5604 3786 5681 promittebat.
