3998 6088
165 222 282 286 869

920 221 1341 289 FULCHERII
1385 224 1736 293 CARNOT.‘
1775 224 1982 292 BlST.
2030 226 2440 295 HIEROSOL.
2467 262 2546 282 --
2573 232 2724 298 LIB.
2769 234 2851 300 II.‘

3468 236 3588 299 870

160 359 204 416 Ο
232 361 499 430 tempora
526 358 946 415 recordationis
967 358 1345 433 dignissima!
1381 361 1542 432 Saepe
1575 361 1816 433 quidem
1848 366 1903 430 Α
1933 370 2209 421 exeuntes
2242 367 2594 423 detulerunt.
2629 370 2782 434 Quos
2812 368 3155 425 Ascalonem
3178 369 3458 426 abeuntes
3488 387 3588 426 rex

161 447 674 517 contristabamur,
695 464 829 503 cum
849 449 921 504 de
941 448 1354 505 transmarinis
1375 449 1582 505 amicis
1604 451 1822 507 nostris

162 536 394 594 nullum
446 536 734 592 auxilium
783 536 999 593 habere
1045 542 1404 610 poteramus.
1463 538 1824 595 Verebamur

159 626 318 683 enim
367 642 441 681 ne
486 625 708 681 inimici
741 625 926 682 nostri
958 626 1311 699 paucitatem
1370 627 1561 700 gentis
1611 631 1820 683 nostra:

157 713 587 788 comperientes
647 713 988 787 aliquando,
1047 732 1290 772 accursu
1351 716 1657 772 subitaneo
1716 733 1822 772 nos

156 804 423 876 undique
472 804 840 876 impeterent,
893 804 995 859 ubi
1054 804 1253 860 nullus
1286 804 1397 861 nisi
1457 804 1618 861 solus
1670 805 1822 862 Deus

156 893 331 949 nobis
383 908 553 966 opem
586 892 779 948 ferret.
833 892 1056 959 Quibus
1110 892 1257 948 nihil
1317 893 1459 949 utile
1490 894 1737 960 deesset,
1772 893 1822 949 si

154 981 572 1038 tantummodo
604 998 747 1054 gens
776 987 833 1038 et
862 982 995 1055 equi
1029 1000 1143 1038 non
1178 983 1477 1052 deessent;
1512 988 1568 1039 et
1599 983 1697 1056 qui
1723 1000 1825 1055 per

156 1069 405 1144 pelagus
435 1068 795 1127 Hierusalem
825 1071 1157 1139 veniebant,
1189 1089 1373 1145 equos
1405 1088 1601 1128 secum
1636 1073 1820 1127 addu-

154 1176 289 1217 cere
320 1160 664 1232 nequibant.
698 1160 804 1216 Per
822 1164 1037 1216 terram
1061 1177 1191 1216 vero
1223 1177 1393 1216 nemo
1419 1160 1590 1216 nobis
1611 1161 1820 1216 subve-

155 1248 380 1306 niebat.
412 1249 527 1304 Nec
556 1248 902 1305 Antiochoni
931 1249 1120 1317 nobis,
1156 1266 1262 1307 nec
1294 1267 1401 1305 nos
1433 1249 1549 1306 illis
1581 1266 1822 1306 succur-

154 1354 287 1396 rere
319 1338 681 1395 valebamus.

805 1427 1041 1484 CAPUT
1084 1428 1177 1486 VI.

220 1552 239 1563 κ
300 1519 378 1574 De
404 1518 786 1573 substitutions
838 1518 1098 1574 Tancredi
1124 1519 1269 1590 apud
1317 1520 1676 1575 Antiochiam.

224 1607 312 1662 Eo
342 1610 609 1678 tempore
638 1604 878 1677 contigit
910 1605 1115 1661 Martio
1144 1605 1205 1662 in
1230 1623 1431 1662 mense
1454 1606 1821 1661 Tancredum

1931 455 2185 509 conviari
2218 456 2591 514 tristissimos
2619 459 2769 514 fecit.
2806 459 2944 514 Inde
2969 476 3075 515 nos
3096 458 3209 513 laeti
3233 457 3451 531 gratias
3471 457 3586 514 Deo

1931 543 2178 615 egimus,
2205 562 2269 600 co
2288 547 2442 617 quod
2462 547 2586 602 sine
2604 548 2905 603 occasione
2924 551 3258 604 nostrorum
3282 547 3603 602 hominum'

1930 631 2082 688 hanc
2116 634 2501 691 munitionem
2536 637 2704 692 nobis
2734 641 2854 692 tam
2898 637 3287 692 adversariam
3320 653 3585 707 compre—

1931 721 2343 779 hrndcramus.
2378 726 2539 791 Quod
2568 731 2826 782 castrum
2862 745 2894 782 a
2926 726 3234 781 Salomone
3261 726 3583 793 conditum,

1932 810 2171 866 Francis
2201 812 2368 867 valde
2418 813 2753 885 molestum,
2786 816 2905 871 dux
2951 815 3297 870 Godefridus
3328 815 3387 869 in
3435 831 3586 870 anno

1932 900 2220 973 praeterito
2253 903 2577 971 obsederat,
2612 922 2716 959 nec
2747 909 2994 977 ceperat.
3024 906 3202 975 Cujus
3225 904 3401 959 etiam
3428 903 3591 958 inha-

1930 989 2210 1045 bitatores
2240 1008 2495 1064 persaepe
2525 993 2595 1047 de
2634 994 2853 1049 nostris
2887 993 3217 1049 occiderant
3247 992 3466 1064 plures,
3498 992 3586 1049 vel

1931 1077 2305 1135 reddiderant
2320 1083 2535 1137 tristes.
2561 1082 2690 1138 Jam
2710 1088 2904 1138 tamen
2926 1081 3129 1137 Franci
3148 1082 3416 1137 cominus
3437 1099 3590 1138 com-

1930 1167 2359 1238 prehenderant
2389 1170 2539 1225 muri
2573 1170 3032 1244 propugnacula,
3067 1187 3200 1225 cum
3226 1170 3370 1226 forte
3394 1169 3590 1243 lignea

1929 1256 2112 1312 turris
2144 1257 2463 1314 forinsecus
2506 1277 2674 1315 muro
2706 1262 3003 1332 adjuncta,
3037 1277 3152 1331 prae
3207 1258 3586 1315 multitudine

1930 1345 1988 1400 in
2008 1363 2135 1402 eam
2161 1348 2623 1417 ascendentium,
2649 1349 2943 1405 frustatim
2965 1350 3202 1405 corruit.
3228 1349 3391 1405 Unde
3408 1349 3587 1405 ferme

1932 1439 2166 1489 centum
2186 1436 2387 1492 Franci
2405 1439 2476 1493 de
2493 1454 2559 1493 ea
2576 1438 2849 1493 cadentes
2867 1437 3269 1494 insanabiliter
3286 1442 3425 1492 sunt
3441 1437 3584 1493 lassi.

1932 1524 2016 1578 lbi
2049 1523 2381 1596 aliquantos
2412 1527 2665 1583 Francos
2698 1528 3000 1583 Sarraceni
3026 1533 3166 1583 tunc
3196 1526 3584 1592 retinuerunt,

1932 1630 2080 1684 quos
2102 1613 2159 1667 in
2183 1620 2497 1687 conspectu
2520 1618 2785 1671 omnium
2811 1616 2869 1671 in
2892 1633 3062 1672 cruce
3085 1617 3507 1689 appenderunt,
3532 1620 3590 1671 et

152 1694 460 1804 (ξαζρὶιειω
514 1693 818 1804 Oppidi":
844 1710 1041 1793 8.011111.
1072 1693 1824 1804 quodpossideba‘tnTi‘be-
1855 1738 1902 1804 Β
1936 1702 2164 1775 sagittis
2195 1704 2635 1775 sagittaverunt.
2671 1707 2966 1770 Quosdam
2997 1705 3355 1773 occiderunt,
3407 1721 3585 1778 quos-

151 1783 385 1840 riadem
418 1799 650 1855 quoque
682 1781 966 1839 Balduino
998 1783 1115 1855 regi
1151 1783 1497 1856 relinquere,
1530 1787 1587 1837 et
1616 1781 1822 1836 Antio-

154 1872 355 1929 chiam
375 1888 509 1928 cum
529 1871 654 1927 suis
675 1888 777 1944 per
792 1876 1007 1928 terram
1027 1872 1351 1928 ambulare.
1373 1872 1652 1927 Miserant
1667 1870 1823 1926 enim

154 1963 229 2019 ad
264 1978 403 2018 eum
458 1960 677 2033 legatos
727 1977 867 2016 suos
923 1960 1288 2029 Antiocheni,
1350 1960 1646 2016 «licentes:
1685 1983 1711 2008 ‹‹
1744 1959 1825 2014 Ne

155 2051 433 2116 moreris,
486 2049 587 2105 sed
636 2048 765 2103 veni
798 2049 871 2103 ad
921 2066 1049 2117 nos,
1092 2053 1150 2106 et
1198 2050 1511 2104 dominans
1558 2048 1823 2103 omnium

156 2144 435 2196 nostrum
453 2136 1083 2210 possideAntiochiam,
1100 2142 1158 2193 et
1173 2142 1386 2193 terram
1403 2136 1484 2192 illi
1500 2154 1567 2191 su
1580 2137 1796 2190 bdilam
1809 2180 1821 2201 ,

154 2229 553 2302 quoadusque
570 2229 639 2283 dc
656 2227 988 2300 captivitate
1003 2228 1430 2283 exeatdomnus
1448 2227 1746 2282 Boamund
1760 2243 1825 2279 us

155 2318 444 2377 dominus
491 2321 705 2386 noster,
740 2320 797 2371 et
825 2321 986 2372 tuus.
1035 2317 1123 2372 Tu
1164 2317 1320 2372 enim
1351 2333 1413 2371 es
1461 2315 1826 2389 propinquus

156 2410 317 2481 ejus,
370 2406 659 2478 milesque
703 2406 1096 2479 probissimus
1126 2410 1184 2461 et
1226 2407 1504 2478 prudens,
1539 2404 1827 2476 nobisque

155 2496 479 2571 potentior.
513 2496 600 2551 Tu
626 2495 862 2568 quidem
886 2500 1147 2552 nostram
1170 2499 1385 2550 terram
1409 2493 1622 2551 melius
1648 2509 1826 2564 quam

155 2604 274 2644 nos
341 2585 603 2643 obtinere
666 2583 908 2640 valebis.
965 2585 1025 2639 Si
1085 2584 1341 2656 quando,
1402 2583 1517 2639 Deo
1576 2581 1823 2650 volente,

156 2678 425 2733 domnus
473 2673 854 2730 Boamundus
904 2672 1159 2737 redierit,
1219 2671 1326 2727 erit
1370 2671 1507 2727 inde
1546 2672 1699 2743 quod
1723 2671 1826 2742 jus

155 2763 597 2821 monstrabit.»
647 2762 741 2818 Sic
803 2761 1148 2818 mandatum
1208 2765 1317 2829 est,
1374 2765 1431 2817 et
1474 2760 1559 2815 sic
1608 2762 1825 2816 factum

156 2859 274 2912 est.

802 2940 1034 2996 CAPUT
1073 2940 1191 2997 VII.

309 3033 387 3088 De
426 3031 704 3088 obsidione
730 3031 904 3085 castri
934 3032 1160 3099 .trsuch,
1194 3038 1245 3086 et
1273 3030 1390 3102 ejus
1420 3028 1684 3100 captione.

232 3121 419 3195 Apud
446 3120 682 3192 portum
746 3118 1159 3175 Laodicensem
1218 3136 1318 3191 per
1360 3118 1513 3174 idem
1561 3113 1829 3171 brumale
1858 3109 1900 3175 C

158 3218 410 3284 tempus
440 3208 629 3266 stolus
660 3208 896 3264 navium
928 3214 1311 3264 rostratarum
1360 3205 1746 3263 Januensium
1775 3207 1832 3259 et

161 3300 477 3367 Italorum,
525 3298 902 3353 hiemaverat.
952 3296 1060 3364 Qui
1109 3314 1243 3353 cum
1279 3296 1542 3353 viderent
1587 3308 1828 3348 vernum

159 3396 410 3462 tempus
466 3387 538 3443 ad
597 3386 993 3460 navigandum
1050 3391 1251 3459 aptum
1308 3388 1365 3441 et
1419 3381 1825 3456 tranquillum,

153 3482 338 3537 vento
362 3493 640 3550 prospero
660 3492 849 3548 usque
878 3476 1123 3549 Joppem
1147 3475 1581 3549 navigaverunt.
1605 3473 1827 3527 Etcum

156 3567 363 3644 portui
388 3565 836 3639 applicuissent,
853 3567 1177 3639 gaudenter
1190 3583 1223 3620 a
1240 3581 1371 3637 rege
1388 3563 1646 3635 suscepti
1667 3567 1825 3619 sunt.
1844 3598 1849 3603 -

157 3660 231 3715 Et
262 3657 410 3732 quia
438 3672 618 3729 prope
649 3659 774 3711 erat
812 3653 1052 3721 Pascha,
1088 3655 1258 3726 cujus
1288 3652 1714 3710 solemnitatem
1760 3668 1826 3707 ex

153 3764 327 3806 more
356 3745 556 3802 cuncti
598 3744 697 3818 qui
746 3749 996 3817 possunt
1043 3744 1360 3811 celebrant,
1412 3742 1658 3797 navibus
1704 3740 1828 3797 suis

153 3839 229 3895 ad
254 3842 476 3893 terram
497 3833 717 3901 tractis,
744 3832 1104 3890 Hierusalem
1124 3849 1258 3889 cum
1280 3848 1411 3905 rege
1428 3833 1822 3904 perrexerunt.

153 3929 407 3985 Peracta
435 3934 630 3981 autem
663 3923 1034 3980 solemnitate
1054 3922 1236 3979 Pasch
1248 3921 1342 3989 ali,
1373 3921 1471 3976 ubi
1496 3918 1826 3976 conturbati

153 4020 303 4073 sunt
332 4030 542 4071 omnes
586 4018 823 4085 propter
858 4011 1076 4085 ignem,
1112 4027 1286 4084 quem
1319 4010 1410 4065 die
1440 4009 1681 4064 Sabhati
1708 4024 1824 4063 non

154 4104 486 4162 habuimus
516 4103 586 4157 ad
621 4102 956 4174 sepulcrum
991 4100 1249 4170 Domini,
1280 4099 1572 4171 profectus
1600 4104 1689 4154 est
1727 4114 1825 4153 rex

152 4195 433 4268 Joppem.
469 4192 537 4247 Et
569 4193 723 4247 facta
742 4191 1122 4247 conventione
1151 4205 1287 4244 cum
1320 4186 1662 4243 consulibus
1679 4203 1822 4259 prte-

152 4284 330 4340 dictae
352 4280 584 4346 classis,
607 4284 675 4335 ut
694 4279 955 4352 quandiu
984 4278 1040 4334 in
1065 4283 1220 4334 terra
1241 4280 1443 4333 sancta
1469 4277 1540 4332 ob
1563 4292 1821 4331 amorem

152 4373 257 4430 Dei
288 4370 513 4427 morari
573 4367 804 4439 vellent,
831 4368 886 4424 si
937 4368 1053 4424 Deo
1084 4367 1435 4424 concedente
1483 4370 1540 4420 et
1579 4365 1821 4436 juvante

152 4461 401 4518 interim
433 4460 505 4517 de
536 4457 867 4514 civitatibus
893 4459 1345 4514 Sarracenorum
1378 4456 1636 4527 aliquam
1662 4471 1818 4511 com-
1850 4483 1898 4547 D

146 4549 520 4626 prehendere
551 4564 683 4604 cum
719 4548 922 4603 eodem
954 4563 1088 4621 rege
1108 4549 1367 4618 possent,
1390 4544 1621 4601 tertiam
1645 4559 1817 4614 pecu-

146 4642 265 4697 niae
295 4643 527 4713 partem
558 4636 828 4693 hostibus
847 4635 1095 4692 internis
1118 4634 1393 4699 ablatam,
1418 4632 1818 4705 nullainjuria

140 4727 556 4786 Januensibus
578 4727 750 4793 facta,
771 4725 1163 4782 communiter
1179 4723 1477 4791 haberent,
1502 4740 1600 4779 rex
1620 4726 1815 4777 autem

140 4816 406 4891 primam
429 4820 487 4872 et
502 4816 843 4883 secundam,
863 4814 1056 4870 vicum
1075 4813 1317 4886 insuper
1332 4830 1516 4868 unum
1533 4811 1593 4866 in
1614 4811 1815 4867 eadem

140 4906 388 4964 civitate
417 4906 502 4962 sic
531 4908 702 4978 capta
732 4906 861 4977 iure
899 4908 1178 4977 perpetuo
1209 4903 1576 4976 possiderent
1606 4906 1663 4956 et
1694 4902 1814 4956 hm-

142 4996 449 5054 reditario.
485 4996 649 5061 Quod
680 5011 816 5051 cum
838 4994 973 5050 ﬁdei
1003 5010 1153 5049 nexu
1176 4991 1533 5065 interpositae
1557 4992 1630 5045 ab
1653 4995 1811 5046 utra-

140 5103 259 5160 que
292 5090 461 5156 parte
483 5085 786 5140 ﬁrmatum
811 5084 1039 5164 fuisset,
1067 5081 1307 5138 indilate
1327 5080 1607 5154 oppidum
1640 5079 1807 5146 illud,

140 5176 303 5249 quod
332 5178 580 5231 vocatur
605 5174 844 5241 Arsuth,
880 5177 999 5229 tam
1033 5189 1136 5245 per
1161 5188 1320 5227 mare
1347 5186 1523 5242 quam
1557 5187 1659 5242 per
1690 5174 1810 5225 ter-

137 5281 269 5322 ram
302 5263 685 5320 obsederunt.
720 5262 832 5319 Sed
884 5278 1017 5318 cum
1052 5260 1472 5317 inhabitatores
1503 5259 1805 5315 Sarraceni

134 5353 435 5411 sentirent
464 5351 807 5409 nullomodo
841 5368 905 5408 se
935 5367 1107 5424 posse
1127 5348 1359 5407 defendi
1381 5365 1414 5403 a
1434 5347 1801 5417 Christianis,

136 5443 551 5519 prolocutione
598 5441 756 5516 apud
806 5457 1002 5516 regem
1051 5438 1256 5496 callide
1306 5438 1477 5505 facta,
1510 5436 1606 5495 die
1636 5439 1806 5495 tertia

140 5549 353 5597 muros
399 5532 525 5610 regi
577 5531 997 5603 reddiderunt;
1048 5527 1356 5608 pecuniam
1387 5530 1585 5586 autem
1635 5543 1803 5588 suam

1933 1792 2067 1846 dam
2100 1793 2258 1848 vivos
2287 1793 2479 1848 viliter
2507 1795 2661 1866 apud
2696 1812 2756 1850 se
2787 1794 3182 1850 detinuerunt.

2550 1884 2782 1940 CAPUT
2818 1884 2967 1939 VIII.

2219 1972 2489 2038 Quomodo
2520 1974 2768 2029 (Imsarca
2805 1976 3001 2029 rivi/as
3029 1981 3186 2045 rapta
3212 1976 3301 2029 sit.

2004 2058 2266 2130 Cumque
2299 2077 2397 2115 rex
2447 2062 2687 2130 Arsuth,
2740 2066 2915 2135 prout
2945 2079 3092 2134 opus
3122 2065 3265 2130 erat,
3299 2063 3369 2119 de
3418 2066 3590 2135 gente

1935 2164 2042 2203 sua
2061 2148 2370 2215 munissct,
2396 2148 2715 2204 Caesaream
2737 2151 2938 2206 urbem
2964 2149 3402 2205 Palaestinorum
3427 2148 3588 2218 adiit,

1934 2241 1992 2291 et
2022 2236 2323 2292 obsidione
2370 2238 2685 2299 coronavit.
2733 2239 2833 2293 sed
2882 2238 3021 2311 quia
3051 2241 3175 2293 erat
3222 2254 3392 2293 muro
3423 2236 3590 2293 valde

1936 2324 2124 2389 fortis,
2156 2342 2269 2379 non
2316 2326 2505 2397 potuit
2536 2327 2650 2382 cito
2699 2325 2845 2398 capi.
2880 2326 3072 2382 Jussit
3100 2342 3235 2399 ergo
3284 2330 3425 2382 tunc
3474 2330 3592 2383 tres

1934 2413 2219 2489 potrarias
2270 2414 2413 2479 fieri,
2465 2419 2521 2469 ct
2552 2415 2886 2470 machinam
2929 2432 3107 2470 unam
3136 2414 3393 2488 ligneam
3424 2414 3591 2471 altis-

1936 2501 2168 2569 simam,
2204 2503 2273 2557 de
2306 2502 2479 2559 malis
2509 2508 2565 2558 et
2586 2504 2909 2577 remigibus
2933 2503 3166 2559 navium
3191 2504 3588 2560 fabrefactum.

1935 2591 2115 2657 Hanc,
2150 2596 2213 2645 ut
2246 2608 2391 2656 reor,
2425 2591 2678 2647 artifices
2713 2593 2897 2648 nostri
2932 2609 3099 2647 muro
3120 2591 3386 2648 altiorem
3411 2590 3593 2664 longi-

1937 2679 2140 2734 tudine
2171 2698 2239 2735 xx
2273 2680 2600 2736 cubitorum
2635 2686 2961 2747 erexerunt,
2996 2684 3061 2736 ut
3094 2697 3228 2739 cum
3280 2681 3352 2736 ad
3404 2696 3593 2752 usque

1937 2785 2173 2823 murum
2207 2770 2612 2835 deduceretur,
2644 2769 2844 2825 hostes
2884 2769 3145 2825 internos
3175 2770 3246 2825 de
3277 2786 3343 2825 ea
3378 2768 3592 2825 milites

1937 2858 2119 2913 nostri
2152 2857 2481 2930 lapidarent
2509 2864 2563 2913 et
2591 2858 2957 2931 sagittarent,
2994 2862 3058 2913 ut
3089 2874 3221 2912 cum
3252 2873 3488 2913 murum
3519 2858 3592 2912 de

1937 2948 2272 3002 Sarraccnis
2290 2947 2372 3002 sic
2394 2951 2757 3013 evacuarent,
2783 2947 3116 3019 ingressum
3136 2946 3387 3001 liberum
3408 2946 3595 3002 homi-

1937 3052 2039 3090 nes
2060 3036 2241 3091 nostri
2264 3035 2563 3101 haberent,
2586 3041 2642 3090 et
2663 3036 2867 3091 urbem
2886 3034 3459 3107 comprehenderent.
3481 3033 3592 3090 Sed

1938 3142 2070 3180 cum
2104 3142 2205 3197 per
2238 3127 2301 3179 15
2331 3124 2455 3180 dies
2477 3124 2841 3180 obsidionem
2875 3124 3226 3191 renuissent,
3259 3126 3469 3179 etcum
3493 3140 3592 3196 pe-

1938 3215 2137 3269 trariis
2184 3231 2344 3269 arces
2397 3214 2548 3269 muri
2600 3213 2931 3286 superiores
2961 3212 3382 3285 aliquantisper
3410 3211 3592 3269 laesis-

1939 3308 2089 3371 sent,
2120 3304 2371 3359 necdum
2400 3302 2579 3359 turris
2599 3303 2795 3377 lignea
2823 3308 2979 3359 esset
3009 3302 3245 3374 penitus
3267 3308 3590 3375 compacta,

1938 3407 2163 3446 moram
2186 3390 2269 3446 eis
2296 3391 2752 3460 fastidientibus,
2777 3390 2965 3447 noluit
2991 3390 3214 3445 diutius
3236 3390 3592 3446 Francorum

1937 3480 2195 3554 probitas
2213 3480 2576 3554 prolongare,
2597 3480 2737 3553 quin
2761 3481 2980 3554 absque
3001 3478 3274 3535 machina
3296 3479 3588 3551 praedicta,

1938 3574 1995 3626 et
2025 3570 2246 3626 caeteris
2278 3570 2725 3644 supplementis,
2771 3570 2863 3626 die
2895 3569 3149 3643 quadam
3182 3567 3421 3624 Veneris
3451 3567 3590 3623 civi-

1936 3664 2114 3715 tatem
2146 3676 2293 3715 ansu
2326 3659 2570 3715 mirifico
2603 3676 2737 3715 cum
2783 3659 2966 3715 scutis
2996 3663 3052 3715 et
3082 3658 3322 3723 lanceis,
3355 3661 3591 3729 appete-

1936 3754 2081 3804 rent.
2109 3749 2409 3804 Sarcaceni
2445 3765 2599 3815 vero,
2633 3753 2808 3820 prout
2840 3748 3050 3804 fortius
3079 3746 3368 3813 valebant,
3403 3763 3464 3802 se
3494 3747 3592 3802 de-

1935 3837 2268 3905 fendebant,
2304 3841 2509 3892 mutuo
2536 3837 2932 3893 'cohortantes.
2965 3834 3169 3893 Franci
3191 3840 3410 3901 autem,
3444 3850 3588 3907 quo-

1934 3943 2062 3981 rum
2098 3925 2382 3981 Dominus
2436 3929 2559 3981 erat
2588 3925 2762 3993 Deus,
2819 3925 3027 3980 erectis
3059 3940 3173 3979 non
3206 3921 3359 3979 lente
3390 3922 3585 3991 scalis,

1934 4032 2080 4087 quas
2113 4017 2183 4071 ad
2232 4015 2286 4071 id
2323 4033 2470 4087 opus
2501 4017 2627 4088 jam
2659 4018 3146 4089 prmparaverant,
3179 4031 3281 4087 per
3303 4031 3401 4070 cas
3432 4013 3589 4070 muri

1932 4102 2233 4177 fastigium
2282 4105 2689 4170 ascenderunt,
2741 4108 2799 4159 et
2848 4120 2996 4175 quos
3049 4102 3159 4158 sibi
3200 4106 3341 4157 tunc
3388 4102 3588 4159 obvios

1931 4191 2277 4248 invenerunt
2295 4191 2674 4266 gladiisillico
2692 4194 3084 4264 peremerunt.
3109 4191 3271 4256 Quod
3295 4206 3428 4246 cum
3453 4190 3588 4245 Sar-

1931 4282 2123 4337 raceni
2156 4286 2385 4354 gentem
2418 4286 2676 4336 nostram
2710 4280 2792 4335 sic
2813 4281 3134 4345 ell‘eratam,
3158 4283 3215 4334 et
3236 4279 3440 4333 urbem
3458 4279 3586 4350 jam

1931 4371 2003 4427 ab
2034 4370 2116 4427 eis
2175 4376 2404 4444 captam
2462 4370 2747 4435 viderent,
2796 4369 2893 4425 ubi
2955 4368 3180 4423 diutius
3236 4367 3425 4422 vivere
3485 4383 3586 4440 po-

1930 4465 2187 4525 tuerunt,
2219 4460 2358 4516 illuc
2382 4475 2729 4532 perpropere
2759 4458 3054 4532 fugerunt.
3080 4457 3191 4512 Sed
3213 4473 3320 4511 nec
3342 4455 3457 4525 hic,
3481 4472 3585 4512 nec

1928 4549 2045 4605 illic
2078 4548 2416 4605 delitescere
2468 4552 2804 4621 potuerunt,
2857 4546 2998 4618 quin
3054 4550 3240 4602 morte
3270 4545 3588 4617 promerita

1924 4639 2377 4695 trucidarentur.
2404 4636 2577 4692 Pauci
2598 4636 2833 4709 quidem
2855 4636 2924 4691 de
2948 4634 3272 4690 masculino
3295 4651 3433 4689 sexu
3456 4633 3583 4689 vitea

1925 4728 2201 4784 reservati
2235 4731 2391 4782 sunt.
2425 4725 2683 4781 Feminis
2707 4723 3155 4797 quampluribus
3180 4726 3582 4796 pepercerunt,

1927 4820 1991 4871 ut
2022 4816 2206 4872 molas
2242 4814 2545 4871 manuales
2574 4813 2869 4870 volviturze
2892 4829 3124 4885 semper
3144 4811 3580 4868 ancillarentur.
3606 4885 3615 4894 υ

1923 4906 2077 4970 Quas
2109 4923 2240 4961 cum
2293 4905 2606 4977 cepissent,
2642 4902 2739 4958 alii
2779 4902 2911 4958 aliis
2942 4907 3061 4957 tam
3096 4900 3372 4973 pulchras
3403 4918 3584 4974 quam

1922 4999 2122 5067 turpes
2172 4994 2419 5050 invicem
2462 4992 2794 5048 vendebant
2823 4996 2881 5047 et
2926 4991 3239 5055 emebant;
3288 4990 3587 5047 masculos

1921 5102 2172 5157 quoque.
2222 5083 2593 5138 Admiratum
2646 5081 2841 5153 ipsius
2895 5079 3079 5148 urbis,
3113 5084 3170 5135 et
3218 5081 3583 5152 episcopum,

1920 5191 2091 5246 quem
2126 5172 2482 5229 Archadium
2526 5170 2980 5243 praenominant,
3014 5186 3113 5224 rex
3142 5169 3303 5224 vivos
3336 5167 3584 5235 habuit;

1919 5263 2134 5335 quibus
2152 5260 2285 5333 plus
2308 5277 2411 5334 pro
2435 5259 2683 5333 pecunia
2704 5274 2882 5332 quam
2907 5274 3011 5329 pro
3030 5256 3288 5312 amicitia
3306 5254 3585 5328 pepercit.

1917 5352 2068 5418 Quot
2100 5350 2378 5405 utensilia
2399 5347 2789 5405 multiformia
2810 5344 2892 5399 ibi
2917 5349 3058 5402 sunt
3080 5344 3337 5411 inventa,
3366 5360 3481 5399 non
3503 5343 3594 5396 est

1915 5417 2149 5500 dicendi
2180 5439 2451 5496 facultas.
2509 5438 2677 5495 Unde
2705 5433 2884 5494 multi
2918 5450 3206 5508 pauperes
3237 5432 3424 5489 effecti
3456 5417 3596 5486 sun'c

1913 5529 2261 5617 locupletes.
2324 5528 2459 5587 Vidi
2511 5528 2581 5589 de
2630 5523 2978 5587 Sarracenis
3032 5523 3319 5602 plurimos
3370 5518 3453 5579 ibi
3498 5530 3596 5592 pe-
