  <div class='ocr_page' id='page_1' title='image "/cluster/home/n/w/nwhite01/storage/ocr_20150623/155/hvd.32044054760137/439.png"; bbox 0 0 3998 6088; ppageno 0'>
   <div class='ocr_carea' id='block_1_1' title="bbox 395 288 510 358">
    <p class='ocr_par' dir='ltr' id='par_1_1' title="bbox 395 288 510 358">
     <span class='ocr_line' id='line_1_1' title="bbox 395 288 510 358; baseline -0.017 0"><span class='ocrx_word' id='word_1_1' title='bbox 395 288 510 358; x_wconf 77' lang='grc'><strong>8⁸71</strong></span> 
     </span>
    </p>
   </div>
   <div class='ocr_carea' id='block_1_2' title="bbox 915 280 3274 383">
    <p class='ocr_par' dir='ltr' id='par_1_2' title="bbox 915 280 3274 383">
     <span class='ocr_line' id='line_1_2' title="bbox 915 280 3274 383; baseline -0.001 -29"><span class='ocrx_word' id='word_1_2' title='bbox 915 290 1018 355; x_wconf 85' lang='lat' dir='ltr'><strong>AD</strong></span> <span class='ocrx_word' id='word_1_3' title='bbox 1063 286 1581 383; x_wconf 71' lang='lat' dir='ltr'><strong>GQDEFRIDUM</strong></span> <span class='ocrx_word' id='word_1_4' title='bbox 1622 286 1959 352; x_wconf 84' lang='lat' dir='ltr'><strong>APPEND.</strong></span> <span class='ocrx_word' id='word_1_5' title='bbox 2002 284 2082 350; x_wconf 88' lang='grc' dir='ltr'><strong>Ῑῐ.</strong></span> <span class='ocrx_word' id='word_1_6' title='bbox 2114 312 2196 367; x_wconf 56' lang='grc' dir='ltr'><strong>-ττ</strong></span> <span class='ocrx_word' id='word_1_7' title='bbox 2220 280 2530 367; x_wconf 79' lang='lat' dir='ltr'><strong>MONUM.</strong></span> <span class='ocrx_word' id='word_1_8' title='bbox 2562 286 2665 352; x_wconf 88' lang='lat' dir='ltr'><strong>DE</strong></span> <span class='ocrx_word' id='word_1_9' title='bbox 2708 284 2960 354; x_wconf 85' lang='lat' dir='ltr'><strong>BELLO</strong></span> <span class='ocrx_word' id='word_1_10' title='bbox 3002 286 3274 354; x_wconf 80' lang='lat' dir='ltr'><strong>SAGRO.</strong></span> 
     </span>
    </p>
   </div>
   <div class='ocr_carea' id='block_1_3' title="bbox 3679 287 3809 355">
    <p class='ocr_par' dir='ltr' id='par_1_3' title="bbox 3679 287 3809 355">
     <span class='ocr_line' id='line_1_3' title="bbox 3679 287 3809 355; baseline -0.008 0"><span class='ocrx_word' id='word_1_11' title='bbox 3679 287 3809 355; x_wconf 67' lang='grc'><strong>872</strong></span> 
     </span>
    </p>
   </div>
   <div class='ocr_carea' id='block_1_4' title="bbox 385 419 3807 500">
    <p class='ocr_par' dir='ltr' id='par_1_4' title="bbox 385 419 3807 500">
     <span class='ocr_line' id='line_1_4' title="bbox 385 419 3807 500; baseline -0 -18"><span class='ocrx_word' id='word_1_12' title='bbox 385 429 643 500; x_wconf 90' lang='lat' dir='ltr'><strong>remptos</strong></span> <span class='ocrx_word' id='word_1_13' title='bbox 692 441 892 481; x_wconf 84' lang='lat' dir='ltr'><strong>acervo</strong></span> <span class='ocrx_word' id='word_1_14' title='bbox 923 426 994 481; x_wconf 89' lang='lat' dir='ltr'><strong>de</strong></span> <span class='ocrx_word' id='word_1_15' title='bbox 1023 424 1139 481; x_wconf 89' lang='lat' dir='ltr'>illis</span> <span class='ocrx_word' id='word_1_16' title='bbox 1172 426 1340 491; x_wconf 87' lang='lat' dir='ltr'><strong>facto,</strong></span> <span class='ocrx_word' id='word_1_17' title='bbox 1372 424 1608 497; x_wconf 81' lang='lat' dir='ltr'><strong>ignibus</strong></span> <span class='ocrx_word' id='word_1_18' title='bbox 1651 419 2030 489; x_wconf 85' lang='lat' dir='ltr'><strong>concremari,</strong></span> <span class='ocrx_word' id='word_1_19' title='bbox 2062 421 2115 488; x_wconf 81' lang='grc' dir='ltr'><strong>Α</strong></span> <span class='ocrx_word' id='word_1_20' title='bbox 2149 423 2243 475; x_wconf 88' lang='lat' dir='ltr'><strong>tus</strong></span> <span class='ocrx_word' id='word_1_21' title='bbox 2273 424 2362 476; x_wconf 89' lang='lat' dir='ltr'><strong>est</strong></span> <span class='ocrx_word' id='word_1_22' title='bbox 2392 420 2560 477; x_wconf 91' lang='lat' dir='ltr'><strong>mori.</strong></span> <span class='ocrx_word' id='word_1_23' title='bbox 2596 421 2813 479; x_wconf 89' lang='lat' dir='ltr'><strong>Ivimus</strong></span> <span class='ocrx_word' id='word_1_24' title='bbox 2843 423 2916 478; x_wconf 91' lang='lat' dir='ltr'><strong>ad</strong></span> <span class='ocrx_word' id='word_1_25' title='bbox 2945 438 3227 497; x_wconf 80' lang='lat' dir='ltr'><strong>pugnam,</strong></span> <span class='ocrx_word' id='word_1_26' title='bbox 3259 421 3349 479; x_wconf 87' lang='lat' dir='ltr'><strong>vel</strong></span> <span class='ocrx_word' id='word_1_27' title='bbox 3372 426 3620 478; x_wconf 90' lang='lat' dir='ltr'><strong>mortem</strong></span> <span class='ocrx_word' id='word_1_28' title='bbox 3652 421 3807 481; x_wconf 79' lang='lat' dir='ltr'><strong>forte</strong></span> 
     </span>
    </p>
   </div>
   <div class='ocr_carea' id='block_1_5' title="bbox 383 509 2035 589">
    <p class='ocr_par' dir='ltr' id='par_1_5' title="bbox 383 509 2035 589">
     <span class='ocr_line' id='line_1_5' title="bbox 383 509 2035 589; baseline -0.004 -17"><span class='ocrx_word' id='word_1_29' title='bbox 383 530 636 589; x_wconf 91' lang='lat' dir='ltr'><strong>quorum</strong></span> <span class='ocrx_word' id='word_1_30' title='bbox 686 515 1035 571; x_wconf 83' lang='lat' dir='ltr'><strong>cadaverum</strong></span> <span class='ocrx_word' id='word_1_31' title='bbox 1084 514 1304 571; x_wconf 91' lang='lat' dir='ltr'><strong>nimius</strong></span> <span class='ocrx_word' id='word_1_32' title='bbox 1334 515 1480 570; x_wconf 83' lang='lat' dir='ltr'><strong>fetor</strong></span> <span class='ocrx_word' id='word_1_33' title='bbox 1508 529 1616 569; x_wconf 92' lang='lat' dir='ltr'><strong>nos</strong></span> <span class='ocrx_word' id='word_1_34' title='bbox 1656 510 1821 568; x_wconf 89' lang='lat' dir='ltr'><strong>valde</strong></span> <span class='ocrx_word' id='word_1_35' title='bbox 1851 509 2035 566; x_wconf 89' lang='lat' dir='ltr'><strong>mole-</strong></span> 
     </span>
    </p>
   </div>
   <div class='ocr_carea' id='block_1_6' title="bbox 383 601 2035 677">
    <p class='ocr_par' dir='ltr' id='par_1_6' title="bbox 383 601 2035 677">
     <span class='ocr_line' id='line_1_6' title="bbox 383 601 2035 677; baseline -0.005 -15"><span class='ocrx_word' id='word_1_36' title='bbox 383 605 598 662; x_wconf 86' lang='lat' dir='ltr'><strong>stabat.</strong></span> <span class='ocrx_word' id='word_1_37' title='bbox 623 603 823 660; x_wconf 91' lang='lat' dir='ltr'><strong>Fiebat</strong></span> <span class='ocrx_word' id='word_1_38' title='bbox 843 603 953 660; x_wconf 92' lang='lat' dir='ltr'><strong>hoc</strong></span> <span class='ocrx_word' id='word_1_39' title='bbox 976 603 1377 677; x_wconf 82' lang='lat' dir='ltr'><strong>hysantiorum</strong></span> <span class='ocrx_word' id='word_1_40' title='bbox 1398 601 1877 658; x_wconf 81' lang='lat' dir='ltr'><strong>inveniendorum</strong></span> <span class='ocrx_word' id='word_1_41' title='bbox 1904 617 2035 673; x_wconf 89' lang='lat' dir='ltr'><strong>gra-</strong></span> 
     </span>
    </p>
   </div>
   <div class='ocr_carea' id='block_1_7' title="bbox 381 689 2037 766">
    <p class='ocr_par' dir='ltr' id='par_1_7' title="bbox 381 689 2037 766">
     <span class='ocr_line' id='line_1_7' title="bbox 381 689 2037 766; baseline -0.003 -18"><span class='ocrx_word' id='word_1_42' title='bbox 381 693 483 761; x_wconf 88' lang='lat' dir='ltr'><strong>tia,</strong></span> <span class='ocrx_word' id='word_1_43' title='bbox 516 710 665 766; x_wconf 91' lang='lat' dir='ltr'><strong>quos</strong></span> <span class='ocrx_word' id='word_1_44' title='bbox 696 693 776 748; x_wconf 88' lang='lat' dir='ltr'><strong>ibi</strong></span> <span class='ocrx_word' id='word_1_45' title='bbox 808 692 1058 766; x_wconf 85' lang='lat' dir='ltr'><strong>improbi</strong></span> <span class='ocrx_word' id='word_1_46' title='bbox 1090 692 1628 765; x_wconf 88' lang='lat' dir='ltr'><strong>transglutiverant,</strong></span> <span class='ocrx_word' id='word_1_47' title='bbox 1678 689 1942 746; x_wconf 87' lang='lat' dir='ltr'><strong>nolentes</strong></span> <span class='ocrx_word' id='word_1_48' title='bbox 1974 692 2037 743; x_wconf 90' lang='lat' dir='ltr'><strong>ut</strong></span> 
     </span>
    </p>
   </div>
   <div class='ocr_carea' id='block_1_8' title="bbox 381 780 2035 855">
    <p class='ocr_par' dir='ltr' id='par_1_8' title="bbox 381 780 2035 855">
     <span class='ocr_line' id='line_1_8' title="bbox 381 780 2035 855; baseline -0.003 -18"><span class='ocrx_word' id='word_1_49' title='bbox 381 782 453 839; x_wconf 90' lang='lat' dir='ltr'><strong>de</strong></span> <span class='ocrx_word' id='word_1_50' title='bbox 482 799 591 839; x_wconf 88' lang='lat' dir='ltr'><strong>suo</strong></span> <span class='ocrx_word' id='word_1_51' title='bbox 609 781 827 855; x_wconf 90' lang='lat' dir='ltr'><strong>aliquid</strong></span> <span class='ocrx_word' id='word_1_52' title='bbox 848 782 1051 838; x_wconf 83' lang='lat' dir='ltr'><strong>Franci</strong></span> <span class='ocrx_word' id='word_1_53' title='bbox 1077 782 1379 849; x_wconf 91' lang='lat' dir='ltr'><strong>haberent,</strong></span> <span class='ocrx_word' id='word_1_54' title='bbox 1399 797 1548 853; x_wconf 89' lang='lat' dir='ltr'><strong>quos</strong></span> <span class='ocrx_word' id='word_1_55' title='bbox 1568 780 1809 852; x_wconf 90' lang='lat' dir='ltr'><strong>quidam</strong></span> <span class='ocrx_word' id='word_1_56' title='bbox 1831 794 2035 834; x_wconf 90' lang='lat' dir='ltr'><strong>eorum</strong></span> 
     </span>
    </p>
   </div>
   <div class='ocr_carea' id='block_1_9' title="bbox 381 866 2036 943">
    <p class='ocr_par' dir='ltr' id='par_1_9' title="bbox 381 866 2036 943">
     <span class='ocr_line' id='line_1_9' title="bbox 381 866 2036 943; baseline -0.003 -17"><span class='ocrx_word' id='word_1_57' title='bbox 381 870 441 926; x_wconf 92' lang='lat' dir='ltr'><strong>in</strong></span> <span class='ocrx_word' id='word_1_58' title='bbox 473 871 673 928; x_wconf 91' lang='lat' dir='ltr'><strong>oribus</strong></span> <span class='ocrx_word' id='word_1_59' title='bbox 704 871 828 927; x_wconf 89' lang='lat' dir='ltr'>suis</span> <span class='ocrx_word' id='word_1_60' title='bbox 862 871 1036 942; x_wconf 81' lang='lat' dir='ltr'><strong>juxta</strong></span> <span class='ocrx_word' id='word_1_61' title='bbox 1072 870 1338 943; x_wconf 75' lang='lat' dir='ltr'><strong>gingivas</strong></span> <span class='ocrx_word' id='word_1_62' title='bbox 1385 868 1843 926; x_wconf 88' lang='lat' dir='ltr'><strong>abscondebant.</strong></span> <span class='ocrx_word' id='word_1_63' title='bbox 1872 866 2036 922; x_wconf 90' lang='lat' dir='ltr'><strong>Unde</strong></span> 
     </span>
    </p>
   </div>
   <div class='ocr_carea' id='block_1_10' title="bbox 379 959 2038 1032">
    <p class='ocr_par' dir='ltr' id='par_1_10' title="bbox 379 959 2038 1032">
     <span class='ocr_line' id='line_1_10' title="bbox 379 959 2038 1032; baseline -0.002 -18"><span class='ocrx_word' id='word_1_64' title='bbox 379 959 693 1032; x_wconf 88' lang='lat' dir='ltr'><strong>aliquando</strong></span> <span class='ocrx_word' id='word_1_65' title='bbox 742 959 1136 1032; x_wconf 84' lang='lat' dir='ltr'><strong>contingebat,</strong></span> <span class='ocrx_word' id='word_1_66' title='bbox 1189 977 1323 1015; x_wconf 89' lang='lat' dir='ltr'><strong>cum</strong></span> <span class='ocrx_word' id='word_1_67' title='bbox 1372 959 1503 1032; x_wconf 86' lang='lat' dir='ltr'><strong>quis</strong></span> <span class='ocrx_word' id='word_1_68' title='bbox 1552 962 1820 1013; x_wconf 89' lang='lat' dir='ltr'><strong>nostrum</strong></span> <span class='ocrx_word' id='word_1_69' title='bbox 1859 972 2038 1028; x_wconf 88' lang='lat' dir='ltr'><strong>super</strong></span> 
     </span>
    </p>
   </div>
   <div class='ocr_carea' id='block_1_11' title="bbox 378 1045 2036 1120">
    <p class='ocr_par' dir='ltr' id='par_1_11' title="bbox 378 1045 2036 1120">
     <span class='ocr_line' id='line_1_11' title="bbox 378 1045 2036 1120; baseline -0.003 -17"><span class='ocrx_word' id='word_1_70' title='bbox 378 1047 596 1104; x_wconf 91' lang='lat' dir='ltr'><strong>collum</strong></span> <span class='ocrx_word' id='word_1_71' title='bbox 627 1047 879 1119; x_wconf 87' lang='lat' dir='ltr'><strong>alicujus</strong></span> <span class='ocrx_word' id='word_1_72' title='bbox 899 1047 1202 1104; x_wconf 89' lang='lat' dir='ltr'><strong>Sarraceni</strong></span> <span class='ocrx_word' id='word_1_73' title='bbox 1237 1064 1433 1120; x_wconf 91' lang='lat' dir='ltr'><strong>pugno</strong></span> <span class='ocrx_word' id='word_1_74' title='bbox 1466 1046 1726 1113; x_wconf 84' lang='lat' dir='ltr'><strong>feriebat,</strong></span> <span class='ocrx_word' id='word_1_75' title='bbox 1760 1048 1824 1100; x_wconf 90' lang='lat' dir='ltr'><strong>ut</strong></span> <span class='ocrx_word' id='word_1_76' title='bbox 1845 1045 1913 1100; x_wconf 75' lang='grc'><strong>40</strong></span> <span class='ocrx_word' id='word_1_77' title='bbox 1932 1046 2036 1099; x_wconf 90' lang='lat' dir='ltr'><strong>aut</strong></span> 
     </span>
    </p>
   </div>
   <div class='ocr_carea' id='block_1_12' title="bbox 380 1134 2032 1209">
    <p class='ocr_par' dir='ltr' id='par_1_12' title="bbox 380 1134 2032 1209">
     <span class='ocr_line' id='line_1_12' title="bbox 380 1134 2032 1209; baseline -0.002 -18"><span class='ocrx_word' id='word_1_78' title='bbox 380 1137 447 1191; x_wconf 78' lang='lat'><strong>16</strong></span> <span class='ocrx_word' id='word_1_79' title='bbox 474 1136 773 1209; x_wconf 76' lang='lat' dir='ltr'><strong>bysantios</strong></span> <span class='ocrx_word' id='word_1_80' title='bbox 803 1137 877 1191; x_wconf 89' lang='lat' dir='ltr'><strong>ab</strong></span> <span class='ocrx_word' id='word_1_81' title='bbox 898 1153 996 1192; x_wconf 90' lang='lat' dir='ltr'><strong>ore</strong></span> <span class='ocrx_word' id='word_1_82' title='bbox 1020 1137 1176 1193; x_wconf 83' lang='lat' dir='ltr'><strong>foras</strong></span> <span class='ocrx_word' id='word_1_83' title='bbox 1195 1141 1509 1192; x_wconf 88' lang='lat' dir='ltr'><strong>excuteret.</strong></span> <span class='ocrx_word' id='word_1_84' title='bbox 1531 1134 1779 1191; x_wconf 75' lang='lat' dir='ltr'><strong>Femina:</strong></span> <span class='ocrx_word' id='word_1_85' title='bbox 1802 1149 2032 1206; x_wconf 87' lang='lat' dir='ltr'><strong>quoque</strong></span> 
     </span>
    </p>
   </div>
   <div class='ocr_carea' id='block_1_13' title="bbox 375 1222 2036 1298">
    <p class='ocr_par' dir='ltr' id='par_1_13' title="bbox 375 1222 2036 1298">
     <span class='ocr_line' id='line_1_13' title="bbox 375 1222 2036 1298; baseline -0.002 -19"><span class='ocrx_word' id='word_1_86' title='bbox 375 1223 750 1297; x_wconf 89' lang='lat' dir='ltr'><strong>impudenter</strong></span> <span class='ocrx_word' id='word_1_87' title='bbox 777 1223 931 1280; x_wconf 90' lang='lat' dir='ltr'><strong>intra</strong></span> <span class='ocrx_word' id='word_1_88' title='bbox 962 1240 1023 1281; x_wconf 91' lang='lat' dir='ltr'><strong>se</strong></span> <span class='ocrx_word' id='word_1_89' title='bbox 1054 1225 1357 1298; x_wconf 81' lang='lat' dir='ltr'><strong>bysantios</strong></span> <span class='ocrx_word' id='word_1_90' title='bbox 1381 1224 1768 1282; x_wconf 86' lang='lat' dir='ltr'><strong>occultabant.</strong></span> <span class='ocrx_word' id='word_1_91' title='bbox 1793 1222 1955 1287; x_wconf 87' lang='lat' dir='ltr'><strong>Quod</strong></span> <span class='ocrx_word' id='word_1_92' title='bbox 1978 1226 2036 1278; x_wconf 90' lang='lat' dir='ltr'><strong>et</strong></span> 
     </span>
    </p>
   </div>
   <div class='ocr_carea' id='block_1_14' title="bbox 376 1309 2034 1386">
    <p class='ocr_par' dir='ltr' id='par_1_14' title="bbox 376 1309 2034 1386">
     <span class='ocr_line' id='line_1_14' title="bbox 376 1309 2034 1386; baseline -0.002 -18"><span class='ocrx_word' id='word_1_93' title='bbox 376 1315 539 1370; x_wconf 83' lang='lat' dir='ltr'><strong>nefas</strong></span> <span class='ocrx_word' id='word_1_94' title='bbox 568 1318 693 1369; x_wconf 89' lang='lat' dir='ltr'><strong>erat</strong></span> <span class='ocrx_word' id='word_1_95' title='bbox 723 1313 805 1370; x_wconf 89' lang='lat' dir='ltr'><strong>sic</strong></span> <span class='ocrx_word' id='word_1_96' title='bbox 834 1314 1292 1383; x_wconf 89' lang='lat' dir='ltr'><strong>recondendum,</strong></span> <span class='ocrx_word' id='word_1_97' title='bbox 1325 1319 1384 1371; x_wconf 90' lang='lat' dir='ltr'><strong>et</strong></span> <span class='ocrx_word' id='word_1_98' title='bbox 1408 1314 1594 1370; x_wconf 92' lang='lat' dir='ltr'><strong>multo</strong></span> <span class='ocrx_word' id='word_1_99' title='bbox 1625 1313 1858 1386; x_wconf 85' lang='lat' dir='ltr'><strong>turpius</strong></span> <span class='ocrx_word' id='word_1_100' title='bbox 1886 1309 2034 1366; x_wconf 89' lang='lat' dir='ltr'><strong>mihi</strong></span> 
     </span>
    </p>
   </div>
   <div class='ocr_carea' id='block_1_15' title="bbox 376 1402 867 1458">
    <p class='ocr_par' dir='ltr' id='par_1_15' title="bbox 376 1402 867 1458">
     <span class='ocr_line' id='line_1_15' title="bbox 376 1402 867 1458; baseline 0 0"><span class='ocrx_word' id='word_1_101' title='bbox 376 1402 449 1458; x_wconf 93' lang='lat' dir='ltr'><strong>ad</strong></span> <span class='ocrx_word' id='word_1_102' title='bbox 483 1402 867 1458; x_wconf 87' lang='lat' dir='ltr'><strong>recitandum.</strong></span> 
     </span>
    </p>
   </div>
   <div class='ocr_carea' id='block_1_16' title="bbox 443 1491 1870 1561">
    <p class='ocr_par' dir='ltr' id='par_1_16' title="bbox 443 1491 1870 1561">
     <span class='ocr_line' id='line_1_16' title="bbox 443 1491 1870 1561; baseline -0.001 -14"><span class='ocrx_word' id='word_1_103' title='bbox 443 1494 647 1547; x_wconf 86' lang='lat' dir='ltr'><strong>Annus</strong></span> <span class='ocrx_word' id='word_1_104' title='bbox 677 1491 953 1547; x_wconf 88' lang='lat' dir='ltr'><strong>millenus</strong></span> <span class='ocrx_word' id='word_1_105' title='bbox 980 1497 1262 1548; x_wconf 84' lang='lat' dir='ltr'><strong>centenus</strong></span> <span class='ocrx_word' id='word_1_106' title='bbox 1293 1496 1439 1561; x_wconf 90' lang='lat' dir='ltr'><strong>erat,</strong></span> <span class='ocrx_word' id='word_1_107' title='bbox 1473 1493 1571 1547; x_wconf 90' lang='lat' dir='ltr'><strong>sed</strong></span> <span class='ocrx_word' id='word_1_108' title='bbox 1606 1496 1662 1547; x_wconf 91' lang='lat' dir='ltr'><strong>et</strong></span> <span class='ocrx_word' id='word_1_109' title='bbox 1692 1508 1870 1555; x_wconf 89' lang='lat' dir='ltr'><strong>unus,</strong></span> 
     </span>
    </p>
   </div>
   <div class='ocr_carea' id='block_1_17' title="bbox 445 1578 2029 1653">
    <p class='ocr_par' dir='ltr' id='par_1_17' title="bbox 445 1578 2029 1653">
     <span class='ocr_line' id='line_1_17' title="bbox 445 1578 2029 1653; baseline -0.003 -16"><span class='ocrx_word' id='word_1_110' title='bbox 445 1586 589 1637; x_wconf 89' lang='lat' dir='ltr'><strong>Cum</strong></span> <span class='ocrx_word' id='word_1_111' title='bbox 622 1597 728 1636; x_wconf 92' lang='lat' dir='ltr'><strong>nos</strong></span> <span class='ocrx_word' id='word_1_112' title='bbox 759 1586 1079 1637; x_wconf 66' lang='lat' dir='ltr'><strong>Caesaream</strong></span> <span class='ocrx_word' id='word_1_113' title='bbox 1135 1600 1268 1637; x_wconf 89' lang='lat' dir='ltr'><strong>cum</strong></span> <span class='ocrx_word' id='word_1_114' title='bbox 1301 1581 1478 1638; x_wconf 89' lang='lat' dir='ltr'><strong>scalis</strong></span> <span class='ocrx_word' id='word_1_115' title='bbox 1507 1581 1772 1653; x_wconf 88' lang='lat' dir='ltr'><strong>cepimus</strong></span> <span class='ocrx_word' id='word_1_116' title='bbox 1803 1578 2029 1634; x_wconf 85' lang='lat' dir='ltr'><strong>urbem.</strong></span> 
     </span>
    </p>
   </div>
   <div class='ocr_carea' id='block_1_18' title="bbox 444 1667 2027 1742">
    <p class='ocr_par' dir='ltr' id='par_1_18' title="bbox 444 1667 2027 1742">
     <span class='ocr_line' id='line_1_18' title="bbox 444 1667 2027 1742; baseline -0.002 -18"><span class='ocrx_word' id='word_1_117' title='bbox 444 1670 586 1724; x_wconf 88' lang='lat' dir='ltr'><strong>Cum</strong></span> <span class='ocrx_word' id='word_1_118' title='bbox 619 1669 909 1726; x_wconf 82' lang='lat' dir='ltr'><strong>Stratonis</strong></span> <span class='ocrx_word' id='word_1_119' title='bbox 931 1678 1149 1726; x_wconf 90' lang='lat' dir='ltr'><strong>turrem</strong></span> <span class='ocrx_word' id='word_1_120' title='bbox 1170 1671 1251 1725; x_wconf 89' lang='lat' dir='ltr'><strong>sic</strong></span> <span class='ocrx_word' id='word_1_121' title='bbox 1273 1670 1491 1726; x_wconf 86' lang='lat' dir='ltr'><strong>dictam</strong></span> <span class='ocrx_word' id='word_1_122' title='bbox 1513 1669 1778 1742; x_wconf 88' lang='lat' dir='ltr'><strong>cepimus</strong></span> <span class='ocrx_word' id='word_1_123' title='bbox 1804 1667 2027 1723; x_wconf 86' lang='lat' dir='ltr'><strong>urbem.</strong></span> 
     </span>
    </p>
   </div>
   <div class='ocr_carea' id='block_1_19' title="bbox 1011 1774 1390 1831">
    <p class='ocr_par' dir='ltr' id='par_1_19' title="bbox 1011 1774 1390 1831">
     <span class='ocr_line' id='line_1_19' title="bbox 1011 1774 1390 1831; baseline 0.003 -2"><span class='ocrx_word' id='word_1_124' title='bbox 1011 1774 1242 1831; x_wconf 83' lang='lat' dir='ltr'><strong>CAPUT</strong></span> <span class='ocrx_word' id='word_1_125' title='bbox 1300 1774 1390 1830; x_wconf 85' lang='lat' dir='ltr'><strong>IX.</strong></span> 
     </span>
    </p>
   </div>
   <div class='ocr_carea' id='block_1_20' title="bbox 565 1863 1831 1936">
    <p class='ocr_par' dir='ltr' id='par_1_20' title="bbox 565 1863 1831 1936">
     <span class='ocr_line' id='line_1_20' title="bbox 565 1863 1831 1936; baseline 0.001 -18"><span class='ocrx_word' id='word_1_126' title='bbox 565 1864 716 1933; x_wconf 82' lang='lat' dir='ltr'><strong>Quod</strong></span> <span class='ocrx_word' id='word_1_127' title='bbox 746 1865 807 1918; x_wconf 74' lang='lat' dir='ltr'><strong>in.</strong></span> <span class='ocrx_word' id='word_1_128' title='bbox 838 1863 1087 1925; x_wconf 61' lang='lat' dir='ltr'><strong>Cwsarea</strong></span> <span class='ocrx_word' id='word_1_129' title='bbox 1115 1866 1395 1936; x_wconf 66' lang='lat' dir='ltr'><strong>episcopus</strong></span> <span class='ocrx_word' id='word_1_130' title='bbox 1423 1865 1499 1920; x_wconf 82' lang='lat' dir='ltr'><strong>sit</strong></span> <span class='ocrx_word' id='word_1_131' title='bbox 1523 1864 1831 1920; x_wconf 76' lang='lat' dir='ltr'><strong>ordinatus.</strong></span> 
     </span>
    </p>
   </div>
   <div class='ocr_carea' id='block_1_21' title="bbox 442 1950 2032 2025">
    <p class='ocr_par' dir='ltr' id='par_1_21' title="bbox 442 1950 2032 2025">
     <span class='ocr_line' id='line_1_21' title="bbox 442 1950 2032 2025; baseline -0.002 -15"><span class='ocrx_word' id='word_1_132' title='bbox 442 1955 513 2010; x_wconf 91' lang='lat' dir='ltr'><strong>Et</strong></span> <span class='ocrx_word' id='word_1_133' title='bbox 543 1970 679 2009; x_wconf 90' lang='lat' dir='ltr'><strong>cum</strong></span> <span class='ocrx_word' id='word_1_134' title='bbox 712 1952 783 2007; x_wconf 91' lang='lat' dir='ltr'><strong>de</strong></span> <span class='ocrx_word' id='word_1_135' title='bbox 814 1956 1092 2021; x_wconf 76' lang='lat' dir='ltr'><strong>Caesarea,</strong></span> <span class='ocrx_word' id='word_1_136' title='bbox 1116 1957 1173 2010; x_wconf 89' lang='lat' dir='ltr'><strong>et</strong></span> <span class='ocrx_word' id='word_1_137' title='bbox 1194 1954 1262 2009; x_wconf 94' lang='lat' dir='ltr'><strong>de</strong></span> <span class='ocrx_word' id='word_1_138' title='bbox 1285 1952 1379 2009; x_wconf 90' lang='lat' dir='ltr'><strong>his</strong></span> <span class='ocrx_word' id='word_1_139' title='bbox 1409 1953 1684 2009; x_wconf 91' lang='lat' dir='ltr'><strong>omnibus</strong></span> <span class='ocrx_word' id='word_1_140' title='bbox 1714 1969 1841 2025; x_wconf 73' lang='lat' dir='ltr'><strong>quae</strong></span> <span class='ocrx_word' id='word_1_141' title='bbox 1873 1950 1931 2007; x_wconf 92' lang='lat' dir='ltr'><strong>in</strong></span> <span class='ocrx_word' id='word_1_142' title='bbox 1964 1968 2032 2007; x_wconf 85' lang='lat' dir='ltr'><strong>ca</strong></span> 
     </span>
    </p>
   </div>
   <div class='ocr_carea' id='block_1_22' title="bbox 372 2040 2034 2115">
    <p class='ocr_par' dir='ltr' id='par_1_22' title="bbox 372 2040 2034 2115">
     <span class='ocr_line' id='line_1_22' title="bbox 372 2040 2034 2115; baseline -0.001 -18"><span class='ocrx_word' id='word_1_143' title='bbox 372 2042 717 2115; x_wconf 89' lang='lat' dir='ltr'><strong>reperimus,</strong></span> <span class='ocrx_word' id='word_1_144' title='bbox 743 2057 859 2096; x_wconf 88' lang='lat' dir='ltr'><strong>una</strong></span> <span class='ocrx_word' id='word_1_145' title='bbox 880 2057 1013 2097; x_wconf 92' lang='lat' dir='ltr'><strong>cum</strong></span> <span class='ocrx_word' id='word_1_146' title='bbox 1035 2041 1454 2109; x_wconf 87' lang='lat' dir='ltr'><strong>Januensibus,</strong></span> <span class='ocrx_word' id='word_1_147' title='bbox 1479 2046 1651 2114; x_wconf 65' lang='lat' dir='ltr'><strong>prout</strong></span> <span class='ocrx_word' id='word_1_148' title='bbox 1674 2040 1867 2108; x_wconf 88' lang='lat' dir='ltr'><strong>libuit,</strong></span> <span class='ocrx_word' id='word_1_149' title='bbox 1885 2040 2034 2113; x_wconf 82' lang='lat' dir='ltr'><strong>egis.</strong></span> 
     </span>
    </p>
   </div>
   <div class='ocr_carea' id='block_1_23' title="bbox 287 2127 2027 2202">
    <p class='ocr_par' dir='ltr' id='par_1_23' title="bbox 287 2127 2027 2202">
     <span class='ocr_line' id='line_1_23' title="bbox 287 2127 2027 2202; baseline -0.003 -15"><span class='ocrx_word' id='word_1_150' title='bbox 287 2176 290 2180; x_wconf 46' lang='grc' dir='ltr'>λ</span> <span class='ocrx_word' id='word_1_151' title='bbox 372 2148 592 2197; x_wconf 88' lang='lat' dir='ltr'><strong>scmus,</strong></span> <span class='ocrx_word' id='word_1_152' title='bbox 626 2134 683 2186; x_wconf 90' lang='lat' dir='ltr'><strong>et</strong></span> <span class='ocrx_word' id='word_1_153' title='bbox 711 2129 1219 2202; x_wconf 88' lang='lat' dir='ltr'><strong>archiepiscopum</strong></span> <span class='ocrx_word' id='word_1_154' title='bbox 1253 2129 1643 2186; x_wconf 87' lang='lat' dir='ltr'><strong>communiter</strong></span> <span class='ocrx_word' id='word_1_155' title='bbox 1674 2130 1925 2185; x_wconf 90' lang='lat' dir='ltr'><strong>electum</strong></span> <span class='ocrx_word' id='word_1_156' title='bbox 1950 2127 2027 2185; x_wconf 90' lang='lat' dir='ltr'><strong>ibi</strong></span> 
     </span>
    </p>
   </div>
   <div class='ocr_carea' id='block_1_24' title="bbox 372 2218 2032 2290">
    <p class='ocr_par' dir='ltr' id='par_1_24' title="bbox 372 2218 2032 2290">
     <span class='ocr_line' id='line_1_24' title="bbox 372 2218 2032 2290; baseline -0.001 -17"><span class='ocrx_word' id='word_1_157' title='bbox 372 2219 857 2290; x_wconf 72' lang='lat' dir='ltr'><strong>przrf&#39;ccisscmus,</strong></span> <span class='ocrx_word' id='word_1_158' title='bbox 878 2218 1096 2274; x_wconf 87' lang='lat' dir='ltr'><strong>relictis</strong></span> <span class='ocrx_word' id='word_1_159' title='bbox 1114 2220 1184 2274; x_wconf 89' lang='lat' dir='ltr'><strong>ad</strong></span> <span class='ocrx_word' id='word_1_160' title='bbox 1203 2219 1651 2276; x_wconf 90' lang='lat' dir='ltr'><strong>custodiendum</strong></span> <span class='ocrx_word' id='word_1_161' title='bbox 1671 2219 1875 2273; x_wconf 83' lang='lat' dir='ltr'><strong>urbem</strong></span> <span class='ocrx_word' id='word_1_162' title='bbox 1894 2234 2032 2289; x_wconf 85' lang='lat' dir='ltr'><strong>pau-</strong></span> 
     </span>
    </p>
   </div>
   <div class='ocr_carea' id='block_1_25' title="bbox 372 2306 2030 2379">
    <p class='ocr_par' dir='ltr' id='par_1_25' title="bbox 372 2306 2030 2379">
     <span class='ocr_line' id='line_1_25' title="bbox 372 2306 2030 2379; baseline -0.001 -16"><span class='ocrx_word' id='word_1_163' title='bbox 372 2307 474 2376; x_wconf 88' lang='lat' dir='ltr'><strong>cis,</strong></span> <span class='ocrx_word' id='word_1_164' title='bbox 509 2306 919 2363; x_wconf 80' lang='lat' dir='ltr'><strong>iestinavimus</strong></span> <span class='ocrx_word' id='word_1_165' title='bbox 949 2307 1031 2362; x_wconf 89' lang='lat' dir='ltr'><strong>ire</strong></span> <span class='ocrx_word' id='word_1_166' title='bbox 1078 2307 1387 2364; x_wconf 79' lang='lat' dir='ltr'><strong>Ramulam</strong></span> <span class='ocrx_word' id='word_1_167' title='bbox 1420 2308 1733 2375; x_wconf 82' lang='lat' dir='ltr'><strong>civitatem,</strong></span> <span class='ocrx_word' id='word_1_168' title='bbox 1768 2324 1894 2379; x_wconf 81' lang='lat' dir='ltr'><strong>quae</strong></span> <span class='ocrx_word' id='word_1_169' title='bbox 1942 2311 2030 2362; x_wconf 90' lang='lat' dir='ltr'><strong>cst</strong></span> 
     </span>
    </p>
   </div>
   <div class='ocr_carea' id='block_1_26' title="bbox 371 2394 2026 2469">
    <p class='ocr_par' dir='ltr' id='par_1_26' title="bbox 371 2394 2026 2469">
     <span class='ocr_line' id='line_1_26' title="bbox 371 2394 2026 2469; baseline 0 -19"><span class='ocrx_word' id='word_1_170' title='bbox 371 2412 549 2469; x_wconf 87' lang='lat' dir='ltr'><strong>prope</strong></span> <span class='ocrx_word' id='word_1_171' title='bbox 582 2396 862 2468; x_wconf 81' lang='lat' dir='ltr'><strong>Lyddam.</strong></span> <span class='ocrx_word' id='word_1_172' title='bbox 896 2396 1003 2451; x_wconf 92' lang='lat' dir='ltr'><strong>Ubi</strong></span> <span class='ocrx_word' id='word_1_173' title='bbox 1037 2414 1140 2468; x_wconf 90' lang='lat' dir='ltr'><strong>per</strong></span> <span class='ocrx_word' id='word_1_174' title='bbox 1167 2399 1236 2451; x_wconf 73' lang='grc'><strong>24</strong></span> <span class='ocrx_word' id='word_1_175' title='bbox 1263 2397 1387 2453; x_wconf 85' lang='lat' dir='ltr'><strong>dies</strong></span> <span class='ocrx_word' id='word_1_176' title='bbox 1417 2396 1881 2469; x_wconf 83' lang='lat' dir='ltr'><strong>exspectavimus</strong></span> <span class='ocrx_word' id='word_1_177' title='bbox 1906 2394 2026 2450; x_wconf 86' lang='lat' dir='ltr'><strong>bel-</strong></span> 
     </span>
    </p>
   </div>
   <div class='ocr_carea' id='block_1_27' title="bbox 371 2483 2026 2558">
    <p class='ocr_par' dir='ltr' id='par_1_27' title="bbox 371 2483 2026 2558">
     <span class='ocr_line' id='line_1_27' title="bbox 371 2483 2026 2558; baseline -0.001 -18"><span class='ocrx_word' id='word_1_178' title='bbox 371 2485 490 2540; x_wconf 89' lang='lat' dir='ltr'><strong>lum</strong></span> <span class='ocrx_word' id='word_1_179' title='bbox 525 2485 599 2540; x_wconf 92' lang='lat' dir='ltr'><strong>ab</strong></span> <span class='ocrx_word' id='word_1_180' title='bbox 628 2483 984 2540; x_wconf 85' lang='lat' dir='ltr'><strong>Ascalonitis</strong></span> <span class='ocrx_word' id='word_1_181' title='bbox 1015 2489 1072 2540; x_wconf 92' lang='lat' dir='ltr'><strong>et</strong></span> <span class='ocrx_word' id='word_1_182' title='bbox 1119 2484 1481 2558; x_wconf 80' lang='lat' dir='ltr'><strong>Babylonicis</strong></span> <span class='ocrx_word' id='word_1_183' title='bbox 1512 2489 1714 2541; x_wconf 78' lang='lat' dir='ltr'><strong>contra</strong></span> <span class='ocrx_word' id='word_1_184' title='bbox 1744 2502 1850 2540; x_wconf 92' lang='lat' dir='ltr'><strong>nos</strong></span> <span class='ocrx_word' id='word_1_185' title='bbox 1882 2483 2026 2552; x_wconf 82' lang='lat' dir='ltr'><strong>ﬁeri,</strong></span> 
     </span>
    </p>
   </div>
   <div class='ocr_carea' id='block_1_28' title="bbox 372 2572 2025 2647">
    <p class='ocr_par' dir='ltr' id='par_1_28' title="bbox 372 2572 2025 2647">
     <span class='ocr_line' id='line_1_28' title="bbox 372 2572 2025 2647; baseline 0 -17"><span class='ocrx_word' id='word_1_186' title='bbox 372 2576 444 2630; x_wconf 92' lang='lat' dir='ltr'><strong>ob</strong></span> <span class='ocrx_word' id='word_1_187' title='bbox 474 2573 532 2629; x_wconf 90' lang='lat' dir='ltr'><strong>id</strong></span> <span class='ocrx_word' id='word_1_188' title='bbox 562 2572 681 2629; x_wconf 90' lang='lat' dir='ltr'><strong>illic</strong></span> <span class='ocrx_word' id='word_1_189' title='bbox 712 2574 1098 2646; x_wconf 83' lang='lat' dir='ltr'><strong>congregatis.</strong></span> <span class='ocrx_word' id='word_1_190' title='bbox 1134 2575 1244 2630; x_wconf 88' lang='lat' dir='ltr'><strong>Sed</strong></span> <span class='ocrx_word' id='word_1_191' title='bbox 1278 2574 1417 2646; x_wconf 87' lang='lat' dir='ltr'><strong>quia</strong></span> <span class='ocrx_word' id='word_1_192' title='bbox 1447 2591 1592 2647; x_wconf 88' lang='lat' dir='ltr'><strong>gens</strong></span> <span class='ocrx_word' id='word_1_193' title='bbox 1614 2591 1847 2629; x_wconf 88' lang='lat' dir='ltr'><strong>eramus</strong></span> <span class='ocrx_word' id='word_1_194' title='bbox 1876 2591 2025 2641; x_wconf 85' lang='lat' dir='ltr'><strong>rara,</strong></span> 
     </span>
    </p>
   </div>
   <div class='ocr_carea' id='block_1_29' title="bbox 371 2662 2028 2729">
    <p class='ocr_par' dir='ltr' id='par_1_29' title="bbox 371 2662 2028 2729">
     <span class='ocr_line' id='line_1_29' title="bbox 371 2662 2028 2729; baseline -0.001 -10"><span class='ocrx_word' id='word_1_195' title='bbox 371 2668 572 2720; x_wconf 90' lang='lat' dir='ltr'><strong>contra</strong></span> <span class='ocrx_word' id='word_1_196' title='bbox 602 2680 701 2719; x_wconf 86' lang='lat' dir='ltr'><strong>eos</strong></span> <span class='ocrx_word' id='word_1_197' title='bbox 750 2663 833 2718; x_wconf 90' lang='lat' dir='ltr'><strong>ire</strong></span> <span class='ocrx_word' id='word_1_198' title='bbox 877 2667 1221 2729; x_wconf 87' lang='lat' dir='ltr'><strong>metuentes,</strong></span> <span class='ocrx_word' id='word_1_199' title='bbox 1257 2680 1374 2718; x_wconf 89' lang='lat' dir='ltr'><strong>non</strong></span> <span class='ocrx_word' id='word_1_200' title='bbox 1412 2662 1645 2728; x_wconf 90' lang='lat' dir='ltr'><strong>ivimus,</strong></span> <span class='ocrx_word' id='word_1_201' title='bbox 1679 2679 1751 2718; x_wconf 91' lang='lat' dir='ltr'><strong>ne</strong></span> <span class='ocrx_word' id='word_1_202' title='bbox 1780 2663 1829 2718; x_wconf 92' lang='lat' dir='ltr'><strong>si</strong></span> <span class='ocrx_word' id='word_1_203' title='bbox 1882 2662 2028 2718; x_wconf 84' lang='lat' dir='ltr'><strong>forte</strong></span> 
     </span>
    </p>
   </div>
   <div class='ocr_carea' id='block_1_30' title="bbox 369 2751 2029 2824">
    <p class='ocr_par' dir='ltr' id='par_1_30' title="bbox 369 2751 2029 2824">
     <span class='ocr_line' id='line_1_30' title="bbox 369 2751 2029 2824; baseline 0.001 -16"><span class='ocrx_word' id='word_1_204' title='bbox 369 2751 664 2808; x_wconf 70' lang='lat' dir='ltr'><strong>Ascalonaa</strong></span> <span class='ocrx_word' id='word_1_205' title='bbox 708 2751 792 2807; x_wconf 89' lang='lat' dir='ltr'><strong>eis</strong></span> <span class='ocrx_word' id='word_1_206' title='bbox 823 2768 1243 2824; x_wconf 87' lang='lat' dir='ltr'><strong>appareremus</strong></span> <span class='ocrx_word' id='word_1_207' title='bbox 1272 2751 1428 2808; x_wconf 90' lang='lat' dir='ltr'><strong>intra</strong></span> <span class='ocrx_word' id='word_1_208' title='bbox 1457 2752 1673 2807; x_wconf 65' lang='lat' dir='ltr'><strong>muenia</strong></span> <span class='ocrx_word' id='word_1_209' title='bbox 1700 2755 1757 2808; x_wconf 92' lang='lat' dir='ltr'><strong>et</strong></span> <span class='ocrx_word' id='word_1_210' title='bbox 1787 2766 2029 2824; x_wconf 82' lang='lat' dir='ltr'><strong>aggeres</strong></span> 
     </span>
    </p>
   </div>
   <div class='ocr_carea' id='block_1_31' title="bbox 370 2839 2024 2913">
    <p class='ocr_par' dir='ltr' id='par_1_31' title="bbox 370 2839 2024 2913">
     <span class='ocr_line' id='line_1_31' title="bbox 370 2839 2024 2913; baseline -0.001 -16"><span class='ocrx_word' id='word_1_211' title='bbox 370 2856 509 2898; x_wconf 89' lang='lat' dir='ltr'><strong>suos</strong></span> <span class='ocrx_word' id='word_1_212' title='bbox 538 2856 779 2896; x_wconf 86' lang='lat' dir='ltr'><strong>recursu</strong></span> <span class='ocrx_word' id='word_1_213' title='bbox 797 2840 1075 2896; x_wconf 88' lang='lat' dir='ltr'><strong>continuo</strong></span> <span class='ocrx_word' id='word_1_214' title='bbox 1100 2858 1206 2897; x_wconf 91' lang='lat' dir='ltr'><strong>nos</strong></span> <span class='ocrx_word' id='word_1_215' title='bbox 1227 2839 1578 2913; x_wconf 90' lang='lat' dir='ltr'><strong>interceptos</strong></span> <span class='ocrx_word' id='word_1_216' title='bbox 1602 2840 2024 2896; x_wconf 90' lang='lat' dir='ltr'><strong>interimerent.</strong></span> 
     </span>
    </p>
   </div>
   <div class='ocr_carea' id='block_1_32' title="bbox 370 2927 2027 3002">
    <p class='ocr_par' dir='ltr' id='par_1_32' title="bbox 370 2927 2027 3002">
     <span class='ocr_line' id='line_1_32' title="bbox 370 2927 2027 3002; baseline -0.002 -16"><span class='ocrx_word' id='word_1_217' title='bbox 370 2930 680 3002; x_wconf 87' lang='lat' dir='ltr'><strong>Propterea</strong></span> <span class='ocrx_word' id='word_1_218' title='bbox 732 2929 927 2985; x_wconf 90' lang='lat' dir='ltr'><strong>venire</strong></span> <span class='ocrx_word' id='word_1_219' title='bbox 982 2930 1187 2985; x_wconf 88' lang='lat' dir='ltr'><strong>contra</strong></span> <span class='ocrx_word' id='word_1_220' title='bbox 1242 2946 1351 2985; x_wconf 92' lang='lat' dir='ltr'><strong>nos</strong></span> <span class='ocrx_word' id='word_1_221' title='bbox 1410 2928 1707 2997; x_wconf 87' lang='lat' dir='ltr'><strong>nolebant,</strong></span> <span class='ocrx_word' id='word_1_222' title='bbox 1766 2929 1906 3000; x_wconf 86' lang='lat' dir='ltr'><strong>quia</strong></span> <span class='ocrx_word' id='word_1_223' title='bbox 1943 2927 2027 2984; x_wconf 91' lang='lat' dir='ltr'><strong>sic</strong></span> 
     </span>
    </p>
   </div>
   <div class='ocr_carea' id='block_1_33' title="bbox 368 3017 2030 3091">
    <p class='ocr_par' dir='ltr' id='par_1_33' title="bbox 368 3017 2030 3091">
     <span class='ocr_line' id='line_1_33' title="bbox 368 3017 2030 3091; baseline -0.001 -17"><span class='ocrx_word' id='word_1_224' title='bbox 368 3017 596 3074; x_wconf 87' lang='lat' dir='ltr'><strong>evenire</strong></span> <span class='ocrx_word' id='word_1_225' title='bbox 612 3018 920 3090; x_wconf 84' lang='lat' dir='ltr'><strong>putabant.</strong></span> <span class='ocrx_word' id='word_1_226' title='bbox 941 3019 1198 3085; x_wconf 91' lang='lat' dir='ltr'><strong>Quorum</strong></span> <span class='ocrx_word' id='word_1_227' title='bbox 1222 3017 1538 3074; x_wconf 88' lang='lat' dir='ltr'><strong>calliditate</strong></span> <span class='ocrx_word' id='word_1_228' title='bbox 1561 3023 1880 3091; x_wconf 89' lang='lat' dir='ltr'><strong>comperta,</strong></span> <span class='ocrx_word' id='word_1_229' title='bbox 1904 3020 2030 3073; x_wconf 89' lang='lat' dir='ltr'><strong>tan-</strong></span> 
     </span>
    </p>
   </div>
   <div class='ocr_carea' id='block_1_34' title="bbox 369 3105 2017 3176">
    <p class='ocr_par' dir='ltr' id='par_1_34' title="bbox 369 3105 2017 3176">
     <span class='ocr_line' id='line_1_34' title="bbox 369 3105 2017 3176; baseline 0.001 -13"><span class='ocrx_word' id='word_1_230' title='bbox 369 3106 470 3163; x_wconf 91' lang='lat' dir='ltr'><strong>diu</strong></span> <span class='ocrx_word' id='word_1_231' title='bbox 488 3105 863 3164; x_wconf 85' lang='lat' dir='ltr'><strong>calliditatem</strong></span> <span class='ocrx_word' id='word_1_232' title='bbox 881 3123 1083 3164; x_wconf 91' lang='lat' dir='ltr'><strong>eorum</strong></span> <span class='ocrx_word' id='word_1_233' title='bbox 1101 3106 1371 3164; x_wconf 90' lang='lat' dir='ltr'><strong>callidius</strong></span> <span class='ocrx_word' id='word_1_234' title='bbox 1388 3106 1665 3164; x_wconf 89' lang='lat' dir='ltr'><strong>callentes</strong></span> <span class='ocrx_word' id='word_1_235' title='bbox 1685 3106 2017 3176; x_wconf 89' lang='lat' dir='ltr'><strong>calluimus,</strong></span> 
     </span>
    </p>
   </div>
   <div class='ocr_carea' id='block_1_35' title="bbox 368 3168 2095 3269">
    <p class='ocr_par' dir='ltr' id='par_1_35' title="bbox 368 3168 2095 3269">
     <span class='ocr_line' id='line_1_35' title="bbox 368 3168 2095 3269; baseline 0 -18"><span class='ocrx_word' id='word_1_236' title='bbox 368 3212 557 3269; x_wconf 90' lang='lat' dir='ltr'><strong>usque</strong></span> <span class='ocrx_word' id='word_1_237' title='bbox 588 3195 803 3252; x_wconf 90' lang='lat' dir='ltr'><strong>animis</strong></span> <span class='ocrx_word' id='word_1_238' title='bbox 849 3212 1051 3252; x_wconf 92' lang='lat' dir='ltr'><strong>eorum</strong></span> <span class='ocrx_word' id='word_1_239' title='bbox 1102 3213 1312 3269; x_wconf 85' lang='lat' dir='ltr'><strong>pavore</strong></span> <span class='ocrx_word' id='word_1_240' title='bbox 1367 3195 1885 3265; x_wconf 88' lang='lat' dir='ltr'><strong>marcescentibus,</strong></span> <span class='ocrx_word' id='word_1_241' title='bbox 1918 3197 2020 3252; x_wconf 92' lang='lat' dir='ltr'><strong>ad-</strong></span> <span class='ocrx_word' id='word_1_242' title='bbox 2052 3168 2095 3234; x_wconf 80' lang='lat' dir='ltr'>C</span> 
     </span>
    </p>
   </div>
   <div class='ocr_carea' id='block_1_36' title="bbox 366 3282 2023 3357">
    <p class='ocr_par' dir='ltr' id='par_1_36' title="bbox 366 3282 2023 3357">
     <span class='ocr_line' id='line_1_36' title="bbox 366 3282 2023 3357; baseline -0.001 -17"><span class='ocrx_word' id='word_1_243' title='bbox 366 3301 599 3342; x_wconf 87' lang='lat' dir='ltr'><strong>versum</strong></span> <span class='ocrx_word' id='word_1_244' title='bbox 631 3302 738 3341; x_wconf 84' lang='lat' dir='ltr'><strong>nos</strong></span> <span class='ocrx_word' id='word_1_245' title='bbox 770 3285 964 3341; x_wconf 90' lang='lat' dir='ltr'><strong>venire</strong></span> <span class='ocrx_word' id='word_1_246' title='bbox 991 3286 1226 3357; x_wconf 87' lang='lat' dir='ltr'><strong>penitus</strong></span> <span class='ocrx_word' id='word_1_247' title='bbox 1256 3284 1627 3340; x_wconf 90' lang='lat' dir='ltr'><strong>dimiserunt.</strong></span> <span class='ocrx_word' id='word_1_248' title='bbox 1662 3283 1824 3339; x_wconf 86' lang='lat' dir='ltr'><strong>Unde</strong></span> <span class='ocrx_word' id='word_1_249' title='bbox 1854 3282 2023 3339; x_wconf 90' lang='lat' dir='ltr'><strong>multi</strong></span> 
     </span>
    </p>
   </div>
   <div class='ocr_carea' id='block_1_37' title="bbox 368 3373 2023 3446">
    <p class='ocr_par' dir='ltr' id='par_1_37' title="bbox 368 3373 2023 3446">
     <span class='ocr_line' id='line_1_37' title="bbox 368 3373 2023 3446; baseline -0.001 -17"><span class='ocrx_word' id='word_1_250' title='bbox 368 3390 593 3432; x_wconf 92' lang='lat' dir='ltr'><strong>moram</strong></span> <span class='ocrx_word' id='word_1_251' title='bbox 625 3374 892 3441; x_wconf 83' lang='lat' dir='ltr'><strong>fastiditi,</strong></span> <span class='ocrx_word' id='word_1_252' title='bbox 922 3378 980 3430; x_wconf 92' lang='lat' dir='ltr'><strong>et</strong></span> <span class='ocrx_word' id='word_1_253' title='bbox 1008 3378 1265 3446; x_wconf 88' lang='lat' dir='ltr'><strong>egestate</strong></span> <span class='ocrx_word' id='word_1_254' title='bbox 1298 3374 1505 3445; x_wconf 88' lang='lat' dir='ltr'><strong>pressi,</strong></span> <span class='ocrx_word' id='word_1_255' title='bbox 1539 3373 1610 3429; x_wconf 90' lang='lat' dir='ltr'><strong>ab</strong></span> <span class='ocrx_word' id='word_1_256' title='bbox 1631 3373 1883 3430; x_wconf 90' lang='lat' dir='ltr'><strong>exercitu</strong></span> <span class='ocrx_word' id='word_1_257' title='bbox 1915 3390 2023 3429; x_wconf 91' lang='lat' dir='ltr'><strong>suo</strong></span> 
     </span>
    </p>
   </div>
   <div class='ocr_carea' id='block_1_38' title="bbox 368 3462 2022 3536">
    <p class='ocr_par' dir='ltr' id='par_1_38' title="bbox 368 3462 2022 3536">
     <span class='ocr_line' id='line_1_38' title="bbox 368 3462 2022 3536; baseline 0 -17"><span class='ocrx_word' id='word_1_258' title='bbox 368 3464 784 3520; x_wconf 89' lang='lat' dir='ltr'><strong>discesserunt.</strong></span> <span class='ocrx_word' id='word_1_259' title='bbox 819 3464 942 3528; x_wconf 91' lang='lat' dir='ltr'><strong>Quo</strong></span> <span class='ocrx_word' id='word_1_260' title='bbox 975 3463 1198 3531; x_wconf 90' lang='lat' dir='ltr'><strong>audito,</strong></span> <span class='ocrx_word' id='word_1_261' title='bbox 1234 3463 1481 3535; x_wconf 85' lang='lat' dir='ltr'><strong>Joppem</strong></span> <span class='ocrx_word' id='word_1_262' title='bbox 1513 3462 1759 3536; x_wconf 89' lang='lat' dir='ltr'><strong>regressi</strong></span> <span class='ocrx_word' id='word_1_263' title='bbox 1792 3478 2022 3530; x_wconf 91' lang='lat' dir='ltr'><strong>sumus,</strong></span> 
     </span>
    </p>
   </div>
   <div class='ocr_carea' id='block_1_39' title="bbox 367 3551 2023 3625">
    <p class='ocr_par' dir='ltr' id='par_1_39' title="bbox 367 3551 2023 3625">
     <span class='ocr_line' id='line_1_39' title="bbox 367 3551 2023 3625; baseline -0.001 -16"><span class='ocrx_word' id='word_1_264' title='bbox 367 3560 424 3609; x_wconf 92' lang='lat' dir='ltr'><strong>et</strong></span> <span class='ocrx_word' id='word_1_265' title='bbox 452 3552 653 3607; x_wconf 84' lang='lat' dir='ltr'><strong>Iaudes</strong></span> <span class='ocrx_word' id='word_1_266' title='bbox 683 3551 798 3607; x_wconf 93' lang='lat' dir='ltr'><strong>Deo</strong></span> <span class='ocrx_word' id='word_1_267' title='bbox 828 3552 1120 3619; x_wconf 88' lang='lat' dir='ltr'><strong>dedimus,</strong></span> <span class='ocrx_word' id='word_1_268' title='bbox 1155 3568 1222 3608; x_wconf 90' lang='lat' dir='ltr'><strong>eo</strong></span> <span class='ocrx_word' id='word_1_269' title='bbox 1243 3553 1399 3624; x_wconf 90' lang='lat' dir='ltr'><strong>quod</strong></span> <span class='ocrx_word' id='word_1_270' title='bbox 1423 3568 1458 3607; x_wconf 92' lang='lat' dir='ltr'><strong>a</strong></span> <span class='ocrx_word' id='word_1_271' title='bbox 1478 3568 1795 3625; x_wconf 89' lang='lat' dir='ltr'><strong>congressu</strong></span> <span class='ocrx_word' id='word_1_272' title='bbox 1820 3566 2023 3607; x_wconf 91' lang='lat' dir='ltr'><strong>eorum</strong></span> 
     </span>
    </p>
   </div>
   <div class='ocr_carea' id='block_1_40' title="bbox 364 3640 1087 3698">
    <p class='ocr_par' dir='ltr' id='par_1_40' title="bbox 364 3640 1087 3698">
     <span class='ocr_line' id='line_1_40' title="bbox 364 3640 1087 3698; baseline -0.003 -1"><span class='ocrx_word' id='word_1_273' title='bbox 364 3641 516 3698; x_wconf 90' lang='lat' dir='ltr'><strong>liber</strong></span> <span class='ocrx_word' id='word_1_274' title='bbox 545 3640 631 3696; x_wconf 90' lang='lat' dir='ltr'><strong>sic</strong></span> <span class='ocrx_word' id='word_1_275' title='bbox 663 3640 797 3695; x_wconf 82' lang='lat' dir='ltr'><strong>facti</strong></span> <span class='ocrx_word' id='word_1_276' title='bbox 828 3656 1087 3696; x_wconf 88' lang='lat' dir='ltr'><strong>eramus.</strong></span> 
     </span>
    </p>
   </div>
   <div class='ocr_carea' id='block_1_41' title="bbox 1025 3728 1370 3785">
    <p class='ocr_par' dir='ltr' id='par_1_41' title="bbox 1025 3728 1370 3785">
     <span class='ocr_line' id='line_1_41' title="bbox 1025 3728 1370 3785; baseline 0 0"><span class='ocrx_word' id='word_1_277' title='bbox 1025 3729 1255 3785; x_wconf 84' lang='lat' dir='ltr'><strong>CAPUT</strong></span> <span class='ocrx_word' id='word_1_278' title='bbox 1304 3728 1370 3785; x_wconf 87' lang='lat' dir='ltr'><strong>X.</strong></span> 
     </span>
    </p>
   </div>
   <div class='ocr_carea' id='block_1_42' title="bbox 364 3819 2020 3892">
    <p class='ocr_par' dir='ltr' id='par_1_42' title="bbox 364 3819 2020 3892">
     <span class='ocr_line' id='line_1_42' title="bbox 364 3819 2020 3892; baseline 0.001 -16"><span class='ocrx_word' id='word_1_279' title='bbox 364 3822 440 3876; x_wconf 82' lang='lat' dir='ltr'><strong>De</strong></span> <span class='ocrx_word' id='word_1_280' title='bbox 448 3819 650 3892; x_wconf 65' lang='lat' dir='ltr'><strong>praelia</strong></span> <span class='ocrx_word' id='word_1_281' title='bbox 670 3820 802 3876; x_wconf 80' lang='lat' dir='ltr'><strong>satis</strong></span> <span class='ocrx_word' id='word_1_282' title='bbox 823 3827 1043 3874; x_wconf 82' lang='lat' dir='ltr'><strong>cruento</strong></span> <span class='ocrx_word' id='word_1_283' title='bbox 1056 3819 1504 3892; x_wconf 68' lang='lat' dir='ltr'><strong>Christianorum</strong></span> <span class='ocrx_word' id='word_1_284' title='bbox 1525 3827 1685 3892; x_wconf 80' lang='lat' dir='ltr'><strong>atque</strong></span> <span class='ocrx_word' id='word_1_285' title='bbox 1710 3823 2020 3886; x_wconf 82' lang='lat' dir='ltr'><strong>Turcorum,</strong></span> 
     </span>
    </p>
   </div>
   <div class='ocr_carea' id='block_1_43' title="bbox 794 3890 1595 3962">
    <p class='ocr_par' dir='ltr' id='par_1_43' title="bbox 794 3890 1595 3962">
     <span class='ocr_line' id='line_1_43' title="bbox 794 3890 1595 3962; baseline 0 -16"><span class='ocrx_word' id='word_1_286' title='bbox 794 3893 856 3947; x_wconf 84' lang='lat' dir='ltr'><strong>in</strong></span> <span class='ocrx_word' id='word_1_287' title='bbox 876 3908 980 3962; x_wconf 85' lang='lat' dir='ltr'><strong>quo</strong></span> <span class='ocrx_word' id='word_1_288' title='bbox 1007 3890 1313 3946; x_wconf 78' lang='lat' dir='ltr'><strong>Christiani</strong></span> <span class='ocrx_word' id='word_1_289' title='bbox 1335 3890 1595 3947; x_wconf 80' lang='lat' dir='ltr'><strong>vicerunt.</strong></span> 
     </span>
    </p>
   </div>
   <div class='ocr_carea' id='block_1_44' title="bbox 438 3979 2021 4053">
    <p class='ocr_par' dir='ltr' id='par_1_44' title="bbox 438 3979 2021 4053">
     <span class='ocr_line' id='line_1_44' title="bbox 438 3979 2021 4053; baseline 0.001 -17"><span class='ocrx_word' id='word_1_290' title='bbox 438 3979 600 4047; x_wconf 82' lang='lat' dir='ltr'><strong>Quod</strong></span> <span class='ocrx_word' id='word_1_291' title='bbox 632 3996 766 4036; x_wconf 92' lang='lat' dir='ltr'><strong>cum</strong></span> <span class='ocrx_word' id='word_1_292' title='bbox 797 3985 1000 4052; x_wconf 91' lang='lat' dir='ltr'><strong>postea</strong></span> <span class='ocrx_word' id='word_1_293' title='bbox 1027 3979 1272 4035; x_wconf 88' lang='lat' dir='ltr'><strong>auribus</strong></span> <span class='ocrx_word' id='word_1_294' title='bbox 1302 3979 1374 4035; x_wconf 91' lang='lat' dir='ltr'><strong>ad</strong></span> <span class='ocrx_word' id='word_1_295' title='bbox 1388 3996 1487 4037; x_wconf 92' lang='lat' dir='ltr'><strong>eos</strong></span> <span class='ocrx_word' id='word_1_296' title='bbox 1510 3997 1740 4053; x_wconf 86' lang='lat' dir='ltr'><strong>semper</strong></span> <span class='ocrx_word' id='word_1_297' title='bbox 1761 3980 2021 4050; x_wconf 89' lang='lat' dir='ltr'><strong>intentis,</strong></span> 
     </span>
    </p>
   </div>
   <div class='ocr_carea' id='block_1_45' title="bbox 367 4068 2028 4142">
    <p class='ocr_par' dir='ltr' id='par_1_45' title="bbox 367 4068 2028 4142">
     <span class='ocr_line' id='line_1_45' title="bbox 367 4068 2028 4142; baseline 0.001 -18"><span class='ocrx_word' id='word_1_298' title='bbox 367 4085 470 4142; x_wconf 86' lang='lat' dir='ltr'><strong>per</strong></span> <span class='ocrx_word' id='word_1_299' title='bbox 497 4070 569 4124; x_wconf 90' lang='lat'><strong>70</strong></span> <span class='ocrx_word' id='word_1_300' title='bbox 595 4068 721 4125; x_wconf 91' lang='lat' dir='ltr'><strong>dies</strong></span> <span class='ocrx_word' id='word_1_301' title='bbox 759 4069 941 4141; x_wconf 89' lang='lat' dir='ltr'><strong>quieti</strong></span> <span class='ocrx_word' id='word_1_302' title='bbox 991 4068 1506 4137; x_wconf 89' lang='lat' dir='ltr'><strong>sustinuisscmus,</strong></span> <span class='ocrx_word' id='word_1_303' title='bbox 1559 4069 1899 4127; x_wconf 90' lang='lat' dir='ltr'><strong>intimatum</strong></span> <span class='ocrx_word' id='word_1_304' title='bbox 1937 4075 2028 4126; x_wconf 90' lang='lat' dir='ltr'><strong>est</strong></span> 
     </span>
    </p>
   </div>
   <div class='ocr_carea' id='block_1_46' title="bbox 367 4156 2027 4231">
    <p class='ocr_par' dir='ltr' id='par_1_46' title="bbox 367 4156 2027 4231">
     <span class='ocr_line' id='line_1_46' title="bbox 367 4156 2027 4231; baseline 0.001 -18"><span class='ocrx_word' id='word_1_305' title='bbox 367 4156 489 4231; x_wconf 91' lang='lat' dir='ltr'><strong>regi</strong></span> <span class='ocrx_word' id='word_1_306' title='bbox 504 4157 869 4215; x_wconf 89' lang='lat' dir='ltr'><strong>adversarios</strong></span> <span class='ocrx_word' id='word_1_307' title='bbox 895 4162 1129 4214; x_wconf 89' lang='lat' dir='ltr'><strong>nostros</strong></span> <span class='ocrx_word' id='word_1_308' title='bbox 1154 4157 1528 4214; x_wconf 89' lang='lat' dir='ltr'><strong>animositate</strong></span> <span class='ocrx_word' id='word_1_309' title='bbox 1548 4157 1753 4215; x_wconf 91' lang='lat' dir='ltr'><strong>iterata</strong></span> <span class='ocrx_word' id='word_1_310' title='bbox 1773 4176 2027 4216; x_wconf 92' lang='lat' dir='ltr'><strong>commo-</strong></span> 
     </span>
    </p>
   </div>
   <div class='ocr_carea' id='block_1_47' title="bbox 364 4244 2022 4321">
    <p class='ocr_par' dir='ltr' id='par_1_47' title="bbox 364 4244 2022 4321">
     <span class='ocr_line' id='line_1_47' title="bbox 364 4244 2022 4321; baseline 0.002 -21"><span class='ocrx_word' id='word_1_311' title='bbox 364 4246 483 4302; x_wconf 89' lang='lat' dir='ltr'><strong>veri</strong></span> <span class='ocrx_word' id='word_1_312' title='bbox 515 4244 692 4302; x_wconf 90' lang='lat' dir='ltr'><strong>etiam</strong></span> <span class='ocrx_word' id='word_1_313' title='bbox 726 4263 833 4302; x_wconf 90' lang='lat' dir='ltr'><strong>nos</strong></span> <span class='ocrx_word' id='word_1_314' title='bbox 865 4252 1135 4319; x_wconf 90' lang='lat' dir='ltr'><strong>appetere</strong></span> <span class='ocrx_word' id='word_1_315' title='bbox 1166 4245 1376 4320; x_wconf 88' lang='lat' dir='ltr'><strong>parari.</strong></span> <span class='ocrx_word' id='word_1_316' title='bbox 1423 4247 1539 4304; x_wconf 89' lang='lat' dir='ltr'><strong>Hoc</strong></span> <span class='ocrx_word' id='word_1_317' title='bbox 1570 4251 1768 4303; x_wconf 90' lang='lat' dir='ltr'><strong>autem</strong></span> <span class='ocrx_word' id='word_1_318' title='bbox 1798 4247 2022 4321; x_wconf 80' lang='lat' dir='ltr'><strong>audito,</strong></span> 
     </span>
    </p>
   </div>
   <div class='ocr_carea' id='block_1_48' title="bbox 364 4336 2027 4410">
    <p class='ocr_par' dir='ltr' id='par_1_48' title="bbox 364 4336 2027 4410">
     <span class='ocr_line' id='line_1_48' title="bbox 364 4336 2027 4410; baseline 0.001 -18"><span class='ocrx_word' id='word_1_319' title='bbox 364 4336 500 4392; x_wconf 81' lang='lat' dir='ltr'><strong>fecit</strong></span> <span class='ocrx_word' id='word_1_320' title='bbox 531 4351 629 4393; x_wconf 90' lang='lat' dir='ltr'><strong>rex</strong></span> <span class='ocrx_word' id='word_1_321' title='bbox 658 4339 890 4409; x_wconf 89' lang='lat' dir='ltr'><strong>gentem</strong></span> <span class='ocrx_word' id='word_1_322' title='bbox 920 4353 1091 4392; x_wconf 90' lang='lat' dir='ltr'><strong>suam</strong></span> <span class='ocrx_word' id='word_1_323' title='bbox 1121 4340 1389 4409; x_wconf 91' lang='lat' dir='ltr'><strong>prompte</strong></span> <span class='ocrx_word' id='word_1_324' title='bbox 1418 4337 1780 4410; x_wconf 87' lang='lat' dir='ltr'><strong>congregari,</strong></span> <span class='ocrx_word' id='word_1_325' title='bbox 1801 4337 1871 4393; x_wconf 93' lang='lat' dir='ltr'><strong>de</strong></span> <span class='ocrx_word' id='word_1_326' title='bbox 1899 4337 2027 4394; x_wconf 83' lang='lat' dir='ltr'><strong>Hie-</strong></span> 
     </span>
    </p>
   </div>
   <div class='ocr_carea' id='block_1_49' title="bbox 362 4424 2021 4500">
    <p class='ocr_par' dir='ltr' id='par_1_49' title="bbox 362 4424 2021 4500">
     <span class='ocr_line' id='line_1_49' title="bbox 362 4424 2021 4500; baseline 0.001 -18"><span class='ocrx_word' id='word_1_327' title='bbox 362 4424 660 4498; x_wconf 76' lang='lat' dir='ltr'><strong>rosolyma</strong></span> <span class='ocrx_word' id='word_1_328' title='bbox 688 4424 976 4492; x_wconf 89' lang='lat' dir='ltr'><strong>videlicet,</strong></span> <span class='ocrx_word' id='word_1_329' title='bbox 1009 4430 1068 4481; x_wconf 91' lang='lat' dir='ltr'><strong>et</strong></span> <span class='ocrx_word' id='word_1_330' title='bbox 1112 4425 1441 4493; x_wconf 88' lang='lat' dir='ltr'><strong>Tiberiade,</strong></span> <span class='ocrx_word' id='word_1_331' title='bbox 1482 4430 1739 4483; x_wconf 67' lang='lat' dir='ltr'><strong>Cazsarea</strong></span> <span class='ocrx_word' id='word_1_332' title='bbox 1768 4443 2021 4500; x_wconf 89' lang='lat' dir='ltr'><strong>quoque,</strong></span> 
     </span>
    </p>
   </div>
   <div class='ocr_carea' id='block_1_50' title="bbox 2061 1796 2109 1862">
    <p class='ocr_par' dir='ltr' id='par_1_50' title="bbox 2061 1796 2109 1862">
     <span class='ocr_line' id='line_1_50' title="bbox 2061 1796 2109 1862; baseline 0 0"><span class='ocrx_word' id='word_1_333' title='bbox 2061 1796 2109 1862; x_wconf 93' lang='lat' dir='ltr'><strong>B</strong></span> 
     </span>
    </p>
   </div>
   <div class='ocr_carea' id='block_1_51' title="bbox 2147 509 3805 584">
    <p class='ocr_par' dir='ltr' id='par_1_51' title="bbox 2147 509 3805 584">
     <span class='ocr_line' id='line_1_51' title="bbox 2147 509 3805 584; baseline 0.002 -18"><span class='ocrx_word' id='word_1_334' title='bbox 2147 513 2433 582; x_wconf 88' lang='lat' dir='ltr'><strong>paratam.</strong></span> <span class='ocrx_word' id='word_1_335' title='bbox 2484 509 2627 566; x_wconf 92' lang='lat' dir='ltr'><strong>Illuc</strong></span> <span class='ocrx_word' id='word_1_336' title='bbox 2672 510 2809 567; x_wconf 79' lang='lat' dir='ltr'><strong>fecit</strong></span> <span class='ocrx_word' id='word_1_337' title='bbox 2836 527 2934 568; x_wconf 85' lang='lat' dir='ltr'><strong>rex</strong></span> <span class='ocrx_word' id='word_1_338' title='bbox 2982 511 3201 584; x_wconf 90' lang='lat' dir='ltr'><strong>portari</strong></span> <span class='ocrx_word' id='word_1_339' title='bbox 3244 510 3560 568; x_wconf 73' lang='lat' dir='ltr'><strong>Dominicze</strong></span> <span class='ocrx_word' id='word_1_340' title='bbox 3607 510 3805 569; x_wconf 86' lang='lat' dir='ltr'><strong>crucis</strong></span> 
     </span>
    </p>
   </div>
   <div class='ocr_carea' id='block_1_52' title="bbox 2145 598 3805 672">
    <p class='ocr_par' dir='ltr' id='par_1_52' title="bbox 2145 598 3805 672">
     <span class='ocr_line' id='line_1_52' title="bbox 2145 598 3805 672; baseline 0.002 -18"><span class='ocrx_word' id='word_1_341' title='bbox 2145 599 2404 672; x_wconf 89' lang='lat' dir='ltr'><strong>signum,</strong></span> <span class='ocrx_word' id='word_1_342' title='bbox 2438 600 2591 672; x_wconf 92' lang='lat' dir='ltr'><strong>quod</strong></span> <span class='ocrx_word' id='word_1_343' title='bbox 2625 600 2795 657; x_wconf 91' lang='lat' dir='ltr'><strong>nobis</strong></span> <span class='ocrx_word' id='word_1_344' title='bbox 2825 600 3074 672; x_wconf 67' lang='lat' dir='ltr'><strong>praebuit</strong></span> <span class='ocrx_word' id='word_1_345' title='bbox 3097 599 3355 658; x_wconf 87' lang='lat' dir='ltr'><strong>salutare</strong></span> <span class='ocrx_word' id='word_1_346' title='bbox 3376 599 3673 657; x_wconf 88' lang='lat' dir='ltr'><strong>solatium.</strong></span> <span class='ocrx_word' id='word_1_347' title='bbox 3694 598 3805 658; x_wconf 84' lang='lat' dir='ltr'><strong>Die</strong></span> 
     </span>
    </p>
   </div>
   <div class='ocr_carea' id='block_1_53' title="bbox 2145 689 3805 763">
    <p class='ocr_par' dir='ltr' id='par_1_53' title="bbox 2145 689 3805 763">
     <span class='ocr_line' id='line_1_53' title="bbox 2145 689 3805 763; baseline 0.001 -19"><span class='ocrx_word' id='word_1_348' title='bbox 2145 689 2399 761; x_wconf 91' lang='lat' dir='ltr'><strong>quodam</strong></span> <span class='ocrx_word' id='word_1_349' title='bbox 2431 690 2504 745; x_wconf 92' lang='lat' dir='ltr'><strong>de</strong></span> <span class='ocrx_word' id='word_1_350' title='bbox 2531 689 2717 761; x_wconf 87' lang='lat' dir='ltr'><strong>Joppe</strong></span> <span class='ocrx_word' id='word_1_351' title='bbox 2746 689 3051 758; x_wconf 82' lang='lat' dir='ltr'><strong>exivimus,</strong></span> <span class='ocrx_word' id='word_1_352' title='bbox 3094 689 3361 763; x_wconf 86' lang='lat' dir='ltr'><strong>sequenti</strong></span> <span class='ocrx_word' id='word_1_353' title='bbox 3412 705 3546 747; x_wconf 86' lang='lat' dir='ltr'><strong>vero</strong></span> <span class='ocrx_word' id='word_1_354' title='bbox 3596 693 3805 746; x_wconf 82' lang='lat' dir='ltr'><strong>contra</strong></span> 
     </span>
    </p>
   </div>
   <div class='ocr_carea' id='block_1_54' title="bbox 2144 776 3799 852">
    <p class='ocr_par' dir='ltr' id='par_1_54' title="bbox 2144 776 3799 852">
     <span class='ocr_line' id='line_1_54' title="bbox 2144 776 3799 852; baseline 0.001 -19"><span class='ocrx_word' id='word_1_355' title='bbox 2144 793 2243 833; x_wconf 90' lang='lat' dir='ltr'><strong>eos</strong></span> <span class='ocrx_word' id='word_1_356' title='bbox 2261 776 2626 834; x_wconf 88' lang='lat' dir='ltr'><strong>bellavimus.</strong></span> <span class='ocrx_word' id='word_1_357' title='bbox 2646 778 2911 851; x_wconf 90' lang='lat' dir='ltr'><strong>Cumque</strong></span> <span class='ocrx_word' id='word_1_358' title='bbox 2927 780 2999 834; x_wconf 88' lang='lat' dir='ltr'><strong>ad</strong></span> <span class='ocrx_word' id='word_1_359' title='bbox 3015 795 3115 835; x_wconf 89' lang='lat' dir='ltr'><strong>eos</strong></span> <span class='ocrx_word' id='word_1_360' title='bbox 3136 778 3799 852; x_wconf 85' lang='lat' dir='ltr'><strong>appropinquassemus,</strong></span> 
     </span>
    </p>
   </div>
   <div class='ocr_carea' id='block_1_55' title="bbox 2144 866 3800 941">
    <p class='ocr_par' dir='ltr' id='par_1_55' title="bbox 2144 866 3800 941">
     <span class='ocr_line' id='line_1_55' title="bbox 2144 866 3800 941; baseline 0 -18"><span class='ocrx_word' id='word_1_361' title='bbox 2144 871 2201 923; x_wconf 92' lang='lat' dir='ltr'><strong>et</strong></span> <span class='ocrx_word' id='word_1_362' title='bbox 2232 866 2315 922; x_wconf 92' lang='lat' dir='ltr'><strong>illi</strong></span> <span class='ocrx_word' id='word_1_363' title='bbox 2346 867 2417 924; x_wconf 89' lang='lat' dir='ltr'><strong>ad</strong></span> <span class='ocrx_word' id='word_1_364' title='bbox 2449 884 2557 924; x_wconf 92' lang='lat' dir='ltr'><strong>nos</strong></span> <span class='ocrx_word' id='word_1_365' title='bbox 2587 866 2877 937; x_wconf 88' lang='lat' dir='ltr'><strong>similiter,</strong></span> <span class='ocrx_word' id='word_1_366' title='bbox 2912 868 3082 924; x_wconf 90' lang='lat' dir='ltr'><strong>nobis</strong></span> <span class='ocrx_word' id='word_1_367' title='bbox 3112 867 3543 941; x_wconf 86' lang='lat' dir='ltr'><strong>ignorantibus,</strong></span> <span class='ocrx_word' id='word_1_368' title='bbox 3575 872 3635 925; x_wconf 89' lang='lat' dir='ltr'><strong>et</strong></span> <span class='ocrx_word' id='word_1_369' title='bbox 3661 882 3800 924; x_wconf 91' lang='lat' dir='ltr'><strong>cum</strong></span> 
     </span>
    </p>
   </div>
   <div class='ocr_carea' id='block_1_56' title="bbox 2144 955 3801 1030">
    <p class='ocr_par' dir='ltr' id='par_1_56' title="bbox 2144 955 3801 1030">
     <span class='ocr_line' id='line_1_56' title="bbox 2144 955 3801 1030; baseline 0 -17"><span class='ocrx_word' id='word_1_370' title='bbox 2144 955 2539 1029; x_wconf 87' lang='lat' dir='ltr'><strong>speculatores</strong></span> <span class='ocrx_word' id='word_1_371' title='bbox 2570 973 2772 1013; x_wconf 90' lang='lat' dir='ltr'><strong>eorum</strong></span> <span class='ocrx_word' id='word_1_372' title='bbox 2803 958 2875 1014; x_wconf 91' lang='lat' dir='ltr'><strong>de</strong></span> <span class='ocrx_word' id='word_1_373' title='bbox 2904 956 3142 1030; x_wconf 90' lang='lat' dir='ltr'><strong>specula</strong></span> <span class='ocrx_word' id='word_1_374' title='bbox 3172 960 3372 1014; x_wconf 90' lang='lat' dir='ltr'><strong>nostra</strong></span> <span class='ocrx_word' id='word_1_375' title='bbox 3400 955 3801 1030; x_wconf 82' lang='lat' dir='ltr'><strong>prospexisse-</strong></span> 
     </span>
    </p>
   </div>
   <div class='ocr_carea' id='block_1_57' title="bbox 2143 1044 3798 1118">
    <p class='ocr_par' dir='ltr' id='par_1_57' title="bbox 2143 1044 3798 1118">
     <span class='ocr_line' id='line_1_57' title="bbox 2143 1044 3798 1118; baseline 0.001 -18"><span class='ocrx_word' id='word_1_376' title='bbox 2143 1061 2298 1113; x_wconf 89' lang='lat' dir='ltr'><strong>mus,</strong></span> <span class='ocrx_word' id='word_1_377' title='bbox 2313 1045 2791 1118; x_wconf 89' lang='lat' dir='ltr'><strong>subsequentiam</strong></span> <span class='ocrx_word' id='word_1_378' title='bbox 2809 1050 3147 1103; x_wconf 75' lang='lat' dir='ltr'><strong>caeterorum</strong></span> <span class='ocrx_word' id='word_1_379' title='bbox 3161 1045 3362 1103; x_wconf 91' lang='lat' dir='ltr'><strong>statim</strong></span> <span class='ocrx_word' id='word_1_380' title='bbox 3378 1044 3798 1102; x_wconf 83' lang='lat' dir='ltr'><strong>intelleximus.</strong></span> 
     </span>
    </p>
   </div>
   <div class='ocr_carea' id='block_1_58' title="bbox 2143 1133 3802 1208">
    <p class='ocr_par' dir='ltr' id='par_1_58' title="bbox 2143 1133 3802 1208">
     <span class='ocr_line' id='line_1_58' title="bbox 2143 1133 3802 1208; baseline 0 -18"><span class='ocrx_word' id='word_1_381' title='bbox 2143 1135 2213 1190; x_wconf 91' lang='lat' dir='ltr'><strong>Et</strong></span> <span class='ocrx_word' id='word_1_382' title='bbox 2240 1151 2375 1190; x_wconf 92' lang='lat' dir='ltr'><strong>cum</strong></span> <span class='ocrx_word' id='word_1_383' title='bbox 2406 1151 2505 1191; x_wconf 89' lang='lat' dir='ltr'><strong>rex</strong></span> <span class='ocrx_word' id='word_1_384' title='bbox 2524 1152 2660 1191; x_wconf 90' lang='lat' dir='ltr'><strong>cum</strong></span> <span class='ocrx_word' id='word_1_385' title='bbox 2681 1134 3039 1208; x_wconf 89' lang='lat' dir='ltr'><strong>quibusdam</strong></span> <span class='ocrx_word' id='word_1_386' title='bbox 3063 1137 3134 1192; x_wconf 90' lang='lat' dir='ltr'><strong>de</strong></span> <span class='ocrx_word' id='word_1_387' title='bbox 3155 1134 3279 1192; x_wconf 88' lang='lat' dir='ltr'><strong>suis</strong></span> <span class='ocrx_word' id='word_1_388' title='bbox 3300 1133 3544 1192; x_wconf 88' lang='lat' dir='ltr'><strong>ulterius</strong></span> <span class='ocrx_word' id='word_1_389' title='bbox 3566 1150 3802 1208; x_wconf 87' lang='lat' dir='ltr'><strong>progre-</strong></span> 
     </span>
    </p>
   </div>
   <div class='ocr_carea' id='block_1_59' title="bbox 2142 1223 3800 1299">
    <p class='ocr_par' dir='ltr' id='par_1_59' title="bbox 2142 1223 3800 1299">
     <span class='ocr_line' id='line_1_59' title="bbox 2142 1223 3800 1299; baseline 0.001 -20"><span class='ocrx_word' id='word_1_390' title='bbox 2142 1224 2396 1294; x_wconf 87' lang='lat' dir='ltr'><strong>deretur,</strong></span> <span class='ocrx_word' id='word_1_391' title='bbox 2447 1228 2828 1297; x_wconf 88' lang='lat' dir='ltr'><strong>prospectans</strong></span> <span class='ocrx_word' id='word_1_392' title='bbox 2857 1243 2891 1282; x_wconf 89' lang='lat' dir='ltr'><strong>a</strong></span> <span class='ocrx_word' id='word_1_393' title='bbox 2920 1225 3091 1299; x_wconf 89' lang='lat' dir='ltr'><strong>longe</strong></span> <span class='ocrx_word' id='word_1_394' title='bbox 3138 1223 3283 1281; x_wconf 89' lang='lat' dir='ltr'><strong>vidit</strong></span> <span class='ocrx_word' id='word_1_395' title='bbox 3312 1224 3561 1281; x_wconf 83' lang='lat' dir='ltr'><strong>tentoria</strong></span> <span class='ocrx_word' id='word_1_396' title='bbox 3590 1240 3800 1281; x_wconf 85' lang='lat' dir='ltr'><strong>eorum</strong></span> 
     </span>
    </p>
   </div>
   <div class='ocr_carea' id='block_1_60' title="bbox 2141 1311 3801 1385">
    <p class='ocr_par' dir='ltr' id='par_1_60' title="bbox 2141 1311 3801 1385">
     <span class='ocr_line' id='line_1_60' title="bbox 2141 1311 3801 1385; baseline 0 -17"><span class='ocrx_word' id='word_1_397' title='bbox 2141 1315 2381 1369; x_wconf 80' lang='lat' dir='ltr'><strong>extensa</strong></span> <span class='ocrx_word' id='word_1_398' title='bbox 2428 1312 2489 1369; x_wconf 92' lang='lat' dir='ltr'><strong>in</strong></span> <span class='ocrx_word' id='word_1_399' title='bbox 2538 1313 2731 1385; x_wconf 89' lang='lat' dir='ltr'><strong>planis</strong></span> <span class='ocrx_word' id='word_1_400' title='bbox 2779 1314 3145 1371; x_wconf 88' lang='lat' dir='ltr'><strong>candescere.</strong></span> <span class='ocrx_word' id='word_1_401' title='bbox 3197 1313 3421 1380; x_wconf 89' lang='lat' dir='ltr'><strong>Quibus</strong></span> <span class='ocrx_word' id='word_1_402' title='bbox 3468 1311 3630 1382; x_wconf 87' lang='lat' dir='ltr'><strong>visis,</strong></span> <span class='ocrx_word' id='word_1_403' title='bbox 3661 1326 3801 1369; x_wconf 80' lang='lat' dir='ltr'><strong>mox</strong></span> 
     </span>
    </p>
   </div>
   <div class='ocr_carea' id='block_1_61' title="bbox 2140 1400 3795 1475">
    <p class='ocr_par' dir='ltr' id='par_1_61' title="bbox 2140 1400 3795 1475">
     <span class='ocr_line' id='line_1_61' title="bbox 2140 1400 3795 1475; baseline 0 -17"><span class='ocrx_word' id='word_1_404' title='bbox 2140 1418 2290 1474; x_wconf 89' lang='lat' dir='ltr'><strong>equo</strong></span> <span class='ocrx_word' id='word_1_405' title='bbox 2320 1400 2647 1458; x_wconf 86' lang='lat' dir='ltr'><strong>calcaribus</strong></span> <span class='ocrx_word' id='word_1_406' title='bbox 2674 1407 2912 1474; x_wconf 91' lang='lat' dir='ltr'><strong>puncto,</strong></span> <span class='ocrx_word' id='word_1_407' title='bbox 2945 1403 3017 1458; x_wconf 92' lang='lat' dir='ltr'><strong>ad</strong></span> <span class='ocrx_word' id='word_1_408' title='bbox 3048 1418 3155 1458; x_wconf 91' lang='lat' dir='ltr'><strong>nos</strong></span> <span class='ocrx_word' id='word_1_409' title='bbox 3188 1406 3485 1475; x_wconf 89' lang='lat' dir='ltr'><strong>postremo</strong></span> <span class='ocrx_word' id='word_1_410' title='bbox 3514 1401 3795 1472; x_wconf 87' lang='lat' dir='ltr'><strong>cucurrit,</strong></span> 
     </span>
    </p>
   </div>
   <div class='ocr_carea' id='block_1_62' title="bbox 2141 1490 3800 1562">
    <p class='ocr_par' dir='ltr' id='par_1_62' title="bbox 2141 1490 3800 1562">
     <span class='ocr_line' id='line_1_62' title="bbox 2141 1490 3800 1562; baseline 0.002 -17"><span class='ocrx_word' id='word_1_411' title='bbox 2141 1494 2197 1545; x_wconf 90' lang='lat' dir='ltr'><strong>et</strong></span> <span class='ocrx_word' id='word_1_412' title='bbox 2216 1492 2369 1562; x_wconf 87' lang='lat' dir='ltr'><strong>quod</strong></span> <span class='ocrx_word' id='word_1_413' title='bbox 2391 1490 2614 1546; x_wconf 89' lang='lat' dir='ltr'><strong>viderat</strong></span> <span class='ocrx_word' id='word_1_414' title='bbox 2636 1490 2864 1546; x_wconf 89' lang='lat' dir='ltr'><strong>cunctis</strong></span> <span class='ocrx_word' id='word_1_415' title='bbox 2886 1491 3299 1547; x_wconf 81' lang='lat' dir='ltr'><strong>manifestavit.</strong></span> <span class='ocrx_word' id='word_1_416' title='bbox 3323 1491 3486 1548; x_wconf 90' lang='lat' dir='ltr'><strong>Unde</strong></span> <span class='ocrx_word' id='word_1_417' title='bbox 3507 1490 3800 1549; x_wconf 86' lang='lat' dir='ltr'><strong>exsultare</strong></span> 
     </span>
    </p>
   </div>
   <div class='ocr_carea' id='block_1_63' title="bbox 2140 1578 3797 1654">
    <p class='ocr_par' dir='ltr' id='par_1_63' title="bbox 2140 1578 3797 1654">
     <span class='ocr_line' id='line_1_63' title="bbox 2140 1578 3797 1654; baseline 0.001 -19"><span class='ocrx_word' id='word_1_418' title='bbox 2140 1578 2445 1651; x_wconf 82' lang='lat' dir='ltr'><strong>coepimus,</strong></span> <span class='ocrx_word' id='word_1_419' title='bbox 2477 1596 2613 1635; x_wconf 87' lang='lat' dir='ltr'><strong>cum</strong></span> <span class='ocrx_word' id='word_1_420' title='bbox 2656 1578 2874 1635; x_wconf 89' lang='lat' dir='ltr'><strong>bellum</strong></span> <span class='ocrx_word' id='word_1_421' title='bbox 2906 1580 3027 1636; x_wconf 81' lang='lat' dir='ltr'><strong>fore</strong></span> <span class='ocrx_word' id='word_1_422' title='bbox 3057 1579 3393 1653; x_wconf 86' lang='lat' dir='ltr'><strong>didicimus,</strong></span> <span class='ocrx_word' id='word_1_423' title='bbox 3426 1580 3707 1654; x_wconf 88' lang='lat' dir='ltr'><strong>quoniam</strong></span> <span class='ocrx_word' id='word_1_424' title='bbox 3736 1580 3797 1637; x_wconf 91' lang='lat' dir='ltr'><strong>id</strong></span> 
     </span>
    </p>
   </div>
   <div class='ocr_carea' id='block_1_64' title="bbox 2140 1667 3796 1737">
    <p class='ocr_par' dir='ltr' id='par_1_64' title="bbox 2140 1667 3796 1737">
     <span class='ocr_line' id='line_1_64' title="bbox 2140 1667 3796 1737; baseline 0.001 -14"><span class='ocrx_word' id='word_1_425' title='bbox 2140 1667 2266 1724; x_wconf 81' lang='lat' dir='ltr'><strong>fieri</strong></span> <span class='ocrx_word' id='word_1_426' title='bbox 2297 1667 2798 1725; x_wconf 90' lang='lat' dir='ltr'><strong>desiderabamus.</strong></span> <span class='ocrx_word' id='word_1_427' title='bbox 2832 1668 2891 1725; x_wconf 91' lang='lat' dir='ltr'><strong>Si</strong></span> <span class='ocrx_word' id='word_1_428' title='bbox 2921 1668 3078 1725; x_wconf 89' lang='lat' dir='ltr'><strong>enim</strong></span> <span class='ocrx_word' id='word_1_429' title='bbox 3110 1669 3183 1725; x_wconf 86' lang='lat' dir='ltr'><strong>ad</strong></span> <span class='ocrx_word' id='word_1_430' title='bbox 3215 1686 3322 1726; x_wconf 90' lang='lat' dir='ltr'><strong>nos</strong></span> <span class='ocrx_word' id='word_1_431' title='bbox 3363 1686 3479 1726; x_wconf 90' lang='lat' dir='ltr'><strong>non</strong></span> <span class='ocrx_word' id='word_1_432' title='bbox 3508 1669 3796 1737; x_wconf 88' lang='lat' dir='ltr'><strong>venirent,</strong></span> 
     </span>
    </p>
   </div>
   <div class='ocr_carea' id='block_1_65' title="bbox 2139 1757 3796 1830">
    <p class='ocr_par' dir='ltr' id='par_1_65' title="bbox 2139 1757 3796 1830">
     <span class='ocr_line' id='line_1_65' title="bbox 2139 1757 3796 1830; baseline 0.001 -17"><span class='ocrx_word' id='word_1_433' title='bbox 2139 1774 2247 1813; x_wconf 90' lang='lat' dir='ltr'><strong>nos</strong></span> <span class='ocrx_word' id='word_1_434' title='bbox 2277 1757 2480 1830; x_wconf 89' lang='lat' dir='ltr'><strong>utique</strong></span> <span class='ocrx_word' id='word_1_435' title='bbox 2511 1758 2582 1813; x_wconf 92' lang='lat' dir='ltr'><strong>ad</strong></span> <span class='ocrx_word' id='word_1_436' title='bbox 2606 1775 2706 1814; x_wconf 91' lang='lat' dir='ltr'><strong>eos</strong></span> <span class='ocrx_word' id='word_1_437' title='bbox 2725 1757 2968 1814; x_wconf 90' lang='lat' dir='ltr'><strong>iremus.</strong></span> <span class='ocrx_word' id='word_1_438' title='bbox 2993 1758 3202 1816; x_wconf 88' lang='lat' dir='ltr'><strong>Melius</strong></span> <span class='ocrx_word' id='word_1_439' title='bbox 3221 1759 3379 1819; x_wconf 87' lang='lat' dir='ltr'><strong>enim</strong></span> <span class='ocrx_word' id='word_1_440' title='bbox 3399 1763 3525 1815; x_wconf 91' lang='lat' dir='ltr'><strong>erat</strong></span> <span class='ocrx_word' id='word_1_441' title='bbox 3544 1758 3715 1816; x_wconf 88' lang='lat' dir='ltr'><strong>nobis</strong></span> <span class='ocrx_word' id='word_1_442' title='bbox 3734 1758 3796 1815; x_wconf 91' lang='lat' dir='ltr'><strong>in</strong></span> 
     </span>
    </p>
   </div>
   <div class='ocr_carea' id='block_1_66' title="bbox 2141 1845 3799 1922">
    <p class='ocr_par' dir='ltr' id='par_1_66' title="bbox 2141 1845 3799 1922">
     <span class='ocr_line' id='line_1_66' title="bbox 2141 1845 3799 1922; baseline 0.002 -20"><span class='ocrx_word' id='word_1_443' title='bbox 2141 1846 2330 1920; x_wconf 91' lang='lat' dir='ltr'><strong>planis</strong></span> <span class='ocrx_word' id='word_1_444' title='bbox 2362 1845 2541 1904; x_wconf 85' lang='lat' dir='ltr'><strong>vastis</strong></span> <span class='ocrx_word' id='word_1_445' title='bbox 2571 1847 2842 1919; x_wconf 64' lang='lat' dir='ltr'><strong>praeliari,</strong></span> <span class='ocrx_word' id='word_1_446' title='bbox 2877 1852 2945 1904; x_wconf 93' lang='lat' dir='ltr'><strong>ut</strong></span> <span class='ocrx_word' id='word_1_447' title='bbox 2971 1864 3105 1904; x_wconf 93' lang='lat' dir='ltr'><strong>cum</strong></span> <span class='ocrx_word' id='word_1_448' title='bbox 3135 1848 3397 1922; x_wconf 89' lang='lat' dir='ltr'><strong>superati</strong></span> <span class='ocrx_word' id='word_1_449' title='bbox 3427 1852 3647 1916; x_wconf 87' lang='lat' dir='ltr'><strong>essent,</strong></span> <span class='ocrx_word' id='word_1_450' title='bbox 3679 1848 3799 1906; x_wconf 88' lang='lat' dir='ltr'><strong>Do-</strong></span> 
     </span>
    </p>
   </div>
   <div class='ocr_carea' id='block_1_67' title="bbox 2141 1935 3797 2012">
    <p class='ocr_par' dir='ltr' id='par_1_67' title="bbox 2141 1935 3797 2012">
     <span class='ocr_line' id='line_1_67' title="bbox 2141 1935 3797 2012; baseline 0.002 -21"><span class='ocrx_word' id='word_1_451' title='bbox 2141 1935 2300 1992; x_wconf 89' lang='lat' dir='ltr'><strong>mino</strong></span> <span class='ocrx_word' id='word_1_452' title='bbox 2333 1936 2712 2009; x_wconf 72' lang='lat' dir='ltr'><strong>suifragante,</strong></span> <span class='ocrx_word' id='word_1_453' title='bbox 2762 1936 2991 2010; x_wconf 91' lang='lat' dir='ltr'><strong>longior</strong></span> <span class='ocrx_word' id='word_1_454' title='bbox 3022 1937 3107 1994; x_wconf 90' lang='lat' dir='ltr'><strong>eis</strong></span> <span class='ocrx_word' id='word_1_455' title='bbox 3138 1937 3277 2012; x_wconf 76' lang='lat' dir='ltr'><strong>fuga</strong></span> <span class='ocrx_word' id='word_1_456' title='bbox 3307 1938 3490 1994; x_wconf 80' lang='lat' dir='ltr'><strong>fieret.</strong></span> <span class='ocrx_word' id='word_1_457' title='bbox 3542 1936 3706 1994; x_wconf 88' lang='lat' dir='ltr'><strong>Unde</strong></span> <span class='ocrx_word' id='word_1_458' title='bbox 3734 1936 3797 1993; x_wconf 92' lang='lat' dir='ltr'><strong>in</strong></span> 
     </span>
    </p>
   </div>
   <div class='ocr_carea' id='block_1_68' title="bbox 2140 2025 3800 2101">
    <p class='ocr_par' dir='ltr' id='par_1_68' title="bbox 2140 2025 3800 2101">
     <span class='ocr_line' id='line_1_68' title="bbox 2140 2025 3800 2101; baseline 0.002 -21"><span class='ocrx_word' id='word_1_459' title='bbox 2140 2026 2279 2099; x_wconf 85' lang='lat' dir='ltr'><strong>fuga</strong></span> <span class='ocrx_word' id='word_1_460' title='bbox 2308 2027 2502 2097; x_wconf 82' lang='lat' dir='ltr'><strong>majus</strong></span> <span class='ocrx_word' id='word_1_461' title='bbox 2532 2025 2815 2083; x_wconf 89' lang='lat' dir='ltr'><strong>haberent</strong></span> <span class='ocrx_word' id='word_1_462' title='bbox 2852 2025 3292 2099; x_wconf 89' lang='lat' dir='ltr'><strong>detrimentum,</strong></span> <span class='ocrx_word' id='word_1_463' title='bbox 3324 2043 3503 2099; x_wconf 90' lang='lat' dir='ltr'><strong>quam</strong></span> <span class='ocrx_word' id='word_1_464' title='bbox 3534 2026 3584 2083; x_wconf 87' lang='lat' dir='ltr'><strong>si</strong></span> <span class='ocrx_word' id='word_1_465' title='bbox 3616 2042 3800 2101; x_wconf 87' lang='lat' dir='ltr'><strong>prope</strong></span> 
     </span>
    </p>
   </div>
   <div class='ocr_carea' id='block_1_69' title="bbox 2140 2114 3799 2189">
    <p class='ocr_par' dir='ltr' id='par_1_69' title="bbox 2140 2114 3799 2189">
     <span class='ocr_line' id='line_1_69' title="bbox 2140 2114 3799 2189; baseline 0.003 -20"><span class='ocrx_word' id='word_1_466' title='bbox 2140 2131 2341 2171; x_wconf 91' lang='lat' dir='ltr'><strong>muros</strong></span> <span class='ocrx_word' id='word_1_467' title='bbox 2371 2131 2571 2170; x_wconf 91' lang='lat' dir='ltr'><strong>eorum</strong></span> <span class='ocrx_word' id='word_1_468' title='bbox 2605 2132 2741 2171; x_wconf 91' lang='lat' dir='ltr'><strong>cum</strong></span> <span class='ocrx_word' id='word_1_469' title='bbox 2772 2114 2858 2172; x_wconf 90' lang='lat' dir='ltr'><strong>eis</strong></span> <span class='ocrx_word' id='word_1_470' title='bbox 2886 2117 3395 2189; x_wconf 90' lang='lat' dir='ltr'><strong>congrederemur.</strong></span> <span class='ocrx_word' id='word_1_471' title='bbox 3428 2117 3591 2173; x_wconf 93' lang='lat' dir='ltr'><strong>Tunc</strong></span> <span class='ocrx_word' id='word_1_472' title='bbox 3610 2115 3799 2188; x_wconf 87' lang='lat' dir='ltr'><strong>jussit</strong></span> 
     </span>
    </p>
   </div>
   <div class='ocr_carea' id='block_1_70' title="bbox 2139 2203 3797 2272">
    <p class='ocr_par' dir='ltr' id='par_1_70' title="bbox 2139 2203 3797 2272">
     <span class='ocr_line' id='line_1_70' title="bbox 2139 2203 3797 2272; baseline 0.002 -13"><span class='ocrx_word' id='word_1_473' title='bbox 2139 2221 2236 2259; x_wconf 87' lang='lat' dir='ltr'><strong>rex</strong></span> <span class='ocrx_word' id='word_1_474' title='bbox 2266 2220 2430 2259; x_wconf 90' lang='lat' dir='ltr'><strong>arma</strong></span> <span class='ocrx_word' id='word_1_475' title='bbox 2457 2203 2634 2272; x_wconf 88' lang='lat' dir='ltr'><strong>sumi,</strong></span> <span class='ocrx_word' id='word_1_476' title='bbox 2667 2208 2723 2259; x_wconf 89' lang='lat' dir='ltr'><strong>et</strong></span> <span class='ocrx_word' id='word_1_477' title='bbox 2744 2204 2986 2261; x_wconf 90' lang='lat' dir='ltr'><strong>armatis</strong></span> <span class='ocrx_word' id='word_1_478' title='bbox 3015 2205 3264 2272; x_wconf 89' lang='lat' dir='ltr'><strong>cunctis,</strong></span> <span class='ocrx_word' id='word_1_479' title='bbox 3287 2205 3440 2262; x_wconf 85' lang='lat' dir='ltr'><strong>acies</strong></span> <span class='ocrx_word' id='word_1_480' title='bbox 3461 2209 3671 2262; x_wconf 65' lang='lat' dir='ltr'><strong>nostra:</strong></span> <span class='ocrx_word' id='word_1_481' title='bbox 3695 2205 3797 2262; x_wconf 85' lang='lat' dir='ltr'><strong>de-</strong></span> 
     </span>
    </p>
   </div>
   <div class='ocr_carea' id='block_1_71' title="bbox 2137 2292 3797 2368">
    <p class='ocr_par' dir='ltr' id='par_1_71' title="bbox 2137 2292 3797 2368">
     <span class='ocr_line' id='line_1_71' title="bbox 2137 2292 3797 2368; baseline 0.002 -20"><span class='ocrx_word' id='word_1_482' title='bbox 2137 2297 2335 2349; x_wconf 89' lang='lat' dir='ltr'><strong>center</strong></span> <span class='ocrx_word' id='word_1_483' title='bbox 2363 2293 2434 2349; x_wconf 92' lang='lat' dir='ltr'><strong>ad</strong></span> <span class='ocrx_word' id='word_1_484' title='bbox 2468 2292 2808 2349; x_wconf 90' lang='lat' dir='ltr'><strong>bellandum</strong></span> <span class='ocrx_word' id='word_1_485' title='bbox 2858 2294 3136 2350; x_wconf 70' lang='lat' dir='ltr'><strong>ordinatas</strong></span> <span class='ocrx_word' id='word_1_486' title='bbox 3172 2299 3332 2351; x_wconf 89' lang='lat' dir='ltr'><strong>sunt.</strong></span> <span class='ocrx_word' id='word_1_487' title='bbox 3366 2294 3567 2368; x_wconf 87' lang='lat' dir='ltr'><strong>Itaque</strong></span> <span class='ocrx_word' id='word_1_488' title='bbox 3595 2311 3706 2351; x_wconf 86' lang='lat' dir='ltr'><strong>nos</strong></span> <span class='ocrx_word' id='word_1_489' title='bbox 3734 2294 3797 2351; x_wconf 92' lang='lat' dir='ltr'><strong>in</strong></span> 
     </span>
    </p>
   </div>
   <div class='ocr_carea' id='block_1_72' title="bbox 2138 2382 3797 2451">
    <p class='ocr_par' dir='ltr' id='par_1_72' title="bbox 2138 2382 3797 2451">
     <span class='ocr_line' id='line_1_72' title="bbox 2138 2382 3797 2451; baseline 0.002 -14"><span class='ocrx_word' id='word_1_490' title='bbox 2138 2399 2349 2437; x_wconf 89' lang='lat' dir='ltr'><strong>manus</strong></span> <span class='ocrx_word' id='word_1_491' title='bbox 2399 2382 2501 2438; x_wconf 92' lang='lat' dir='ltr'><strong>Dei</strong></span> <span class='ocrx_word' id='word_1_492' title='bbox 2546 2383 2795 2439; x_wconf 82' lang='lat' dir='ltr'><strong>ﬁdenter</strong></span> <span class='ocrx_word' id='word_1_493' title='bbox 2849 2382 3305 2451; x_wconf 82' lang='lat' dir='ltr'><strong>committentes,</strong></span> <span class='ocrx_word' id='word_1_494' title='bbox 3363 2384 3643 2441; x_wconf 88' lang='lat' dir='ltr'><strong>adversus</strong></span> <span class='ocrx_word' id='word_1_495' title='bbox 3694 2400 3797 2441; x_wconf 84' lang='lat' dir='ltr'><strong>eos</strong></span> 
     </span>
    </p>
   </div>
   <div class='ocr_carea' id='block_1_73' title="bbox 2136 2471 3796 2546">
    <p class='ocr_par' dir='ltr' id='par_1_73' title="bbox 2136 2471 3796 2546">
     <span class='ocr_line' id='line_1_73' title="bbox 2136 2471 3796 2546; baseline 0.001 -19"><span class='ocrx_word' id='word_1_496' title='bbox 2136 2471 2548 2543; x_wconf 86' lang='lat' dir='ltr'><strong>equitavimus.</strong></span> <span class='ocrx_word' id='word_1_497' title='bbox 2619 2472 2816 2529; x_wconf 90' lang='lat' dir='ltr'><strong>Abbas</strong></span> <span class='ocrx_word' id='word_1_498' title='bbox 2891 2472 3155 2546; x_wconf 89' lang='lat' dir='ltr'><strong>quidam,</strong></span> <span class='ocrx_word' id='word_1_499' title='bbox 3234 2473 3330 2529; x_wconf 90' lang='lat' dir='ltr'><strong>cui</strong></span> <span class='ocrx_word' id='word_1_500' title='bbox 3404 2490 3505 2530; x_wconf 87' lang='lat' dir='ltr'><strong>rex</strong></span> <span class='ocrx_word' id='word_1_501' title='bbox 3577 2488 3796 2546; x_wconf 68' lang='lat' dir='ltr'><strong>praece—</strong></span> 
     </span>
    </p>
   </div>
   <div class='ocr_carea' id='block_1_74' title="bbox 2138 2561 3793 2636">
    <p class='ocr_par' dir='ltr' id='par_1_74' title="bbox 2138 2561 3793 2636">
     <span class='ocr_line' id='line_1_74' title="bbox 2138 2561 3793 2636; baseline 0.001 -20"><span class='ocrx_word' id='word_1_502' title='bbox 2138 2564 2320 2633; x_wconf 88' lang='lat' dir='ltr'><strong>perat,</strong></span> <span class='ocrx_word' id='word_1_503' title='bbox 2352 2578 2584 2616; x_wconf 90' lang='lat' dir='ltr'><strong>crucem</strong></span> <span class='ocrx_word' id='word_1_504' title='bbox 2636 2561 3003 2617; x_wconf 87' lang='lat' dir='ltr'><strong>Dominicam</strong></span> <span class='ocrx_word' id='word_1_505' title='bbox 3035 2561 3230 2635; x_wconf 90' lang='lat' dir='ltr'><strong>palam</strong></span> <span class='ocrx_word' id='word_1_506' title='bbox 3261 2563 3489 2619; x_wconf 90' lang='lat' dir='ltr'><strong>cunctis</strong></span> <span class='ocrx_word' id='word_1_507' title='bbox 3518 2563 3793 2636; x_wconf 80' lang='lat' dir='ltr'><strong>gestavit.</strong></span> 
     </span>
    </p>
   </div>
   <div class='ocr_carea' id='block_1_75' title="bbox 2135 2649 3793 2725">
    <p class='ocr_par' dir='ltr' id='par_1_75' title="bbox 2135 2649 3793 2725">
     <span class='ocr_line' id='line_1_75' title="bbox 2135 2649 3793 2725; baseline 0.002 -21"><span class='ocrx_word' id='word_1_508' title='bbox 2135 2650 2298 2705; x_wconf 85' lang='lat' dir='ltr'><strong>Tunc</strong></span> <span class='ocrx_word' id='word_1_509' title='bbox 2342 2666 2437 2705; x_wconf 86' lang='lat' dir='ltr'><strong>rex</strong></span> <span class='ocrx_word' id='word_1_510' title='bbox 2493 2649 2712 2706; x_wconf 89' lang='lat' dir='ltr'><strong>milites</strong></span> <span class='ocrx_word' id='word_1_511' title='bbox 2761 2668 2901 2707; x_wconf 91' lang='lat' dir='ltr'><strong>suos</strong></span> <span class='ocrx_word' id='word_1_512' title='bbox 2933 2651 3025 2706; x_wconf 90' lang='lat' dir='ltr'><strong>his</strong></span> <span class='ocrx_word' id='word_1_513' title='bbox 3072 2651 3264 2708; x_wconf 86' lang='lat' dir='ltr'><strong>verbis</strong></span> <span class='ocrx_word' id='word_1_514' title='bbox 3294 2652 3389 2725; x_wconf 90' lang='lat' dir='ltr'><strong>pie</strong></span> <span class='ocrx_word' id='word_1_515' title='bbox 3418 2652 3630 2708; x_wconf 75' lang='lat' dir='ltr'><strong>aﬂ‘atus</strong></span> <span class='ocrx_word' id='word_1_516' title='bbox 3654 2655 3793 2708; x_wconf 90' lang='lat' dir='ltr'><strong>est:</strong></span> 
     </span>
    </p>
   </div>
   <div class='ocr_carea' id='block_1_76' title="bbox 2137 2738 3796 2808">
    <p class='ocr_par' dir='ltr' id='par_1_76' title="bbox 2137 2738 3796 2808">
     <span class='ocr_line' id='line_1_76' title="bbox 2137 2738 3796 2808; baseline 0.001 -13"><span class='ocrx_word' id='word_1_517' title='bbox 2137 2762 2164 2789; x_wconf 91' lang='grc'><em>‹‹</em></span> <span class='ocrx_word' id='word_1_518' title='bbox 2200 2739 2319 2806; x_wconf 87' lang='lat' dir='ltr'><strong>Eia,</strong></span> <span class='ocrx_word' id='word_1_519' title='bbox 2354 2738 2572 2795; x_wconf 90' lang='lat' dir='ltr'><strong>milites</strong></span> <span class='ocrx_word' id='word_1_520' title='bbox 2601 2739 2836 2808; x_wconf 90' lang='lat' dir='ltr'><strong>Christi,</strong></span> <span class='ocrx_word' id='word_1_521' title='bbox 2870 2739 3304 2808; x_wconf 82' lang='lat' dir='ltr'><strong>confortamini,</strong></span> <span class='ocrx_word' id='word_1_522' title='bbox 3346 2739 3492 2796; x_wconf 90' lang='lat' dir='ltr'><strong>nihil</strong></span> <span class='ocrx_word' id='word_1_523' title='bbox 3525 2744 3796 2797; x_wconf 88' lang='lat' dir='ltr'><strong>metuen-</strong></span> 
     </span>
    </p>
   </div>
   <div class='ocr_carea' id='block_1_77' title="bbox 2134 2827 3799 2902">
    <p class='ocr_par' dir='ltr' id='par_1_77' title="bbox 2134 2827 3799 2902">
     <span class='ocr_line' id='line_1_77' title="bbox 2134 2827 3799 2902; baseline 0.002 -18"><span class='ocrx_word' id='word_1_524' title='bbox 2134 2832 2243 2884; x_wconf 91' lang='lat' dir='ltr'><strong>tes.</strong></span> <span class='ocrx_word' id='word_1_525' title='bbox 2274 2828 2534 2884; x_wconf 88' lang='lat' dir='ltr'><strong>Viriliter</strong></span> <span class='ocrx_word' id='word_1_526' title='bbox 2561 2827 2735 2902; x_wconf 89' lang='lat' dir='ltr'><strong>agite,</strong></span> <span class='ocrx_word' id='word_1_527' title='bbox 2769 2833 2827 2885; x_wconf 91' lang='lat' dir='ltr'><strong>et</strong></span> <span class='ocrx_word' id='word_1_528' title='bbox 2856 2828 2916 2884; x_wconf 91' lang='lat' dir='ltr'><strong>in</strong></span> <span class='ocrx_word' id='word_1_529' title='bbox 2948 2828 3058 2886; x_wconf 92' lang='lat' dir='ltr'><strong>hoc</strong></span> <span class='ocrx_word' id='word_1_530' title='bbox 3077 2828 3275 2902; x_wconf 61' lang='lat' dir='ltr'><strong>praelia</strong></span> <span class='ocrx_word' id='word_1_531' title='bbox 3297 2830 3474 2888; x_wconf 87' lang='lat' dir='ltr'><strong>fortes</strong></span> <span class='ocrx_word' id='word_1_532' title='bbox 3502 2833 3711 2899; x_wconf 90' lang='lat' dir='ltr'><strong>estote,</strong></span> <span class='ocrx_word' id='word_1_533' title='bbox 3737 2834 3799 2887; x_wconf 89' lang='lat' dir='ltr'><strong>et</strong></span> 
     </span>
    </p>
   </div>
   <div class='ocr_carea' id='block_1_78' title="bbox 2136 2917 3796 2993">
    <p class='ocr_par' dir='ltr' id='par_1_78' title="bbox 2136 2917 3796 2993">
     <span class='ocr_line' id='line_1_78' title="bbox 2136 2917 3796 2993; baseline 0.002 -20"><span class='ocrx_word' id='word_1_534' title='bbox 2136 2934 2240 2990; x_wconf 82' lang='lat' dir='ltr'><strong>pro</strong></span> <span class='ocrx_word' id='word_1_535' title='bbox 2267 2917 2578 2974; x_wconf 88' lang='lat' dir='ltr'><strong>animabus</strong></span> <span class='ocrx_word' id='word_1_536' title='bbox 2610 2918 2846 2985; x_wconf 90' lang='lat' dir='ltr'><strong>nostris,</strong></span> <span class='ocrx_word' id='word_1_537' title='bbox 2889 2934 3108 2991; x_wconf 65' lang='grc' dir='ltr'><strong>(Ῑυωεο,</strong></span> <span class='ocrx_word' id='word_1_538' title='bbox 3160 2921 3437 2993; x_wconf 89' lang='lat' dir='ltr'><strong>pugnate,</strong></span> <span class='ocrx_word' id='word_1_539' title='bbox 3469 2923 3527 2975; x_wconf 89' lang='lat' dir='ltr'><strong>et</strong></span> <span class='ocrx_word' id='word_1_540' title='bbox 3574 2935 3796 2977; x_wconf 85' lang='lat' dir='ltr'><strong>nomen</strong></span> 
     </span>
    </p>
   </div>
   <div class='ocr_carea' id='block_1_79' title="bbox 2135 3005 3799 3083">
    <p class='ocr_par' dir='ltr' id='par_1_79' title="bbox 2135 3005 3799 3083">
     <span class='ocr_line' id='line_1_79' title="bbox 2135 3005 3799 3083; baseline 0.001 -20"><span class='ocrx_word' id='word_1_541' title='bbox 2135 3005 2346 3063; x_wconf 88' lang='lat' dir='ltr'><strong>Christi</strong></span> <span class='ocrx_word' id='word_1_542' title='bbox 2379 3007 2619 3063; x_wconf 89' lang='lat' dir='ltr'><strong>omnino</strong></span> <span class='ocrx_word' id='word_1_543' title='bbox 2653 3006 2919 3065; x_wconf 85' lang='lat' dir='ltr'><strong>exaltate.</strong></span> <span class='ocrx_word' id='word_1_544' title='bbox 2953 3008 3056 3065; x_wconf 91' lang='lat' dir='ltr'><strong>Cui</strong></span> <span class='ocrx_word' id='word_1_545' title='bbox 3088 3008 3404 3082; x_wconf 87' lang='lat' dir='ltr'><strong>degeneres</strong></span> <span class='ocrx_word' id='word_1_546' title='bbox 3434 3007 3530 3066; x_wconf 90' lang='lat' dir='ltr'><strong>isti</strong></span> <span class='ocrx_word' id='word_1_547' title='bbox 3558 3024 3799 3083; x_wconf 88' lang='lat' dir='ltr'><strong>semper</strong></span> 
     </span>
    </p>
   </div>
   <div class='ocr_carea' id='block_1_80' title="bbox 2133 3095 3795 3168">
    <p class='ocr_par' dir='ltr' id='par_1_80' title="bbox 2133 3095 3795 3168">
     <span class='ocr_line' id='line_1_80' title="bbox 2133 3095 3795 3168; baseline 0.004 -18"><span class='ocrx_word' id='word_1_548' title='bbox 2133 3095 2505 3168; x_wconf 83' lang='lat' dir='ltr'><strong>exprobrant,</strong></span> <span class='ocrx_word' id='word_1_549' title='bbox 2555 3101 2614 3153; x_wconf 91' lang='lat' dir='ltr'><strong>et</strong></span> <span class='ocrx_word' id='word_1_550' title='bbox 2652 3095 2896 3153; x_wconf 91' lang='lat' dir='ltr'><strong>viriliter</strong></span> <span class='ocrx_word' id='word_1_551' title='bbox 2946 3097 3368 3155; x_wconf 89' lang='lat' dir='ltr'><strong>conviciantur.</strong></span> <span class='ocrx_word' id='word_1_552' title='bbox 3415 3096 3795 3156; x_wconf 82' lang='lat' dir='ltr'><strong>Nativitatem</strong></span> 
     </span>
    </p>
   </div>
   <div class='ocr_carea' id='block_1_81' title="bbox 2132 3185 3795 3256">
    <p class='ocr_par' dir='ltr' id='par_1_81' title="bbox 2132 3185 3795 3256">
     <span class='ocr_line' id='line_1_81' title="bbox 2132 3185 3795 3256; baseline 0.003 -16"><span class='ocrx_word' id='word_1_553' title='bbox 2132 3185 2260 3256; x_wconf 88' lang='lat' dir='ltr'><strong>ejus</strong></span> <span class='ocrx_word' id='word_1_554' title='bbox 2279 3188 2337 3240; x_wconf 91' lang='lat' dir='ltr'><strong>et</strong></span> <span class='ocrx_word' id='word_1_555' title='bbox 2366 3185 2851 3241; x_wconf 90' lang='lat' dir='ltr'><strong>resurrectionem</strong></span> <span class='ocrx_word' id='word_1_556' title='bbox 2884 3203 2999 3243; x_wconf 92' lang='lat' dir='ltr'><strong>non</strong></span> <span class='ocrx_word' id='word_1_557' title='bbox 3025 3186 3289 3243; x_wconf 91' lang='lat' dir='ltr'><strong>credunt.</strong></span> <span class='ocrx_word' id='word_1_558' title='bbox 3322 3187 3483 3254; x_wconf 89' lang='lat' dir='ltr'><strong>Quod</strong></span> <span class='ocrx_word' id='word_1_559' title='bbox 3506 3186 3556 3244; x_wconf 91' lang='lat' dir='ltr'><strong>si</strong></span> <span class='ocrx_word' id='word_1_560' title='bbox 3582 3186 3678 3243; x_wconf 90' lang='lat' dir='ltr'><strong>hic</strong></span> <span class='ocrx_word' id='word_1_561' title='bbox 3699 3187 3795 3245; x_wconf 87' lang='lat' dir='ltr'><strong>in-</strong></span> 
     </span>
    </p>
   </div>
   <div class='ocr_carea' id='block_1_82' title="bbox 2130 3272 3795 3353">
    <p class='ocr_par' dir='ltr' id='par_1_82' title="bbox 2130 3272 3795 3353">
     <span class='ocr_line' id='line_1_82' title="bbox 2130 3272 3795 3353; baseline 0.002 -23"><span class='ocrx_word' id='word_1_562' title='bbox 2130 3272 2424 3341; x_wconf 89' lang='lat' dir='ltr'><strong>terieritis,</strong></span> <span class='ocrx_word' id='word_1_563' title='bbox 2456 3273 2611 3330; x_wconf 89' lang='lat' dir='ltr'><strong>beati</strong></span> <span class='ocrx_word' id='word_1_564' title='bbox 2640 3273 2921 3353; x_wconf 68' lang='lat' dir='ltr'><strong>nimirum</strong></span> <span class='ocrx_word' id='word_1_565' title='bbox 2951 3274 3135 3332; x_wconf 88' lang='lat' dir='ltr'><strong>eritis.</strong></span> <span class='ocrx_word' id='word_1_566' title='bbox 3158 3275 3287 3332; x_wconf 88' lang='lat' dir='ltr'><strong>Jam</strong></span> <span class='ocrx_word' id='word_1_567' title='bbox 3311 3276 3558 3349; x_wconf 90' lang='lat' dir='ltr'><strong>jamque</strong></span> <span class='ocrx_word' id='word_1_568' title='bbox 3585 3281 3795 3349; x_wconf 87' lang='lat' dir='ltr'><strong>aperta</strong></span> 
     </span>
    </p>
   </div>
   <div class='ocr_carea' id='block_1_83' title="bbox 2131 3363 3793 3436">
    <p class='ocr_par' dir='ltr' id='par_1_83' title="bbox 2131 3363 3793 3436">
     <span class='ocr_line' id='line_1_83' title="bbox 2131 3363 3793 3436; baseline 0.002 -18"><span class='ocrx_word' id='word_1_569' title='bbox 2131 3371 2213 3419; x_wconf 90' lang='lat' dir='ltr'><strong>esl</strong></span> <span class='ocrx_word' id='word_1_570' title='bbox 2247 3363 2412 3418; x_wconf 89' lang='lat' dir='ltr'><strong>vobis</strong></span> <span class='ocrx_word' id='word_1_571' title='bbox 2433 3363 2621 3435; x_wconf 91' lang='lat' dir='ltr'><strong>janua</strong></span> <span class='ocrx_word' id='word_1_572' title='bbox 2653 3363 2814 3436; x_wconf 90' lang='lat' dir='ltr'><strong>regni</strong></span> <span class='ocrx_word' id='word_1_573' title='bbox 2865 3363 3138 3420; x_wconf 72' lang='lat' dir='ltr'><strong>caelestis.</strong></span> <span class='ocrx_word' id='word_1_574' title='bbox 3172 3364 3231 3421; x_wconf 91' lang='lat' dir='ltr'><strong>Si</strong></span> <span class='ocrx_word' id='word_1_575' title='bbox 3277 3365 3387 3421; x_wconf 91' lang='lat' dir='ltr'><strong>vivi</strong></span> <span class='ocrx_word' id='word_1_576' title='bbox 3418 3365 3666 3423; x_wconf 87' lang='lat' dir='ltr'><strong>victores</strong></span> <span class='ocrx_word' id='word_1_577' title='bbox 3697 3382 3793 3422; x_wconf 52' lang='lat' dir='ltr'><strong>re.</strong></span> 
     </span>
    </p>
   </div>
   <div class='ocr_carea' id='block_1_84' title="bbox 2132 3451 3792 3529">
    <p class='ocr_par' dir='ltr' id='par_1_84' title="bbox 2132 3451 3792 3529">
     <span class='ocr_line' id='line_1_84' title="bbox 2132 3451 3792 3529; baseline 0.002 -22"><span class='ocrx_word' id='word_1_578' title='bbox 2132 3451 2489 3520; x_wconf 87' lang='lat' dir='ltr'><strong>manseritis,</strong></span> <span class='ocrx_word' id='word_1_579' title='bbox 2522 3451 2673 3508; x_wconf 90' lang='lat' dir='ltr'><strong>inter</strong></span> <span class='ocrx_word' id='word_1_580' title='bbox 2702 3468 2906 3508; x_wconf 91' lang='lat' dir='ltr'><strong>omnes</strong></span> <span class='ocrx_word' id='word_1_581' title='bbox 2936 3452 3299 3510; x_wconf 89' lang='lat' dir='ltr'><strong>Christianos</strong></span> <span class='ocrx_word' id='word_1_582' title='bbox 3327 3452 3567 3527; x_wconf 90' lang='lat' dir='ltr'><strong>gloriosi</strong></span> <span class='ocrx_word' id='word_1_583' title='bbox 3594 3452 3792 3529; x_wconf 77' lang='lat' dir='ltr'><strong>fulge-</strong></span> 
     </span>
    </p>
   </div>
   <div class='ocr_carea' id='block_1_85' title="bbox 2133 3540 3797 3616">
    <p class='ocr_par' dir='ltr' id='par_1_85' title="bbox 2133 3540 3797 3616">
     <span class='ocr_line' id='line_1_85' title="bbox 2133 3540 3797 3616; baseline 0.002 -18"><span class='ocrx_word' id='word_1_584' title='bbox 2133 3541 2309 3610; x_wconf 91' lang='lat' dir='ltr'><strong>bitis;</strong></span> <span class='ocrx_word' id='word_1_585' title='bbox 2344 3540 2395 3598; x_wconf 91' lang='lat' dir='ltr'><strong>si</strong></span> <span class='ocrx_word' id='word_1_586' title='bbox 2425 3545 2621 3598; x_wconf 78' lang='lat' dir='ltr'><strong>autem</strong></span> <span class='ocrx_word' id='word_1_587' title='bbox 2664 3542 2863 3615; x_wconf 79' lang='lat' dir='ltr'><strong>fugere</strong></span> <span class='ocrx_word' id='word_1_588' title='bbox 2891 3540 3210 3611; x_wconf 89' lang='lat' dir='ltr'><strong>volueritis,</strong></span> <span class='ocrx_word' id='word_1_589' title='bbox 3243 3541 3489 3599; x_wconf 88' lang='lat' dir='ltr'><strong>Francia</strong></span> <span class='ocrx_word' id='word_1_590' title='bbox 3517 3543 3797 3616; x_wconf 87' lang='lat' dir='ltr'><strong>equidem</strong></span> 
     </span>
    </p>
   </div>
   <div class='ocr_carea' id='block_1_86' title="bbox 2133 3629 3798 3703">
    <p class='ocr_par' dir='ltr' id='par_1_86' title="bbox 2133 3629 3798 3703">
     <span class='ocr_line' id='line_1_86' title="bbox 2133 3629 3798 3703; baseline 0.003 -17"><span class='ocrx_word' id='word_1_591' title='bbox 2133 3630 2302 3703; x_wconf 83' lang='lat' dir='ltr'><strong>longe</strong></span> <span class='ocrx_word' id='word_1_592' title='bbox 2332 3635 2420 3686; x_wconf 91' lang='lat' dir='ltr'><strong>est</strong></span> <span class='ocrx_word' id='word_1_593' title='bbox 2451 3648 2486 3686; x_wconf 88' lang='lat' dir='ltr'><strong>a</strong></span> <span class='ocrx_word' id='word_1_594' title='bbox 2514 3630 2701 3687; x_wconf 90' lang='lat' dir='ltr'><strong>vobis.</strong></span> <span class='ocrx_word' id='word_1_595' title='bbox 2738 3653 2768 3683; x_wconf 92' lang='grc'><strong>››</strong></span> <span class='ocrx_word' id='word_1_596' title='bbox 2800 3629 2902 3686; x_wconf 86' lang='lat' dir='ltr'><strong>His</strong></span> <span class='ocrx_word' id='word_1_597' title='bbox 2934 3631 3015 3687; x_wconf 90' lang='lat' dir='ltr'><strong>ita</strong></span> <span class='ocrx_word' id='word_1_598' title='bbox 3045 3630 3238 3701; x_wconf 90' lang='lat' dir='ltr'><strong>dictis,</strong></span> <span class='ocrx_word' id='word_1_599' title='bbox 3270 3647 3475 3689; x_wconf 90' lang='lat' dir='ltr'><strong>omnes</strong></span> <span class='ocrx_word' id='word_1_600' title='bbox 3503 3631 3555 3689; x_wconf 91' lang='lat' dir='ltr'><strong>ei</strong></span> <span class='ocrx_word' id='word_1_601' title='bbox 3580 3648 3798 3690; x_wconf 85' lang='lat' dir='ltr'><strong>assen-</strong></span> 
     </span>
    </p>
   </div>
   <div class='ocr_carea' id='block_1_87' title="bbox 2133 3719 3799 3796">
    <p class='ocr_par' dir='ltr' id='par_1_87' title="bbox 2133 3719 3799 3796">
     <span class='ocr_line' id='line_1_87' title="bbox 2133 3719 3799 3796; baseline 0.001 -21"><span class='ocrx_word' id='word_1_602' title='bbox 2133 3722 2356 3776; x_wconf 88' lang='lat' dir='ltr'><strong>serunt.</strong></span> <span class='ocrx_word' id='word_1_603' title='bbox 2387 3720 2473 3775; x_wconf 87' lang='lat' dir='ltr'><strong>Ad</strong></span> <span class='ocrx_word' id='word_1_604' title='bbox 2505 3736 2765 3793; x_wconf 91' lang='lat' dir='ltr'><strong>pugnam</strong></span> <span class='ocrx_word' id='word_1_605' title='bbox 2787 3724 3123 3792; x_wconf 90' lang='lat' dir='ltr'><strong>properant,</strong></span> <span class='ocrx_word' id='word_1_606' title='bbox 3154 3726 3399 3778; x_wconf 89' lang='lat' dir='ltr'><strong>cunctos</strong></span> <span class='ocrx_word' id='word_1_607' title='bbox 3423 3737 3589 3778; x_wconf 87' lang='lat' dir='ltr'><strong>mora</strong></span> <span class='ocrx_word' id='word_1_608' title='bbox 3614 3719 3799 3796; x_wconf 89' lang='lat' dir='ltr'><strong>longa</strong></span> 
     </span>
    </p>
   </div>
   <div class='ocr_carea' id='block_1_88' title="bbox 2134 3807 3798 3882">
    <p class='ocr_par' dir='ltr' id='par_1_88' title="bbox 2134 3807 3798 3882">
     <span class='ocr_line' id='line_1_88' title="bbox 2134 3807 3798 3882; baseline 0.001 -17"><span class='ocrx_word' id='word_1_609' title='bbox 2134 3808 2423 3865; x_wconf 84' lang='lat' dir='ltr'><strong>molestat.</strong></span> <span class='ocrx_word' id='word_1_610' title='bbox 2475 3809 2657 3874; x_wconf 86' lang='lat' dir='ltr'><strong>Quem</strong></span> <span class='ocrx_word' id='word_1_611' title='bbox 2708 3808 2896 3877; x_wconf 79' lang='lat' dir='ltr'><strong>feriat,</strong></span> <span class='ocrx_word' id='word_1_612' title='bbox 2926 3807 3013 3864; x_wconf 92' lang='lat' dir='ltr'><strong>vel</strong></span> <span class='ocrx_word' id='word_1_613' title='bbox 3060 3808 3402 3882; x_wconf 62' lang='lat' dir='ltr'><strong>praecipitet,</strong></span> <span class='ocrx_word' id='word_1_614' title='bbox 3438 3810 3568 3882; x_wconf 90' lang='lat' dir='ltr'><strong>jam</strong></span> <span class='ocrx_word' id='word_1_615' title='bbox 3596 3810 3798 3867; x_wconf 88' lang='lat' dir='ltr'><strong>omnis</strong></span> 
     </span>
    </p>
   </div>
   <div class='ocr_carea' id='block_1_89' title="bbox 2134 3897 3796 3973">
    <p class='ocr_par' dir='ltr' id='par_1_89' title="bbox 2134 3897 3796 3973">
     <span class='ocr_line' id='line_1_89' title="bbox 2134 3897 3796 3973; baseline 0.002 -20"><span class='ocrx_word' id='word_1_616' title='bbox 2134 3899 2367 3971; x_wconf 91' lang='lat' dir='ltr'><strong>cogitat.</strong></span> <span class='ocrx_word' id='word_1_617' title='bbox 2399 3899 2469 3953; x_wconf 87' lang='lat' dir='ltr'><strong>Et</strong></span> <span class='ocrx_word' id='word_1_618' title='bbox 2498 3914 2628 3955; x_wconf 92' lang='lat' dir='ltr'><strong>ecce</strong></span> <span class='ocrx_word' id='word_1_619' title='bbox 2658 3915 2802 3972; x_wconf 88' lang='lat' dir='ltr'><strong>gens</strong></span> <span class='ocrx_word' id='word_1_620' title='bbox 2849 3898 3193 3955; x_wconf 87' lang='lat' dir='ltr'><strong>detestanda</strong></span> <span class='ocrx_word' id='word_1_621' title='bbox 3239 3897 3409 3956; x_wconf 91' lang='lat' dir='ltr'><strong>nobis</strong></span> <span class='ocrx_word' id='word_1_622' title='bbox 3457 3914 3796 3973; x_wconf 84' lang='lat' dir='ltr'><strong>occurrens,</strong></span> 
     </span>
    </p>
   </div>
   <div class='ocr_carea' id='block_1_90' title="bbox 2133 3985 3797 4061">
    <p class='ocr_par' dir='ltr' id='par_1_90' title="bbox 2133 3985 3797 4061">
     <span class='ocr_line' id='line_1_90' title="bbox 2133 3985 3797 4061; baseline 0.002 -19"><span class='ocrx_word' id='word_1_623' title='bbox 2133 3987 2335 4043; x_wconf 86' lang='lat' dir='ltr'><strong>dextra</strong></span> <span class='ocrx_word' id='word_1_624' title='bbox 2364 3985 2621 4060; x_wconf 65' lang='lat' dir='ltr'><strong>laevaque</strong></span> <span class='ocrx_word' id='word_1_625' title='bbox 2639 3987 3017 4044; x_wconf 89' lang='lat' dir='ltr'><strong>vehementer</strong></span> <span class='ocrx_word' id='word_1_626' title='bbox 3036 3986 3094 4042; x_wconf 89' lang='lat' dir='ltr'><strong>in</strong></span> <span class='ocrx_word' id='word_1_627' title='bbox 3127 4005 3232 4044; x_wconf 90' lang='lat' dir='ltr'><strong>nos</strong></span> <span class='ocrx_word' id='word_1_628' title='bbox 3256 3987 3446 4046; x_wconf 87' lang='lat' dir='ltr'><strong>irruit.</strong></span> <span class='ocrx_word' id='word_1_629' title='bbox 3471 3988 3627 4046; x_wconf 89' lang='lat' dir='ltr'><strong>Gens</strong></span> <span class='ocrx_word' id='word_1_630' title='bbox 3646 4005 3797 4061; x_wconf 86' lang='lat' dir='ltr'><strong>quo-</strong></span> 
     </span>
    </p>
   </div>
   <div class='ocr_carea' id='block_1_91' title="bbox 2133 4074 3793 4151">
    <p class='ocr_par' dir='ltr' id='par_1_91' title="bbox 2133 4074 3793 4151">
     <span class='ocr_line' id='line_1_91' title="bbox 2133 4074 3793 4151; baseline 0.002 -20"><span class='ocrx_word' id='word_1_631' title='bbox 2133 4092 2248 4148; x_wconf 88' lang='lat' dir='ltr'><strong>que</strong></span> <span class='ocrx_word' id='word_1_632' title='bbox 2279 4079 2498 4142; x_wconf 87' lang='lat' dir='ltr'><strong>nostra,</strong></span> <span class='ocrx_word' id='word_1_633' title='bbox 2530 4074 2667 4132; x_wconf 90' lang='lat' dir='ltr'><strong>licet</strong></span> <span class='ocrx_word' id='word_1_634' title='bbox 2715 4076 3094 4149; x_wconf 89' lang='lat' dir='ltr'><strong>paucissima,</strong></span> <span class='ocrx_word' id='word_1_635' title='bbox 3126 4094 3232 4151; x_wconf 91' lang='lat' dir='ltr'><strong>per</strong></span> <span class='ocrx_word' id='word_1_636' title='bbox 3269 4094 3370 4135; x_wconf 84' lang='lat' dir='ltr'><strong>sex</strong></span> <span class='ocrx_word' id='word_1_637' title='bbox 3398 4076 3553 4135; x_wconf 88' lang='lat' dir='ltr'><strong>acies</strong></span> <span class='ocrx_word' id='word_1_638' title='bbox 3581 4076 3793 4148; x_wconf 89' lang='lat' dir='ltr'><strong>divisa,</strong></span> 
     </span>
    </p>
   </div>
   <div class='ocr_carea' id='block_1_92' title="bbox 2134 4159 3799 4243">
    <p class='ocr_par' dir='ltr' id='par_1_92' title="bbox 2134 4159 3799 4243">
     <span class='ocr_line' id='line_1_92' title="bbox 2134 4159 3799 4243; baseline 0.002 -22"><span class='ocrx_word' id='word_1_639' title='bbox 2134 4165 2289 4222; x_wconf 90' lang='lat' dir='ltr'><strong>sicut</strong></span> <span class='ocrx_word' id='word_1_640' title='bbox 2319 4164 2508 4243; x_wconf 82' lang='lat' dir='ltr'><strong>solent</strong></span> <span class='ocrx_word' id='word_1_641' title='bbox 2537 4181 2794 4240; x_wconf 88' lang='lat' dir='ltr'><strong>aucupes</strong></span> <span class='ocrx_word' id='word_1_642' title='bbox 2815 4165 2875 4221; x_wconf 93' lang='lat' dir='ltr'><strong>in</strong></span> <span class='ocrx_word' id='word_1_643' title='bbox 2898 4166 3276 4224; x_wconf 89' lang='lat' dir='ltr'><strong>multitudine</strong></span> <span class='ocrx_word' id='word_1_644' title='bbox 3298 4159 3619 4236; x_wconf 28' lang='lat' dir='ltr'><strong>avium,‘ita</strong></span> <span class='ocrx_word' id='word_1_645' title='bbox 3640 4166 3799 4224; x_wconf 88' lang='lat' dir='ltr'><strong>inter</strong></span> 
     </span>
    </p>
   </div>
   <div class='ocr_carea' id='block_1_93' title="bbox 2133 4253 3792 4328">
    <p class='ocr_par' dir='ltr' id='par_1_93' title="bbox 2133 4253 3792 4328">
     <span class='ocr_line' id='line_1_93' title="bbox 2133 4253 3792 4328; baseline 0.003 -19"><span class='ocrx_word' id='word_1_646' title='bbox 2133 4253 2403 4310; x_wconf 90' lang='lat' dir='ltr'><strong>cohortes</strong></span> <span class='ocrx_word' id='word_1_647' title='bbox 2417 4271 2620 4311; x_wconf 91' lang='lat' dir='ltr'><strong>eorum</strong></span> <span class='ocrx_word' id='word_1_648' title='bbox 2642 4255 2929 4328; x_wconf 88' lang='lat' dir='ltr'><strong>ingentes,</strong></span> <span class='ocrx_word' id='word_1_649' title='bbox 2951 4257 3181 4313; x_wconf 76' lang='lat' dir='ltr'><strong>ADJUVA</strong></span> <span class='ocrx_word' id='word_1_650' title='bbox 3200 4255 3357 4314; x_wconf 71' lang='lat' dir='ltr'><strong>Deus</strong></span> <span class='ocrx_word' id='word_1_651' title='bbox 3375 4256 3792 4325; x_wconf 84' lang='lat' dir='ltr'><strong>exclamantes,</strong></span> 
     </span>
    </p>
   </div>
   <div class='ocr_carea' id='block_1_94' title="bbox 2134 4343 3794 4411">
    <p class='ocr_par' dir='ltr' id='par_1_94' title="bbox 2134 4343 3794 4411">
     <span class='ocr_line' id='line_1_94' title="bbox 2134 4343 3794 4411; baseline 0.002 -12"><span class='ocrx_word' id='word_1_652' title='bbox 2134 4359 2193 4399; x_wconf 91' lang='lat' dir='ltr'><strong>se</strong></span> <span class='ocrx_word' id='word_1_653' title='bbox 2228 4343 2621 4400; x_wconf 88' lang='lat' dir='ltr'><strong>inseruerunt.</strong></span> <span class='ocrx_word' id='word_1_654' title='bbox 2676 4346 2936 4411; x_wconf 91' lang='lat' dir='ltr'><strong>Quorum</strong></span> <span class='ocrx_word' id='word_1_655' title='bbox 2980 4345 3299 4402; x_wconf 90' lang='lat' dir='ltr'><strong>multitudo</strong></span> <span class='ocrx_word' id='word_1_656' title='bbox 3327 4344 3389 4401; x_wconf 92' lang='lat' dir='ltr'><strong>in</strong></span> <span class='ocrx_word' id='word_1_657' title='bbox 3418 4348 3650 4402; x_wconf 88' lang='lat' dir='ltr'><strong>tantum</strong></span> <span class='ocrx_word' id='word_1_658' title='bbox 3682 4362 3794 4403; x_wconf 89' lang='lat' dir='ltr'><strong>nos</strong></span> 
     </span>
    </p>
   </div>
   <div class='ocr_carea' id='block_1_95' title="bbox 2132 4431 3794 4507">
    <p class='ocr_par' dir='ltr' id='par_1_95' title="bbox 2132 4431 3794 4507">
     <span class='ocr_line' id='line_1_95' title="bbox 2132 4431 3794 4507; baseline 0.002 -20"><span class='ocrx_word' id='word_1_659' title='bbox 2132 4431 2290 4488; x_wconf 91' lang='lat' dir='ltr'><strong>illico</strong></span> <span class='ocrx_word' id='word_1_660' title='bbox 2321 4432 2537 4488; x_wconf 84' lang='lat' dir='ltr'><strong>obtexit</strong></span> <span class='ocrx_word' id='word_1_661' title='bbox 2568 4436 2634 4488; x_wconf 92' lang='lat' dir='ltr'><strong>ut</strong></span> <span class='ocrx_word' id='word_1_662' title='bbox 2679 4432 2832 4488; x_wconf 89' lang='lat' dir='ltr'><strong>alius</strong></span> <span class='ocrx_word' id='word_1_663' title='bbox 2862 4433 3046 4490; x_wconf 91' lang='lat' dir='ltr'><strong>alium</strong></span> <span class='ocrx_word' id='word_1_664' title='bbox 3075 4433 3163 4491; x_wconf 90' lang='lat' dir='ltr'><strong>vel</strong></span> <span class='ocrx_word' id='word_1_665' title='bbox 3196 4449 3431 4491; x_wconf 88' lang='lat' dir='ltr'><strong>cernere</strong></span> <span class='ocrx_word' id='word_1_666' title='bbox 3459 4432 3545 4491; x_wconf 90' lang='lat' dir='ltr'><strong>vel</strong></span> <span class='ocrx_word' id='word_1_667' title='bbox 3575 4449 3794 4507; x_wconf 88' lang='lat' dir='ltr'><strong>cogno-</strong></span> 
     </span>
    </p>
   </div>
   <div class='ocr_carea' id='block_1_96' title="bbox 363 4514 3798 4608">
    <p class='ocr_par' dir='ltr' id='par_1_96' title="bbox 363 4514 3798 4608">
     <span class='ocr_line' id='line_1_96' title="bbox 363 4514 3798 4608; baseline 0.002 -36"><span class='ocrx_word' id='word_1_668' title='bbox 363 4519 420 4572; x_wconf 92' lang='lat' dir='ltr'><strong>et</strong></span> <span class='ocrx_word' id='word_1_669' title='bbox 444 4514 703 4608; x_wconf 26' lang='lat' dir='ltr'><strong>Cayph‘a.</strong></span> <span class='ocrx_word' id='word_1_670' title='bbox 736 4515 805 4570; x_wconf 91' lang='lat' dir='ltr'><strong>Et</strong></span> <span class='ocrx_word' id='word_1_671' title='bbox 835 4515 975 4587; x_wconf 92' lang='lat' dir='ltr'><strong>quia</strong></span> <span class='ocrx_word' id='word_1_672' title='bbox 1014 4515 1335 4572; x_wconf 89' lang='lat' dir='ltr'><strong>necessitas</strong></span> <span class='ocrx_word' id='word_1_673' title='bbox 1382 4533 1490 4572; x_wconf 91' lang='lat' dir='ltr'><strong>nos</strong></span> <span class='ocrx_word' id='word_1_674' title='bbox 1522 4516 1785 4588; x_wconf 74' lang='lat' dir='ltr'><strong>urgebat,</strong></span> <span class='ocrx_word' id='word_1_675' title='bbox 1820 4533 1923 4589; x_wconf 94' lang='lat' dir='ltr'><strong>pro</strong></span> <span class='ocrx_word' id='word_1_676' title='bbox 1955 4533 2022 4608; x_wconf 82' lang='lat' dir='ltr'><strong>eo</strong></span> <span class='ocrx_word' id='word_1_677' title='bbox 2053 4541 2102 4608; x_wconf 73' lang='grc' dir='ltr'><strong>Ι)</strong></span> <span class='ocrx_word' id='word_1_678' title='bbox 2133 4525 2520 4594; x_wconf 76' lang='lat' dir='ltr'><strong>scere,posset</strong></span> <span class='ocrx_word' id='word_1_679' title='bbox 2546 4522 2797 4595; x_wconf 88' lang='lat' dir='ltr'><strong>Jamque</strong></span> <span class='ocrx_word' id='word_1_680' title='bbox 2826 4522 3180 4597; x_wconf 89' lang='lat' dir='ltr'><strong>repulerant,</strong></span> <span class='ocrx_word' id='word_1_681' title='bbox 3197 4523 3443 4596; x_wconf 89' lang='lat' dir='ltr'><strong>jamque</strong></span> <span class='ocrx_word' id='word_1_682' title='bbox 3472 4539 3798 4596; x_wconf 85' lang='lat' dir='ltr'><strong>quassave-</strong></span> 
     </span>
    </p>
   </div>
   <div class='ocr_carea' id='block_1_97' title="bbox 363 4603 2022 4678">
    <p class='ocr_par' dir='ltr' id='par_1_97' title="bbox 363 4603 2022 4678">
     <span class='ocr_line' id='line_1_97' title="bbox 363 4603 2022 4678; baseline 0.001 -18"><span class='ocrx_word' id='word_1_683' title='bbox 363 4621 542 4677; x_wconf 91' lang='lat' dir='ltr'><strong>quam</strong></span> <span class='ocrx_word' id='word_1_684' title='bbox 573 4603 829 4659; x_wconf 91' lang='lat' dir='ltr'><strong>militum</strong></span> <span class='ocrx_word' id='word_1_685' title='bbox 859 4620 1096 4660; x_wconf 92' lang='lat' dir='ltr'><strong>eramus</strong></span> <span class='ocrx_word' id='word_1_686' title='bbox 1117 4608 1377 4677; x_wconf 89' lang='lat' dir='ltr'><strong>egentes,</strong></span> <span class='ocrx_word' id='word_1_687' title='bbox 1410 4608 1682 4661; x_wconf 91' lang='lat' dir='ltr'><strong>monente</strong></span> <span class='ocrx_word' id='word_1_688' title='bbox 1711 4620 1865 4678; x_wconf 91' lang='lat' dir='ltr'><strong>rege,</strong></span> <span class='ocrx_word' id='word_1_689' title='bbox 1888 4604 2022 4677; x_wconf 84' lang='lat' dir='ltr'><strong>qui-</strong></span> 
     </span>
    </p>
   </div>
   <div class='ocr_carea' id='block_1_98' title="bbox 364 4692 2022 4767">
    <p class='ocr_par' dir='ltr' id='par_1_98' title="bbox 364 4692 2022 4767">
     <span class='ocr_line' id='line_1_98' title="bbox 364 4692 2022 4767; baseline 0.001 -18"><span class='ocrx_word' id='word_1_690' title='bbox 364 4710 595 4766; x_wconf 89' lang='lat' dir='ltr'><strong>cunque</strong></span> <span class='ocrx_word' id='word_1_691' title='bbox 619 4692 810 4766; x_wconf 89' lang='lat' dir='ltr'><strong>potuit</strong></span> <span class='ocrx_word' id='word_1_692' title='bbox 832 4693 904 4750; x_wconf 89' lang='lat' dir='ltr'><strong>de</strong></span> <span class='ocrx_word' id='word_1_693' title='bbox 925 4693 1213 4764; x_wconf 87' lang='lat' dir='ltr'><strong>armigero</strong></span> <span class='ocrx_word' id='word_1_694' title='bbox 1236 4711 1344 4750; x_wconf 91' lang='lat' dir='ltr'><strong>suo</strong></span> <span class='ocrx_word' id='word_1_695' title='bbox 1368 4693 1611 4750; x_wconf 89' lang='lat' dir='ltr'><strong>militem</strong></span> <span class='ocrx_word' id='word_1_696' title='bbox 1636 4694 1792 4750; x_wconf 85' lang='lat' dir='ltr'><strong>fecit.</strong></span> <span class='ocrx_word' id='word_1_697' title='bbox 1821 4697 2022 4767; x_wconf 84' lang='lat' dir='ltr'><strong>Itaque</strong></span> 
     </span>
    </p>
   </div>
   <div class='ocr_carea' id='block_1_99' title="bbox 364 4781 2022 4856">
    <p class='ocr_par' dir='ltr' id='par_1_99' title="bbox 364 4781 2022 4856">
     <span class='ocr_line' id='line_1_99' title="bbox 364 4781 2022 4856; baseline 0.001 -18"><span class='ocrx_word' id='word_1_698' title='bbox 364 4781 581 4839; x_wconf 90' lang='lat' dir='ltr'><strong>milites</strong></span> <span class='ocrx_word' id='word_1_699' title='bbox 610 4782 793 4839; x_wconf 90' lang='lat' dir='ltr'><strong>nostri</strong></span> <span class='ocrx_word' id='word_1_700' title='bbox 825 4798 1051 4848; x_wconf 88' lang='lat' dir='ltr'><strong>omnes,</strong></span> <span class='ocrx_word' id='word_1_701' title='bbox 1074 4783 1181 4837; x_wconf 82' lang='grc'><strong>240</strong></span> <span class='ocrx_word' id='word_1_702' title='bbox 1210 4783 1615 4839; x_wconf 89' lang='lat' dir='ltr'><strong>tantummodo</strong></span> <span class='ocrx_word' id='word_1_703' title='bbox 1638 4783 1896 4852; x_wconf 83' lang='lat' dir='ltr'><strong>fuerunt,</strong></span> <span class='ocrx_word' id='word_1_704' title='bbox 1921 4800 2022 4856; x_wconf 89' lang='lat' dir='ltr'><strong>pe-</strong></span> 
     </span>
    </p>
   </div>
   <div class='ocr_carea' id='block_1_100' title="bbox 363 4871 2023 4941">
    <p class='ocr_par' dir='ltr' id='par_1_100' title="bbox 363 4871 2023 4941">
     <span class='ocr_line' id='line_1_100' title="bbox 363 4871 2023 4941; baseline 0.002 -15"><span class='ocrx_word' id='word_1_705' title='bbox 363 4871 514 4928; x_wconf 90' lang='lat' dir='ltr'><strong>dites</strong></span> <span class='ocrx_word' id='word_1_706' title='bbox 546 4887 678 4928; x_wconf 88' lang='lat' dir='ltr'><strong>vero</strong></span> <span class='ocrx_word' id='word_1_707' title='bbox 698 4872 823 4926; x_wconf 87' lang='lat'><strong>900.</strong></span> <span class='ocrx_word' id='word_1_708' title='bbox 855 4871 963 4935; x_wconf 91' lang='lat' dir='ltr'><strong>Qui</strong></span> <span class='ocrx_word' id='word_1_709' title='bbox 996 4878 1192 4927; x_wconf 91' lang='lat' dir='ltr'><strong>autem</strong></span> <span class='ocrx_word' id='word_1_710' title='bbox 1215 4876 1418 4929; x_wconf 91' lang='lat' dir='ltr'><strong>contra</strong></span> <span class='ocrx_word' id='word_1_711' title='bbox 1447 4888 1574 4941; x_wconf 89' lang='lat' dir='ltr'><strong>nos,</strong></span> <span class='ocrx_word' id='word_1_712' title='bbox 1611 4873 1671 4928; x_wconf 90' lang='grc'>11</span> <span class='ocrx_word' id='word_1_713' title='bbox 1710 4871 1894 4929; x_wconf 87' lang='lat' dir='ltr'><strong>millia</strong></span> <span class='ocrx_word' id='word_1_714' title='bbox 1913 4873 2023 4929; x_wconf 88' lang='lat' dir='ltr'><strong>mi-</strong></span> 
     </span>
    </p>
   </div>
   <div class='ocr_carea' id='block_1_101' title="bbox 363 4958 2022 5034">
    <p class='ocr_par' dir='ltr' id='par_1_101' title="bbox 363 4958 2022 5034">
     <span class='ocr_line' id='line_1_101' title="bbox 363 4958 2022 5034; baseline 0.003 -20"><span class='ocrx_word' id='word_1_715' title='bbox 363 4958 556 5027; x_wconf 89' lang='lat' dir='ltr'><strong>litum,</strong></span> <span class='ocrx_word' id='word_1_716' title='bbox 579 4963 636 5014; x_wconf 90' lang='lat' dir='ltr'><strong>et</strong></span> <span class='ocrx_word' id='word_1_717' title='bbox 653 4961 717 5014; x_wconf 83' lang='grc'><strong>21</strong></span> <span class='ocrx_word' id='word_1_718' title='bbox 742 4959 926 5014; x_wconf 90' lang='lat' dir='ltr'><strong>millia</strong></span> <span class='ocrx_word' id='word_1_719' title='bbox 948 4960 1211 5032; x_wconf 91' lang='lat' dir='ltr'><strong>peditum</strong></span> <span class='ocrx_word' id='word_1_720' title='bbox 1235 4961 1414 5017; x_wconf 90' lang='lat' dir='ltr'><strong>simul</strong></span> <span class='ocrx_word' id='word_1_721' title='bbox 1437 4966 1620 5018; x_wconf 90' lang='lat' dir='ltr'><strong>erant.</strong></span> <span class='ocrx_word' id='word_1_722' title='bbox 1648 4961 1764 5017; x_wconf 83' lang='lat' dir='ltr'><strong>Hoc</strong></span> <span class='ocrx_word' id='word_1_723' title='bbox 1785 4961 2022 5034; x_wconf 88' lang='lat' dir='ltr'><strong>quidem</strong></span> 
     </span>
    </p>
   </div>
   <div class='ocr_carea' id='block_1_102' title="bbox 365 5048 2019 5126">
    <p class='ocr_par' dir='ltr' id='par_1_102' title="bbox 365 5048 2019 5126">
     <span class='ocr_line' id='line_1_102' title="bbox 365 5048 2019 5126; baseline 0.003 -22"><span class='ocrx_word' id='word_1_724' title='bbox 365 5048 716 5115; x_wconf 89' lang='lat' dir='ltr'><strong>sciebamus,</strong></span> <span class='ocrx_word' id='word_1_725' title='bbox 751 5049 851 5103; x_wconf 92' lang='lat' dir='ltr'><strong>sed</strong></span> <span class='ocrx_word' id='word_1_726' title='bbox 887 5049 1026 5119; x_wconf 89' lang='lat' dir='ltr'><strong>quia</strong></span> <span class='ocrx_word' id='word_1_727' title='bbox 1056 5051 1240 5106; x_wconf 90' lang='lat' dir='ltr'><strong>Deum</strong></span> <span class='ocrx_word' id='word_1_728' title='bbox 1272 5050 1580 5107; x_wconf 91' lang='lat' dir='ltr'><strong>nobiscum</strong></span> <span class='ocrx_word' id='word_1_729' title='bbox 1634 5051 2019 5126; x_wconf 84' lang='lat' dir='ltr'><strong>habebamus,</strong></span> 
     </span>
    </p>
   </div>
   <div class='ocr_carea' id='block_1_103' title="bbox 363 5136 2019 5212">
    <p class='ocr_par' dir='ltr' id='par_1_103' title="bbox 363 5136 2019 5212">
     <span class='ocr_line' id='line_1_103' title="bbox 363 5136 2019 5212; baseline 0.004 -20"><span class='ocrx_word' id='word_1_730' title='bbox 363 5153 464 5193; x_wconf 89' lang='lat' dir='ltr'><strong>eos</strong></span> <span class='ocrx_word' id='word_1_731' title='bbox 496 5136 731 5208; x_wconf 87' lang='lat' dir='ltr'><strong>aggredi</strong></span> <span class='ocrx_word' id='word_1_732' title='bbox 767 5153 881 5191; x_wconf 91' lang='lat' dir='ltr'><strong>non</strong></span> <span class='ocrx_word' id='word_1_733' title='bbox 914 5136 1379 5195; x_wconf 79' lang='lat' dir='ltr'><strong>formidavimus.</strong></span> <span class='ocrx_word' id='word_1_734' title='bbox 1404 5140 1519 5196; x_wconf 91' lang='lat' dir='ltr'><strong>Nec</strong></span> <span class='ocrx_word' id='word_1_735' title='bbox 1538 5139 1703 5196; x_wconf 84' lang='lat' dir='ltr'><strong>.enim</strong></span> <span class='ocrx_word' id='word_1_736' title='bbox 1728 5140 1789 5196; x_wconf 93' lang='lat' dir='ltr'><strong>in</strong></span> <span class='ocrx_word' id='word_1_737' title='bbox 1817 5143 2019 5212; x_wconf 90' lang='lat' dir='ltr'><strong>armis,</strong></span> 
     </span>
    </p>
   </div>
   <div class='ocr_carea' id='block_1_104' title="bbox 366 5221 2021 5296">
    <p class='ocr_par' dir='ltr' id='par_1_104' title="bbox 366 5221 2021 5296">
     <span class='ocr_line' id='line_1_104' title="bbox 366 5221 2021 5296; baseline 0.005 -18"><span class='ocrx_word' id='word_1_738' title='bbox 366 5238 473 5278; x_wconf 91' lang='lat' dir='ltr'><strong>nec</strong></span> <span class='ocrx_word' id='word_1_739' title='bbox 504 5221 562 5276; x_wconf 93' lang='lat' dir='ltr'><strong>in</strong></span> <span class='ocrx_word' id='word_1_740' title='bbox 591 5226 761 5294; x_wconf 90' lang='lat' dir='ltr'><strong>gente</strong></span> <span class='ocrx_word' id='word_1_741' title='bbox 788 5221 976 5279; x_wconf 88' lang='lat' dir='ltr'><strong>multa</strong></span> <span class='ocrx_word' id='word_1_742' title='bbox 1022 5226 1483 5296; x_wconf 82' lang='lat' dir='ltr'><strong>conﬁdebamus,</strong></span> <span class='ocrx_word' id='word_1_743' title='bbox 1533 5229 1634 5284; x_wconf 90' lang='lat' dir='ltr'><strong>sed</strong></span> <span class='ocrx_word' id='word_1_744' title='bbox 1664 5227 1725 5284; x_wconf 92' lang='lat' dir='ltr'><strong>in</strong></span> <span class='ocrx_word' id='word_1_745' title='bbox 1772 5229 2021 5286; x_wconf 92' lang='lat' dir='ltr'><strong>Domino</strong></span> 
     </span>
    </p>
   </div>
   <div class='ocr_carea' id='block_1_105' title="bbox 366 5310 2024 5393">
    <p class='ocr_par' dir='ltr' id='par_1_105' title="bbox 366 5310 2024 5393">
     <span class='ocr_line' id='line_1_105' title="bbox 366 5310 2024 5393; baseline 0.007 -28"><span class='ocrx_word' id='word_1_746' title='bbox 366 5310 484 5366; x_wconf 90' lang='lat' dir='ltr'><strong>Deo</strong></span> <span class='ocrx_word' id='word_1_747' title='bbox 515 5326 681 5382; x_wconf 89' lang='lat' dir='ltr'><strong>spem</strong></span> <span class='ocrx_word' id='word_1_748' title='bbox 719 5316 979 5369; x_wconf 88' lang='lat' dir='ltr'><strong>nostram</strong></span> <span class='ocrx_word' id='word_1_749' title='bbox 1034 5314 1296 5370; x_wconf 90' lang='lat' dir='ltr'><strong>omnimo</strong></span> <span class='ocrx_word' id='word_1_750' title='bbox 1347 5333 1755 5388; x_wconf 85' lang='lat' dir='ltr'><strong>posueramus.</strong></span> <span class='ocrx_word' id='word_1_751' title='bbox 1812 5321 2024 5393; x_wconf 90' lang='lat' dir='ltr'><strong>Magna</strong></span> 
     </span>
    </p>
   </div>
   <div class='ocr_carea' id='block_1_106' title="bbox 367 5398 2020 5475">
    <p class='ocr_par' dir='ltr' id='par_1_106' title="bbox 367 5398 2020 5475">
     <span class='ocr_line' id='line_1_106' title="bbox 367 5398 2020 5475; baseline 0.007 -21"><span class='ocrx_word' id='word_1_752' title='bbox 367 5398 686 5467; x_wconf 86' lang='lat' dir='ltr'><strong>audacitas,</strong></span> <span class='ocrx_word' id='word_1_753' title='bbox 721 5401 821 5457; x_wconf 91' lang='lat' dir='ltr'><strong>sed</strong></span> <span class='ocrx_word' id='word_1_754' title='bbox 854 5419 970 5459; x_wconf 92' lang='lat' dir='ltr'><strong>non</strong></span> <span class='ocrx_word' id='word_1_755' title='bbox 1002 5403 1304 5459; x_wconf 85' lang='lat' dir='ltr'><strong>audacitas</strong></span> <span class='ocrx_word' id='word_1_756' title='bbox 1333 5409 1477 5475; x_wconf 90' lang='lat' dir='ltr'><strong>erat,</strong></span> <span class='ocrx_word' id='word_1_757' title='bbox 1502 5405 1620 5462; x_wconf 92' lang='lat' dir='ltr'><strong>imo</strong></span> <span class='ocrx_word' id='word_1_758' title='bbox 1641 5408 1787 5464; x_wconf 84' lang='lat' dir='ltr'><strong>ﬁdes</strong></span> <span class='ocrx_word' id='word_1_759' title='bbox 1807 5413 1863 5465; x_wconf 88' lang='lat' dir='ltr'><strong>et</strong></span> <span class='ocrx_word' id='word_1_760' title='bbox 1878 5409 2020 5465; x_wconf 88' lang='lat' dir='ltr'><strong>cha-</strong></span> 
     </span>
    </p>
   </div>
   <div class='ocr_carea' id='block_1_107' title="bbox 368 5486 2020 5572">
    <p class='ocr_par' dir='ltr' id='par_1_107' title="bbox 368 5486 2020 5572">
     <span class='ocr_line' id='line_1_107' title="bbox 368 5486 2020 5572; baseline 0.01 -34"><span class='ocrx_word' id='word_1_761' title='bbox 368 5486 530 5541; x_wconf 87' lang='lat' dir='ltr'><strong>ritas.</strong></span> <span class='ocrx_word' id='word_1_762' title='bbox 555 5488 839 5552; x_wconf 88' lang='lat' dir='ltr'><strong>Quoniam</strong></span> <span class='ocrx_word' id='word_1_763' title='bbox 859 5508 964 5564; x_wconf 94' lang='lat' dir='ltr'><strong>pro</strong></span> <span class='ocrx_word' id='word_1_764' title='bbox 983 5509 1181 5550; x_wconf 89' lang='lat' dir='ltr'><strong>amore</strong></span> <span class='ocrx_word' id='word_1_765' title='bbox 1195 5490 1356 5547; x_wconf 92' lang='lat' dir='ltr'><strong>illius</strong></span> <span class='ocrx_word' id='word_1_766' title='bbox 1372 5496 1757 5566; x_wconf 87' lang='lat' dir='ltr'><strong>sperabamus</strong></span> <span class='ocrx_word' id='word_1_767' title='bbox 1773 5497 2020 5572; x_wconf 83' lang='lat' dir='ltr'><strong>diligen-</strong></span> 
     </span>
    </p>
   </div>
   <div class='ocr_carea' id='block_1_108' title="bbox 364 5575 2022 5665">
    <p class='ocr_par' dir='ltr' id='par_1_108' title="bbox 364 5575 2022 5665">
     <span class='ocr_line' id='line_1_108' title="bbox 364 5575 2022 5665; baseline 0.011 -37"><span class='ocrx_word' id='word_1_768' title='bbox 364 5576 454 5629; x_wconf 86' lang='lat' dir='ltr'><strong>ter</strong></span> <span class='ocrx_word' id='word_1_769' title='bbox 480 5575 649 5650; x_wconf 91' lang='lat' dir='ltr'><strong>mori,</strong></span> <span class='ocrx_word' id='word_1_770' title='bbox 683 5578 784 5654; x_wconf 91' lang='lat' dir='ltr'><strong>qui</strong></span> <span class='ocrx_word' id='word_1_771' title='bbox 812 5596 919 5657; x_wconf 91' lang='lat' dir='ltr'><strong>pro</strong></span> <span class='ocrx_word' id='word_1_772' title='bbox 942 5580 1115 5641; x_wconf 88' lang='lat' dir='ltr'><strong>nobis</strong></span> <span class='ocrx_word' id='word_1_773' title='bbox 1133 5578 1592 5643; x_wconf 75' lang='lat' dir='ltr'><strong>misericorditer</strong></span> <span class='ocrx_word' id='word_1_774' title='bbox 1614 5590 1802 5646; x_wconf 90' lang='lat' dir='ltr'><strong>morte</strong></span> <span class='ocrx_word' id='word_1_775' title='bbox 1821 5587 2022 5665; x_wconf 89' lang='lat' dir='ltr'><strong>digna-</strong></span> 
     </span>
    </p>
   </div>
   <div class='ocr_carea' id='block_1_109' title="bbox 2133 4610 3793 4686">
    <p class='ocr_par' dir='ltr' id='par_1_109' title="bbox 2133 4610 3793 4686">
     <span class='ocr_line' id='line_1_109' title="bbox 2133 4610 3793 4686; baseline 0.002 -21"><span class='ocrx_word' id='word_1_776' title='bbox 2133 4614 2265 4666; x_wconf 91' lang='lat' dir='ltr'><strong>rant</strong></span> <span class='ocrx_word' id='word_1_777' title='bbox 2292 4610 2440 4666; x_wconf 88' lang='lat' dir='ltr'><strong>duas</strong></span> <span class='ocrx_word' id='word_1_778' title='bbox 2469 4610 2792 4667; x_wconf 89' lang='lat' dir='ltr'><strong>anteriores</strong></span> <span class='ocrx_word' id='word_1_779' title='bbox 2822 4611 2978 4668; x_wconf 91' lang='lat' dir='ltr'><strong>acies</strong></span> <span class='ocrx_word' id='word_1_780' title='bbox 3009 4616 3263 4683; x_wconf 88' lang='lat' dir='ltr'><strong>nostras,</strong></span> <span class='ocrx_word' id='word_1_781' title='bbox 3297 4629 3434 4669; x_wconf 90' lang='lat' dir='ltr'><strong>cum</strong></span> <span class='ocrx_word' id='word_1_782' title='bbox 3454 4611 3592 4668; x_wconf 90' lang='lat' dir='ltr'><strong>huic</strong></span> <span class='ocrx_word' id='word_1_783' title='bbox 3613 4627 3793 4686; x_wconf 84' lang='lat' dir='ltr'><strong>nego-</strong></span> 
     </span>
    </p>
   </div>
   <div class='ocr_carea' id='block_1_110' title="bbox 2130 4699 3794 4775">
    <p class='ocr_par' dir='ltr' id='par_1_110' title="bbox 2130 4699 3794 4775">
     <span class='ocr_line' id='line_1_110' title="bbox 2130 4699 3794 4775; baseline 0.002 -21"><span class='ocrx_word' id='word_1_784' title='bbox 2130 4699 2211 4755; x_wconf 92' lang='lat' dir='ltr'><strong>tio</strong></span> <span class='ocrx_word' id='word_1_785' title='bbox 2245 4699 2493 4756; x_wconf 87' lang='lat' dir='ltr'><strong>intuitus</strong></span> <span class='ocrx_word' id='word_1_786' title='bbox 2540 4700 3028 4757; x_wconf 81' lang='lat' dir='ltr'><strong>festinantissime</strong></span> <span class='ocrx_word' id='word_1_787' title='bbox 3076 4717 3175 4757; x_wconf 84' lang='lat' dir='ltr'><strong>rex</strong></span> <span class='ocrx_word' id='word_1_788' title='bbox 3205 4718 3241 4758; x_wconf 90' lang='lat' dir='ltr'><strong>a</strong></span> <span class='ocrx_word' id='word_1_789' title='bbox 3287 4706 3451 4775; x_wconf 88' lang='lat' dir='ltr'><strong>parte</strong></span> <span class='ocrx_word' id='word_1_790' title='bbox 3493 4705 3794 4773; x_wconf 88' lang='lat' dir='ltr'><strong>postrema</strong></span> 
     </span>
    </p>
   </div>
   <div class='ocr_carea' id='block_1_111' title="bbox 2134 4788 3794 4848">
    <p class='ocr_par' dir='ltr' id='par_1_111' title="bbox 2134 4788 3794 4848">
     <span class='ocr_line' id='line_1_111' title="bbox 2134 4788 3794 4848; baseline 0.002 -4"><span class='ocrx_word' id='word_1_791' title='bbox 2134 4788 2420 4845; x_wconf 90' lang='lat' dir='ltr'><strong>subvenit.</strong></span> <span class='ocrx_word' id='word_1_792' title='bbox 2444 4789 2549 4845; x_wconf 91' lang='lat' dir='ltr'><strong>Ubi</strong></span> <span class='ocrx_word' id='word_1_793' title='bbox 2568 4788 2726 4845; x_wconf 91' lang='lat' dir='ltr'><strong>enim</strong></span> <span class='ocrx_word' id='word_1_794' title='bbox 2744 4789 3015 4846; x_wconf 89' lang='lat' dir='ltr'><strong>virtutem</strong></span> <span class='ocrx_word' id='word_1_795' title='bbox 3030 4789 3291 4847; x_wconf 91' lang='lat' dir='ltr'><strong>hostium</strong></span> <span class='ocrx_word' id='word_1_796' title='bbox 3302 4789 3644 4848; x_wconf 87' lang='lat' dir='ltr'><strong>validiorem</strong></span> <span class='ocrx_word' id='word_1_797' title='bbox 3660 4805 3794 4848; x_wconf 85' lang='lat' dir='ltr'><strong>esse</strong></span> 
     </span>
    </p>
   </div>
   <div class='ocr_carea' id='block_1_112' title="bbox 2133 4877 3788 4951">
    <p class='ocr_par' dir='ltr' id='par_1_112' title="bbox 2133 4877 3788 4951">
     <span class='ocr_line' id='line_1_112' title="bbox 2133 4877 3788 4951; baseline 0.002 -18"><span class='ocrx_word' id='word_1_798' title='bbox 2133 4877 2414 4949; x_wconf 90' lang='lat' dir='ltr'><strong>spectavit</strong></span> <span class='ocrx_word' id='word_1_799' title='bbox 2433 4883 2488 4933; x_wconf 91' lang='lat' dir='ltr'><strong>et</strong></span> <span class='ocrx_word' id='word_1_800' title='bbox 2500 4879 2789 4951; x_wconf 88' lang='lat' dir='ltr'><strong>cognovit,</strong></span> <span class='ocrx_word' id='word_1_801' title='bbox 2809 4878 3126 4937; x_wconf 84' lang='lat' dir='ltr'><strong>accelerate</strong></span> <span class='ocrx_word' id='word_1_802' title='bbox 3138 4897 3314 4938; x_wconf 88' lang='lat' dir='ltr'><strong>cursu</strong></span> <span class='ocrx_word' id='word_1_803' title='bbox 3325 4896 3460 4938; x_wconf 90' lang='lat' dir='ltr'><strong>cum</strong></span> <span class='ocrx_word' id='word_1_804' title='bbox 3473 4896 3642 4937; x_wconf 79' lang='lat' dir='ltr'><strong>scara</strong></span> <span class='ocrx_word' id='word_1_805' title='bbox 3657 4895 3788 4950; x_wconf 88' lang='lat' dir='ltr'><strong>sua,</strong></span> 
     </span>
    </p>
   </div>
   <div class='ocr_carea' id='block_1_113' title="bbox 2132 4966 3794 5043">
    <p class='ocr_par' dir='ltr' id='par_1_113' title="bbox 2132 4966 3794 5043">
     <span class='ocr_line' id='line_1_113' title="bbox 2132 4966 3794 5043; baseline 0.004 -23"><span class='ocrx_word' id='word_1_806' title='bbox 2132 4966 2376 5039; x_wconf 90' lang='lat' dir='ltr'><strong>impetui</strong></span> <span class='ocrx_word' id='word_1_807' title='bbox 2406 4967 2793 5024; x_wconf 83' lang='lat' dir='ltr'><strong>nefandorum</strong></span> <span class='ocrx_word' id='word_1_808' title='bbox 2815 4967 3059 5025; x_wconf 91' lang='lat' dir='ltr'><strong>viriliter</strong></span> <span class='ocrx_word' id='word_1_809' title='bbox 3077 4969 3472 5039; x_wconf 89' lang='lat' dir='ltr'><strong>seobdidit,et</strong></span> <span class='ocrx_word' id='word_1_810' title='bbox 3483 4985 3677 5028; x_wconf 88' lang='lat' dir='ltr'><strong>coram</strong></span> <span class='ocrx_word' id='word_1_811' title='bbox 3690 4985 3794 5043; x_wconf 88' lang='lat' dir='ltr'><strong>po-</strong></span> 
     </span>
    </p>
   </div>
   <div class='ocr_carea' id='block_1_114' title="bbox 2131 5055 3795 5133">
    <p class='ocr_par' dir='ltr' id='par_1_114' title="bbox 2131 5055 3795 5133">
     <span class='ocr_line' id='line_1_114' title="bbox 2131 5055 3795 5133; baseline 0.003 -23"><span class='ocrx_word' id='word_1_812' title='bbox 2131 5055 2479 5112; x_wconf 90' lang='lat' dir='ltr'><strong>tentioribus</strong></span> <span class='ocrx_word' id='word_1_813' title='bbox 2501 5072 2703 5112; x_wconf 92' lang='lat' dir='ltr'><strong>eorum</strong></span> <span class='ocrx_word' id='word_1_814' title='bbox 2725 5057 2898 5113; x_wconf 88' lang='lat' dir='ltr'><strong>basta</strong></span> <span class='ocrx_word' id='word_1_815' title='bbox 2916 5057 3158 5127; x_wconf 90' lang='lat' dir='ltr'><strong>vibrata,</strong></span> <span class='ocrx_word' id='word_1_816' title='bbox 3183 5058 3243 5114; x_wconf 91' lang='lat' dir='ltr'><strong>in</strong></span> <span class='ocrx_word' id='word_1_817' title='bbox 3265 5075 3382 5131; x_wconf 89' lang='lat' dir='ltr'><strong>qua</strong></span> <span class='ocrx_word' id='word_1_818' title='bbox 3397 5058 3630 5133; x_wconf 87' lang='lat' dir='ltr'><strong>signum</strong></span> <span class='ocrx_word' id='word_1_819' title='bbox 3654 5073 3795 5132; x_wconf 79' lang='lat' dir='ltr'><strong>pen-</strong></span> 
     </span>
    </p>
   </div>
   <div class='ocr_carea' id='block_1_115' title="bbox 2132 5143 3788 5219">
    <p class='ocr_par' dir='ltr' id='par_1_115' title="bbox 2132 5143 3788 5219">
     <span class='ocr_line' id='line_1_115' title="bbox 2132 5143 3788 5219; baseline 0.002 -20"><span class='ocrx_word' id='word_1_820' title='bbox 2132 5143 2305 5201; x_wconf 89' lang='lat' dir='ltr'><strong>debat</strong></span> <span class='ocrx_word' id='word_1_821' title='bbox 2332 5144 2554 5216; x_wconf 89' lang='lat' dir='ltr'><strong>album,</strong></span> <span class='ocrx_word' id='word_1_822' title='bbox 2588 5145 2707 5202; x_wconf 91' lang='lat' dir='ltr'><strong>ictu</strong></span> <span class='ocrx_word' id='word_1_823' title='bbox 2734 5145 2949 5202; x_wconf 60' lang='lat' dir='ltr'><strong>lancea</strong></span> <span class='ocrx_word' id='word_1_824' title='bbox 2980 5147 3266 5219; x_wconf 87' lang='lat' dir='ltr'><strong>percussit</strong></span> <span class='ocrx_word' id='word_1_825' title='bbox 3303 5148 3557 5204; x_wconf 83' lang='lat' dir='ltr'><strong>Arabem</strong></span> <span class='ocrx_word' id='word_1_826' title='bbox 3602 5163 3788 5204; x_wconf 90' lang='lat' dir='ltr'><strong>unum</strong></span> 
     </span>
    </p>
   </div>
   <div class='ocr_carea' id='block_1_116' title="bbox 2131 5233 3791 5307">
    <p class='ocr_par' dir='ltr' id='par_1_116' title="bbox 2131 5233 3791 5307">
     <span class='ocr_line' id='line_1_116' title="bbox 2131 5233 3791 5307; baseline 0.002 -18"><span class='ocrx_word' id='word_1_827' title='bbox 2131 5233 2245 5289; x_wconf 92' lang='lat' dir='ltr'><strong>sibi</strong></span> <span class='ocrx_word' id='word_1_828' title='bbox 2279 5234 2548 5304; x_wconf 91' lang='lat' dir='ltr'><strong>obvium;</strong></span> <span class='ocrx_word' id='word_1_829' title='bbox 2572 5235 2632 5291; x_wconf 91' lang='lat' dir='ltr'><strong>in</strong></span> <span class='ocrx_word' id='word_1_830' title='bbox 2656 5237 2829 5307; x_wconf 89' lang='lat' dir='ltr'><strong>cujus</strong></span> <span class='ocrx_word' id='word_1_831' title='bbox 2849 5240 3084 5292; x_wconf 91' lang='lat' dir='ltr'><strong>omento</strong></span> <span class='ocrx_word' id='word_1_832' title='bbox 3113 5252 3249 5292; x_wconf 91' lang='lat' dir='ltr'><strong>cum</strong></span> <span class='ocrx_word' id='word_1_833' title='bbox 3279 5237 3351 5294; x_wconf 88' lang='lat' dir='ltr'><strong>ad</strong></span> <span class='ocrx_word' id='word_1_834' title='bbox 3372 5241 3589 5294; x_wconf 87' lang='lat' dir='ltr'><strong>terram</strong></span> <span class='ocrx_word' id='word_1_835' title='bbox 3606 5236 3681 5294; x_wconf 89' lang='lat' dir='ltr'><strong>de</strong></span> <span class='ocrx_word' id='word_1_836' title='bbox 3699 5252 3791 5293; x_wconf 86' lang='lat' dir='ltr'><strong>so-</strong></span> 
     </span>
    </p>
   </div>
   <div class='ocr_carea' id='block_1_117' title="bbox 2131 5322 3788 5400">
    <p class='ocr_par' dir='ltr' id='par_1_117' title="bbox 2131 5322 3788 5400">
     <span class='ocr_line' id='line_1_117' title="bbox 2131 5322 3788 5400; baseline 0.002 -22"><span class='ocrx_word' id='word_1_837' title='bbox 2131 5322 2338 5395; x_wconf 90' lang='lat' dir='ltr'><strong>nipede</strong></span> <span class='ocrx_word' id='word_1_838' title='bbox 2352 5323 2519 5380; x_wconf 89' lang='lat' dir='ltr'><strong>illum</strong></span> <span class='ocrx_word' id='word_1_839' title='bbox 2539 5325 2948 5398; x_wconf 68' lang='lat' dir='ltr'><strong>praecipitaret,</strong></span> <span class='ocrx_word' id='word_1_840' title='bbox 2962 5324 3117 5381; x_wconf 92' lang='lat' dir='ltr'><strong>idem</strong></span> <span class='ocrx_word' id='word_1_841' title='bbox 3138 5325 3374 5400; x_wconf 89' lang='lat' dir='ltr'><strong>signum</strong></span> <span class='ocrx_word' id='word_1_842' title='bbox 3396 5330 3788 5383; x_wconf 86' lang='lat' dir='ltr'><strong>memoratum</strong></span> 
     </span>
    </p>
   </div>
   <div class='ocr_carea' id='block_1_118' title="bbox 2130 5411 3789 5489">
    <p class='ocr_par' dir='ltr' id='par_1_118' title="bbox 2130 5411 3789 5489">
     <span class='ocr_line' id='line_1_118' title="bbox 2130 5411 3789 5489; baseline 0.004 -24"><span class='ocrx_word' id='word_1_843' title='bbox 2130 5411 2432 5469; x_wconf 89' lang='lat' dir='ltr'><strong>remansit.</strong></span> <span class='ocrx_word' id='word_1_844' title='bbox 2459 5413 2746 5470; x_wconf 88' lang='lat' dir='ltr'><strong>Lanceam</strong></span> <span class='ocrx_word' id='word_1_845' title='bbox 2770 5416 2968 5470; x_wconf 87' lang='lat' dir='ltr'><strong>autem</strong></span> <span class='ocrx_word' id='word_1_846' title='bbox 2998 5412 3133 5473; x_wconf 89' lang='lat' dir='ltr'><strong>inde</strong></span> <span class='ocrx_word' id='word_1_847' title='bbox 3153 5418 3466 5487; x_wconf 87' lang='lat' dir='ltr'><strong>extorsam,</strong></span> <span class='ocrx_word' id='word_1_848' title='bbox 3489 5414 3643 5473; x_wconf 85' lang='lat' dir='ltr'><strong>sicut</strong></span> <span class='ocrx_word' id='word_1_849' title='bbox 3662 5415 3789 5489; x_wconf 83' lang='lat' dir='ltr'><strong>ipse</strong></span> 
     </span>
    </p>
   </div>
   <div class='ocr_carea' id='block_1_119' title="bbox 2129 5500 3789 5578">
    <p class='ocr_par' dir='ltr' id='par_1_119' title="bbox 2129 5500 3789 5578">
     <span class='ocr_line' id='line_1_119' title="bbox 2129 5500 3789 5578; baseline 0.005 -24"><span class='ocrx_word' id='word_1_850' title='bbox 2129 5500 2403 5572; x_wconf 92' lang='lat' dir='ltr'><strong>proprius</strong></span> <span class='ocrx_word' id='word_1_851' title='bbox 2417 5505 2617 5559; x_wconf 89' lang='lat' dir='ltr'><strong>astans</strong></span> <span class='ocrx_word' id='word_1_852' title='bbox 2633 5502 2966 5570; x_wconf 89' lang='lat' dir='ltr'><strong>cernebam,</strong></span> <span class='ocrx_word' id='word_1_853' title='bbox 2985 5502 3059 5558; x_wconf 90' lang='lat' dir='ltr'><strong>ad</strong></span> <span class='ocrx_word' id='word_1_854' title='bbox 3077 5502 3299 5561; x_wconf 66' lang='lat' dir='ltr'><strong>lmdend</strong></span> <span class='ocrx_word' id='word_1_855' title='bbox 3307 5521 3408 5562; x_wconf 90' lang='lat' dir='ltr'><strong>um</strong></span> <span class='ocrx_word' id='word_1_856' title='bbox 3423 5502 3571 5562; x_wconf 87' lang='lat' dir='ltr'><strong>alios</strong></span> <span class='ocrx_word' id='word_1_857' title='bbox 3589 5519 3789 5578; x_wconf 88' lang='lat' dir='ltr'><strong>prom-</strong></span> 
     </span>
    </p>
   </div>
   <div class='ocr_carea' id='block_1_120' title="bbox 2128 5588 3787 5675">
    <p class='ocr_par' dir='ltr' id='par_1_120' title="bbox 2128 5588 3787 5675">
     <span class='ocr_line' id='line_1_120' title="bbox 2128 5588 3787 5675; baseline 0.005 -29"><span class='ocrx_word' id='word_1_858' title='bbox 2128 5592 2227 5665; x_wconf 89' lang='lat' dir='ltr'><strong>pte</strong></span> <span class='ocrx_word' id='word_1_859' title='bbox 2256 5588 2486 5650; x_wconf 87' lang='lat' dir='ltr'><strong>detulit.</strong></span> <span class='ocrx_word' id='word_1_860' title='bbox 2521 5590 2666 5650; x_wconf 84' lang='lat' dir='ltr'><strong>Hinc</strong></span> <span class='ocrx_word' id='word_1_861' title='bbox 2696 5591 2817 5666; x_wconf 89' lang='lat' dir='ltr'><strong>isti,</strong></span> <span class='ocrx_word' id='word_1_862' title='bbox 2871 5590 3012 5650; x_wconf 88' lang='lat' dir='ltr'><strong>hinc</strong></span> <span class='ocrx_word' id='word_1_863' title='bbox 3039 5590 3127 5651; x_wconf 90' lang='lat' dir='ltr'><strong>illi</strong></span> <span class='ocrx_word' id='word_1_864' title='bbox 3162 5592 3392 5655; x_wconf 81' lang='lat' dir='ltr'><strong>fortiter</strong></span> <span class='ocrx_word' id='word_1_865' title='bbox 3414 5592 3787 5675; x_wconf 67' lang='lat' dir='ltr'><strong>pugnabant.</strong></span> 
     </span>
    </p>
   </div>
  </div>
