3998 6088
131 225 252 328 Eis

884 221 1301 334 FULCHERII
1344 272 1676 335 CARNOT.
1723 245 1928 336 HIST.
1977 229 2385 337 niueoson
2424 309 2501 319 -
2529 275 2678 337 LIB.
2723 275 2800 336 Π.

3422 278 3540 336 874

135 397 429 455 Videretis
461 398 664 472 utique
696 397 849 455 hora:
880 402 1070 473 spatio
1129 421 1244 460 non
1295 404 1522 460 modico
1571 404 1789 462 multos
1902 405 2106 461 urbem
2141 405 2582 462 Philistinorum
2615 424 2770 462 nunc
2799 407 3088 462 desertam
3139 407 3540 476 transivimus,

138 481 319 560 eques
349 487 682 544 sess‘oribus
710 505 944 545 vacuos.
977 489 1337 547 Videbamus
1369 497 1583 550 terram
1608 493 1788 550 nimis

137 567 487 650 occupatam
519 576 589 632 de
622 576 804 633 scutis
832 577 918 633 vel
949 580 1154 651 pectis,
1205 582 1274 636 de
1320 582 1678 654 pugionibus
1734 587 1790 639 et

135 665 453 738 pharetris,
486 666 738 722 arcubus
761 669 817 721 et
837 668 1068 740 sagittis
1082 669 1152 724 de
1167 670 1502 726 Sarracenis
1516 675 1570 726 et
1586 671 1791 727 Ethio-

135 755 312 828 pibus
343 759 465 810 tam
496 755 745 811 mortuis
775 753 952 828 quam
976 758 1150 813 morti
1164 757 1789 816 vulneratis.Simi1iter

134 844 206 900 de
243 843 498 916 Francis,
531 845 632 900 sed
666 861 781 900 non
813 845 884 902 de
917 845 1115 903 tantis.
1149 848 1364 904 Aderat
1394 849 1472 905 ibi
1506 867 1646 906 crux
1675 850 1787 906 Do-

133 933 354 990 miniea
367 932 623 990 inimicis
635 933 850 990 Christi
868 934 1034 992 valde
1048 937 1339 994 contraria
1363 943 1586 1007 ;contra
1609 956 1786 1012 quam

116 1025 120 1036 '
131 1023 325 1098 gratia
344 1021 458 1079 'Dei
489 1040 702 1096 pompa
732 1039 934 1080 eorum
968 1026 1276 1097 praevalere
1308 1044 1423 1084 non
1448 1028 1651 1100 poluit.
1673 1029 1783 1086 Sed

131 1129 199 1169 ac
232 1112 281 1168 si
312 1112 620 1185 presentia
650 1109 1440 1188 ejusvereCundiell‘ecti,non
1464 1117 1654 1174 solum
1681 1135 1787 1192 nos

129 1202 408 1258 invadere
440 1195 835 1270 cessaverunt,
865 1220 1067 1260 verum
1101 1204 1275 1260 etiam
1307 1223 1518 1278 pavore
1559 1206 1788 1264 cmlitus

135 1291 405 1364 percussi
437 1309 658 1360 omnes,
693 1291 752 1347 in
783 1291 982 1366 fugam
1015 1292 1259 1350 celerem
1293 1312 1462 1351 suam
1486 1301 1789 1352 verterunt

131 1371 510 1437 Sententiam.
544 1381 651 1448 Qui
671 1378 824 1438 tunc
853 1381 1188 1439 habuerunt
1219 1400 1436 1456 equum
1468 1385 1784 1456 volucrem,

128 1467 414 1544 fugiendo
447 1473 758 1526 evaserunt
789 1465 1058 1527 mortem.
1094 1473 1495 1530 Taediumerat
1521 1474 1788 1546 colligere

129 1561 219 1636 tot
244 1551 435 1626 ’scuta,
465 1561 550 1614 tot
580 1557 846 1628 missilia,
881 1564 965 1616 tot
995 1577 1164 1616 arcus
1194 1566 1249 1617 et
1281 1563 1547 1636 sagittas,
1569 1580 1696 1636 qua:
1729 1564 1785 1619 in

134 1649 367 1721 campis
399 1647 626 1721 fugitivi
649 1641 930 1720 jecerant.
967 1651 1074 1706 Tot
1107 1668 1366 1723 corpora,
1393 1671 1517 1726 qua:
1543 1653 1622 1708 ibi
1635 1655 1790 1726 jace-

128 1738 277 1792 bant
309 1737 659 1805 exanimata,
695 1738 743 1793 si
775 1735 907 1810 quis
937 1737 1107 1796 vellet
1145 1756 1212 1795 ea
1247 1740 1818 1811 dinumerare,deﬁ-'~

127 1830 290 1884 ceret
321 1827 522 1899 utique
541 1825 597 1882 in
625 1828 1079 1900 computatione.
1099 1831 1509 1886 Ferturtamen
1527 1832 1787 1904 quinque

125 1915 321 1972 millia
350 1933 417 1972 ex
438 1915 658 1972 eisdem
675 1915 963 1972 militibus
978 1918 1340 1990 etpeditibus
1355 1920 1433 1975 ibi
1454 1927 1787 1994 peremptos

117 1995 338 2062 fuisse.
373 2004 686 2061 Duxetiam
718 2005 1136 2077 Babylonensis
1167 2008 1518 2084 militiae,qui
1551 2026 1679 2068 eam
1712 2012 1784 2067 ad

123 2087 473 2154 bellandum
505 2093 845 2162 adduxerat,
879 2113 1012 2152 cum
1045 2097 1266 2154 caeteris
1295 2097 1534 2154 interiit.
1570 2099 1651 2156 De
1683 2117 1786 2157 no-

125 2183 272 2240 stris
301 2181 435 2240 vere
467 2181 754 2241 militibus
776 2185 844 2238 80
859 2185 1323 2258 perdidimus,de
1341 2188 1632 2260 peditibus
1650 2206 1783 2244 vero

125 2271 410 2346 amplius.
447 2271 800 2329 Probissime
831 2273 932 2329 illo
965 2275 1057 2330 die
1088 2291 1184 2330 rex
1202 2292 1263 2331 se
1280 2275 1784 2350 habuit.0ptimus
1811 2346 1834 2362 κ

124 2361 487 2432 consolator,
522 2361 748 2434 rigidus
778 2379 1090 2436 percussor
1118 2365 1357 2422 exstitit.
1391 2365 1606 2424 Milites
1636 2385 1782 2442 quo-

122 2467 243 2522 que
275 2449 390 2517 sui,
423 2451 690 2524 quamvis
716 2445 921 2508 essent
971 2453 1162 2526 pauci,
1213 2461 1378 2510 erant
1421 2455 1780 2530 probissimi.

122 2541 435 2597 Certameo
465 2539 612 2596 illud
643 2557 759 2597 non
790 2542 891 2597 diu
916 2541 1026 2598 fuit
1046 2543 1780 2619 anceps.lllienimtempe~

119 2631 274 2689 stive
307 2629 604 2704 fugerunt,
638 2629 699 2686 hi
727 2647 862 2687 vero
893 2638 1160 2705 prompte
1199 2650 1298 2690 eos
1341 2635 1706 2707 fugaverunt.

774 2720 1004 2778 CAPUT
1040 2722 1133 2778 XI.

383 2809 588 2877 Quanti
617 2808 680 2866 de
713 2809 1052 2866 Christianis
1098 2813 1180 2867 ibi
1207 2815 1529 2870 corruerint.

195 2897 244 2955 Ο
274 2897 498 2954 bellum
529 2896 863 2956 insontibus
893 2900 1249 2969 odiosum,et
1277 2901 1783 2977 intuentibusper—

121 2985 474 3056 horridum!
507 2985 754 3056 Bellum,
789 2988 927 3062 quia
959 3007 1074 3045 non
1107 2991 1323 3047 bellum
1351 3009 1515 3058 ;nam
1547 3009 1650 3064 per
1677 3010 1781 3049 an-

121 3076 446 3150 tiphrasim
477 3081 566 3133 est
595 3077 1069 3134 dictum.Bellum
1101 3081 1429 3148 cernebam,
1455 3085 1648 3138 mente
1679 3099 1784 3137 nu-

1899 494 2163 551 lbenium
2200 511 2375 568 quam
2400 497 2572 551 modo
2585 496 3015 564 vocant,obvios
3028 495 3196 551 nobis
3213 495 3548 567 aspeximus

1895 584 2114 640 Arabes
2147 585 2262 640 fere
2293 584 2664 657 quingentos,
2701 585 3548 658 aJopperevertentes.Quidie

1897 658 2032 727 belli
2064 677 2440 729 cucurrerant
2467 672 2624 740 illuc,
2660 678 2714 730 et
2740 673 3548 745 prazdam,quamforinsecus

1895 758 2628 834 invenerant,arripuerant
2656 762 2797 818 Nam
2831 779 2964 817 cum
2997 763 3208 818 caedem
3241 763 3311 819 de
3337 763 3547 834 pediti-

1895 849 2008 904 bus
2031 849 2245 905 nostris
2275 849 2335 902 in
2366 855 2662 920 postrema
2691 856 2854 923 parte
2887 850 3158 906 fecissent
3188 857 3548 923 magnam,et

1895 937 1957 992 in
1990 937 2190 994 dextro
2222 955 2400 993 cornu
2428 955 2607 994 unam
2639 939 2822 995 aciem
2871 939 3102 1012 penitus
3151 940 3545 1012 consumpsis-

1897 1031 2047 1097 sent,
2079 1031 2136 1082 et
2165 1027 2485 1083 anteriores
2516 1028 2670 1083 sicut
2699 1033 3026 1100 postremos
3053 1029 3234 1084 victos
3264 1045 3392 1086 esse
3423 1045 3545 1086 cre-

1897 1115 2122 1186 derent,
2154 1115 2444 1189 asumptis
2477 1116 2802 1172 occisorum
2833 1115 3018 1173 scutis
3048 1121 3104 1172 et
3124 1115 3546 1188 lanceis,atque

1888 1195 2079 1280 "galeis
2109 1205 2338 1275 lucidis,
2373 1208 2444 1262 de
2473 1207 2691 1279 quibus
2723 1225 2784 1264 se
2813 1209 3143 1280 pompatice
3170 1212 3544 1272 ornaverunt,

1896 1301 2275 1368 properantes
2307 1297 2505 1353 statim
2539 1314 2725 1369 usque
2771 1297 3040 1370 Joppem,
3083 1301 3548 1353 monstraverant

1897 1401 2060 1440 arma
2091 1389 2289 1442 nostra
2318 1387 2586 1459 Joppitis,
2621 1388 2880 1444 dicentes
2910 1403 3102 1459 regem
3122 1391 3546 1443 etomnessuos

1897 1471 1957 1528 in
1986 1472 2139 1529 bello
2166 1491 2294 1530 esse
2326 1480 2676 1548 peremptos.
2702 1476 2865 1542 Quod
2885 1492 3016 1530 cum
3036 1476 3339 1532 audissent
3355 1475 3455 1548 qui
3486 1476 3546 1530 in

1895 1563 2081 1636 Joppe
2112 1565 2383 1620 custodes
2414 1569 2832 1632 remanserant,
2863 1565 3002 1636 quia
3031 1565 3150 1620 veri
3181 1569 3304 1620 erat
3333 1563 3543 1634 simile,

1898 1650 2258 1708 admirantes
2274 1653 2439 1708 valde
2465 1653 2718 1710 exterriti
2737 1658 2957 1720 sunt,et
2969 1654 3140 1709 dictis
3153 1670 3354 1709 eorum
3369 1653 3544 1708 fidem

1841 1775 1864 1814 δ
1899 1740 2312 1797 adhibuerunt.
2348 1742 2568 1798 Arabes
2599 1748 2794 1798 autem
2829 1742 2936 1811 illi,
2971 1759 3104 1798 cum
3134 1747 3444 1814 putassent
3473 1741 3544 1796 ab

1897 1829 2184 1885 exterritis
2215 1830 2438 1904 civibus
2471 1832 2675 1886 urbem
2708 1831 2861 1886 illico
2893 1831 3004 1886 sibi
3037 1832 3220 1900 reddi,
3241 1830 3544 1903 cogitatio-

1897 1919 2072 1974 nibus
2104 1919 2227 1975 suis
2250 1919 2772 1988 adnihilatis,nihi1
2794 1920 3541 1992 ibiampliusproﬁcientes,

1892 2007 2236 2064 Ascalonem
2268 2009 2493 2081 regredi
2525 2013 2842 2081 coeperunt.
2878 2009 2985 2074 Qui
3036 2025 3171 2064 cum
3215 2025 3321 2064 nos
3352 2024 3544 2079 regre-

1895 2094 2120 2152 dientes
2151 2096 2223 2152 ad
2254 2096 2501 2168 Joppem
2529 2094 3267 2168 perspexissent,suspicati
3284 2099 3422 2150 sunt
3438 2110 3545 2149 nos

1893 2201 2022 2240 esse
2053 2185 2123 2240 de
2154 2189 2326 2258 gente
2358 2203 2494 2253 sua;
2530 2184 2628 2257 qui
2661 2184 2831 2240 nobis
2862 2185 3138 2240 omnibus
3168 2183 3226 2238 in
3247 2182 3547 2256 przeliooc-

1893 2273 2052 2338 cisis,
2087 2273 2342 2346 reliquos
2372 2273 2734 2330 Christianos
2764 2291 2967 2329 versus
3023 2273 3270 2345 Joppem
3302 2287 3544 2328 conver-

1891 2367 2090 2418 santes
2131 2367 2402 2436 appetere
2458 2361 2688 2418 vellent.
2737 2362 2898 2418 Unde
2943 2361 3108 2418 valde
3159 2360 3542 2426 mirabamur,

1892 2467 2027 2507 cum
2058 2454 2286 2507 tantum
2320 2451 2488 2508 nobis
2521 2451 2966 2524 appropiabant,
3008 2468 3112 2506 nec
3146 2451 3394 2507 Francos
3439 2465 3544 2504 nos

1889 2558 2019 2598 esse
2051 2541 2496 2614 cognoscebant,
2529 2541 2711 2598 donec
2742 2540 2958 2596 milites
2989 2544 3219 2596 nostros
3248 2538 3362 2594 cita
3390 2540 3547 2592 inva-

1889 2631 2053 2688 sione
2080 2631 2316 2704 aggredi
2347 2648 2446 2686 eos
2475 2630 2752 2686 viderent.
2779 2633 2942 2686 Tunc
2958 2629 3230 2686 videretis
3245 2627 3544 2684 celerrime

1894 2738 1993 2777 eos
2026 2719 2141 2775 huc
2175 2718 2430 2792 illucque
2463 2720 2683 2792 fugere,
2707 2726 2772 2774 ut
2802 2737 2906 2775 nec
2938 2718 3087 2775 alius
3119 2718 3545 2789 aliumexspec-

1889 2813 2012 2865 tare
2041 2807 2231 2877 vellet,
2268 2813 2324 2864 et
2353 2808 2452 2881 qui
2484 2825 2703 2881 equum
2733 2813 2872 2864 tunc
2898 2825 3012 2864 non
3043 2806 3248 2864 habuit
3302 2806 3536 2879 agilem,

1889 2904 2064 2973 caput
2095 2916 2228 2955 mox
2256 2898 2447 2973 gladio
2481 2898 2847 2970 subegit.Sed
2877 2897 3540 2971 quiaFrancivaldefue-

1891 2994 2022 3044 rant
2052 2987 2297 3061 fatigati,
2331 2992 2387 3044 et
2415 2987 2475 3042 in
2505 2987 2702 3060 praelio
2732 2988 2931 3060 plures
2960 2986 3268 3054 vulnerati,
3288 3001 3403 3041 non
3434 3001 3537 3056 po-

1891 3081 2132 3133 tuerunt
2162 3093 2260 3133 eos
2290 3077 2475 3150 sequi.
2527 3077 2648 3133 Illic
2677 3076 2728 3132 si
2758 3077 3049 3144 abierunt,
3102 3092 3209 3132 nos
3237 3091 3369 3132 vero
3399 3074 3539 3145 Jop-

121 3168 356 3232 tabam,
390 3165 545 3222 ictus
573 3163 873 3223 timebam.
894 3166 1108 3224 Omnes
1129 3167 1187 3223 in
1204 3169 1421 3225 ferrum
1445 3169 1784 3239 ruebant,ac
1814 3153 1857 3220 Ο
1895 3183 2028 3238 pem
2059 3167 2173 3222 laeti
2205 3167 2598 3239 pervenimus.

123 3256 174 3312 si
215 3257 471 3311 mortem
500 3271 802 3329 nunquam
832 3256 1128 3313 timerent.
1165 3257 1298 3314 Dira
1329 3258 1653 3326 calamitas,
1686 3259 1786 3315 ubi

126 3342 302 3401 nulla
331 3341 607 3400 charitas.
644 3344 860 3418 Fragor
887 3349 1010 3402 erat
1040 3346 1259 3403 nimius
1286 3349 1357 3403 de
1380 3348 1606 3404 mutuis
1637 3353 1792 3404 utro-

129 3434 321 3505 bique
352 3433 959 3506 percussionibusllic
989 3436 1257 3508 percutit,
1292 3435 1389 3492 ille
1418 3437 1652 3496 corruit.
1689 3437 1791 3494 Hic

130 3522 332 3580 nescit
363 3521 845 3592 misericordiam,
879 3540 984 3580 nec
1013 3523 1112 3580 ille
1141 3525 1346 3598 quaerit
1374 3527 1634 3583 eam.Hic
1663 3543 1792 3601 per-

2523 3272 2753 3329 CAPUT
2791 3273 2936 3328 XIII.

1898 3364 1971 3420 De
1997 3365 2341 3436 Joppitarum
2364 3365 2532 3418 missa
2564 3362 2929 3436 legationem!
2963 3361 3295 3418 Tancredsz
3325 3360 3544 3432 princi-

2483 3451 2607 3506 pem
2636 3435 2961 3492 Antiochiae.

1973 3527 2200 3591 Quanta
2229 3523 2448 3596 putatis
2479 3523 2588 3579 fuit
2604 3523 2933 3591 exsultatio,
2953 3522 3339 3596 etgratiarum
3374 3521 3546 3588 actio,

130 3612 228 3668 dit
259 3627 550 3684 pugnum,
583 3609 681 3666 ille
709 3629 840 3668 vero
871 3613 1298 3671 oculum.Mens
1313 3615 1795 3689 refugithumana
1903 3630 2036 3669 cum
2069 3614 2140 3669 de
2172 3613 2319 3668 mari
2351 3630 2583 3668 summo
2613 3629 2720 3669 nos
2741 3614 2946 3669 erectis
2966 3612 3549 3670 vexillisrevertentes

131 3700 244 3757 ubi
277 3698 415 3756 talis
445 3699 702 3756 cernitur
721 3700 976 3759 miseria.
999 3703 1263 3760 Mirabile
1280 3705 1516 3776 quidem
1540 3705 1795 3762 dictulin
1904 3707 2226 3770 cernerent,
2261 3719 2409 3773 quos
2441 3703 2694 3774 inJoppe
2711 3700 3550 3758 remanerefeceramus?Certe

130 3789 339 3863 capite
370 3788 658 3858 vicimus;
690 3789 749 3845 in
783 3791 970 3847 cauda
997 3808 1130 3848 vero
1157 3793 1415 3866 superati
1469 3812 1698 3851 sumus.
1733 3795 1796 3850 In
1903 3809 2020 3847 non
2043 3795 2130 3846 est
2150 3791 2309 3847 dictu
2331 3790 2664 3846 minimum.
2695 3795 3079 3848 Accurrerant
3107 3790 3264 3848 enim
3296 3789 3414 3845 illic
3433 3789 3549 3846 duo

134 3878 337 3935 cauda
367 3877 680 3933 Christiani
715 3884 913 3949 ruunt,
947 3879 1006 3936 in
1030 3881 1216 3952 capite
1239 3887 1436 3939 autem
1451 3884 1799 3940 Sarracenos
1907 3880 2260 3953 nugigeruli,
2294 3879 2440 3935 alter
2470 3884 2601 3952 post
2630 3880 2900 3952 alterum,
2934 3880 3034 3952 qui
3064 3877 3553 3952 Joppitasfefelle-

133 3965 410 4025 vincunt.
449 3967 560 4024 llos
589 3967 922 4042 fugavimus
955 3987 1140 4044 usque
1169 3971 1538 4039 Ascalonem,
1568 3971 1652 4028 illi
1691 3990 1801 4029 au-
1907 3974 2062 4034 rant,
2094 3969 2351 4024 dicentes
2399 3969 2676 4041 quoniam
2727 3987 2824 4025 rex
2855 3973 3122 4024 mortuus
3167 3973 3223 4024 et
3266 3985 3399 4023 cum
3432 3965 3557 4023 suis

135 4061 265 4114 tem
301 4057 622 4130 peremptis
653 4057 867 4114 nostris
883 4061 1438 4132 moxequitaverunt
1467 4061 1802 4135 usqueJop-
1912 4059 2207 4116 omnibus.
2241 4061 2365 4125 Qua
2392 4059 2462 4113 de
2495 4074 2553 4113 re
2585 4057 2737 4113 ultra
2770 4076 2946 4130 quam
2995 4059 3152 4114 credi
3201 4060 3391 4130 potest
3419 4072 3557 4112 con-

136 4162 306 4219 pem.
345 4145 545 4216 Itaque
576 4145 669 4201 die
694 4145 794 4202 illo
813 4147 1807 4222 nullusreiscivitexitum.Cumque
1913 4148 2150 4216 tristati,
2185 4147 2490 4220 epinantes
2521 4147 2630 4202 hoc
2680 4164 2808 4203 esse
2838 4164 3038 4202 verum
3093 4145 3379 4203 miserunt
3409 4146 3561 4200 Tan-

137 4241 271 4292 tam
306 4229 622 4291 occidendo
653 4252 832 4307 quam
866 4237 1122 4311 fugando
1154 4256 1251 4294 rex
1279 4244 1336 4296 et
1356 4239 1447 4295 sui
1469 4257 1707 4311 campos
1738 4240 1810 4295 de
1917 4237 2085 4292 credo
2113 4235 2592 4308 legationem,qui
2606 4240 2745 4290 tunc
2765 4235 3082 4292 Antiochiae
3100 4235 3564 4307 principabatur,

139 4321 236 4380 eis
269 4329 676 4390 evacuassent,
701 4325 941 4396 jussum
972 4330 1061 4382 est
1095 4330 1157 4383 ut
1179 4328 1236 4382 in
1267 4329 1607 4384 eorumdem
1629 4332 1812 4384 tento-
1917 4325 1978 4381 in
2010 4324 2278 4381 chartula
2309 4325 2626 4398 scriptam;
2663 4342 2838 4397 quam
2873 4324 3082 4380 detulit
3111 4328 3290 4379 nauta
3328 4323 3568 4394 quidam

140 4409 288 4479 riis,
317 4407 446 4484 quae
479 4411 706 4484 fugitivi
735 4413 1111 4485 reliqua-erant
1142 4422 1311 4473 nocte
1342 4417 1461 4486 illa,
1488 4416 1810 4490 quiescere-
1921 4415 2180 4472 carinam
2211 4431 2381 4472 suam
2413 4415 2756 4482 ascendens,
2790 4414 2898 4470 hoc
2927 4417 3211 4469 tractante
3243 4412 3394 4485 regis
3434 4429 3570 4468 con-

143 4493 314 4557 mus.
351 4499 594 4556 Jussum
626 4505 737 4570 est,
769 4507 826 4557 et
855 4502 1074 4560 factum
1105 4513 1209 4561 est.
1520 4511 1529 4519 '
1845 4527 1892 4592 Ι)
1915 4505 2078 4576 juge.
2108 4503 2368 4576 Epistola
2397 4503 2631 4576 quidem
2663 4502 2761 4559 illa
2794 4501 2914 4558 haec
2943 4501 3117 4558 verba
3136 4501 3468 4592 continebat
3481 4517 3572 4556 sa-

145 4607 422 4670 Septenas
453 4603 578 4656 Idus
608 4606 937 4673 Septembris
967 4624 1087 4662 cum
1115 4611 1398 4675 legeretur,
1846 4589 1879 4592 ﬁ
1925 4591 2158 4648 lutifera
2191 4609 2204 4648 :
2240 4617 2267 4644 «
2301 4593 2597 4649 Tancrede
2627 4593 2714 4648 vir
2743 4589 3354 4665 precipue,milesque
3395 4603 3572 4662 quam

147 4677 412 4755 gecimus
436 4676 544 4755 hoc
568 4678 771 4755 bellum
801 4680 1024 4755 dignum
1051 4684 1180 4755 satis
1210 4685 1276 4733 ad
1307 4684 1659 4746 recitandum,
1928 4681 2169 4753 optime,
2205 4680 2400 4755 accipe
2431 4681 2582 4737 hanc
2611 4681 2977 4749 schedulam,
3012 4679 3310 4752 quamtibi
3331 4679 3578 4752 quiJop-

145 4751 222 4802 Et
253 4748 361 4799 fuit
386 4747 617 4812 “unum
644 4749 828 4844 ξίίνίηδ
857 4753 1027 4814 ετθίίδ
1056 4754 1290 4804 Ὲτθηθίε·
1929 4747 2062 4842 pem
2097 4747 2446 4839 inhabitant,
2479 4771 2680 4844 regina
2709 4771 2929 4827 scilicet
2957 4747 3014 4826 et
3029 4747 3199 4825 urbis
3222 4747 3390 4841 pauci
3403 4747 3576 4835 cives,

643 4842 654 4852 ’
797 4856 1027 4914 CAPUT
1065 4859 1186 4916 XII.
1931 4859 2412 4933 permelegatum
2426 4842 2699 4916 festiuum
2718 4860 3056 4917 mittunt.Et
3085 4864 3150 4914 ut
3179 4858 3368 4931 magis
3385 4859 3580 4914 forsan

563 4949 642 5002 De
668 4953 808 5003 sorte
839 4949 996 5003 varia
1028 4949 1222 5020 praelii
1247 4951 1428 5021 hujus.
1931 4949 2230 5022 scriptura:
2263 4949 2397 5005 huic
2431 4950 2634 5006 credas
2665 4967 2842 5022 quam
2875 4951 3041 5020 mihi,
3074 4949 3292 5022 perlegi
3311 4949 3397 5004 fac
3429 4963 3580 5015 eam,

240 5031 523 5106 Sequenti
554 5038 752 5090 autem
783 5035 896 5103 die,
928 5053 1062 5092 cum
1092 5037 1152 5092 in
1183 5038 1474 5112 papilione
1506 5038 1660 5112 regis
1690 5039 1824 5096 mis-
1935 5039 2238 5110 quoniam,
2268 5038 2412 5112 proh
2445 5037 2653 5094 dolor?
2684 5055 2782 5094 rex
2798 5036 3587 5110 Hierosolynorum,quicon-

156 5140 300 5181 sam
335 5117 713 5181 audissemus
735 5125 806 5182 de
837 5125 1147 5183 Nativitate
1164 5127 1587 5202 almazvirgiuis
1609 5128 1822 5200 Mariae,
1937 5133 2026 5183 tra
2057 5128 2404 5202 Babylonios
2435 5133 2490 5184 et
2518 5128 2884 5184 Ascalonitas
2915 5143 3173 5200 pugnam
3207 5124 3589 5194 commisit,in

155 5207 330 5267 unde
361 5207 705 5269 solemnitas
736 5217 862 5269 erat
891 5213 949 5268 in
981 5213 1082 5270 illa
1110 5215 1225 5286 die,
1257 5215 1511 5272 oneratis
1541 5217 1828 5287 jume’ntis

159 5297 396 5356 nostris
429 5299 498 5355 de
525 5301 702 5358 rebus
729 5300 988 5358 hostium
1016 5309 1372 5374 nostrorum,
1405 5305 1476 5360 de
1527 5322 1676 5378 pane
1719 5306 1830 5363 sci-

154 5388 330 5458 licet,
355 5389 417 5442 et
457 5405 710 5458 annona,
741 5389 1308 5465 farinaque,necnon
1339 5393 1834 5452 tabernaculiseo—

159 5494 331 5544 rum,
367 5483 726 5551 praeceptum
758 5484 846 5536 est
877 5471 1150 5538 monente
1179 5481 1426 5554 salpista
1469 5483 1713 5556 Joppem
1747 5501 1834 5540 re-

155 5565 362 5644 gredi.
399 5567 508 5634 Qui
541 5584 677 5627 cum
709 5570 1176 5644 regrederemur,
1209 5575 1267 5628 et
1294 5573 1538 5630 Azotum
1571 5573 1838 5650 quintam

497 5696 766 5765 PATROI.
809 5696 982 5764 CLV.

1939 5233 2259 5290 congressu
2290 5217 2524 5273 illorum
2557 5219 2837 5278 devictus.
2870 5217 2958 5273 vel
2989 5215 3233 5271 forsitan
3273 5232 3407 5270 cum
3466 5215 3593 5270 suis

1940 5307 2238 5376 omnibus,
2273 5324 2420 5379 quos
2443 5324 2640 5364 secum
2672 5309 2743 5363 ad
2777 5305 2998 5362 bellum
3024 5305 3309 5376 perduxit,
3367 5302 3596 5358 occisus

1943 5401 2053 5452 est.
2088 5396 2236 5451 Nam
2268 5395 2369 5468 qui
2396 5395 2747 5453 calamitatis
2781 5393 2964 5466 hujus
2979 5392 3381 5450 miseriamvix
3396 5391 3598 5456 evasit,

1944 5485 2192 5560 JOppem
2224 5485 2478 5558 fugiens,
2512 5485 2621 5542 hoc
2652 5482 2827 5542 nobis
2859 5482 3608 5558 deprompsit.Quapr0pter

1950 5577 2026 5636 ad
2056 5578 2112 5634 te
2140 5573 2333 5634 virum
2366 5590 2484 5634 non
2515 5573 2964 5652 imprudentem
2991 5572 3158 5634 venio
3186 5571 3612 5644 legatus,0pem

3222 5696 3304 5770 28
