3998 6088
441 281 561 344 875

949 281 1053 343 AD
1098 281 1607 345 GODEFRIDUM
1654 280 1986 344 APPEND.
2034 279 2113 341 ll.
2143 313 2223 324 —
2256 275 2566 343 MONUM.
2613 280 2717 341 DE
2759 278 3009 342 BELLO
3052 278 3323 343 SACRO.

3722 276 3845 347 8'10

442 413 851 488 quaeritans,ut
875 413 1037 471 omni
1061 412 1364 472 occasione
1394 418 1635 481 remota,
1668 412 1911 469 indilate
1951 428 2083 468 suc-
2113 414 2167 479 Α
2197 411 2485 485 praeterito
2500 429 2632 468 cum
2648 430 2750 486 per
2767 412 3113 469 Romaniam
3128 427 3366 485 peregre
3384 410 3839 486 Hierosolymam

440 518 673 561 currere
701 502 909 559 nitaris
937 502 1095 577 genti
1124 501 1225 558 Dei
1252 502 1420 559 valde
1432 502 1771 571 anxiaa,etut
1783 504 2088 559 reormetaa

439 592 556 649 vite
578 591 707 664 jam
739 591 1035 665 proximae.
1060 612 1089 643 »
1123 591 1242 648 Hoc
1272 590 1436 647 dixit.
1490 591 1591 648 Ille
1634 591 1957 648 obaudiens
1989 608 2089 664 pa-

444 697 685 754 rumper
713 678 892 738 siluit.
929 681 1029 738 sed
1086 697 1220 736 cum
1270 680 1380 737 hoc
1411 697 1610 737 verum
1667 698 1795 739 esse
1838 680 2095 739 crederet

446 769 603 844 quod
632 768 1036 843 audierat,prae
1061 769 1269 843 grandi
1296 770 1539 827 tristitia
1550 770 1944 828 etdoloretam
1970 769 2094 843 ipse

449 875 626 933 quam
657 874 862 915 omnes
891 858 993 915 alii
1024 858 1125 931 qui
1156 859 1421 928 aderant,
1452 858 1759 933 lacrymari
1787 860 1880 933 pie
1909 876 2094 932 coepe-

447 950 607 1004 runt.
638 947 709 1003 Et
736 946 1114 1021 responsione
1143 946 1333 1020 legato
1363 947 1533 1018 facta,
1575 950 1786 1022 jussus
1836 954 1924 1005 est
1972 947 2094 1004 fieri

450 1039 768 1109 apparatus
795 1052 900 1109 per
930 1038 1114 1092 totam
1132 1039 1349 1093 terram
1362 1053 1531 1094 suam
1547 1038 1619 1093 ad
1637 1038 2096 1094 succurrendum

448 1123 1011 1199 Hierosolymitanis.
1026 1125 1097 1180 Et
1126 1142 1259 1181 cum
1283 1126 1410 1198 jam
1437 1128 1624 1199 parati
1646 1127 1923 1183 essentad
1951 1125 2098 1182 illud

449 1213 560 1270 iter
589 1213 903 1287 agendum,
935 1229 1066 1270 ecce
1094 1213 1288 1270 subito
1316 1215 1479 1271 venit
1510 1215 1912 1289 brevigerulus
1930 1215 2097 1286 alter,

450 1300 794 1360 schedulam
816 1302 1081 1360 deferens
1100 1302 1342 1360 alteram
1356 1303 2100 1376 prioridissimilem,quam

451 1392 751 1449 Tancredo
780 1392 1056 1465 porrexit.
1080 1392 1228 1448 Nam
1259 1393 1413 1466 quod
1445 1393 1516 1450 de
1544 1392 1915 1450 incommodo
1955 1392 2103 1450 scri—

452 1483 622 1554 ptum
652 1484 777 1537 erat
799 1480 859 1536 in
889 1481 1090 1554 priori,
1122 1481 1233 1538 hoc
1261 1483 1333 1538 de
1376 1482 1759 1556 prosperitate
1808 1488 2103 1556 repertum

453 1572 543 1627 est
569 1569 630 1625 in
659 1568 988 1643 posteriori.
1023 1571 1263 1627 Lectum
1284 1571 1439 1627 enim
1454 1571 1548 1627 hic
1561 1576 1651 1628 est
1662 1589 1856 1646 regem
1869 1574 1939 1628 de
1951 1572 2103 1629 bello

452 1674 667 1715 sanum
695 1658 944 1732 Joppem
975 1676 1285 1729 remeasse,
1319 1665 1375 1716 et
1402 1662 1752 1718 Sarracenos
1774 1662 1973 1735 procul
1997 1663 2105 1718 du-

451 1748 550 1804 bio
608 1748 918 1821 magniﬁce
947 1765 1275 1823 superasse.
1312 1750 1475 1805 Tunc
1524 1766 1659 1823 ergo
1691 1750 1792 1823 qui
1824 1751 1895 1807 de
1925 1751 2106 1807 detri-

451 1840 650 1893 mento
680 1836 1008 1894 doluerant.
1042 1839 1114 1894 de
1143 1838 1296 1895 bono
1326 1855 1602 1896 successu
1634 1839 1817 1912 gavisi
1868 1844 2024 1897 sunt.
2059 1839 2103 1895 Ο

452 1924 603 1982 mira
630 1925 732 1983 Dei
763 1925 1111 1983 clementia!
1147 1927 1272 1983 Non
1307 1927 1365 1982 in
1397 1927 1773 1984 multitudine
1803 1928 1995 2002 gentis
2019 1929 2102 1984 vi-

452 2014 664 2087 cimus,
696 2015 798 2072 sed
829 2015 1026 2071 divina
1056 2015 1185 2070 freti
1210 2015 1422 2071 virtute
1450 2032 1550 2071 eos
1570 2015 1976 2089 dispersimus.
2000 2022 2106 2074 Ita-

455 2118 570 2174 que
598 2103 670 2159 ab
703 2102 971 2160 hostibus
1000 2103 1086 2159 sic
1130 2104 1334 2176 erepti,
1391 2103 1849 2178 Hierosolymam
1898 2111 2104 2163 euntes

456 2191 574 2247 Deo
604 2192 970 2249 reddidimus
998 2192 1447 2249 laudes.Deinde
1478 2210 1582 2265 per
1608 2196 1642 2249 8
1670 2210 1902 2251 menses
1932 2195 2105 2252 bello-

455 2296 590 2337 rum
622 2281 954 2353 quievimus
981 2281 1486 2352 immunes,donec
1517 2283 2105 2341 annirevolutiotem-

455 2385 569 2443 pus
599 2368 829 2427 reduxit
854 2370 1139 2427 aestivum.

1058 2459 1292 2537 CA_PUT
1352 2460 1496 2517 xw.

452 2548 528 2605 De
554 2538 806 2606 exercitu
834 2549 1165 2622 Babylonico
1186 2558 1373 2607 contra
1405 2549 1741 2608 Christianos
1780 2551 2099 2609 coadunato.

521 2641 689 2696 Anno
719 2641 915 2696 autem
947 2639 1675 2711 sequenti1102mediante
1707 2640 2105 2713 Maiocongre-

452 2727 572 2801 gati
602 2731 744 2785 sunt
772 2727 929 2801 apud
956 2727 1299 2784 Ascalonem
1332 2727 1653 2801 Babylonii,
1688 2745 1837 2801 quos
1868 2748 1967 2786 rex
2005 2747 2100 2786 co-

451 2820 585 2873 rum
613 2816 731 2873 huc
787 2818 1048 2887 miserat,
1081 2821 1148 2873 ut
1176 2834 1283 2874 nos
1319 2816 1683 2874 Christianos
1730 2820 1971 2876 omnino
2000 2821 2101 2877 de-

452 2908 680 2963 struere
712 2905 1052 2963 niterentur.
1086 2906 1267 2963 Erant
1281 2907 1440 2963 enim
1458 2906 1536 2962 ibi
1550 2908 1622 2962 20
1637 2907 2098 2981 millaequitum,

451 2998 508 3051 et
535 2995 603 3050 18
631 2994 813 3052 millia
842 2994 1127 3068 peditum,
1159 2984 1416 3069 exceptis
1436 2994 1881 3070 clitellariis,qui
1914 3014 2101 3054 came-

449 3082 540 3141 los
569 3083 883 3158 asinosque
908 3084 1258 3142 victualibus
1276 3086 1854 3155 onustosininabant,
1870 3092 2101 3160 gestan-

2198 501 2537 573 pergebant,
2572 518 2752 574 equos
2783 518 2921 558 suos
2951 503 3007 557 et
3037 499 3236 557 omnia
3256 517 3383 573 quae
3396 500 3689 557 habebant
3702 499 3842 557 ami-

2200 594 2414 646 serant.
2451 589 2613 646 Unde
2645 589 2865 647 mentio
2894 589 2991 646 hic
3020 607 3135 648 non
3161 589 3475 663 incongrae
3504 588 3844 647 interseren-

2202 679 2279 735 da
2307 681 2416 735 est.

2835 768 3072 826 CAPUT
3106 767 3221 824 XV.

2202 858 2280 914 De
2306 857 2544 914 secunda
2572 861 2800 930 Frcncm
2818 875 2911 914 um
2961 857 3280 913 miserabili
3322 859 3783 930 peregrinatione,
3820 866 3866 914 et

2630 929 2695 986 de
2722 938 2894 987 morte
2949 931 3193 1001 Hugonis
3222 929 3435 1000 magni.

2279 1039 2421 1091 Cum
2455 1036 2811 1092 Francorum
2840 1036 3127 1092 exercitus
3158 1036 3386 1109 ingens,
3407 1041 3472 1092 ut
3503 1035 3727 1092 dictum
3756 1039 3859 1107 est,

2208 1124 2569 1181 Hierusalem
2584 1125 2847 1182 tenderet
2865 1125 3177 1182 aderantin
3190 1123 3682 1182 illamultitudinc
3694 1124 3865 1182 simul

2210 1212 2542 1271 Willelmus
2564 1213 3010 1271 Pictaviensium
3029 1231 3244 1281 comes,
3261 1219 3317 1271 et
3328 1214 3661 1288 Stephanus
3675 1232 3863 1271 comes

2211 1302 2525 1371 Blesensis,
2559 1303 2660 1376 qui
2692 1304 2763 1359 ab
2792 1303 3097 1360 Antiochia
3126 1303 3325 1360 relicto
3364 1304 3623 1360 exercitu
3650 1303 3862 1361 disces-

2212 1397 2409 1461 serat;
2444 1393 2545 1448 sed
2579 1394 2735 1464 quod
2794 1397 2936 1449 tunc
2980 1392 3318 1465 reliquerat,
3353 1410 3509 1449 nunc
3538 1398 3865 1450 restaurare

2213 1481 2535 1554 satagebat.
2569 1481 2715 1537 Cum
2748 1480 2841 1537 his
2867 1481 3031 1554 Hugo
3046 1482 3568 1555 MagnusOerat,qui
3601 1485 3735 1555 post
3763 1485 3868 1538 An-

2212 1570 2491 1626 tiochiam
2523 1574 2755 1643 captam
2785 1569 2847 1625 in
2862 1570 3079 1628 Gallias
3105 1571 3716 1643 repedaverat.Aderat
3732 1588 3865 1627 cum

2214 1658 2309 1715 his
2362 1660 2746 1731 Raymundus
2792 1677 2988 1716 comes
3037 1659 3508 1729 Provincialium,
3560 1661 3661 1733 qui
3711 1661 3866 1733 apud

2216 1747 2782 1820 Constantinopolim
2814 1753 3080 1806 moratus
3109 1754 3254 1818 erat,
3288 1753 3604 1822 postquam
3633 1750 3706 1806 de
3736 1749 3865 1806 Hie-

2212 1837 2465 1893 rusalem
2498 1836 2613 1892 huc
2644 1854 2831 1910 usque
2861 1854 3166 1911 regressus
3180 1839 3608 1894 fuerat.Aderat
3636 1855 3865 1912 quoque

2210 1924 2547 1998 Stephanus
2578 1926 2924 2000 Burgundiae
2956 1943 3150 1983 comes
3173 1927 3641 1999 nobilis,adjecto
3655 1927 3866 2000 populo

2211 2015 2543 2085 innumero,
2575 2015 2646 2070 de
2678 2015 2975 2087 equitibus
3007 2020 3062 2071 et
3094 2015 3388 2089 peditibus
3405 2017 3657 2072 exercitu
3681 2017 3869 2090 bipar-

2214 2104 2340 2160 tito.
2375 2104 2476 2160 His
2497 2103 2555 2159 in
2590 2105 2888 2160 Romanis:
2920 2104 3135 2162 finibus
3164 2105 3390 2162 obstitit
3419 2105 3701 2161 Solimam
3730 2106 3867 2162 Tur-

2213 2192 2437 2262 cus,cui
2465 2193 2556 2249 cui
2590 2193 2825 2264 jamdiu
2872 2193 3077 2250 Franci
3116 2194 3367 2250 Nicaeam
3402 2194 3867 2251 urbemabstule-

2215 2282 2484 2338 rant.Sed
2509 2282 2854 2338 detrementi
2869 2282 2959 2339 sui
2976 2300 3089 2339 non
3114 2283 3587 2349 immemor,cum
3604 2283 3872 2341 multitu-

2213 2371 2683 2428 dine'l‘urcorum
2715 2387 2931 2444 magna
2959 2372 3277 2428 exercitum
3312 2372 3869 2429 Francoruminfeli-

2212 2460 2355 2516 citer
2385 2460 2744 2533 dispersit,et
2770 2461 3117 2529 confudit,et
3138 2466 3325 2517 totum
3344 2463 3460 2519 fere
3473 2463 3544 2518 ad
3564 2463 3865 2519 interitum

2210 2550 2575 2606 advexit.Sed
2607 2549 2744 2623 quia
2772 2549 3020 2606 Domlno
3051 2550 3389 2624 providente
3401 2551 3741 2607 catervatim
3766 2569 3868 2625 per

2210 2639 2407 2711 plures
2438 2639 2787 2695 incedebant
2816 2639 2959 2709 vias,
2992 2656 3098 2695 nec
3127 2644 3545 2696 contraomnes
3562 2639 3864 2709 dimicare,

2210 2744 2316 2783 nec
2347 2744 2550 2784 omnes
2580 2728 2843 2785 occidere
2874 2728 3203 2801 potuit.Sed
3256 2729 3395 2801 quia
3423 2746 3522 2785 eos
3570 2729 3865 2802 fatigatos,

2210 2821 2268 2873 et
2297 2818 2449 2873 fame
2478 2821 2534 2873 et
2565 2816 2659 2872 siti
2692 2817 2914 2886 anxios,
2948 2823 3126 2890 atque
3174 2835 3383 2893 pugna:
3433 2817 3752 2891 sagittarize
3784 2819 3869 2875 in-

2209 2907 2410 2962 doctos
2440 2923 2569 2962 esse
2600 2906 3019 2979 didicit,magis
3050 2923 3229 2979 quam
3259 2912 3493 2965 centum
3510 2907 3871 2981 milliaequi-

2208 3000 2335 3052 tum
2366 3000 2539 3068 atque
2573 2996 2835 3068 peditum
2867 2995 3060 3069 gladio
3093 2996 3357 3069 peremit.
3392 2997 3472 3053 De
3513 2996 3869 3055 mulieribus

2209 3102 2419 3158 nempe
2449 3084 2596 3141 alios
2628 3084 2856 3156 occidit,
2890 3084 3038 3142 alios
3069 3102 3264 3142 secum
3280 3086 3869 3144 adduxit.l\lultivero

450 3177 542 3230 tes
570 3172 633 3230 in
662 3172 938 3230 manibus
968 3175 1040 3231 ad
1071 3175 1454 3248 pugnandum
1486 3173 1707 3231 clavam
1751 3180 1808 3231 et
1856 3176 2105 3234 missilia
2134 3161 2177 3228 C
2216 3192 2319 3248 per
2348 3173 2510 3231 devia
2538 3173 2825 3247 fugientes
2856 3177 2912 3230 et
2935 3173 3761 3249 montana,etsitiaugustiaet
3775 3193 3871 3232 ex-

452 3278 581 3319 sua.
617 3261 682 3318 lli
713 3261 952 3336 quidem
985 3263 1078 3319 die
1110 3263 1365 3336 quodam
1416 3263 1619 3320 urbem
1661 3263 1969 3320 Ramulam
2001 3265 2103 3321 ad-

452 3351 669 3420 ierunt,
702 3355 760 3408 et
787 3356 924 3408 ante
954 3368 1080 3407 eam
1114 3352 1494 3408 tabernacula
1543 3370 1651 3408 sua
1698 3354 2100 3410 extenderunt.

453 3438 629 3495 Porro
662 3438 722 3495 in
752 3456 872 3496 una
901 3438 1155 3497 civitatis
1184 3456 1314 3497 arce
1345 3439 1574 3496 munita
1592 3445 1759 3496 erant
1774 3442 1842 3496 15
1861 3441 2100 3510 milites,

452 3542 602 3600 quos
629 3543 730 3584 rex
758 3527 838 3584 ibi
868 3528 1141 3584 custodes
1188 3532 1504 3601 posuerat;
1554 3534 1687 3585 ante
1735 3545 1913 3601 quam
1972 3531 2100 3604 Syri

452 3614 695 3689 quidam
725 3615 988 3673 ruricolas
1018 3617 1403 3673 versabantur
1431 3617 1599 3689 quasi
1630 3618 2101 3677 suburbani.Hos

451 3704 691 3778 quidem
719 3703 1083 3762 Christianos
1114 3704 1418 3761 Sarraceni
1451 3721 1706 3779 persaepe
1736 3713 2014 3766 nocentes
2044 3713 2101 3766 et

450 3794 829 3850 deturbantes
880 3794 1180 3850 destruere
1229 3794 1674 3863 conabantur,et
1710 3812 1903 3852 arcem
1935 3798 2097 3854 illam

449 3882 698 3953 diruere,
731 3882 871 3956 quia
898 3886 1135 3956 propter
1163 3882 1672 3940 eosinhabitantes
1703 3901 1818 3941 non
1831 3890 2099 3958 poterant

448 3987 554 4045 per
580 3971 758 4045 plana
784 3970 887 4028 illa
912 3971 1095 4028 libere
1142 3971 1487 4041 discurrere.
1544 3973 1789 4046 Insuper
1829 3975 2095 4047 ejusdem

447 4060 612 4118 urbis
641 4061 1004 4135 episcopum,
1036 4061 1138 4134 qui
1164 4062 1224 4117 in
1255 4060 1501 4118 ecclesia
1521 4061 1955 4137 SanctiGeorgii
1978 4081 2096 4121 ma-

447 4151 624 4209 nebat
650 4167 784 4207 cum
815 4150 1083 4208 clientela
1110 4168 1240 4217 sua,
1270 4150 1760 4223 comprehendere
1780 4151 2095 4209 molieban-

444 4244 562 4298 tur.
597 4241 762 4310 Quod
793 4241 1217 4298 monasterium
1247 4257 1381 4296 cum
1412 4240 1506 4296 die
1549 4241 1801 4313 quodam
1850 4242 2093 4299 incursu

445 4329 728 4388 malevolo
757 4331 1122 4400 circuissent,
1154 4330 1524 4387 considerata
1551 4328 1659 4385 loci
1684 4330 2093 4399 ﬁrmitate,Ra-

444 4420 649 4478 matha
677 4420 1036 4478 redierunnt.
1069 4420 1390 4492 Episcopus
1411 4423 1609 4475 autem
1631 4419 1873 4476 illecum
1897 4421 2090 4478 fumos

2214 3263 2410 3321 stincti
2443 3268 2602 3319 sunt.
2634 3264 2893 3329 Quorum
2925 3279 3107 3335 equos
3138 3267 3194 3319 et
3225 3262 3871 3338 mulosjumentoquo-

2212 3369 2327 3424 que
2358 3357 2414 3409 et
2435 3357 2777 3408 ornamenta
2794 3351 3178 3408 multiformia
3189 3351 3361 3408 Turci
3379 3352 3870 3411 habueruntJllic

2210 3440 2463 3515 perdidit
2495 3457 2689 3497 comes
2720 3440 3094 3497 Pictaviensis
3116 3458 3479 3514 quaecunque
3504 3441 3869 3511 habebat,fa-

2209 3529 2434 3587 miliam
2466 3534 2640 3603 atque
2672 3529 2981 3602 pecuniam
3014 3547 3204 3587 suam.
3238 3529 3345 3586 Vix
3391 3530 3571 3589 etiam
3610 3536 3867 3588 mortem

2208 3619 2477 3688 evadens,
2510 3618 2687 3691 pedes
2716 3622 2970 3686 tantum,
3003 3622 3061 3674 et
3089 3636 3205 3692 pra:
3237 3618 3474 3676 miseria
3504 3618 3782 3693 lugubris
3812 3623 3868 3676 et

2208 3707 2510 3764 confusus.
2542 3706 2915 3763 Antiochiam
2937 3706 3695 3780 pervenit.Cujusanxietati
3715 3709 3867 3764 Tan-

2207 3796 2436 3865 credus,
2467 3795 2850 3869 compatiens,
2884 3813 3018 3852 eum
3049 3797 3141 3869 pie
3172 3797 3453 3870 suscepit,
3498 3802 3553 3852 et
3585 3796 3657 3853 de
3689 3798 3862 3854 bonis

2206 3885 2331 3942 suis
2360 3883 2699 3942 sublevavit.
2732 3887 2914 3951 Quem
2945 3886 3206 3941 Dominus
3255 3886 3336 3941 ita
3380 3888 3660 3956 castigans
3689 3888 3857 3943 casti-

2203 3976 2373 4045 gavit,
2409 3973 2510 4031 sed
2541 3976 2707 4030 morti
2740 3991 2849 4029 non
2883 3974 3111 4030 tradidit
3155 3975 3327 4043 (Psal.
3378 3991 3549 4042 cxvu,
3592 3976 3703 4043 18).
3738 3975 3861 4032 Hoc

2204 4063 2438 4137 quippe.
2474 4068 2540 4118 ut
2569 4062 2739 4118 nobis
2768 4062 3095 4131 videbatur,
3128 4067 3249 4118 tam
3294 4062 3378 4117 illi
3410 4079 3588 4135 quam
3636 4063 3867 4119 cazteris

2202 4159 2439 4226 propter
2467 4158 2703 4224 peccata
2732 4167 2936 4206 eorum
2966 4156 3018 4207 et
3053 4152 3388 4224 superbiam
3450 4151 3717 4224 contigit.
3754 4152 3865 4218 Qui

2201 4245 2397 4298 autem
2415 4240 3111 4309 evaserunt,Hierusalem
3132 4240 3329 4297 venire
3341 4257 3457 4295 non
3471 4239 3860 4309 distulerunt,

2200 4333 2437 4403 excepto
2467 4333 2710 4403 Hugone
2742 4329 2975 4401 Magno,
3035 4345 3210 4402 quem
3243 4329 3300 4383 in
3362 4328 3589 4384 Tharso
3641 4328 3861 4386 Ciliciae

2199 4419 2540 4475 defunctum
2571 4417 3061 4490 sepelierunt.Qui
3082 4434 3216 4473 cum
3246 4416 3622 4473 Antiochiam
3656 4434 3862 4491 perve-

442 4508 1214 4584 ﬂammasqueinspexisset,
1229 4508 1467 4582 ignibus
1481 4524 1680 4564 eorum
1695 4509 2087 4582 accensisjam
2117 4534 2165 4600 Β
2199 4509 2446 4577 nissent,
2478 4506 2575 4563 alii
2606 4523 2708 4578 per
2738 4523 2918 4575 mare,
2953 4506 3053 4563 alii
3080 4523 3214 4563 vero
3238 4524 3341 4580 per
3367 4511 3586 4563 terram
3646 4508 3859 4564 Hieru-

440 4598 503 4654 in
532 4598 765 4669 culmis,
796 4598 996 4655 timuit
1023 4615 1096 4655 ne
1126 4600 1198 4655 ab
1230 4598 1314 4655 eis
1344 4598 1566 4654 adeum
1579 4599 1979 4655 remeantibus
1992 4599 2088 4655 ob-

439 4687 747 4746 sideretur.
781 4688 852 4745 Et
879 4704 1209 4762 praecavens
1238 4687 1298 4743 in
1330 4686 1922 4756 futurum,mandavit
1950 4704 2089 4744 eon-

437 4774 634 4833 festim
663 4775 785 4851 regi
815 4775 917 4850 qui
946 4775 1008 4832 in
1045 4775 1231 4849 Joppe
1259 4774 1466 4841 inerat,
1517 4778 1581 4831 ut
1635 4775 1687 4831 ei
1745 4774 2090 4832 festinanter

436 4869 793 4934 succureret,
824 4865 1104 4938 quoniam
1128 4863 1428 4939 Babylonii
1459 4868 1593 4921 ante
1625 4863 1935 4921 Ramulam
1979 4864 2087 4922 ho-

436 4954 637 5026 spitati
666 4957 852 5021 erant,
884 4955 955 5010 de
986 4953 1204 5026 quibus
1232 4953 1708 5025 cohorsunajam
1722 4953 1876 5010 circa
1888 4971 2086 5011 mona-

435 5043 682 5100 sterium
712 5060 887 5100 suum
918 5043 1208 5099 irruentes
1239 5043 1807 5111 cucurrerant.Quod
1836 5060 1971 5100 cum
1985 5060 2083 5100 au-

435 5132 620 5189 disset
649 5149 769 5203 rex,
799 5131 1053 5204 sumptis
1083 5132 1264 5188 armis
1295 5131 1419 5189 suis
1435 5149 1652 5206 equum
1666 5133 1929 5190 ascendit
1944 5148 2081 5190 con-

433 5220 607 5292 citus,
640 5237 815 5293 quem
847 5219 1060 5277 militia
1089 5221 1240 5291 ejus,
1271 5221 1397 5294 ipso
1419 5222 1751 5294 jubente,et
1778 5238 1960 5279 cornu
1991 5239 2080 5279 re-

430 5309 528 5384 gio
557 5313 850 5378 monente,
883 5308 1168 5367 citissime
1198 5314 1399 5366 secuta
1427 5315 1536 5367 est.
1557 5312 1813 5368 Aderant
1847 5316 1989 5368 tunc
2019 5311 2080 5368 in

427 5400 616 5472 Joppe
636 5396 856 5457 milites
866 5397 1286 5473 quamplurimi
1297 5398 1665 5472 ,quiventum
1677 5400 2080 5472 praestolantes

426 5490 849 5563 opportunum,
878 5488 941 5546 in
972 5487 1279 5547 Franciam
1307 5487 1549 5546 redituri
1577 5489 1954 5547 transfretare
1975 5505 2078 5562 op-

423 5577 648 5641 tabent.
680 5577 751 5638 Hi
764 5578 1037 5660 equidem
1051 5576 1221 5658 equis
1234 5578 1528 5651 carebant,
1547 5579 1827 5656 quoniam
1841 5579 1901 5637 in
1923 5595 2076 5639 anno

2195 4596 2377 4655 salem
2405 4599 2799 4669 perrexerunt.
2832 4595 2941 4660 Qui
2973 4612 3190 4668 equum
3235 4595 3451 4652 habere
3507 4600 3858 4668 potuerunt,

2197 4685 2478 4743 libentius
2509 4700 2612 4757 per
2640 4689 2856 4741 terram
2887 4683 3136 4740 iverunt.

2808 4771 3040 4829 CAPUT
3076 4772 3223 4829 XVI.

2603 4866 2687 4918 De
2714 4863 2962 4934 captione
2996 4863 3227 4920 Tortosa!
3255 4863 3433 4919 urbis.

2263 4954 2526 5026 Cumque
2557 4968 2743 5024 usque
2773 4952 3079 5007 Tortosam
3108 4951 3611 5023 venissent,quam
3645 4950 3855 5007 Sarra-

2190 5043 2316 5100 ceni
2363 5047 2504 5097 tunc
2554 5040 2953 5114 possidebant,
3006 5056 3122 5095 non
3153 5040 3553 5107 tardaverunt,
3604 5040 3708 5096 sed
3751 5057 3855 5113 per

2191 5148 2352 5187 mare
2382 5134 2438 5186 et
2467 5147 2570 5202 per
2596 5133 2815 5184 terram
2845 5127 3202 5184 assilierunt.
3237 5127 3385 5194 Quid
3416 5127 3733 5183 morabor?
3754 5145 3853 5182 ur-

2189 5221 2322 5277 bem
2354 5221 2653 5291 ceperunt,
2714 5217 3066 5273 Sarracenos
3114 5216 3473 5284 ceciderunt,
3529 5215 3851 5288 pecuniam
3950 5215 3951 5293 l

2189 5326 2391 5366 eorum
2424 5307 2776 5374 habuerunt,
2810 5311 2867 5363 et
2896 5310 3099 5379 postea
3130 5306 3239 5362 iter
3268 5323 3443 5362 suum
3467 5322 3712 5378 carpere
3734 5321 3851 5361 non
3950 5310 3951 5377 l

2189 5398 2508 5468 desierunt,
2556 5398 2667 5454 Sed
2699 5395 3015 5453 molestum
3079 5395 3355 5453 omnibus
3386 5395 3667 5466 fuit,cum
3702 5395 3853 5467 Rey-

2188 5488 2479 5544 mundum
2521 5487 2793 5543 comitem
2841 5485 2922 5542 ibi
2975 5501 3276 5542 remanere
3321 5484 3618 5540 viderunt.
3663 5487 3849 5550 Quem

2188 5594 2392 5637 omnes
2423 5575 2788 5637 Hierusalem
2836 5592 3036 5637 secum
3082 5574 3305 5636 iturum
3356 5573 3700 5649 sperabant.
3733 5572 3849 5632 Sed
