3998 6088
117 250 240 355 s77

862 290 1282 355 FULCHERII
1325 290 1663 353 CARNOT.
1709 288 1916 353 HIST.
1961 288 2376 353 HIEROSOL.
2409 324 2489 336 —
2515 289 2665 353 LIB.
2710 291 2787 353 II.

3418 293 3539 356 878

118 419 260 481 Quia
290 421 501 495 noluit,
533 422 614 479 ibi
646 422 948 489 remansit,
974 424 1179 480 urbem
1199 423 1472 493 obtinuit,
1494 423 1649 479 unde
1665 420 1787 481 bla.
1814 428 1870 497 Α
1900 422 1961 479 in
1992 439 2091 479 eos
2119 423 2471 496 probissima
2500 424 2609 480 ulti
2638 428 2796 481 sunt.
2832 425 2977 480 Nam
3011 424 3208 497 plures
3239 441 3308 480 ex
3337 425 3421 481 eis
3443 442 3542 482 oc-

114 512 445 587 sphemiam
462 512 514 568 ei
534 512 879 569 inferebant.
905 511 1068 569 Ultra
1086 512 1295 569 deinde
1310 511 1766 586 progredientes,

112 602 480 659 transierunt
510 601 745 671 Archas,
773 605 831 658 et
860 601 1065 657 urbem
1097 601 1404 676 Tripolim,
1448 600 1769 657 Gibellum-

115 708 249 765 que.
282 691 425 748 Inde
470 694 757 748 venerunt
804 691 876 747 ad
905 695 1165 747 meatum
1215 690 1380 747 collis
1428 694 1767 764 angustum,

113 797 297 855 prope
328 779 535 836 urbem
567 779 888 837 Berithum.
922 779 1046 836 Illic
1077 797 1176 836 eos
1200 797 1298 836 rex
1317 778 1637 836 Balduinus
1670 797 1773 853 per

109 871 184 925 28
242 868 368 926 dies
421 872 875 942 exspectaverat,
935 868 1274 926 custodiens
1332 869 1568 926 interim
1614 868 1769 924 viam

110 957 303 1025 illam,
336 975 409 1015 ne
439 958 588 1015 forte
618 958 923 1015 Sarraceni
954 962 1328 1031 occuparent,
1362 961 1419 1014 et
1447 956 1772 1032 peregrinis

110 1047 435 1105 transitum
464 1050 744 1104 vetarent.
778 1046 908 1119 Ipse
936 1046 1093 1104 enim
1124 1064 1225 1103 rex
1251 1046 1602 1120 legationem
1636 1046 1771 1102 inde

104 1135 501 1210 precatoriam
513 1135 800 1192 habuerat
816 1135 887 1192 ab
907 1135 1160 1192 exercitu
1178 1135 1278 1192 illo
1292 1134 1580 1192 veniente.
1600 1134 1773 1192 Cum-

107 1242 225 1300 que
258 1241 454 1299 regem
491 1224 603 1282 sibi
658 1225 895 1282 obvium
924 1224 1045 1282 illic
1065 1224 1444 1293 invenissent,
1468 1228 1773 1299 congratu-

104 1313 211 1371 lati
245 1318 389 1371 sunt
416 1312 604 1384 valde,
637 1319 696 1371 et
723 1314 941 1372 osculis
972 1314 1044 1371 ad
1067 1313 1312 1371 invicem
1331 1313 1505 1385 datis,
1524 1314 1771 1387 Joppem

106 1402 359 1477 profecti
388 1408 547 1473 sunt,
575 1402 677 1459 ubi
715 1403 844 1475 jam
893 1401 1300 1477 applicuerunt
1345 1402 1447 1476 qui
1478 1419 1581 1476 per
1610 1418 1773 1459 mare

105 1492 359 1550 iverant.

724 1581 955 1638 CAPUT
993 1580 1163 1638 XVII.

104 1673 182 1729 De
210 1672 530 1755 {miserabili
552 1671 749 1755 proditi
781 1671 1407 1755 Christiqnorumhtque
1444 1673 1768 1755 ‘Turcorvm.

202 1746 266 1800 in
294 1759 402 1816 quo
434 1743 747 1799 Christiani
773 1744 957 1814 occisi,
990 1744 1151 1798 Turci
1178 1744 1403 1799 victores
1431 1749 1679 1815 fuerunt.

178 1807 370 1923 Prope
399 1854 524 1907 erat
550 1848 790 1919 Pascha,
822 1852 880 1906 et
908 1848 1269 1906 Hierusalem
1301 1853 1440 1905 tunc
1480 1849 1769 1917 adierunt,
1801 1807 1849 1872 B

105 1939 255 2012 quia
284 1938 396 1995 hoc
422 1938 854 1996 desiderabant.
875 1938 980 2003 Qui
1010 1942 1322 2012 postquam
1341 1937 1771 1995 solemnitatem

104 2029 213 2096 ibi,
250 2032 319 2084 ut
347 2044 477 2084 mos
506 2032 614 2085 est.
645 2026 1025 2102 peregissent,
1058 2027 1305 2100 Joppem
1336 2027 1584 2102 regressi
1611 2030 1769 2084 sunt.

103 2119 279 2175 Tunc
317 2116 602 2191 quoniam
649 2116 821 2189 inops
867 2121 992 2174 erat
1038 2133 1235 2174 comes
1283 2115 1685 2186 Pictavlensis,
1716 2120 1775 2173 et

105 2206 420 2264 desolatus
452 2206 792 2263 omnimoda
838 2210 1113 2280 egestate,
1162 2206 1355 2262 navim
1403 2223 1537 2263 cum
1568 2205 1773 2279 paucis

113 2296 450 2353 ascendens
481 2294 785 2352 Franciam
817 2295 1171 2367 repatriavit.
1227 2296 1391 2351 Tunc
1442 2294 1773 2367 Stephanus

109 2385 420 2442 Blesensis
450 2400 584 2441 cum
605 2382 737 2441 aliis
754 2382 1024 2457 pluribus
1038 2383 1419 2441 transfretare
1434 2381 1644 2452 voluit;
1671 2383 1773 2440 sed

108 2475 172 2531 in
204 2472 419 2548 pelago
447 2476 619 2531 vento
650 2472 702 2528 ei
749 2472 1037 2543 obstante,
1088 2472 1235 2528 nihil
1266 2472 1425 2529 aliud
1470 2489 1647 2546 quam
1680 2490 1774 2530 re-

104 2562 263 2621 verti
296 2561 506 2637 potuit.
541 2560 649 2629 Qui
679 2566 819 2618 tunc
847 2561 906 2617 in
936 2561 1122 2635 JOppe
1143 2562 1271 2634 jam
1302 2562 1374 2618 de
1391 2562 1777 2635 mariregres-

109 2670 221 2710 sus
254 2656 403 2721 erat,
429 2668 566 2708 cum
596 2668 696 2708 rex
726 2650 786 2707 in
830 2667 1049 2724 equum
1092 2668 1290 2721 suum,
1323 2655 1390 2707 ut
1432 2651 1653 2707 dictum
1685 2656 1774 2708 est

108 2741 416 2815 superius,
449 2741 731 2809 ascendit,
764 2745 963 2797 eontre
1004 2740 1205 2797 hostes
1249 2741 1461 2809 iturus,
1495 2741 1595 2813 qui
1640 2744 1773 2798 ante

108 2830 435 2888 Ramulam
466 2830 766 2887 sedebant.
796 2830 1002 2886 Adhuc
1032 2829 1177 2885 inibi
1208 2834 1331 2886 erat
1351 2829 1669 2887 Gaufridus
1685 2847 1774 2886 co-

106 2937 247 2977 mes
277 2919 521 2993 quidam
561 2917 1059 2987 Vendoniensum,
1105 2923 1162 2974 et
1204 2918 1536 2992 Stephanus
1576 2936 1773 2976 comes

106 3009 493 3083 Burgundiaa,
529 3012 585 3065 et
613 3008 778 3081 Hugo
811 3007 1224 3065 Liziniacensis
1244 3009 1421 3065 frater
1441 3008 1771 3082 Raymundi

1882 511 2173 579 ciderunt,
2210 516 2269 569 et
2319 514 2391 569 de
2440 513 2666 586 campis
2712 514 2928 586 ejectos
2973 513 3369 571 tabernaculis
3418 514 3543 572 suis

1882 600 2280 674 privaverunt.
2313 602 2578 675 Denique
2611 602 2729 659 Deo
2760 602 3152 676 permittente,
3186 620 3220 658 a
3249 602 3542 676 superatis

1880 690 2140 762 superati
2170 696 2330 747 sunt.
2368 690 2559 748 Evasit
2588 696 2784 747 autem
2814 709 2913 747 rex
2942 690 3130 764 gratia
3157 691 3279 759 Dei,
3301 695 3358 747 et
3380 691 3542 747 nobi-

1879 776 2054 835 liores
2077 778 2299 834 militiae
2322 797 2441 836 sua:
2469 779 2785 852 aliquanti;
2812 779 2911 853 qui
2926 797 3101 836 cursu
3121 779 3305 835 citoin
3327 781 3534 837 urbem

1880 866 2192 924 Ramulam
2227 886 2289 926 se
2317 868 2706 926 intruserunt.
2736 870 2863 926 Non
2894 869 3048 926 enim
3076 867 3309 942 longius
3338 869 3536 943 fugere

1878 960 2218 1029 potuerunt.

2471 1047 2700 1104 CAPUT
2738 1047 2938 1104 XVIII.

2336 1139 2411 1193 De
2437 1139 2577 1210 fuga
2618 1139 2759 1209 regis
2790 1137 3026 1193 Balduin
3036 1139 3074 1193 i.

1952 1225 2073 1282 Rex
2095 1228 2291 1282 autem
2310 1243 2444 1282 cum
2472 1225 2653 1282 nollet
2673 1242 2735 1282 se
2756 1225 2835 1281 ibi
2859 1224 3105 1294 includi,
3130 1224 3379 1283 malleus
3390 1226 3531 1283 alibi

1881 1315 2031 1372 mori
2061 1332 2241 1388 quam
2274 1314 2356 1372 ibi
2386 1314 2612 1372 utiliter
2638 1314 2930 1389 intercipi,
2983 1319 3216 1388 accepto
3262 1315 3531 1389 protinus

1880 1404 2146 1475 consilio,
2180 1404 2558 1461 committens
2571 1421 2633 1461 se
2655 1406 2776 1461 tam
2800 1403 2973 1460 morti
3003 1421 3180 1475 quam
3201 1404 3351 1473 vitaz,
3374 1405 3532 1462 foras

1879 1493 2035 1551 exire
2064 1498 2309 1551 conatus
2361 1497 2468 1550 est.
2517 1495 2587 1550 Et
2635 1493 2917 1550 adhibitis
2964 1493 3078 1550 sibi
3124 1494 3531 1551 tantummodo

1882 1583 2142 1656 quinque
2173 1581 2430 1657 collegis,
2465 1599 2613 1655 quos
2630 1586 2826 1638 tamen
2859 1600 2975 1638 non
3000 1583 3100 1637 diu
3130 1582 3358 1651 habuit,
3389 1599 3532 1656 quo-

1883 1672 2041 1729 niam
2072 1673 2145 1729 ab
2196 1672 2545 1729 adversariis
2576 1672 2785 1729 retenti
2835 1676 2997 1738 sunt,
3048 1689 3225 1729 cursu
3258 1671 3530 1746 praepetis

1880 1761 2014 1835 equi
2044 1766 2323 1819 montana
2353 1761 2583 1834 fugiens
2631 1760 2814 1834 petiit.
2850 1761 3050 1833 Itaque
3078 1761 3362 1818 Dominus
3390 1777 3527 1819 eum

1883 1852 1955 1908 de
1985 1851 2259 1908 manibus
2289 1850 2661 1906 inimicorum
2692 1866 2934 1907 suorum
2964 1850 3269 1907 fortiorum
3291 1850 3524 1924 eripuit.

1883 1939 1989 2007 Qui
2019 1940 2268 1997 libenter
2291 1944 2430 1996 tunc
2456 1937 2671 1995 Arsuth
2702 1939 3186 2011 proﬁcisceretur,
3218 1940 3267 1995 si
3307 1944 3524 2013 posset,

1885 2029 1986 2087 sed
2015 2028 2286 2086 hostibus
2319 2028 2369 2085 ei
2401 2028 2845 2095 obsistentibus,
2869 2026 3008 2084 illuc
3038 2028 3122 2084 ire
3153 2028 3433 2101 nequivit.
3454 2028 3527 2085 Hi

1881 2118 2082 2188 etiam,
2113 2118 2215 2191 qui
2234 2118 2295 2174 in
2310 2118 2454 2175 urbe
2475 2116 2813 2174 Ramulensi
2836 2116 3259 2188 remanserant,
3272 2122 3529 2191 postmo-

1882 2209 2025 2264 dum
2056 2211 2219 2264 extra
2247 2207 2468 2264 ostium
2497 2206 2653 2263 exire
2699 2224 2816 2262 non
2866 2210 3202 2279 potuerunt.
3228 2207 3314 2263 Ab
3344 2206 3530 2280 impia

1881 2296 2037 2354 enim
2067 2300 2241 2371 gente
2272 2296 2533 2369 undique
2566 2295 2812 2363 obsessi,
2844 2295 3117 2369 denique,
3156 2296 3302 2369 proh
3332 2295 3523 2353 dolorl

1882 2386 1953 2443 ab
1985 2386 2205 2443 eisdem
2235 2389 2374 2442 sunt
2403 2384 3106 2458 comprehensi.Quorum
3132 2386 3419 2458 quosdam
3440 2403 3531 2443 oc-

1881 2466 2171 2544 ciderunt,
2209 2474 2495 2548 quosdam
2543 2490 2677 2529 vero
2708 2490 2907 2530 secum
2940 2475 3100 2530 vivos
3139 2475 3526 2531 abduxerunt.

1880 2563 2202 2637 Episcopus
2233 2565 2426 2621 autem
2458 2579 2593 2619 cum
2623 2561 2683 2618 in
2714 2561 2959 2619 ecclesia
2978 2562 3037 2619 S.
3064 2562 3293 2637 Georgii
3323 2562 3532 2620 hocin-

1882 2653 2204 2711 fortunium
2222 2652 2479 2727 contingi
2493 2651 2772 2719 audisset,
2788 2652 3034 2725 Joppem
3048 2652 3257 2709 furtive
3273 2653 3521 2727 aufugit.

1879 2743 2036 2799 Heu!
2072 2758 2250 2814 quam
2273 2740 2498 2797 nobiles
2524 2746 2580 2797 et
2610 2740 2823 2813 probos
2853 2739 3069 2797 milites
3093 2759 3161 2798 ea
3180 2746 3526 2815 tempestate

1880 2831 2209 2900 amisimus,
2242 2835 2364 2886 tam
2394 2829 2452 2884 in
2485 2828 2636 2886 bello
2669 2828 2834 2901 prius
2874 2846 3051 2902 quam
3106 2830 3166 2886 in
3209 2835 3370 2887 turre
3392 2833 3522 2904 jam

1879 2920 2035 2976 dicta
2066 2918 2382 2992 posterius!
2417 2918 2657 2975 Occisus
2705 2922 2793 2974 est
2821 2918 2978 2974 enim
3026 2919 3360 2992 Stephanus
3395 2921 3521 2977 Ble-

1880 3009 2071 3067 sensis
2099 3007 2409 3077 comes,vir
2432 3008 2690 3080 prudens
2711 3012 2766 3063 et
2788 3007 3000 3063 nobilis
3023 3025 3035 3077 ;
3070 3008 3522 3083 Stephanusque

98 3099 371 3155 comitis.
404 3098 475 3154 Hi
506 3114 641 3154 cum
691 3114 873 3170 equos
904 3098 977 3154 ab
1010 3098 1216 3154 amicis
1261 3098 1387 3154 suis
1408 3102 1465 3155 et
1508 3099 1771 3171 cognatis
1880 3099 2026 3155 alter
2054 3097 2403 3172 Burgundiae
2454 3113 2669 3153 comes.
2703 3097 3082 3152 Extorserunt
3119 3114 3181 3154 se
3228 3099 3364 3156 inde
3401 3104 3523 3158 tres

96 3191 444 3261 querentes
475 3186 729 3243 mutuati
761 3190 975 3257 essent,
1009 3203 1144 3242 mox
1172 3187 1230 3242 in
1262 3203 1361 3243 eos
1382 3188 1774 3244 conscenden-
1803 3176 1847 3245 C
1885 3187 2123 3254 milites,
2174 3186 2274 3259 qui
2324 3185 2513 3259 plagis
2543 3190 2600 3242 et
2646 3185 2858 3241 ictibus
2894 3185 3267 3256 vehemenier
3294 3188 3518 3260 afflicti,

94 3281 220 3348 tes,
258 3292 457 3350 regem
490 3276 672 3333 secuti
702 3280 861 3333 sunt.
909 3275 1027 3332 Hoc
1071 3275 1362 3348 siquidem
1391 3275 1451 3332 in
1482 3277 1771 3335 modestia
1878 3294 2054 3334 cursu
2085 3275 2325 3350 fugitivo
2360 3275 2719 3332 Hierusalem
2750 3279 2918 3331 nocte
2940 3277 3205 3348 sequenti
3227 3277 3522 3350 equitave-

94 3366 275 3440 regis
304 3382 523 3439 magna
553 3365 682 3434 fuit,
716 3364 818 3439 qui
848 3369 1081 3438 g'ntem
1114 3382 1284 3422 suam
1313 3370 1647 3440 exspectare
1676 3384 1771 3424 ne-
1876 3370 2031 3425 runt.
2063 3365 2171 3433 Qui
2204 3365 2408 3421 urbem
2459 3364 2730 3438 ingressi,
2763 3364 3153 3422 infortunium
3183 3368 3340 3439 quod
3371 3367 3521 3424 acci-

94 3453 323 3530 glexit,
358 3470 463 3511 nec
492 3454 776 3521 ordinate,
812 3454 967 3510 sicut
992 3458 1219 3527 oportet
1246 3456 1539 3529 sapienter
1566 3455 1673 3524 ire,
1693 3457 1766 3513 ad

94 3544 342 3603 bellum
372 3541 674 3617 processit.
707 3543 820 3600 Sed
837 3544 1059 3617 absque
1076 3543 1372 3616 peditibus
1390 3544 1608 3602 milites
1629 3562 1768 3603 suos

93 3636 487 3708 exspectans,
517 3631 856 3690 acceleravit
874 3631 1073 3689 hostes
1090 3636 1380 3705 appetere,
1399 3634 1583 3691 donec
1613 3635 1772 3709 igno-

94 3727 318 3781 ranter
346 3720 503 3779 intra
530 3720 974 3778 multitudinem
1002 3721 1259 3778 Arabum
1292 3738 1354 3779 se
1396 3722 1668 3780 inﬁxerit.
1700 3724 1772 3780 Et

92 3812 257 3887 quia
286 3810 351 3868 in
382 3809 669 3884 probitate
688 3827 797 3868 sua
817 3809 951 3884 plus
968 3827 1144 3884 quam
1167 3811 1403 3868 deberet
1418 3813 1767 3883 confidebat,

93 3918 215 3959 nec
252 3900 458 3975 plures
488 3915 617 3957 esse
645 3916 823 3973 quam
854 3898 1015 3957 mille
1042 3899 1130 3956 vel
1160 3900 1560 3975 septingentos
1580 3919 1772 3976 spera-

92 3992 229 4059 bat,
266 3988 404 4046 ideo
430 3990 515 4047 sic
544 3989 909 4063 properabat,
943 3992 1027 4057 ut,
1060 3993 1396 4063 antequam,
1440 3991 1772 4066 refugerent

89 4078 323 4138 obvius
339 4076 460 4135 illls
474 4079 715 4136 veniret.
734 4078 845 4135 Sed
864 4094 999 4134 cum
1018 4078 1334 4135 exercitum
1352 4096 1554 4137 eorum
1576 4081 1767 4139 subito

1885 4101 2108 4155 tantum
2125 4096 2309 4153 milite
2321 4101 2378 4153 et
2392 4096 2681 4170 armigero
2693 4097 2822 4168 ejus
2833 4097 2905 4153 de
2921 4099 3216 4155 montanis
3228 4115 3521 4173 egressus,

90 4168 375 4267 {manus
402 4171 579 4236 6888‘.
844 4168 1190 4267 Ρθνῆθιςτίξξιε
1219 4168 1415 4226 animo
1444 4169 1766 4228 ίηῖΐθωυίι·
1877 4190 2163 4259 tanquam
2208 4185 2457 4259 quilibet
2486 4168 2820 4258 incognitus
2868 4203 3165 4259 erroneus,
3208 4168 3313 4261 per
3357 4168 3525 4246 devia

84 4262 393 4350 Αῑιειφεη
424 4254 843 4350 οοηεοΙθοῑίουίβ
889 4255 1771 4350 V§iet0dinem_assmflensjl‘e-
1880 4254 2244 4332 desertorum
2290 4273 2556 4331 esuriens
2594 4254 2653 4330 et
2697 4273 2923 4341 sitiens,
2970 4254 3522 4350 Arsuth-oppidum

91 4346 511 4446 ﬂmfiasuPSv
563 4361 713 4446 (ξιξοε
759 4344 853 4446 Die
900 4343 1227 4446 δξξξπίξιθὲεν
1260 4345 1341 4446 ai]?
1372 4363 1387 4403 ³
1422 4370 1451 4398 (ί
1479 4347 1523 4404 Ο
1552 4347 1770 4407 milites
1878 4381 2055 4423 suum
2084 4368 2174 4421 est
2203 4363 2525 4438 ingressus.
2550 4363 2677 4420 Una
2697 4363 2933 4436 quidem
2962 4381 3055 4420 res
3074 4363 3177 4421 illa
3193 4343 3369 4421 saluti
3390 4365 3522 4439 fuit,

84 4432 360 4534 ίθίί»
383 4437 466 4534 et;
481 4433 654 4534 “Pici
670 4433 824 4534 Peli
859 4431 1039 4490 nome
1064 4432 1283 4534 be‘llum
1314 4434 1729 4534 ξοδ-Ρθεξιξῗξθ
1753 4457 1767 4509 ;
1880 4455 2037 4528 quod
2058 4453 2230 4527 paulo
2242 4431 2378 4510 ante
2394 4452 2557 4509 illinc
2572 4431 2934 4509 recesserant
2953 4453 3258 4527 quingenti
3278 4431 3525 4512 hostiles

82 4524 212 4584 sed
249 4522 469 4579 armati
500 4522 602 4580 Dei
631 4523 863 4591 virtute,
898 4538 1004 4595 pro
1048 4522 1487 4597 vobismetipsis
1531 4524 1767 4583 viriliter

1885 4522 2119 4612 milites,
2149 4543 2250 4616 qui
2282 4540 2626 4615 aliquandiu
2647 4558 2886 4598 murum
2915 4522 3131 4614 oppidi
3135 4541 3305 4615 quasi
3337 4541 3527 4615 explo-

82 4615 406 4690 pugnate.
438 4610 586 4668 Nam
622 4612 736 4667 sive
778 4612 1037 4676 vivimus,
1062 4612 1176 4667 sive
1223 4614 1514 4680 morimur,
1552 4616 1767 4672 Domini

1885 4638 2105 4690 ratores
2134 4630 2502 4689 circuierant.
2535 4633 2689 4696 Quos
2732 4647 3106 4704 nequaquam
3137 4630 3439 4699 evasisset,
3475 4631 3526 4688 si

81 4716 309 4762 sumus
339 4700 520 4769 (Rom.
549 4717 666 4769 xxv,
685 4700 1023 4800 8).Quod‘si
1051 4700 1186 4772 quis
1217 4701 1415 4774 fugere
1444 4703 1767 4773 tentaverit,

1885 4724 1955 4780 ab
1987 4721 2072 4778 eis
2103 4721 2264 4778 visus
2295 4723 2469 4777 esset.
2503 4700 2867 4793 Ingredient—e
2897 4700 3092 4776 autem
3122 4734 3257 4792 rege
3285 4718 3522 4789 Arsuth,

70 4795 232 4866 jam
268 4804 392 4845 non
423 4792 514 4845 est
551 4805 686 4863 spes
715 4788 1020 4848 evadendi.
1051 4789 1371 4875 Pugnando
1393 4791 1658 4864 vincetis,
1688 4794 1767 4849 fu-

1885 4812 2205 4887 gaudenter
2225 4827 2261 4866 a
2289 4808 2414 4866 suis
2434 4788 2777 4881 suscipitur.
2802 4808 3066 4865 Comedit
3093 4812 3151 4865 et
3167 4788 3336 4874 bibit,
3362 4811 3420 4865 et
3438 4788 3529 4864 tu-

80 4877 334 4957 είειιάο
384 4877 627 4935 θδάθίίδσ
660 4900 690 4928 ³)
723 4878 887 4934 Tunc
945 4881 1161 4947 autem:
1197 4879 1477 4952 quoniam
1523 4880 1687 4939 Ῑοουε
1717 4887 1774 4940 et
1879 4877 2042 4958 tatus
2072 4898 2364 4957 dormivit.
2398 4898 2516 4954 Hoc
2545 4877 2702 4954 enim
2735 4897 3075 4955 humanitas
3101 4896 3490 4956 desiderabat.

78 4970 533 5062 temApusfr‘at
561 4966 955 5062 .monstrandi
1003 4967 1663 5062 probitatemL‘repente
1710 4970 1771 5028 in
2506 5005 2737 5062 CAPUT
2779 5004 2892 5061 xx.

74 5053 506 5169 {‘ff‘f’fifff‘l
551 5054 891 5169 Ξξίῗέῗῗὶ-ῗθ
915 5055 1327 5169 ἐτξῖξρὲξῗῗέί·
1346 5058 1772 5169 ,Εὲιηίιὲίξξηῗοη
1884 5097 2031 5167 Quod
2062 5099 2212 5169 nugo
2257 5096 2322 5153 de
2356 5096 2652 5165 Tiberiade.
2704 5102 2864 5169 atque
2904 5094 3227 5166 patriarcha
3267 5096 3547 5169 HierosQ-~

78 5147 289 5241 erant
320 5142 508 5241 nostri
550 5141 865 5241 plusquam
915 5145 1024 5200 200
1072 5143 1310 5214 milites,
1344 5162 1379 5202 a
1405 5148 1477 5202 20
1507 5148 1772 5241 millibus
2891 5141 3536 5241 {Etéeiai’zfeﬁg

78 5231 505 5306 circumplexi
537 5237 699 5289 sunt.
732 5234 841 5300 Qui
887 5249 1023 5290 cum
1062 5250 1095 5289 a
1142 5251 1419 5308 pressura
1464 5237 1773 5311 gentilium
1953 5231 2090 5313 Eclio
2116 5231 2331 5313 peracto
2360 5238 2688 5298 Christianis
2721 5231 3028 5295 υιῗίεηὶίὸιὶςς
3052 5237 3251 5295 virtute
3287 5231 3339 5294 et
3372 5235 3541 5293 auxi-

73 5320 469 5402 gravissime
498 5320 933 5393 cohiberentur,
965 5326 1024 5379 et
1051 5324 1242 5396 major
1268 5341 1405 5397 pars
1437 5331 1775 5387 nostrorum
1956 5312 2032 5369 ίίο
2060 5312 2265 5368 sum“?
2292 5325 2490 5366 W13-

74 5412 383 5476 minimze
408 5409 565 5468 bore
594 5411 785 5485 spatio
813 5416 1119 5485 perempta
1138 5412 1463 5485 occidisset,
1480 5431 1630 5475 onus
1660 5418 1777 5475 hu-
1956 5416 2090 5493 Ipso
2123 5415 2214 5471 die
2237 5431 2369 5472 ecce
2398 5418 2565 5490 Hugo
2586 5415 2659 5472 de
2678 5413 2993 5473 Tiberiade
3022 5413 3253 5472 civitate
3274 5413 3554 5473 veniens.

62 5498 383 5582 jusmodi
414 5500 566 5557 ferre
598 5501 1007 5575 nequiverunt,
1042 5499 1184 5574 quin
1216 5501 1435 5558 residui
1467 5504 1526 5558 in
1575 5507 1777 5581 fugam
1887 5522 2049 5569 unus
2069 5507 2141 5564 de
2161 5503 2547 5578 Optimatibus
2571 5501 2862 5579 regis,qui
2879 5504 3011 5576 jam
3029 5502 3395 5560 confessione
3414 5498 3571 5568 ejus

66 5592 525 5665 verterentur;
560 5590 663 5652 sed
695 5589 833 5653 licet
859 5593 985 5651 tam
1014 5590 1167 5654 male
1196 5589 1282 5651 eis
1302 5591 1599 5669 acciderit,
1614 5596 1782 5679 prius
1890 5600 2104 5667 audita
2134 5593 2410 5676 solatium
2439 5594 2679 5677 aliquod
2709 5589 2880 5673 genti
2920 5590 3165 5654 residuae
3213 5585 3586 5667 impendere

1876 3456 2042 3514 derat
2086 3454 2310 3512 civibus
2360 3452 2828 3527 propalaverunt.
2870 3458 2945 3510 De
2984 3471 3117 3528 rege
3148 3460 3369 3526 autem,
3402 3455 3523 3515 sive

1876 3544 2114 3611 viveret,
2134 3545 2254 3601 sive
2277 3547 2546 3600 mortuus
2570 3546 2744 3612 esset,
2776 3542 2921 3599 nihil
2939 3560 3002 3600 se
3028 3546 3148 3601 veri
3178 3545 3327 3602 scire
3363 3546 3522 3604 dixe-

1882 3639 2039 3691 runt.
2075 3632 2239 3691 Unde
2264 3633 2464 3690 statim
2493 3632 2689 3689 luctus
2717 3649 2837 3689 non
2867 3632 3150 3691 minimus
3180 3639 3270 3692 est
3299 3638 3485 3694 ortus.

2492 3739 2727 3797 CAPUT
2763 3740 2906 3798 XIX.

2235 3830 2385 3899 Quod
2413 3847 2513 3886 rex
2540 3831 2817 3902 ingressus
2839 3836 2919 3887 est
2945 3832 3164 3888 Arsuth.

1950 3920 2069 3977 Rex
2089 3922 2287 3977 autem
2318 3936 2453 3976 cum
2487 3923 2657 3975 nocte
2703 3919 2970 3991 sequenti
3001 3937 3106 3993 pro
3146 3922 3354 3979 timore
3380 3924 3521 3979 Ara-

1878 4010 2020 4065 bum
2046 4007 2107 4064 in
2138 3994 2435 4064 montanis
2474 4006 2827 4076 delituisset,
2860 4008 2954 4064 die
3002 4010 3171 4066 tertio
3220 4026 3356 4067 cum
3404 4027 3523 4069 uno
