3998 6088
470 285 592 373 δῖρ

987 286 1093 347 ΑΒ
1139 283 1649 347 GODEFRIDUM
1692 282 2024 347 APPEND.
2069 280 2149 343 ll.
2180 313 2259 325 —
2287 278 2598 343 MONUM.
2645 278 2745 340 DE
2786 277 3038 339 BELLO
3082 275 3363 338 SACRO.
3410 309 3419 314 -

3756 273 3887 339 880

477 419 736 493 optabat.
769 421 893 487 Quo
921 418 1066 486 viso,
1100 416 1327 473 laetatus
1367 423 1457 474 est
1502 434 1602 473 rex
1636 415 1824 472 valde.
1858 414 2121 471 Habebat
2147 417 2203 483 Α
2232 416 2493 469 nostram
2525 410 2786 483 undique
2817 412 3184 483 gyraverunt.
3199 406 3424 474 Quibus
3443 405 3709 475 inclusis,
3729 407 3879 481 nihil

472 508 634 589 enim
666 524 868 566 secum
893 507 1187 580 octoginta
1204 506 1440 576 milites,
1475 506 1690 579 quibus
1712 522 1860 578 Opus
1885 509 2009 560 erat
2028 520 2124 561 ne-

478 598 635 673 gotio
664 596 1018 653 imminenti.
1048 595 1361 670 chatione
1390 613 1424 651 a
1453 594 1870 669 Hierosolymis
1901 593 2119 661 habita,

478 685 787 744 subvenire
815 685 1066 759 Joppitis
1096 685 1488 752 accelerabat;
1542 686 1643 740 sed
1676 702 1789 740 non
1821 688 1911 741 est
1942 700 2121 740 ausus

480 794 580 833 rex
603 792 702 833 eos
732 775 943 832 ducere
968 792 1071 848 per
1100 780 1314 831 terram
1337 780 1574 849 propter
1593 774 1791 831 hostes
1809 772 2123 830 viatoribus

480 862 827 921 insidiantes
851 882 865 933 ;
901 862 1001 921 sed
1031 864 1258 920 intrans
1278 863 1337 919 in
1363 880 1541 919 unam
1556 863 1809 919 cimbam
1834 861 2126 936 navigavit

477 953 746 1028 Joppem.
776 953 848 1009 Et
877 970 1011 1009 cum
1066 952 1448 1026 applicuisset
1479 953 1694 1025 portui,
1744 968 1878 1007 cum
1910 952 2123 1026 gaudio

480 1058 694 1116 magno
725 1046 1035 1114 susceptus
1066 1049 1172 1109 est,
1203 1040 1343 1114 quia
1381 1041 1554 1114 juxta
1601 1040 1749 1097 illud
1782 1040 2074 1113 Evangelii
2106 1057 2119 1096 :

478 1131 719 1187 Mortuus
765 1131 948 1202 fuerat
1003 1136 1056 1186 et
1109 1130 1332 1198 revixit,
1384 1130 1628 1201 perierat
1679 1136 1730 1184 et
1759 1130 2010 1185 inventus
2049 1136 2129 1185 est

479 1220 630 1289 (Luc.
661 1235 754 1288 xv,
788 1219 901 1288 32).
932 1217 1004 1273 Et
1034 1234 1209 1290 quem
1240 1221 1538 1273 mortuum
1561 1217 1687 1288 jam
1719 1216 2122 1290 deplorabant,

479 1323 636 1363 nunc
663 1306 861 1362 vivum
910 1308 968 1362 et
1004 1321 1217 1362 sanum
1264 1305 1483 1361 vident.
1538 1304 1815 1376 Sequenti
1859 1322 1992 1360 vero
2032 1305 2126 1361 die

479 1412 753 1472 egressus
783 1399 874 1453 est
901 1394 1066 1468 Hugo
1098 1395 1409 1468 praadictus
1440 1395 1510 1450 de
1538 1394 1776 1463 Arsuth,
1798 1398 1854 1449 et
1879 1394 2126 1467 Joppem

479 1484 725 1560 pavidus
748 1485 1098 1559 properavit.
1132 1483 1235 1540 Cui
1270 1500 1367 1540 rex
1392 1483 1454 1539 in
1502 1482 1881 1556 adjutorium,
1916 1501 2127 1557 prope-

481 1574 648 1643 ravit,
678 1591 751 1630 ne
781 1573 853 1630 ab
883 1574 1152 1630 hostibus
1182 1573 1240 1627 in
1269 1572 1363 1629 via
1378 1577 1833 1646 Oppugnaretur.
1865 1573 2128 1646 Cumque

479 1664 727 1738 Joppem
739 1663 1115 1736 pervenisset,
1130 1661 1503 1719 consilionon
1528 1661 1750 1718 diutius
1764 1661 2124 1736 prolongato,

481 1768 678 1827 regem
711 1752 939 1808 monuit
969 1752 1306 1817 necessitas,
1339 1755 1404 1807 ut
1446 1751 1596 1819 illos,
1631 1751 1731 1824 qui
1763 1751 2125 1808 Hierusalem

481 1842 722 1919 et'apud
755 1843 1036 1898 Sanctum
1084 1841 1374 1898 Abraham
1406 1840 1614 1911 ierant,
1668 1841 1999 1897 mandando
2032 1858 2124 1897 ve-

481 1931 606 1987 nire
651 1930 899 2007 Joppem
949 1931 1199 1987 faceret:
1252 1935 1318 1986 ut
1364 1928 1584 1986 bellum
1634 1930 1772 1986 item
1804 1947 1937 1985 cum
1984 1932 2125 1986 Ara-

474 2019 655 2077 bibus
707 2019 1119 2087 committeret,
1174 2018 1277 2091 qui
1330 2019 1577 2092 Joppem
1638 2018 2127 2075 machinabantur

481 2107 991 2181 comprehendere,
1043 2124 1223 2179 prope
1252 2107 1552 2180 hospitati.
1589 2111 1735 2162 Dum
1775 2111 1970 2163 autem
2004 2125 2124 2164 me-

481 2196 789 2266 ditaretur,
833 2213 1008 2269 quem
1046 2195 1185 2252 illue
1233 2195 1491 2269 legatum
1532 2196 1809 2264 mitteret,
1848 2197 1994 2252 vidit
2044 2197 2123 2253 ibi

481 2286 799 2358 quemdam
838 2286 1050 2359 Syrum
1098 2285 1398 2342 hominem
1460 2285 1767 2352 humilem,
1819 2291 1874 2341 et
1921 2286 2123 2342 habitu

478 2373 682 2444 vilem;
743 2391 918 2447 quem
983 2373 1192 2431 obuixe
1266 2379 1536 2447 precatus
1585 2380 1693 2444 est,
1746 2380 1811 2431 ut
1869 2393 1971 2448 pro
2023 2375 2123 2431 Dei

480 2480 678 2520 amore
706 2463 856 2545 hanc
884 2464 1237 2538 legationem
1285 2463 1547 2520 facturus
1595 2465 1936 2537 susciperet,
1987 2464 2127 2536 quia

481 2569 598 2609 non
630 2552 961 2609 inveniebat
989 2553 1089 2627 qui
1116 2570 1245 2609 eam
1277 2552 1505 2625 explere
1533 2552 1768 2609 valeret.
1802 2554 1927 2609 Non
1966 2553 2123 2609 enim

480 2634 735 2690 audebat
781 2650 885 2706 per
930 2634 1084 2690 viam
1133 2633 1298 2707 gradi
1343 2633 1635 2706 quispiam
1664 2640 1900 2707 propter
1940 2634 2124 2689 hosti-

480 2718 566 2779 les
596 2714 862 2780 insidias.
914 2723 967 2779 Is
1015 2727 1238 2791 autem,
1270 2727 1543 2796 suscepta
1597 2740 1666 2779 ex
1695 2724 1810 2779 Deo
1855 2722 2119 2791 audacia,

480 2816 650 2869 nocte
675 2813 787 2873 sub
815 2828 1014 2884 opaca,
1040 2829 1110 2868 ne
1131 2812 1204 2867 ab
1229 2810 1485 2869 inimicis
1509 2812 1819 2880 videretur,
1840 2830 1942 2885 per
1969 2813 2124 2869 invia

478 2901 531 2958 ei
560 2900 688 2959 loca
716 2901 860 2958 satis
890 2918 1097 2974 aspera
1126 2901 1392 2958 incedere
1420 2919 1535 2957 non
1566 2902 1860 2969 ditl‘erens,
1881 2903 1973 2959 die
2002 2907 2123 2959 ter-

476 2989 558 3047 tio
580 2990 771 3048 fessus
790 2990 957 3048 valde
971 2989 1334 3047 Hierusalem
1358 2991 1638 3064 pervenit.
1657 2991 1919 3064 Cumque
1934 3010 2124 3049 rumo-

479 3096 603 3141 rem
634 3079 1081 3139 desiderabilem
1111 3080 1183 3136 de
1214 3096 1346 3154 rege
1378 3080 1601 3136 civibus
1634 3081 2038 3151 innotesceret,
2066 3087 2123 3138 et

2231 501 2315 558 eis
2344 500 2593 557 ulterius
2624 499 2736 556 nisi
2768 498 3030 554 divinum
3063 496 3344 553 auxilium
3366 496 3643 570 prodesse
3663 500 3881 570 potuit.

2231 591 2343 647 Sed
2372 590 2432 645 in
2464 589 2890 662 omnipotentia
2920 586 3151 643 Domini
3202 603 3447 659 prorsus
3491 586 3876 656 conﬁdentes,

2231 679 2331 735 ubi
2344 683 2601 734 turmam
2620 676 2949 733 densiorem
2972 681 3029 731 et
3050 674 3345 730 fortiorem
3359 673 3881 749 viderunt,impetu

2232 766 2486 823 mirabili
2528 766 2697 822 ferire
2743 783 2858 821 non
2907 764 3286 821 distulerunt.
3320 761 3427 829 Qui
3481 780 3616 819 cum
3668 763 3728 819 in
3762 781 3887 823 una

2232 860 2395 930 parte
2412 856 2634 912 fortiter
2649 855 2963 928 pugnando
2977 871 3074 911 eos
3088 856 3510 926 penetrassent,
3532 852 3685 909 illico
3707 853 3887 911 alior-

2234 962 2365 1001 sum
2396 962 2495 1001 eos
2526 960 2822 1000 recurrere
2843 959 3081 998 necesse
3113 941 3241 1007 fuit,
3258 939 3537 1013 quoniam
3562 945 3646 1010 ut,
3660 940 3890 1013 pedites

2234 1038 2465 1090 nostros
2494 1033 2713 1106 absque
2743 1032 3104 1104 protectione
3136 1028 3389 1086 militum
3420 1030 3716 1098 videbant,
3746 1029 3890 1088 illuc

2234 1122 2433 1180 statim
2466 1121 2807 1178 festinantes
2836 1124 3125 1178 extremos
3155 1118 3518 1176 occidebant.
3553 1119 3780 1176 Pedites
3806 1126 3890 1177 ta-

2237 1227 2370 1267 men
2401 1210 2585 1268 nostri
2615 1227 2730 1266 non
2752 1209 2943 1283 ignavi
2964 1208 3221 1282 pluviam
3247 1207 3595 1282 sagittarum
3614 1207 3890 1266 invaden-

2233 1299 2395 1356 tibus
2425 1317 2485 1356 se
2516 1304 2742 1355 tantam
2767 1298 3088 1371 jaciebant,
3121 1302 3187 1353 ut
3216 1298 3275 1353 in
3325 1296 3550 1355 visibus
3598 1315 3801 1355 eorum
3829 1303 3888 1355 et

2236 1388 2406 1462 peltis
2438 1387 2655 1444 multas
2685 1388 2893 1443 infixas
2922 1386 3422 1460 viderent.Itaque
3443 1404 3578 1443 cum
3611 1404 3647 1443 a
3672 1387 3883 1460 pediti-

2236 1478 2346 1534 bus
2378 1476 2698 1551 sagittariis
2727 1476 3099 1532 vehementer
3127 1479 3325 1532 essent
3354 1474 3671 1549 repulsi,et
3698 1494 3735 1532 a
3766 1476 3888 1539 lan-

2235 1566 2354 1623 ceis
2385 1566 2741 1622 militaribus
2790 1564 2961 1621 multi
3002 1565 3269 1635 sauciati,
3303 1570 3359 1621 et
3389 1565 3459 1621 de
3489 1564 3888 1638 papilionibus

2237 1656 2362 1713 suis
2384 1657 2512 1728 jam
2542 1653 3109 1729 pri‘vati,opitulante
3140 1654 3255 1710 Deo
3287 1655 3641 1711 Francorum
3671 1655 3891 1713 obtuti»

2237 1746 2349 1802 bus
2398 1746 2572 1801 dorsa
2619 1743 2908 1817 fugientes
2950 1747 3268 1800 verterunt.
3303 1743 3415 1800 Sed
3462 1760 3579 1799 non
3612 1748 3754 1801 sunt
3780 1744 3887 1800 diu

2236 1832 2594 1908 fugati,quia
2628 1833 2922 1905 fugatores
2953 1836 3123 1889 erant
3151 1832 3343 1904 pauci.
3363 1831 3890 1890 'l‘abernaculaau-

2233 1928 2351 1979 tem
2385 1939 2494 1978 sua
2526 1922 2764 1978 Francis
2798 1921 2857 1976 in
2889 1938 3097 1995 campo
3131 1919 3489 1994 reliquerunt
3522 1926 3756 1992 cuneta,
3781 1924 3893 1980 sti-

2237 2013 2640 2085 pendiumque
2670 2016 2879 2067 totum.
2912 2011 3107 2083 Equos
3138 2010 3355 2083 quippe
3385 2028 3524 2066 suos
3555 2027 3759 2069 omnes
3781 2013 3894 2070 ab-

2236 2102 2528 2158 duxerunt
2576 2102 2712 2169 fere,
2747 2101 3002 2173 exceptis
3051 2098 3369 2172 aliquantis
3416 2098 3688 2173 plagatis,
3722 2106 3781 2157 et
3829 2101 3891 2158 in

2238 2191 2378 2264 fuga
2427 2190 2521 2246 siti
2572 2189 2895 2245 exstinctis.
2933 2191 3006 2244 De
3057 2187 3299 2245 camelis
3347 2205 3549 2244 eorum
3605 2194 3663 2245 et
3705 2190 3893 2248 asinis

2237 2280 2456 2336 multos
2514 2279 2854 2335 habuimus.
2888 2277 3055 2334 Multi
3087 2294 3289 2333 eorum
3320 2294 3455 2333 cum
3485 2278 3777 2352 fugerent,
3798 2279 3890 2337 vel

2236 2369 2377 2437 laesi,
2409 2368 2496 2425 vel
2528 2368 2622 2425 siti
2656 2367 2979 2441 exasperati
3032 2367 3094 2422 in
3140 2367 3234 2422 via
3281 2370 3422 2422 sunt
3471 2367 3707 2424 mortui.
3744 2368 3891 2426 Vere

2235 2458 2479 2532 dignum
2510 2463 2633 2515 erat
2662 2462 2717 2514 et
2739 2458 2993 2529 justum,
3013 2460 3077 2512 ut
3097 2456 3195 2529 qui
3219 2454 3377 2529 ligno
3408 2456 3725 2515 Dominicae
3748 2475 3887 2515 cru-

2234 2547 2318 2604 cis
2351 2547 2562 2603 munili
2592 2551 2778 2615 erant,
2815 2563 2993 2620 super
3029 2545 3300 2602 inimicos
3349 2546 3613 2618 ejusdem
3662 2552 3884 2604 sancta:

2234 2637 2424 2693 crucis
2452 2637 2699 2693 victores
2732 2635 3239 2702 existerent.Quod
3261 2634 3309 2692 si
3330 2635 3388 2690 in
3420 2635 3708 2692 anteriore
3730 2636 3885 2699 bello

2231 2728 2434 2782 eadem
2467 2743 2607 2782 crux
2635 2724 2793 2781 alma
2821 2742 2954 2781 cum
2987 2741 3121 2797 rege
3151 2724 3490 2795 deferretur,
3506 2742 3621 2781 non
3644 2730 3735 2781 est
3764 2726 3880 2783 hae-

2234 2815 2532 2872 sitandum
2564 2815 2719 2888 quod
2752 2813 2966 2888 populo
2993 2830 3099 2869 suo
3119 2813 3403 2870 Dominus
3434 2814 3877 2888 propitiaretur.

2233 2905 2345 2961 Sed
2381 2910 2522 2961 sunt
2553 2903 2819 2960 nonnulli
2851 2904 2986 2976 plus
3015 2902 3073 2957 in
3096 2902 3307 2959 virtute
3336 2920 3446 2960 sua
3475 2920 3651 2976 quam
3686 2904 3747 2959 in
3770 2904 3880 2963 Do-

2232 2993 2392 3049 mino
2422 2993 2876 3061 eonﬁdentes,ct
2895 2992 2953 3047 in
2976 3008 3080 3048 suo
3099 3009 3275 3048 sensu
3300 2991 3545 3048 nimium
3563 2993 3879 3050 abundan-

2232 3087 2339 3151 tes,
2373 3087 2429 3138 et
2471 3081 2802 3156 sapientum
2853 3080 3162 3137 consilium
3211 3087 3573 3154 spernentes,
3605 3082 3880 3156 praecipi-

478 3170 671 3226 vivum
686 3185 822 3226 eum
844 3169 1214 3226 declararunt
1233 3186 1380 3235 esse,
1405 3169 1651 3226 Domino
1673 3187 1877 3227 omnes
1899 3171 2124 3227 debitas
2154 3156 2196 3223 C
2233 3176 2428 3228 tanter
2454 3189 2602 3245 opus
2616 3188 2789 3227 suum
2806 3176 3033 3243 patrare
3048 3174 3430 3244 praesumunt,
3446 3175 3501 3227 et
3523 3171 3878 3230 inconsulte.

478 3257 615 3315 inde
644 3258 1142 3315 referuntlaudes.
1168 3258 1280 3313 Nec
1302 3276 1465 3314 mora
1489 3257 1717 3331 longior
1745 3259 1873 3314 fuit.
1898 3260 2124 3332 Scripto

482 3349 639 3422 quod
671 3347 885 3407 tulerat
904 3347 1074 3414 lecto,
1098 3347 1285 3420 parati
1309 3352 1449 3403 sunt
1472 3347 1624 3403 illico
1652 3347 1869 3404 milites
1882 3354 2023 3421 quot
2044 3348 2123 3404 ibi

481 3438 722 3511 reperiri
754 3441 1088 3513 potuerunt.
1112 3436 1459 3509 Nonaginta,
1493 3440 1558 3492 ut
1590 3454 1735 3505 reor,
1770 3442 1890 3493 tam
1916 3438 1987 3493 de
2020 3436 2124 3492 mi-

481 3527 686 3585 litibus
715 3544 895 3601 quam
925 3527 996 3584 de
1027 3526 1143 3582 illis
1170 3526 1271 3599 qui
1302 3543 1484 3598 equos
1505 3526 1718 3582 habere
1746 3525 1834 3581 vel
1853 3527 2124 3598 jumenta

480 3621 815 3691 potuerunt,
831 3617 931 3674 sed
950 3616 1216 3689 quamvis
1231 3615 1576 3686 voluntarie,
1596 3620 1789 3671 tamen
1805 3615 1947 3671 satis
1974 3615 2125 3672 timi-

479 3711 550 3767 de
581 3708 980 3775 ascendentes,
1010 3704 1150 3760 illuc
1181 3705 1263 3760 ire
1294 3722 1409 3760 non
1441 3705 1814 3760 distulerunt.
1856 3704 2122 3761 Hostium

480 3798 719 3873 quidem
750 3794 1202 3854 subsistentium
1234 3793 1481 3851 insidias
1511 3811 1614 3866 pro
1647 3810 1818 3865 posse
1849 3793 2119 3864 vitantes,

478 3892 536 3945 et
564 3903 669 3962 per
695 3885 861 3943 devia
890 3888 1116 3955 euntes,
1149 3901 1183 3940 a
1213 3889 1377 3956 parte
1405 3882 1619 3938 Arsuth
1644 3882 1993 3939 divertentes
2015 3883 2125 3940 iter

476 3993 653 4035 suum
683 3976 1065 4042 deduxerunt,
1098 3972 1207 4040 Qui
1236 3989 1369 4028 cum
1394 3972 1566 4044 juxta
1594 3970 1759 4027 littus
1780 3972 1961 4028 maris
1985 3990 2118 4044 per-

477 4082 720 4140 propere
743 4064 1147 4139 graderentur,
1180 4065 1556 4118 occurrerunt
1594 4059 1677 4117 eis
1702 4077 1846 4133 gens
1877 4062 2118 4133 nefaria,

476 4173 579 4231 qui
611 4155 926 4230 sperabant
954 4170 1053 4210 eos
1072 4150 1193 4207 illic
1226 4150 1572 4222 intercipere
1595 4154 1652 4205 et
1671 4150 1949 4208 occidere.
1978 4153 2123 4217 Quo-

475 4262 610 4303 rum
640 4243 939 4317 aliquibus
969 4240 1225 4314 oportuit
1235 4241 1509 4312 jumenta
1539 4256 1647 4295 sua
1666 4239 1744 4294 ibi
1774 4239 2117 4313 relinquere,

476 4340 536 4392 et
562 4334 623 4392 in
654 4332 836 4391 maris
865 4332 1055 4388 undas
1076 4331 1148 4386 ad
1172 4329 1491 4386 natandum
1512 4345 1573 4384 se
1595 4329 1839 4400 jactare.
1865 4334 1929 4385 ut
1956 4330 2123 4386 dolor

476 4410 663 4483 dolori
695 4420 987 4479 medicina
1017 4420 1199 4476 ﬁeret.
1254 4417 1358 4475 Illo
1387 4417 1543 4473 enim
1589 4422 1791 4473 natatu
1820 4419 1892 4473 ab
1922 4417 2120 4491 impiis

2234 3261 2397 3318 Unde
2420 3277 2571 3334 saepe
2602 3259 2882 3332 contingit
2902 3260 3317 3315 detrimentum
3343 3276 3626 3334 magnum
3649 3277 3765 3317 non
3790 3278 3883 3318 so-

2233 3348 2357 3405 lum
2386 3351 2472 3406 eis
2502 3349 2751 3416 evenire,
2774 3349 2873 3405 sed
2907 3353 2963 3404 et
2993 3348 3196 3404 multis
3226 3347 3355 3404 aliis
3385 3349 3577 3421 operis
3607 3350 3878 3422 ejusdem

2232 3438 2766 3512 expertibus.Unde
2798 3437 2987 3495 solent
3016 3437 3160 3494 tales
3192 3437 3325 3510 plus
3356 3438 3671 3495 Dominum
3696 3439 3880 3497 incul-

2232 3545 2369 3600 pare
2400 3545 2578 3601 quam
2610 3526 2917 3583 stultitiam
2951 3544 3121 3583 suam
3150 3525 3706 3600 recognoscere.Qui
3738 3544 3877 3585 cum

2231 3617 2407 3673 stulte
2437 3616 2673 3690 quidem
2706 3616 2961 3681 inchoat,
2997 3616 3078 3671 rei
3109 3615 3331 3672 exitum
3364 3633 3477 3671 non
3519 3617 3874 3675 considerat.

2230 3707 2430 3779 Equus
2461 3710 2701 3779 paratur
2731 3707 2804 3761 ad
2834 3704 3376 3773 bellum,Dominus
3395 3710 3591 3761 autem
3624 3704 3876 3763 salutem

2232 3795 2455 3851 tribuit.
2490 3795 2547 3851 Si
2570 3795 2719 3867 justi
2751 3793 3007 3868 precatio
3037 3811 3153 3849 non
3185 3810 3415 3868 semper
3443 3812 3479 3850 a
3506 3794 3754 3851 Domino
3775 3812 3878 3852 ex-

2231 3885 2486 3952 auditur,
2521 3887 2738 3957 quanto
2783 3882 2969 3957 magis
2998 3882 3203 3956 impii?
3232 3882 3331 3939 Vel
3386 3900 3565 3956 quare
3613 3882 3880 3957 inculpat

2231 3974 2435 4043 Deum,
2487 3990 2621 4029 cum
2672 3974 2874 4029 statim
2919 3989 3034 4029 non
3083 3972 3134 4029 ei
3186 3971 3470 4045 adimplet
3513 3972 3877 4029 desiderium

2231 4062 2450 4120 suum?
2481 4063 2595 4119 Cur
2624 4061 3135 4130 exaudietur,cum
3170 4061 3318 4117 nihil
3340 4061 3478 4117 boni
3502 4062 3880 4135 sitpromeri-

2230 4152 2372 4210 tus?
2404 4152 2605 4208 Nonne
2639 4152 2763 4224 ipse
2794 4150 2950 4207 novit
2981 4150 3125 4223 quid
3155 4150 3449 4224 agendum
3481 4150 3559 4206 sit
3588 4151 3649 4206 in
3685 4151 3877 4207 omni-

2229 4241 2380 4298 bus?
2410 4236 2644 4297 Bestius
2673 4240 2827 4295 circa
2857 4239 3200 4311 hujusmodi
3226 4239 3395 4295 dicit:
3419 4263 3447 4290 «
3481 4239 3778 4313 Quidquid
3804 4240 3879 4297 ci-

2228 4336 2319 4388 tra
2347 4347 2511 4404 spem
2542 4330 2739 4385 videas
2760 4328 2901 4402 geri,
2918 4329 3093 4385 rebus
3118 4328 3359 4401 quidem
3386 4333 3581 4383 rectus
3601 4328 3744 4385 ordo
3766 4333 3875 4395 est,

2227 4420 2490 4494 Opinioni
2520 4436 2655 4474 vero
2684 4423 2796 4473 tuae
2828 4434 3097 4491 perversa
3125 4418 3413 4474 confusio.
3450 4440 3477 4467 ››
3510 4418 3623 4474 Sed
3653 4434 3772 4475 non
3795 4435 3878 4475 re-

475 4510 626 4570 eruti
653 4514 810 4589 sunt,
829 4510 1101 4582 jumenta
1122 4508 1523 4580 perdiderunt.
1553 4505 1767 4562 Milites
1784 4524 1917 4563 vero
1938 4525 2121 4581 equos
2152 4529 2196 4592 ι)
2228 4528 2359 4566 rum
2391 4508 2616 4575 merita,
2651 4508 2751 4564 sed
2786 4507 3029 4563 fortunae
3061 4510 3284 4579 spectat
3325 4511 3597 4563 eventum
3629 4506 3872 4563 stultus.

476 4600 759 4659 habentes
789 4598 972 4673 agiles
1001 4596 1313 4654 deferendo
1345 4611 1407 4652 se
1425 4595 1670 4668 Joppem
1703 4602 2116 4669 pervenerunt;

472 4689 570 4747 vix
597 4694 795 4747 tamen
826 4686 1287 4745 evaserunt.Rex
1308 4688 1504 4740 autem
1532 4685 1781 4741 adventu
1804 4703 2005 4742 eorum
2030 4705 2120 4743 ex-

473 4779 785 4844 hilaratus,
838 4780 896 4833 et
941 4776 1275 4843 admodum.
1305 4778 1625 4847 vegetatus,
1676 4774 1834 4831 haud
1882 4775 2117 4850 longius

474 4868 776 4942 negotium
807 4882 981 4922 suum
1007 4862 1225 4921 differri
1254 4862 1468 4931 voluit;
1499 4865 1599 4920 sed
1631 4880 1803 4922 mane
1851 4867 2117 4939 sequenti

474 4956 763 5017 militibus
793 4954 918 5010 suis
949 4971 1082 5009 cum
1115 4957 1286 5025 gente
1317 4953 1567 5024 pedestri
1593 4954 1894 5023 ordinatis,
1915 4960 2119 5012 contra

473 5045 746 5103 inimicos
778 5060 916 5099 suos
948 5042 1274 5098 bellaturus
1313 5042 1501 5099 exivit.
1555 5042 1641 5098 llli
1677 5043 1949 5116 equidem
1999 5063 2115 5102 non

472 5135 646 5208 longe
675 5132 748 5188 ab
777 5131 961 5203 Joppe
991 5135 1176 5198 erant,
1210 5131 1311 5187 sed
1363 5131 1529 5204 quasi
1564 5130 1854 5189 milliariis
1885 5133 2113 5205 tribus;

470 5220 573 5280 ubi
591 5219 897 5277 machinas
914 5220 1181 5292 suasjam
1196 5220 1625 5293 praeparabant,
1651 5224 1715 5275 ut
1727 5219 1967 5277 indilate
1986 5223 2113 5296 Jop-

469 5326 607 5385 pem
637 5307 992 5378 obsiderent,
1041 5312 1100 5365 et
1145 5314 1501 5365 coarctatam
1533 5308 2114 5381 comprehenderent.

469 5399 584 5458 Sed
617 5414 752 5455 cum
777 5401 1009 5471 gentem
1039 5404 1304 5456 nostram
1337 5402 1537 5454 contra
1569 5414 1629 5454 se
1654 5398 1724 5454 ad
1750 5398 2013 5471 praelium
2035 5401 2117 5458 ire

467 5491 824 5561 spectarent,
856 5488 1124 5563 protinus
1153 5487 1409 5560 sumptis
1434 5486 1617 5543 armis
1647 5487 1792 5558 suis,
1841 5488 2120 5547 audacter

466 5580 837 5661 exceperunt.
858 5579 928 5639 Et
948 5578 1089 5658 quia
1117 5575 1437 5638 multitudo
1451 5592 1666 5653 magna
1682 5581 1866 5648 erant,
1881 5583 2115 5653 gentem

2231 4599 2529 4656 Multoties
2560 4598 2794 4671 quidem
2829 4596 3123 4653 existimat
3153 4597 3327 4652 homo
3361 4596 3417 4652 id
3450 4600 3593 4652 tunc
3624 4596 3739 4652 sibi
3774 4613 3874 4652 no-

2225 4705 2424 4757 cuum,
2456 4687 2610 4760 quod
2651 4691 2855 4759 postea
2884 4686 3128 4741 vertitur
3164 4687 3236 4741 ad
3268 4686 3616 4757 proficuum,
3651 4689 3708 4741 et
3738 4702 3873 4741 con-

2224 4778 2401 4851 tingit
2432 4780 2665 4832 econtra
2695 4793 2829 4831 cum
2862 4774 3037 4830 alicui
3064 4776 3208 4830 bene
3235 4774 3512 4840 succedit,
3537 4772 3720 4847 .paulo
3748 4776 3875 4846 post

2226 4867 2413 4923 eidem
2446 4865 2673 4921 evenire
2702 4865 2856 4937 quod
2887 4864 3140 4920 multum
3172 4864 3374 4919 officit.
3409 4863 3649 4937 Expleto
3701 4862 3871 4930 bello,

2226 4960 2290 5011 ut
2322 4972 2500 5028 supra
2530 4954 2753 5009 dictum
2784 4957 2891 5021 est,
2926 4952 2985 5008 in
3016 4970 3131 5025 quo
3164 4970 3262 5008 rex
3292 4952 3473 5008 victor
3519 4950 3763 5028 exstitit,
3799 4957 3875 5007 ta-

2226 5042 2557 5101 bernaculis
2587 5060 2789 5099 eorum
2822 5041 3102 5111 collectis,
3133 5042 3381 5115 Joppem
3427 5023 3745 5114 regressus.
3768 5043 3870 5097 est.

2228 5133 2607 5191 Postmodum
2680 5132 2900 5204 quievit
2964 5135 3139 5201 terra,
3208 5129 3499 5187 bellorum
3564 5129 3871 5196 immunis,

2226 5228 2488 5296 tempore
2537 5221 2824 5294 sequenti,
2873 5219 3204 5277 autumnali
3253 5219 3477 5277 scilicet
3526 5224 3703 5294 atque
3750 5219 3870 5276 hie-

2228 5312 2386 5369 mali.

2840 5400 3069 5457 CAPUT
3108 5400 3250 5457 XXI.

2582 5489 2733 5559 Quod
2761 5505 2861 5546 rex
2879 5488 3061 5545 Achon
3084 5490 3272 5546 urbem
3301 5487 3522 5546 obsedit.

2302 5584 2467 5637 Anno
2499 5580 2658 5651 “03,
2688 5582 2952 5657 tempore
2980 5578 3156 5651 veris,
3189 5594 3324 5638 cum
3356 5576 3578 5639 Pascha
3608 5594 3680 5641 ex
3717 5587 3866 5636 more
