3994 6066
83 344 204 416 881

833 351 1256 416 FULCHERII
1301 352 1638 415 CARNOT.
1686 352 1891 416 HIST.
1940 354 2351 417 HIEROSOL.
2387 389 2465 401 -
2493 353 2641 417 LIB.
2689 354 2767 417 II.

3391 332 3510 418 sse

86 487 149 544 in
183 484 549 542 Ilierusalem
578 483 1060 553 eelebrassemus,
1094 485 1300 541 urbem
1326 484 1524 541 Achon
1557 484 1743 541 Ptole-
1775 489 1831 556 Α
1863 489 2123 545 mundus
2155 488 2342 545 nimia
2372 468 2738 559 anxius,raro
2770 484 3001 563 navigio
3036 486 3433 546 transfretavit
3454 488 3516 545 in

87 578 352 633 maidam
386 574 604 631 dictum
636 591 734 631 rex
761 592 893 632 cum
926 575 1248 632 exercitulo
1279 592 1388 631 suo
1442 592 1758 648 aggressus
1866 578 2159 651 Apuliam,
2197 583 2350 635 terra
2382 597 2486 635 sua
2514 584 2634 635 tota
2665 580 2963 636 Tancredo
2998 578 3335 635 commissa.
3368 579 3514 636 Cum

86 665 340 723 obsedit.
376 666 485 721 Sed
518 666 658 738 quia
687 681 856 721 muro
900 669 958 720 et
1016 665 1372 721 antemurali
1426 665 1592 720 fortis
1637 669 1763 721 erat

92 755 288 822 valde,
326 772 440 810 non
477 754 667 827 potuit
696 771 827 809 eam
870 757 1011 809 tunc
1063 755 1578 826 comprehendere,
1612 772 1761 826 prae-

98 845 309 901 sertim
342 860 475 899 cum
509 843 857 899 mirabiliter
887 844 1190 900 Sarraceni
1226 843 1577 916 probissime
1601 843 1762 899 intus

101 942 168 991 se
200 935 598 991 defenderent.
633 934 777 989 Cum
810 939 1003 990 autem
1034 938 1154 989 tam
1188 938 1413 1005 segetes
1446 950 1623 1005 quam
1655 933 1764 987 vir-

104 1024 253 1097 gula
312 1040 534 1092 eorum,
569 1024 887 1096 hortosque
946 1023 1324 1090 devastasset,
1366 1024 1614 1095 Joppem
1673 1039 1760 1078 re-

106 1113 239 1169 diit.

712 1201 944 1259 CAPUT
993 1201 1165 1257 XXII.

252 1295 327 1349 De
351 1294 600 1365 principe
627 1292 944 1349 Boamundo
971 1309 1004 1347 α
1034 1294 1350 1363 captivitate
1380 1292 1628 1347 liberato.

189 1387 268 1439 De
297 1382 536 1438 domino
557 1386 752 1437 autem
775 1381 1114 1437 Boamundo
1136 1380 1544 1437 desiderabilis
1568 1396 1768 1435 rumor

113 1472 255 1528 exiit
286 1476 427 1527 tunc
458 1470 811 1543 divulgatus,
844 1471 984 1543 quia
1011 1472 1080 1526 de
1129 1471 1449 1526 Turcorum
1501 1469 1767 1525 custodia

112 1561 217 1618 Dei
250 1561 440 1633 gratia
476 1560 758 1616 liberatus
804 1566 911 1616 est.
949 1561 1079 1632 Ipse
1127 1564 1321 1615 autem
1374 1560 1666 1631 quomodo
1697 1559 1767 1613 de

113 1650 452 1723 captivitate
481 1651 817 1723 redemptus
847 1650 1081 1713 exierat,
1116 1667 1219 1721 per
1266 1649 1539 1703 nuntium
1590 1664 1766 1705 suum

114 1740 452 1796 mandando
480 1743 686 1795 notum
720 1739 936 1807 fecit,et
967 1738 1067 1811 qui
1087 1738 1403 1793 Antiochiae
1431 1738 1592 1808 prius
1616 1737 1770 1809 prin-

115 1830 352 1903 cipatus
382 1830 592 1898 fuerat,
622 1834 825 1902 postea
854 1830 1179 1902 gaudenter
1199 1847 1232 1885 a
1252 1828 1475 1884 civibus
1498 1828 1621 1884 suis
1645 1845 1769 1883 sus-

112 1925 345 1992 ceptus,
376 1924 595 1975 terram
622 1918 782 1975 illam
817 1918 1143 1975 nobilitavit
1171 1922 1226 1974 et
1256 1918 1533 1991 possedit,
1562 1917 1767 1973 Laodi-

72 2068 75 2071 _
115 2011 272 2065 ciam
305 2008 617 2074 civitatem,
652 2025 827 2081 quam
875 2009 1214 2064 Tancredus
1264 2012 1466 2081 postea
1514 2010 1765 2079 ceperat,

114 2102 170 2155 et
202 2097 550 2154 hominibus
581 2098 949 2170 imperatoris
980 2095 1611 2169 ConstantinOpolitani
1636 2096 1768 2151 abs-

112 2187 352 2254 tulerat,
383 2186 643 2259 suscepit
690 2186 932 2259 insuper
976 2187 1377 2242 Boamundus.
1412 2186 1575 2242 Unde
1615 2186 1767 2240 Tan-

114 2277 290 2333 credo
322 2276 392 2332 de
419 2281 575 2332 terra
604 2293 711 2331 sua
741 2279 1136 2349 competenter
1168 2275 1393 2342 tribuit,
1415 2279 1471 2330 et
1496 2291 1631 2330 eum
1656 2274 1767 2331 sibi

114 2370 419 2441 gratanter
448 2364 792 2439 paciﬁcavit.

715 2473 943 2530 CAPUT
982 2472 1170 2529 XXIII.

304 2563 379 2619 De
409 2579 532 2635 rege
558 2579 729 2635 usque
756 2562 825 2618 ad
853 2570 1083 2619 mortem
1106 2578 1244 2633 pene
1274 2562 1603 2617 vulneratos

182 2654 473 2725 Tempore
504 2651 623 2720 illo,
658 2668 793 2725 rege
832 2650 1116 2707 Balduino
1167 2656 1371 2706 contra
1418 2651 1769 2706 Sarracenos

115 2760 279 2799 more
309 2741 482 2797 solito
513 2746 791 2807 certante,
825 2740 1069 2813 contigit
1112 2741 1369 2813 quodam
1419 2739 1511 2795 die
1540 2756 1672 2794 eum
1706 2738 1764 2793 in

117 2850 340 2906 paucos
373 2848 575 2887 eorum
608 2830 911 2896 irruere,et
940 2831 1080 2885 dum
1115 2831 1186 2885 de
1216 2829 1545 2885 interitione
1566 2845 1768 2884 eorum

111 2923 235 2993 jam
272 2926 470 2976 certus
499 2920 608 2976 sub
639 2937 740 2992 spe
774 2920 1071 2992 gauderet,
1105 2918 1365 2991 Ethiops
1416 2935 1570 2973 unus
1622 2933 1770 2989 pone

118 3026 327 3083 rupem
360 3007 942 3075 delitescens,eallide
972 3008 1287 3063 insidiatus
1318 3012 1405 3062 est
1430 3007 1502 3071 ei,
1536 3011 1601 3061 ut
1630 3006 1773 3061 inte-

120 3099 376 3156 rimeret.
411 3098 517 3165 Qui
552 3097 761 3153 missili
810 3095 1033 3153 fortiter
1061 3096 1306 3163 vibrato,
1341 3113 1519 3168 prope
1551 3112 1649 3151 cor
1679 3111 1771 3150 re-

118 3206 252 3263 gem
285 3206 320 3245 a
350 3188 523 3245 dorso
574 3187 859 3260 profunde
913 3184 1254 3241 vulneravit.
1298 3187 1419 3251 Quo
1482 3184 1597 3239 ictu
1654 3184 1770 3237 fere

121 3296 311 3352 usque
376 3278 448 3333 ad
518 3293 717 3333 necem
784 3292 918 3331 eum
986 3274 1154 3331 laesit.
1208 3275 1317 3330 Sed
1373 3291 1506 3329 eum
1567 3276 1772 3346 postea

122 3385 182 3425 se
229 3366 508 3423 medicari
561 3362 806 3421 sollicite
857 3363 1204 3431 studuisset,
1241 3367 1372 3435 post
1422 3361 1770 3419 incisionem

122 3456 300 3513 etiam
360 3452 647 3511 cicatricis
702 3457 913 3510 vexata
974 3470 1177 3525 sospes
1234 3452 1473 3508 tandem
1532 3451 1772 3507 effectus

121 3551 230 3602 est.

716 3629 949 3687 CAPUT
990 3629 1185 3686 XXIV.

159 3729 237 3781 De
265 3723 518 3795 captione
546 3723 700 3776 urbis
730 3721 932 3788 Achon,
966 3736 1092 3793 qua:
1122 3721 1280 3791 vulgo
1310 3720 1483 3775 Achra
1514 3719 1736 3773 dicitur.

188 3815 361 3869 Anno
394 3811 554 3877 4104,
588 3813 881 3865 transacta
911 3808 1123 3875 hieme,
1157 3826 1291 3864 cum
1323 3808 1381 3863 in
1416 3805 1776 3863 Hierusalem

121 3919 300 3958 verno
332 3900 571 3957 florente
603 3898 834 3955 Pascha:
869 3898 1153 3954 solemnia
1185 3898 1475 3954 celebrata
1505 3895 1774 3963 fuissent,

125 4009 221 4048 rex
254 3989 579 4046 Balduinus
610 3992 960 4060 congregata
991 3992 1161 4059 gente
1211 4004 1319 4043 sua
1367 3985 1660 4059 profectus
1690 3989 1779 4040 est

123 4080 349 4149 Achon,
376 4082 435 4133 et
466 4077 679 4133 iterum
721 4074 949 4132 obsedit
996 4092 1148 4131 eam.
1179 4076 1263 4130 Ad
1294 4076 1447 4147 quod
1494 4079 1780 4130 venerunt

124 4170 455 4225 Januenses
498 4183 631 4223 cum
663 4165 850 4221 classe
878 4166 950 4219 70
981 4163 1215 4219 navium
1269 4168 1679 4220 rostratarum.
1712 4164 1781 4219 Et

126 4275 257 4313 eum
293 4255 589 4311 civitatem
623 4254 914 4310 machinis
967 4259 1024 4309 et
1074 4253 1517 4326 pervasionibus
1563 4252 1781 4308 crebris

127 4365 227 4420 per
251 4344 467 4418 viginti
494 4345 619 4400 dies
649 4342 1033 4399 circumcirca
1065 4340 1784 4414 cohibuissent,perterriti

127 4436 297 4492 valde
332 4432 659 4496 Sarraceni,
691 4431 903 4488 vellent
951 4430 1192 4501 nollent,
1227 4432 1605 4487 reddiderunt
1653 4447 1781 4486 eam

130 4524 425 4599 regi.Erat
451 4522 608 4577 enim
640 4520 810 4577 nobis
839 4520 1006 4576 valde
1034 4518 1668 4593 necessaria,quoniam
1704 4521 1785 4574 in-

132 4620 220 4670 est
249 4613 303 4669 ei
339 4616 542 4684 portus
573 4611 715 4666 adeo
748 4610 910 4666 utilis
944 4614 1008 4665 ut
1042 4612 1191 4666 inter
1220 4610 1434 4665 mcenia
1456 4626 1664 4665 secura
1686 4627 1782 4664 na-

132 4720 231 4759 ves
261 4699 733 4774 quamplurimas
765 4716 904 4757 sane
934 4699 1242 4772 concipiat.

132 4828 248 4877 Jam
280 4825 472 4875 novies
502 4827 621 4874 orto
653 4826 865 4888 gemino
895 4826 995 4874 sub
1025 4824 1196 4874 sidere
1228 4824 1445 4881 Phoebo,

133 4899 269 4948 Urbs
305 4896 494 4948 Achon
527 4896 735 4957 capitur
762 4896 1088 4946 Ptolemaida
1110 4910 1229 4958 quae
1260 4896 1539 4954 vocitatur,

140 4972 298 5020 Anno
331 4967 555 5017 milleno
585 4970 813 5018 centeno
842 4981 1010 5017 necne
1040 4969 1321 5030 quaterno.

138 5043 249 5091 Non
285 5043 371 5089 est
392 5038 522 5088 urbs
553 5038 798 5088 Acheron
821 5052 981 5100 quam
1011 5037 1234 5100 quilibet
1256 5037 1483 5087 aestimat
1510 5036 1711 5086 Achon.

140 5112 232 5162 Illa
262 5109 538 5169 Philistoa,
570 5107 896 5159 Ptolemaida
926 5108 1119 5157 dicitur
1148 5109 1264 5156 ista.

143 5218 294 5275 Urbe
330 5221 533 5273 autem
566 5214 650 5272 sic
680 5219 871 5288 capta,
892 5216 963 5270 de
993 5214 1325 5270 Sarracenis
1349 5213 1634 5286 plurimos
1656 5215 1799 5270 occi-

144 5308 381 5371 derunt,
417 5304 706 5378 quosdam
753 5304 946 5361 vivere
995 5303 1421 5376 permiserunt;
1457 5320 1548 5358 res
1597 5321 1797 5359 eorum

145 5400 295 5453 totas
327 5395 685 5451 habuerunt.

758 5483 988 5540 CAPUT
1038 5483 1197 5539 XXV.

182 5574 346 5647 Quod
382 5573 734 5629 Boamundus
763 5574 820 5628 in
855 5574 1065 5645 .4pulia
1096 5575 1451 5644 transfretare
1479 5573 1765 5644 disposuit.

218 5662 441 5720 (Estivo
471 5660 684 5718 deinde
709 5666 969 5734 tempore
1010 5660 1258 5727 evoluto,
1291 5661 1631 5717 necessitate
1664 5663 1803 5718 Boa-

1869 686 1934 724 eo
1965 673 2117 723 tunc.
2136 669 2416 725 transiliit
2445 669 2879 741 Daibertus,qui
2904 668 3235 742 patriarcha
3254 669 3519 725 Hieroso-

1870 758 2161 831 lymorum
2206 759 2412 826 fuerat,
2443 760 2531 814 vir
2577 760 2855 832 prudens,
2890 763 2947 813 et
2977 758 3218 814 consilio
3269 756 3514 831 pollens.

1872 848 1977 902 Ivit
2008 848 2406 917 Boamundus,
2441 852 2507 903 ut
2538 848 2607 902 de
2640 845 3051 902 transmarinis
3080 846 3347 918 partibus
3377 862 3517 919 gen-

1871 940 1989 992 tem
2019 953 2218 991 secum
2249 936 2684 992 reduceret.lvit
2712 939 2908 990 autem
2941 934 3347 1001 Daibertus,ut
3376 951 3518 990 cau-

1873 1043 2000 1082 sam
2034 1043 2202 1081 suam
2234 1030 2290 1080 et
2320 1026 2597 1097 injuriam
2631 1024 2741 1079 sibi
2776 1042 2809 1079 a
2839 1040 2972 1097 rege
3002 1024 3215 1080 factam
3258 1028 3520 1080 Romano

1873 1132 2035 1188 papa:
2069 1116 2481 1172 innotesceret.
2514 1115 2642 1183 Ivit,
2672 1117 2728 1171 et
2756 1113 3217 1187 impetravit,sed
3249 1130 3364 1169 non
3396 1112 3523 1169 red-

1873 1204 1958 1272 iit,
1994 1204 2134 1277 quia
2164 1204 2223 1260 in
2252 1204 2346 1261 via
2375 1203 2540 1260 ohiit.

2473 1311 2701 1369 CAPUT
2737 1311 2927 1368 XXVI.

1877 1401 2145 1472 Quomodo
2178 1402 2512 1457 Antiocheni
2540 1410 2729 1458 contra
2758 1403 2987 1458 Parthos
3018 1401 3339 1457 dimicantes
3358 1400 3521 1473 capti,

2365 1483 2417 1529 et
2444 1474 2668 1546 quidam
2697 1476 2860 1530 occisi
2889 1482 3035 1531 sunt.

1950 1568 2069 1619 Hoc
2111 1579 2284 1631 anno,
2321 1562 2596 1618 commoti
2649 1566 2787 1617 sunt
2836 1562 3030 1618 Parthi
3062 1566 3118 1618 et
3146 1561 3320 1630 Medi,
3351 1565 3527 1634 atque

1877 1652 2149 1721 Chaldaei,
2184 1656 2239 1707 et
2271 1651 2371 1724 qui
2400 1652 2457 1706 in
2491 1651 2905 1723 Mesopotamia
2943 1651 3291 1707 habitabant
3319 1649 3526 1706 afﬁnes

1878 1741 2083 1809 nostri,
2114 1742 2184 1796 ad
2218 1759 2323 1797 nos
2363 1740 2725 1796 Christianos
2772 1740 3195 1813 impetendum,
3230 1744 3286 1795 et
3333 1738 3527 1795 omni-

1882 1831 2052 1886 mode
2084 1830 2740 1903 pessumdandum.Quo
2763 1846 2995 1886 rumore
3016 1830 3086 1885 ad
3110 1846 3217 1885 nos
3244 1844 3431 1901 usque
3452 1827 3529 1885 ef-

1880 1922 2033 1986 fuso,
2057 1919 2368 1991 optimates
2402 1917 2653 1973 universi
2681 1919 2753 1973 ad
2786 1918 3154 1991 excipiendos
3186 1934 3286 1974 eos
3314 1915 3529 1972 nihilo-

1880 2008 2078 2064 minus
2109 2025 2171 2063 se
2200 2007 2768 2080 praeparaveruntEt
2798 2007 3105 2079 praeparati
3136 2010 3276 2063 sunt
3306 2006 3415 2062 sub
3446 2005 3527 2061 fe-

1881 2097 2163 2153 stinantia
2213 2097 2467 2152 domnus
2520 2096 2899 2152 Boamundus
2924 2100 2981 2152 et
3009 2096 3368 2163 Tancredus,
3399 2092 3527 2149 Bal-

1881 2188 2098 2243 duinus
2130 2202 2362 2259 quoque
2391 2201 2587 2241 comes
2618 2186 3199 2252 Edessenus,necnon
3233 2189 3290 2240 et
3320 2180 3545 2240 Gosee?

1879 2276 2055 2343 linus,
2098 2280 2153 2332 et
2206 2275 2513 2331 Daibertus
2566 2273 2663 2330 ille
2722 2273 3303 2347 Hierosolymitanus,
3356 2275 3532 2345 atque

1880 2366 2358 2438 archiepiscopus
2388 2363 2983 2429 Edessenus,nomine
3016 2362 3527 2429 Benedictus,eum

1878 2459 2053 2513 turba
2084 2456 2320 2512 militari
2355 2454 2533 2511 simul
2564 2459 2620 2511 et
2646 2453 2929 2527 populari.
2965 2454 3036 2509 Et
3072 2452 3367 2524 Euphrate
3417 2451 3528 2505 flu-

1880 2546 2035 2603 mine
2066 2551 2495 2619 praetergresso,
2530 2548 2820 2616 Carraque
2850 2541 3056 2598 deinde
3086 2540 3317 2598 civitate
3347 2554 3528 2613 prope

1880 2637 2098 2692 ﬂumen
2130 2634 2396 2690 Achabor
2418 2633 2809 2700 nominatum,
2842 2631 3102 2687 hostium
3136 2628 3530 2703 phalangibus

1880 2724 2277 2789 obviaverunt,
2312 2727 2368 2778 et
2398 2722 2713 2778 commisso
2757 2719 2955 2794 prmlio
2987 2720 3183 2776 statim
3209 2719 3378 2791 juxta
3407 2718 3527 2773 Ra-

1880 2814 2009 2881 eha,
2044 2811 2298 2885 peccatis
2330 2811 2546 2867 nostris
2589 2810 2976 2883 exigentibus,
3010 2808 3069 2863 in
3103 2807 3527 2880 dispersionem

1880 2908 1936 2958 et
1966 2902 2368 2957 confusionem
2399 2898 2714 2955 Christiani
2746 2902 2885 2953 sunt
2906 2897 3240 2962 dati.Cuam
3267 2910 3527 2968 pugnam

1879 2992 2051 3065 longe
2071 2990 2345 3047 omnibus
2368 2988 2756 3044 anterioribus
2773 2985 2946 3043 bellis
2964 2984 3144 3041 fuisse
3162 2983 3525 3052 atrociorem,

1881 3097 2075 3137 rerum
2106 3080 2295 3136 exitus
2328 3077 2691 3133 monstravit.
2726 3076 2811 3131 Ibi
2842 3076 3097 3130 domnus
3141 3073 3371 3146 capitur
3399 3071 3529 3128 Bal-

1881 3169 2097 3225 duinus
2128 3184 2323 3224 comes
2356 3167 2810 3233 Edessenus,rex
2842 3163 3079 3235 quidem
3111 3159 3531 3234 Hierosolymo-

1883 3275 2013 3315 rum
2046 3258 2364 3325 futurus,et
2394 3271 2428 3310 a
2458 3254 2647 3327 primo
2679 3269 2812 3325 rege
2837 3251 3152 3318 secundus,
3188 3248 3533 3323 capiturque

1882 3364 2015 3403 cum
2046 3363 2113 3402 eo
2144 3346 2397 3402 domnus
2428 3341 2768 3399 Goscelinus
2792 3344 3075 3413 cognatus
3095 3340 3257 3411 ejus;
3283 3355 3417 3394 cum
3438 3336 3533 3394 his

1883 3453 2113 3509 quoque
2147 3433 2463 3507 praedictus
2511 3430 3006 3503 archiepiscopus.
3040 3427 3283 3484 Plurimi
3334 3428 3533 3483 autem

1882 3526 1942 3581 in
1974 3527 2363 3580 memoratum
2395 3522 2613 3577 ﬂumen
2645 3519 2862 3587 obruti,
2898 3516 3168 3573 exstincti
3199 3519 3359 3572 sunt.
3385 3514 3534 3587 Equi

1884 3620 1939 3671 et
1970 3613 2137 3680 muli,
2172 3617 2229 3667 et
2258 3628 2436 3683 opum
2471 3609 2701 3665 inﬁnita
2731 3608 2900 3682 copia
2942 3610 3032 3663 est
3079 3604 3325 3680 perdita.
3359 3603 3534 3659 Dom-

1886 3721 1997 3759 nus
2026 3718 2160 3757 vero
2201 3698 2600 3763 Boamundus,
2633 3702 2689 3753 et
2739 3698 2993 3753 domnus
3041 3694 3399 3759 Tancredus,
3433 3709 3538 3765 per

1886 3791 2051 3848 devia
2079 3794 2135 3846 et
2167 3806 2267 3861 per
2295 3785 2636 3843 diverticula
2666 3785 2888 3858 passim
2920 3782 3353 3856 fugientes,nec
3380 3779 3536 3836 viam

1888 3897 1992 3935 nec
2024 3878 2291 3935 semitam
2326 3875 2617 3931 utiliorem
2649 3873 2953 3946 eligentes,
2977 3869 3291 3927 errabundi
3321 3873 3379 3925 et
3407 3886 3539 3925 con-

1889 3969 2002 4025 fusi
2032 3969 2267 4023 tandem
2301 3961 2805 4021 evaseruntMulti
2829 3961 3003 4017 etiam
3023 3959 3251 4032 sagittis
3269 3963 3325 4015 et
3340 3957 3542 4031 pugio-

1890 4060 2065 4114 nibus
2114 4055 2376 4111 translixi
2433 4054 2851 4109 occubuerunt.
2886 4052 2955 4106 Et
2984 4050 3083 4123 qui
3134 4054 3368 4104 Carram
3414 4045 3541 4102 sine

1890 4164 2105 4220 magna
2135 4142 2480 4200 difﬁcultate
2511 4139 3005 4213 comprehendere
3037 4142 3295 4211 possent,
3330 4136 3378 4193 si
3411 4152 3541 4192 eam

1890 4238 1949 4291 in
1974 4234 2180 4308 primis
2203 4230 2796 4301 obsedissent,postea
2817 4244 2921 4284 nec
2945 4227 3115 4283 initio
3140 4243 3244 4282 nec
3267 4226 3325 4280 in
3349 4224 3542 4281 reditu

1891 4323 2134 4397 adipisci
2166 4321 2425 4376 licuit.l§t
2456 4317 2734 4391 quoniam
2758 4317 3044 4372 securitas
3066 4315 3364 4370 interdum
3384 4314 3545 4369 dam-

1893 4432 2034 4472 num
2074 4411 2323 4467 t'allendo
2355 4407 2700 4481 generat,ita
2729 4411 2921 4461 metus
2953 4410 3009 4460 et
3030 4404 3362 4461 sollicitudo
3383 4418 3543 4458 emo-

1892 4505 2223 4560 lumentum
2256 4498 2516 4571 providis
2546 4501 2604 4551 et
2635 4495 2860 4551 timidis
2910 4498 3093 4567 parat.
3130 4492 3339 4547 Nocuit
3385 4491 3544 4547 enim

1816 4608 1862 4671 D
1895 4608 2067 4664 sape,
2103 4594 2167 4644 ut
2197 4588 2482 4660 scriptum
2514 4590 2622 4651 est,
2656 4583 2886 4639 differre
2919 4580 3158 4655 paratis.
3192 4580 3338 4637 Huic
3367 4580 3547 4654 siqui-

1900 4684 2028 4737 dem
2059 4678 2289 4751 negotio
2322 4677 2441 4731 sive
2475 4672 2793 4730 infortunio
2832 4673 2945 4727 duo
2996 4670 3273 4726 nimirum
3325 4669 3547 4736 hostes,

1900 4768 2192 4826 discordia
2236 4770 2293 4822 et
2334 4765 2570 4833 invidia,
2603 4763 2759 4836 genti
2803 4766 3017 4819 nostrae
3069 4760 3413 4827 obfuerunt;
3446 4757 3550 4831 qui

1902 4861 2075 4916 etiam
2137 4859 2207 4911 de
2267 4853 2570 4928 acquisitis
2638 4851 3112 4926 possessionibus
3170 4849 3242 4905 ad
3302 4847 3550 4904 nimiam

1904 4952 2216 5022 egestatem
2251 4944 2533 4999 inclinare
2566 4942 2755 4999 solent
2785 4940 3195 4997 hominesﬂoc
3227 4954 3377 5010 saepe
3404 4936 3553 4991 vidi-

1906 5055 2060 5104 mus,
2096 5036 2203 5091 hoe
2234 5033 2632 5107 experimento
2678 5030 3017 5086 didicimus.
3049 5028 3175 5084 Non
3227 5025 3415 5094 fallor,
3448 5041 3553 5082 nec

1907 5128 2149 5197 ambage
2198 5123 2529 5195 deceptoria
2576 5120 2877 5194 pellirens,
2908 5118 3111 5175 frivola
3169 5118 3552 5174 commentor.

1904 5218 2051 5273 Vere
2084 5217 2142 5269 in
2182 5214 2291 5268 hoc
2340 5211 2542 5266 itinere
2575 5214 2694 5264 tam
2725 5207 3075 5281 periculoso,
3106 5211 3227 5262 tam
3277 5204 3557 5262 formido-

1911 5303 2328 5373 _'oso,molestis
2361 5298 2549 5356 verbis
2580 5298 2649 5353 ad
2682 5296 2925 5352 invicem
2960 5296 3391 5363 exacerbantes,
3425 5296 3559 5351 ante

1912 5392 2144 5450 ruinam
2178 5392 2352 5446 istam
2385 5389 2499 5444 fere
2532 5388 2604 5442 ab
2637 5385 2917 5442 alterutra
2935 5384 3246 5442 voluerunt
3268 5384 3556 5454 secedere,

1913 5488 1967 5537 et
2002 5483 2189 5537 fmdus
2222 5483 2495 5535 mutuum
2537 5492 2930 5549 corrumpere.
2961 5474 3069 5542 Qui
3116 5473 3266 5531 male
3317 5473 3471 5540 facit,
3505 5475 3563 5526 et

1916 5575 2062 5628 bene
2095 5575 2310 5642 sperat.
2344 5569 2466 5639 ipse
2499 5566 2790 5638 siquidem
2824 5564 3207 5621 delirat.Nam
3239 5560 3365 5618 sine
3397 5575 3559 5634 pace,

1917 5661 2001 5718 vel
2038 5666 2241 5716 mutua
2270 5655 2754 5726 dilectione,nihil
2777 5658 2864 5711 est
2884 5655 3001 5711 Deo
3024 5649 3563 5723 acceptabile.lgna-
