3994 6066
190 347 315 411 885

943 346 1365 411 FULCHERII
1410 346 1746 409 CARNOT.
1794 346 1999 411 HIST.
2044 346 2459 409 HIEROSOL.
2490 344 2736 408 —LlB.
2782 342 2859 408 II.

3488 340 3607 409 886

192 486 298 539 aut
326 497 522 555 regem
553 496 687 537 cum
716 479 932 554 populo
964 497 1070 537 suo
1116 479 1177 535 in
1226 479 1375 536 bello
1426 479 1844 536 interimerent.
1874 481 1931 549 Α
1960 483 2249 536 raverunt.
2275 478 2661 553 Eleemosyne
2686 494 2897 551 nempe
2925 476 3133 534 uberes
3164 474 3361 551 egenis
3390 475 3607 550 imper-

188 573 497 645 Augustus
528 574 652 625 erat
681 569 923 625 mensis.
959 568 1260 625 Callebant
1290 569 1445 624 enim
1478 568 1550 624 ab
1600 573 1847 641 utraque

189 665 358 734 parte
388 658 638 732 praeliari
657 657 990 715 differentes
1015 677 1028 727 ;
1056 675 1161 715 nec
1192 676 1298 714 nos
1327 658 1478 725 illos,
1502 675 1606 713 nec
1632 656 1717 712 illi
1740 674 1846 713 nos

188 749 571 822 impetebant.
607 749 879 804 Termino
929 752 1146 817 autem,
1181 754 1246 803 ut
1288 748 1514 820 opinor,
1565 746 1846 803 divinitus

189 838 497 910 disposito,
529 836 818 909 promovit
849 854 909 892 se
934 854 1077 911 gens
1108 837 1331 893 nefaria
1361 838 1431 893 ab
1462 835 1763 902 Ascalone,
1789 840 1848 891 et

188 930 497 999 cceperunt
526 927 598 981 ad
645 943 752 981 nos
796 926 1221 998 approximare.
1256 928 1378 991 Quo
1407 929 1724 997 comperto,
1756 942 1844 981 re-

186 1031 430 1088 gressus
459 1018 548 1070 est
576 1031 675 1071 rex
704 1013 970 1087 Joppcm,
1006 1019 1063 1070 et
1101 1013 1383 1087 equitavit
1412 1031 1600 1086 usque
1629 1015 1700 1069 ad
1732 1014 1844 1069 Ra-

187 1103 415 1160 mulam
445 1103 755 1159 civitatem.
790 1105 858 1159 Et
889 1103 1028 1176 quia
1070 1106 1287 1160 bonum
1338 1108 1462 1159 erat
1509 1104 1845 1159 omnimodo

185 1197 422 1249 nostros
454 1192 700 1249 Domino
732 1192 1043 1260 adhaerere,
1078 1197 1133 1248 et
1161 1192 1219 1247 in
1254 1193 1368 1247 Deo
1417 1209 1578 1264 spem
1626 1196 1843 1247 certam

186 1298 405 1355 ponere
439 1282 613 1352 (Psal.
665 1300 833 1351 LXX“,
887 1284 999 1349 28).
1051 1281 1338 1354 inspirato
1370 1281 1673 1337 aDomino
1728 1282 1843 1338 Deo

186 1370 456 1441 consilio,
488 1370 653 1427 misit
683 1388 781 1427 rex
826 1371 884 1425 in
931 1369 1291 1426 Hierusalem
1343 1370 1614 1425 nuntium
1666 1387 1842 1426 suum

185 1459 466 1517 festiuum
495 1462 568 1516 ad
601 1460 1091 1533 patriarcham,et
1120 1459 1551 1531 clerum,atque
1583 1459 1845 1533 plebecu-

186 1549 331 1619 lam,
362 1550 634 1623 ﬂagitans
664 1554 730 1605 ut
758 1550 966 1605 obnixe
996 1548 1412 1621 omnipotentis
1455 1549 1553 1605 Dei
1583 1554 1846 1605 exoraret

186 1638 670 1707 misericordiam,
705 1643 771 1693 ut
800 1637 1147 1694 Christianis
1179 1638 1303 1693 suis
1331 1637 1388 1692 in
1429 1639 1703 1710 angustia
1736 1655 1842 1710 po-

185 1729 320 1785 sitis
347 1745 514 1801 opem
548 1728 618 1784 de
648 1727 891 1783 excelsis
920 1728 1058 1783 dare
1088 1728 1448 1799 dignaretur.
1482 1727 1678 1783 Noluit
1706 1744 1840 1799 ergo

1955 570 2072 624 titae
2105 574 2261 625 sunt.
2296 569 2425 624 Haec
2457 569 2612 624 enim
2645 572 2782 624 sunt
2810 584 3007 640 opera,
3039 566 3254 639 quibus
3297 565 3452 622 Deus
3482 565 3606 638 pla-

1954 663 2139 726 catur,
2164 658 2381 731 quibus
2412 659 2483 713 ad
2514 656 2763 714 salutem
2796 656 3096 723 excitatur,
3121 655 3339 727 quibus
3368 670 3604 711 conver-

1955 765 2058 804 sus
2089 766 2204 804 non
2235 747 2512 819 relinquit
2543 752 2675 819 post
2705 763 2767 802 se
2797 744 3283 802 benedictionem.

2547 853 2778 909 CAPUT
2817 853 3005 909 XXXI.

1952 949 2146 1016 Pugna
2184 945 2811 1017 Hierosolymitunomm
2859 960 2983 998 cum
3025 943 3333 1017 TurcisLet
3375 941 3606 997 victoria

2249 1014 2454 1089 adepta
2467 1033 2567 1088 per
2594 1018 2853 1071 virtutem
2878 1021 3080 1071 sancta:
3108 1014 3307 1069 crucis.

2024 1107 2169 1163 Cum
2210 1107 2389 1180 igitur
2420 1104 2727 1161 Ramulam
2760 1103 3109 1175 patriarcha,
3144 1106 3209 1157 ut
3238 1101 3460 1159 dictum
3491 1106 3602 1170 est,

1952 1197 2329 1268 pervenisset,
2360 1200 2417 1252 et
2446 1212 2657 1251 aurora
2703 1198 2939 1265 postera
2967 1191 3165 1249 stellas
3194 1192 3477 1264 inciperet
3502 1192 3603 1248 de-

1952 1284 2161 1357 pellere
2184 1284 2489 1350 micantes,
2505 1282 2685 1355 gavisi
2710 1286 2849 1337 sunt
2869 1297 3074 1336 omnes
3094 1282 3165 1337 de
3194 1281 3448 1337 adventu
3471 1297 3599 1348 suo,

1951 1379 2008 1430 et
2038 1373 2267 1429 excitati
2316 1390 2520 1428 omnes
2568 1375 2953 1427 cucurrerunt
2998 1370 3070 1425 ad
3115 1370 3503 1443 presbyteros,
3535 1373 3603 1426 ut

1952 1449 2315 1535 peccata'sua
2335 1462 2450 1518 Deo
2472 1466 2529 1517 et
2549 1461 2633 1517 eis
2655 1460 3087 1517 conﬁterentur.
3102 1459 3186 1514 Ad
3208 1458 3599 1531 patriarcham

1952 1551 2222 1607 similiter
2252 1551 2581 1623 optimates,
2612 1550 2854 1607 verbum
2900 1547 3135 1605 salubre
3164 1548 3400 1621 aliquod
3432 1548 3503 1604 ab
3534 1564 3600 1604 eo

1952 1641 2175 1708 audire,
2206 1646 2263 1697 et
2294 1658 2327 1696 a
2356 1641 2608 1713 peccatis
2638 1640 2761 1695 suis
2790 1636 3009 1694 absolvi
3042 1637 3360 1710 cupientes.
3385 1637 3501 1694 Hoc
3524 1638 3603 1694 fa-

1951 1734 2062 1796 cto,
2095 1734 2252 1785 veste
2282 1728 2596 1802 pontificali
2629 1727 2958 1801 patriarcha
2989 1728 3252 1794 indutus,
3286 1726 3600 1801 gloriosam

184 1818 416 1890 legatus
445 1818 590 1873 satis
613 1821 883 1890 precatus
906 1817 1227 1889 quidquam
1252 1816 1535 1873 mercedis
1558 1816 1839 1889 accipere,
1870 1856 1917 1921 B
1951 1836 2182 1876 erucem
2216 1818 2601 1886 Dominicam,
2623 1835 2747 1890 qua:
2777 1816 2837 1872 in
2865 1816 3084 1873 talibus
3114 1816 3364 1889 negotiis
3389 1815 3599 1872 deferri

184 1906 403 1961 timens
425 1923 493 1962 ne
515 1906 662 1962 forte
685 1905 1029 1978 legationem
1052 1905 1212 1961 illam
1236 1922 1351 1960 non
1370 1909 1567 1977 posset
1586 1906 1835 1978 explere,

187 1999 293 2052 aut
323 1996 648 2051 mercedem
679 1995 841 2051 illam
869 1994 1035 2051 vivus
1084 1995 1401 2068 acquirere.
1436 1995 1547 2050 Sed
1596 2011 1837 2067 sperans

185 2084 539 2157 quandoque
569 2084 639 2140 de
670 2083 867 2139 labore
898 2084 1004 2140 boc
1050 2085 1253 2140 devoto
1307 2084 1837 2139 remunerationem

188 2190 252 2230 se
294 2177 705 2246 perceptarum
736 2190 770 2229 a
816 2172 951 2240 Deo,
998 2173 1536 2245 commendansque
1578 2171 1837 2227 animam

185 2278 358 2318 suam
404 2268 459 2318 et
498 2279 712 2335 corpus
760 2279 934 2317 suum
982 2261 1041 2316 in
1090 2279 1302 2317 manus
1347 2261 1673 2317 Conditoris
1722 2262 1836 2330 sui,

183 2350 646 2424 Hierosolymam
678 2367 919 2424 propere
952 2368 1065 2406 non
1096 2349 1321 2405 distulit
1342 2350 1443 2406 ire.
1464 2351 1571 2417 Qui
1594 2350 1839 2406 Domino

184 2442 433 2497 ducente
455 2439 594 2495 illuc
625 2440 903 2511 pervenit,
937 2443 995 2495 et
1024 2439 1325 2513 ingressus
1359 2439 1652 2495 civitatem
1684 2441 1838 2512 quod

183 2530 479 2603 quaerebat
511 2546 625 2584 non
656 2528 879 2585 celavit.
914 2531 1037 2595 Quo
1069 2526 1461 2591 manifestato,
1482 2528 1721 2598 jussum
1752 2532 1841 2584 est

181 2635 217 2675 a
248 2618 583 2691 patriarcha
610 2634 956 2689 campanam
981 2618 1262 2688 majorem
1284 2633 1511 2683 sonare,
1530 2622 1586 2673 et
1605 2622 1839 2690 gentem

180 2711 317 2763 ante
347 2722 409 2762 se
436 2711 620 2762 totam
652 2706 918 2761 adunari.
954 2730 981 2757 ‹‹
1015 2706 1059 2762 Ο
1091 2707 1317 2772 fratres,
1352 2706 1566 2778 inquit,
1592 2706 1763 2762 amici
1785 2711 1844 2763 et

183 2795 335 2853 servi
366 2795 489 2863 Dei,
521 2812 651 2851 ecce
681 2812 811 2850 vere
861 2795 1078 2851 bellum
1129 2795 1283 2867 quod
1331 2795 1649 2850 audieratis
1681 2796 1841 2851 futu-

182 2901 317 2941 rum
339 2902 351 2954 ;
373 2902 510 2940 nam
544 2884 651 2939 hoc
683 2885 963 2940 referente
995 2884 1221 2950 nuntio,
1242 2883 1442 2957 procul
1473 2884 1650 2940 dubio
1673 2883 1841 2940 nobis

184 2978 275 3031 est
305 2979 596 3047 paratum.
622 2974 690 3028 Et
720 2972 858 3045 quia
886 2973 1011 3029 sine
1043 2972 1237 3028 divino
1269 2972 1482 3029 auxilio
1504 2972 1841 3030 nullatenus

186 3064 350 3138 genti
396 3068 567 3117 tanta:
616 3061 936 3134 poterimus
984 3063 1289 3127 obsistere,
1337 3062 1705 3118 clementiam
1740 3062 1840 3118 Dei

187 3168 394 3208 omnes
428 3150 754 3223 implorate,
790 3155 855 3205 ut
885 3151 1004 3220 regi
1035 3154 1233 3206 nostro
1280 3149 1565 3207 Balduino
1612 3156 1670 3207 et
1717 3152 1842 3207 suis

188 3240 468 3296 omnibus
499 3239 753 3295 clemens
786 3240 1020 3311 adjutor
1049 3241 1107 3294 in
1140 3240 1248 3295 hoc
1280 3239 1475 3312 praelio
1502 3240 1844 3296 imminente
1876 3228 1918 3294 C

189 3328 470 3401 dignetur
499 3328 721 3383 adesse.
756 3327 996 3383 Distulit
1027 3328 1267 3400 quidem
1304 3345 1401 3383 rex
1428 3329 1599 3385 hodie
1629 3329 1849 3384 bellum

193 3416 340 3483 fieri,
376 3417 529 3471 sicut
559 3433 661 3488 per
692 3416 848 3471 hunc
880 3416 1311 3489 brevigerulum
1345 3417 1513 3473 nobis
1543 3418 1715 3473 modo
1748 3435 1850 3472 no-

192 3510 320 3559 tum
356 3504 510 3571 facit,
544 3504 824 3577 quatinus
850 3505 943 3561 die
974 3506 1251 3573 crastina,
1287 3523 1413 3577 qua:
1443 3506 1569 3561 dies
1604 3506 1713 3562 erit
1744 3511 1849 3562 Do-

191 3593 429 3660 minica,
451 3610 569 3665 qua
598 3593 862 3649 Christus
893 3611 926 3649 a
953 3594 1201 3649 mortuis
1234 3594 1568 3665 resurrexit,
1588 3595 1853 3652 securius

191 3681 512 3755 praelietur,
544 3686 601 3738 et
626 3683 920 3752 adjunctis
965 3683 1329 3739 orationibus
1377 3685 1591 3740 vestris
1621 3689 1671 3739 et
1705 3684 1853 3741 elec-

192 3770 457 3845 mosynis
486 3771 640 3843 apud
662 3771 847 3827 Deum
870 3772 1593 3839 roboratus,conlidentius
1615 3778 1852 3847 pugnet.

194 3862 560 3932 Quapropter
587 3860 644 3914 in
676 3859 785 3915 hac
836 3865 1023 3927 nocte,
1060 3862 1232 3932 juxta
1278 3862 1499 3917 dictum
1542 3862 1803 3935 Apostoli
1839 3878 1852 3916 :

194 3950 452 4019 Vigilatc,
485 3956 619 4005 state
650 3950 709 4004 in
739 3949 862 4021 ﬁde,
898 3951 1084 4005 omnia
1117 3959 1291 4005 vestra
1322 3952 1458 4021 ﬁant
1485 3952 1541 4006 in
1591 3953 1858 4007 charitatc

194 4039 241 4110 (Ι
272 4038 397 4093 Cor.
430 4056 545 4105 xw,
586 4038 667 4104 13,
702 4039 810 4106 14).
845 4038 985 4094 Cras
1016 4038 1175 4094 ibitis
1206 4056 1307 4111 per
1336 4039 1460 4095 loca
1484 4040 1541 4094 in
1577 4042 1718 4096 urbe
1749 4041 1859 4097 hac

194 4127 769 4199 sancta,aftligentes
793 4143 892 4182 vos
914 4131 972 4182 et
996 4126 1376 4183 humiliantes
1407 4127 1652 4199 pedibus
1679 4130 1861 4185 nuda-

197 4216 299 4280 tis,
333 4218 393 4269 et
421 4214 737 4270 Dominum
788 4216 971 4271 Deum
1018 4221 1282 4272 nostrum
1336 4216 1427 4288 pie
1457 4217 1860 4289 deprecantes,

201 4308 269 4359 ut
297 4304 372 4359 de
400 4302 777 4359 inimicorum
810 4310 1145 4361 nostrorum
1176 4306 1451 4362 manibus
1482 4323 1589 4361 nos
1632 4306 1858 4363 liberet.

196 4394 320 4466 Ego
338 4393 602 4464 ipsejam
622 4392 761 4448 illuc
783 4394 928 4449 vado
946 4412 959 4461 ;
975 4395 1342 4467 jamjamque
1366 4413 1399 4450 a
1418 4394 1582 4450 vobis
1603 4396 1860 4462 discedo,

200 4498 451 4538 monens
479 4486 558 4549 ut,
576 4481 623 4538 si
657 4482 789 4554 quis
821 4499 887 4537 ex
912 4484 1074 4539 vobis
1107 4484 1203 4540 hic
1230 4484 1504 4540 residuus
1530 4502 1694 4539 arma
1718 4485 1863 4542 ferre

1946 1909 2188 1976 solebat,
2224 1909 2281 1964 in
2315 1908 2589 1963 manibus
2619 1906 2895 1979 sumpsit,
2912 1909 2969 1962 et
2998 1905 3281 1962 ordinatis
3314 1908 3379 1961 ut
3406 1904 3603 1961 decuit

1947 1998 2191 2054 catervis
2223 1998 2294 2052 de
2334 1997 2623 2052 militibus
2670 2000 2726 2051 et
2757 1994 3073 2068 peditibus,
3105 1995 3386 2050 adversus
3415 1994 3601 2050 hosti-

1947 2088 2064 2143 lem
2095 2086 2410 2143 exercitum
2443 2085 2735 2159 progressi
2768 2090 2927 2141 sunt.
2963 2083 3176 2140 Milites
3218 2083 3405 2140 nostri
3436 2088 3603 2139 erant

1950 2178 2273 2250 quingenti,
2289 2176 2543 2249 exceptis
2564 2174 2681 2230 illis
2702 2174 2803 2247 qui
2821 2173 3060 2229 militari
3082 2172 3318 2229 nomine
3338 2189 3452 2228 non
3474 2189 3604 2229 cen-

1950 2268 2250 2334 sebantur,
2268 2271 2466 2322 tamen
2496 2264 2845 2337 equitantes.
2866 2263 3096 2318 Pedites
3123 2279 3255 2318 vero
3278 2261 3462 2318 nostri
3485 2278 3602 2317 non

1950 2356 2206 2429 amplius
2238 2372 2413 2428 quam
2444 2354 2559 2410 duo
2584 2352 2770 2408 millia
2789 2352 3251 2408 aestimabantur.
3267 2350 3483 2425 Pagani
3505 2367 3606 2407 au-

1948 2450 2067 2501 tem
2098 2444 2434 2517 quindecim
2466 2442 2654 2498 millia
2682 2446 2803 2497 tam
2852 2442 2922 2497 de
2962 2441 3259 2514 peditibus
3308 2456 3486 2513 quam
3530 2441 3603 2497 de

1950 2534 2235 2590 militibus
2267 2533 2717 2606 deputabantur,
2752 2531 2851 2603 qui
2885 2535 3052 2587 nocte
3089 2529 3191 2585 illa
3220 2546 3337 2585 non
3368 2528 3538 2602 longe
3569 2546 3605 2585 a

1950 2622 2200 2680 Ramula
2227 2622 2396 2695 quasi
2429 2626 2683 2694 quatuor
2708 2619 2998 2675 milliariis
3018 2617 3298 2691 hospitati
3327 2618 3601 2685 sunt.Qui

1950 2730 2082 2769 cum
2118 2729 2309 2784 regem
2344 2728 2513 2766 mane
2544 2714 2747 2766 contra
2777 2725 2839 2765 se
2868 2708 3132 2764 viderent
3162 2723 3299 2763 cum
3329 2706 3454 2764 suis
3474 2723 3602 2780 pro-

1951 2805 2171 2871 cedere,
2205 2801 2512 2858 confestim
2544 2800 2615 2856 ad
2648 2798 2913 2873 prmlium
2945 2815 3006 2854 se
3038 2800 3406 2870 paraverunt.
3436 2798 3605 2852 Atta-

1952 2909 2085 2948 men
2104 2890 2357 2948 versutia
2373 2906 2572 2946 eorum
2592 2886 3022 2961 aliquantulum
3039 2890 3180 2942 tunc
3198 2888 3478 2959 quassata
3491 2886 3600 2955 est,

1951 2999 2085 3038 cum
2118 2984 2341 3053 partem
2374 2996 2554 3035 unam
2586 2979 2656 3033 de
2705 2975 2957 3032 exercitu
2988 2991 3115 3043 suo,
3151 2975 3250 3031 sed
3292 2975 3600 3042 minorem,

1952 3074 2083 3127 ante
2122 3068 2431 3125 Ramulam
2462 3067 2692 3122 mittere
2724 3065 3155 3138 disposuerant,
3190 3066 3257 3118 ut
3284 3061 3602 3118 exercitum

1952 3163 2221 3215 nostrum
2254 3157 2551 3224 fallerent;
2578 3156 2858 3227 majorem
2880 3169 3011 3208 vero
3032 3155 3258 3223 partem
3289 3149 3442 3206 mitti
3470 3151 3607 3224 Jop-

1958 3265 2090 3321 pem
2123 3249 2469 3312 statuerant,
2503 3249 2569 3300 ut
2598 3249 2656 3300 et
2688 3260 2816 3299 eam
2866 3240 3185 3307 assilirent,
3218 3244 3276 3295 et
3304 3239 3474 3296 nobis
3505 3255 3613 3295 ne-

1959 3337 2281 3393 scientibus
2310 3337 2602 3407 caperent.
2637 3333 2748 3389 Sed
2780 3348 2913 3386 cum
2964 3346 3159 3403 regem
3204 3329 3484 3385 adversus
3514 3344 3614 3384 eos

1960 3426 2044 3482 sic
2076 3424 2335 3496 equitare
2369 3422 2783 3495 prospicerent,
2806 3418 2983 3475 simul
3016 3416 3298 3491 reglobati
3330 3420 3471 3474 sunt
3499 3432 3616 3472 me-

1962 3515 2164 3570 limine
2192 3531 2297 3568 suo
2328 3511 2591 3567 confuso.
2612 3510 2727 3566 Nec
2760 3526 2923 3564 mora
2951 3507 3197 3579 longior,
3217 3506 3314 3562 alii
3346 3504 3490 3562 alios
3513 3504 3621 3560 im-

1963 3602 2449 3676 petierunt.Tune
2480 3599 2662 3672 clypei
2696 3601 2993 3664 resonant,
3013 3601 3070 3652 et
3100 3595 3235 3652 ferri
3264 3594 3468 3651 stridet
3490 3610 3621 3650 acu-

1966 3710 2119 3748 men.
2144 3693 2433 3762 Factoque
2461 3690 2703 3761 impetu,
2728 3688 3004 3759 utrinque
3034 3684 3505 3741 exclamaverunt
3526 3700 3625 3739 no—

1966 3781 2071 3838 stri
2102 3797 2304 3836 omnes
2335 3783 2539 3834 contra
2569 3795 2667 3833 eos
2700 3794 2712 3832 :
2752 3777 2998 3832 Christus
3036 3776 3228 3840 vincit,
3262 3773 3507 3829 Christus
3535 3789 3622 3828 re-

1966 3879 2117 3941 gnat,
2152 3870 2397 3926 Christus
2426 3870 2677 3938 imperat,
2713 3864 2867 3921 sicut
2910 3863 2994 3920 eis
3020 3865 3257 3935 jussum
3291 3862 3496 3917 fuerat.
3531 3858 3623 3916 Illi

1968 3963 2163 4014 autem
2194 3953 2701 4012 circumvallantes
2731 3966 3271 4024 nos,conquassare
3299 3954 3355 4006 et
3385 3948 3625 4005 confun-

1970 4049 2104 4105 dere
2135 4048 2485 4119 putaverunt
2515 4042 2768 4115 penitus.
2793 4042 2968 4098 Turci
2999 4058 3132 4097 vero
3162 4057 3231 4095 ex
3260 4055 3421 4094 more
3452 4037 3627 4110 sagit-

1968 4135 2101 4192 tarii
2133 4153 2239 4191 nos
2271 4138 2423 4190 retro
2452 4137 2745 4205 gyrantes,
2778 4135 2836 4187 ct
2882 4129 3229 4203 sagittarum
3274 4126 3471 4201 pluvia
3502 4125 3624 4200 pla-

1972 4225 2333 4300 gantes,jam
2366 4239 2608 4278 arcuum
2641 4220 2833 4277 officia
2863 4218 3368 4290 dimiserant,jam
3398 4214 3627 4290 vaginis

1972 4331 2141 4371 enses
2180 4315 2564 4378 extraxerant,
2598 4310 2814 4382 quibus
2855 4326 2963 4363 nos
3008 4307 3276 4363 cominus
3322 4304 3624 4374 feriebant,

1972 4420 2107 4459 cum
2139 4420 2254 4467 rex,
2274 4402 2382 4456 hoc
2405 4403 2723 4471 comperto,
2743 4397 3070 4453 audacitate
3092 4394 3360 4452 munitus
3389 4394 3627 4467 signum

1975 4509 2149 4548 suum
2182 4490 2381 4547 album
2414 4489 2484 4544 de
2514 4505 2692 4543 manu
2727 4485 3039 4559 cujusdam
3091 4484 3299 4541 militis
3346 4483 3438 4540 sui
3468 4481 3631 4539 abri-

198 4570 376 4637 valet,
415 4587 644 4626 meeum
676 4575 942 4643 prompte
970 4573 1183 4627 veniat.
1236 4572 1355 4627 Rex
1402 4572 1559 4628 enim
1593 4575 1839 4631 omnibu:

1977 4581 2196 4655 puit,et
2226 4596 2360 4636 cum
2395 4577 2598 4650 paucis
2626 4576 2768 4632 illuc
2792 4575 3092 4632 celerrime
3120 4587 3634 4644 currens,oppres-

201 4658 448 4731 indiget.
488 4681 514 4707 »
565 4657 639 4714 Ut
681 4658 821 4729 quid
873 4658 1005 4730 plus
1055 4660 1296 4715 moror?
1343 4661 1756 4718 Conscendunt
1807 4664 1865 4719 in

201 4765 391 4821 equos
426 4749 527 4802 150
559 4746 736 4803 simul
770 4752 891 4802 tam
924 4749 1148 4819 equites
1179 4765 1357 4821 quam
1390 4749 1630 4820 pedites,
1683 4755 1740 4806 et
1790 4751 1870 4807 ita

205 4841 375 4893 nocte
409 4836 753 4892 imminente
802 4835 1065 4892 celeriter
1094 4842 1488 4910 perrexerunt,
1521 4844 1577 4893 et
1608 4838 1868 4896 diluculo

207 4923 523 4981 Ramulam
557 4925 761 4980 urbem
795 4927 1323 4997 pervenerunt.Qui
1348 4931 1544 4982 autem
1578 4928 1636 4983 in
1669 4930 1871 4985 Hieru-

205 5014 392 5070 salem
428 5018 864 5081 remanserunt,
898 5015 1170 5087 precibus
1220 5019 1277 5070 et
1304 5014 1687 5089 oleemosynis
1720 5018 1870 5073 alfli-

208 5102 627 5176 ctionibusque
657 5104 1092 5160 studiosissime
1140 5109 1511 5159 vacaverunt.
1546 5105 1741 5178 Usque
1768 5107 1870 5163 ho-

206 5210 335 5251 ram
358 5192 748 5248 meridianam
773 5192 1046 5249 ecclesias
1070 5193 1318 5248 invisere
1342 5210 1456 5248 non
1480 5202 1871 5261 cessaverunt.

207 5282 512 5340 Cantando
545 5280 873 5353 plorabant,
911 5281 1193 5355 plorando
1240 5284 1593 5351 cantabant;
1647 5302 1782 5341 nam
1817 5287 1877 5342 in

210 5370 587 5444 processione
620 5370 815 5426 clerici
849 5370 955 5427 hoc
987 5372 1296 5427 faciebant.
1331 5373 1447 5444 Ego
1480 5390 1712 5445 quoque
1744 5392 1877 5431 cum

211 5461 361 5533 ipsis
386 5459 641 5532 nudipes
665 5461 926 5517 orabam.
948 5461 1198 5533 Majores
1219 5462 1393 5517 etiam
1426 5465 1569 5516 natu
1600 5480 1788 5534 usque
1809 5466 1879 5520 ad

213 5550 425 5605 horam
458 5566 676 5605 nonam
710 5550 803 5606 die
828 5550 925 5606 illa
956 5568 1068 5606 non
1096 5552 1610 5616 comederunt,nec
1634 5551 1883 5609 infantes

217 5638 573 5712 genitricum
609 5640 787 5695 ubera
819 5645 1122 5709 suxerunt,
1156 5641 1338 5696 donec
1369 5640 1522 5695 fame
1547 5642 1731 5697 vexati
1764 5642 1884 5714 plo-

1978 4671 2059 4726 sis
2090 4684 2427 4726 succurrere
2459 4666 2687 4738 sategit.
2705 4664 2813 4731 Qui
2836 4680 2971 4719 cum
2994 4662 3215 4730 statim,
3235 4662 3351 4717 Deo
3366 4661 3633 4732 juvante,

1978 4758 2309 4831 impetendo
2340 4756 2559 4810 Turcos
2580 4759 2638 4810 et
2662 4753 2978 4809 occidendo
3003 4750 3399 4825 dispersisset,
3419 4749 3490 4805 ad
3514 4764 3634 4804 ma-

1969 4849 2156 4919 jorem
2194 4844 2630 4901 multitudinem
2663 4844 3119 4899 Sarracenorum
3150 4846 3207 4897 et
3250 4839 3511 4895 Arabum
3540 4837 3634 4893 1E-

1978 4937 2365 5008 thiopumque
2392 4933 2674 5000 recurrit;
2709 4932 2810 4988 sed
2844 4948 2947 4987 nec
2975 4931 3035 4985 in
3072 4927 3497 4996 invasionibus,
3528 4941 3637 4982 nec

1980 5026 2039 5080 in
2069 5022 2549 5096 percussionibus
2574 5026 2959 5092 utrorumque
2980 5018 3235 5092 amplius
3256 5015 3636 5081 immorabor,

1980 5115 2121 5186 quia
2167 5112 2293 5169 volo
2345 5116 2567 5167 arctare
2616 5109 2889 5183 paginam
2940 5107 3128 5164 limite
3174 5106 3452 5181 parciore.
3484 5103 3641 5160 Deus

1986 5203 2140 5259 enim
2161 5202 2534 5273 omnipotens
2551 5216 2850 5256 servorum
2868 5214 3108 5254 suorum
3132 5210 3422 5268 nusquam
3441 5192 3645 5249 imme-

1989 5309 2135 5355 mor,
2157 5290 2358 5346 nolens
2381 5289 2742 5345 Christianos
2766 5305 2906 5343 suos
2927 5305 2960 5343 a
2982 5284 3220 5359 perfidis
3243 5284 3362 5341 illis
3383 5282 3641 5350 destrui;

1990 5380 2089 5453 qui
2123 5397 2223 5452 pro
2254 5380 2381 5450 ejus
2414 5394 2609 5434 amore
2631 5383 2689 5433 et
2717 5375 2952 5433 nomine
2974 5374 3310 5448 ampliando
3332 5374 3403 5429 de
3422 5372 3650 5445 longin-

1992 5470 2123 5541 quis
2156 5468 2421 5541 partihus
2461 5466 2823 5522 Hierusalem
2855 5469 3151 5530 venerant,
3184 5463 3472 5520 dederunt
3502 5475 3648 5533 gens

1992 5557 2173 5630 impia
2206 5559 2404 5631 fugam
2457 5556 2842 5628 repentinam,
2877 5544 3167 5630 fugientes
3198 5569 3384 5627 usque
3417 5548 3647 5608 Ascalo-

1992 5646 2206 5703 nem.0
2228 5645 2277 5702 si
2307 5644 2435 5718 capi
2466 5644 2754 5718 potuisset
2782 5642 3195 5701 Semelumuch
3227 5644 3345 5700 dux
3364 5640 3521 5697 illius
3543 5636 3647 5694 mi-
