3998 6088
326 205 443 268 887
849 207 954 270 AD
999 208 1514 273 GODEFRIDUM
1555 208 1891 271 APPEND.
1936 206 2017 270 II.
2049 239 2130 253 -—
2158 204 2469 287 MONUM.
2513 205 2616 268 DE
2659 204 2912 268 BELLO
2955 202 3236 268 SACRO.

324 339 486 408 litia,
518 338 707 397 multa
736 340 1095 398 numismata
1137 341 1197 397 in
1242 342 1701 416 redemptionem
1735 341 1828 398 sui
1858 339 1981 415 regi
2009 341 2067 408 Α
2095 337 2321 394 ritative
2349 336 2672 413 indulgeat,
2692 341 2749 394 et
2769 337 3061 394 dictamen
3083 336 3241 393 istud
3263 337 3528 394 nondum
3549 354 3585 394 a

329 430 613 487 Balduino
645 429 997 487 exsolveret!
1031 432 1142 488 Sed
1174 448 1289 487 non
1321 431 1524 505 effugit
1579 429 1979 487 Gemelmulch
2058 426 2233 483 'libet
2261 432 2594 500 correptum
2626 431 2856 484 oratore
2889 424 3135 500 jocatim
3189 426 3237 484 si
3286 425 3427 483 velit
3474 426 3751 501 corrigat.

331 519 658 576 admiratus
698 519 1015 587 Asealona,
1049 521 1149 593 qui
1197 520 1457 594 locuples
1487 525 1611 577 erat
1638 518 1824 576 valde.
1858 522 1981 586 Quo
2086 516 2505 573 Verumtamen
2554 516 2813 573 historia
2846 516 3059 573 seriem
3090 514 3753 589 propterpulchritudi-

330 609 701 681 interempto,
736 608 852 665 illis
883 609 1158 665 omnibus
1188 614 1317 665 orta
1345 614 1432 666 est
1459 627 1573 666 non
1608 609 1853 665 minima
1882 609 1980 665 de-

330 696 598 770 ploratio.
628 697 890 754 Alterum
920 698 1323 754 Admiraldum
1357 699 1496 755 olim
1527 699 1878 755 Achonitam
1907 697 1986 754 vi-

329 802 469 842 vum
500 786 887 853 retinuerunt,
922 804 1094 859 quem
1126 804 1223 843 rex
1251 792 1450 844 noster
1494 787 1701 845 redimi
1751 787 1886 843 fecit
1912 789 1984 843 20

331 874 594 931 millibus
626 875 1073 945 numismatum,
1107 880 1315 949 prater
1343 894 1524 950 equos
1571 881 1628 934 et
1675 893 1767 934 res
1815 875 1981 932 alias.

330 964 623 1037 Ethiopes
652 982 784 1020 vero
806 964 1084 1037 quoniam
1106 966 1303 1038 fugere
1324 967 1728 1039 nequiverunt,
1745 966 1804 1022 in
1828 982 1984 1021 eam-

333 1053 424 1126 pis
453 1053 729 1109 trucidati
778 1057 938 1109 sunt.
986 1055 1246 1120 Quatuor
1282 1054 1468 1111 millia
1497 1056 1734 1128 quidem
1763 1058 1886 1111 tam
1914 1054 1986 1111 de

332 1142 635 1214 equitibus
657 1159 833 1214 quam
856 1143 926 1199 de
952 1143 1246 1215 peditibus
1267 1161 1469 1200 eorum
1489 1144 1777 1201 interfecti
1804 1143 1988 1200 fuisse

334 1231 685 1287 referuntur.
726 1233 801 1288 De
833 1232 1049 1289 nostris
1076 1250 1210 1288 vero
1261 1233 1563 1306 sexaginta
1610 1228 1988 1290 tabernacula

334 1336 537 1377 eorum
566 1320 736 1376 nobis
768 1325 1197 1387 remanserunt,
1214 1323 1486 1394 jumenta
1517 1339 1749 1396 quoque
1778 1322 1984 1391 multa,

335 1408 562 1475 cameli,
588 1409 759 1477 asini,
786 1410 1096 1466 dromeda.
1125 1412 1291 1468 Tunc
1320 1412 1477 1468 Deus
1500 1411 1793 1477 laudatur,
1813 1410 1988 1483 glori-

336 1498 566 1562 ﬁcatur,
585 1499 645 1553 in
668 1515 783 1570 quo
803 1497 1074 1554 virtutem
1097 1498 1342 1555 fecimus
1357 1517 1639 1574 magnam
1656 1519 1669 1569 ;
1689 1500 1789 1573 qui
1812 1500 1987 1555 etiam

338 1588 411 1643 ad
442 1587 695 1643 nihilum
729 1588 970 1644 deduxit
1000 1588 1270 1647 inimicos
1296 1593 1547 1647 nostros.
1569 1590 1612 1646 Ο
1635 1590 1786 1645 mira
1806 1589 1989 1645 divini

328 1673 537 1745 judieii
570 1674 886 1731 ordinatio!
909 1676 1053 1732 Ecce
1083 1676 1184 1749 qui
1215 1674 1991 1745 dieebant:«'Eamus,Chri-

339 1762 561 1820 stianos
590 1762 724 1820 illos
753 1781 958 1821 omnes
988 1765 1347 1834 occidamus,
1366 1771 1423 1822 et
1442 1766 1878 1840 possidebimus
1907 1782 1998 1823 eo-

339 1868 471 1908 rum
501 1853 927 1910 sanetuarium.
961 1856 1072 1911 Sed
1101 1872 1209 1913 non
1239 1857 1320 1912 sic
1348 1858 1529 1929 impii,
1576 1874 1687 1913 non
1714 1859 1797 1913 sic
1823 1854 1992 1925 (Psal.

338 1958 380 2008 1,
414 1942 489 2010 4),
523 1942 664 2014 quia
690 1959 794 1998 vos
825 1944 1022 2016 posuit
1051 1944 1206 2002 Deus
1244 1954 1305 2002 ut
1344 1954 1540 2015 rotam,
1572 1955 1623 2002 et
1650 1948 1794 2003 sicut
1821 1948 1997 2017 stipu-

341 2030 455 2086 lam
484 2039 611 2088 ante
636 2033 835 2104 faciem
863 2035 1016 2090 venti
1042 2033 1099 2088 in
1132 2034 1220 2090 ira
1252 2052 1360 2090 sua
1386 2052 1490 2092 vos
1533 2035 1795 2092 confudit
1823 2036 1994 2105 (Psal-

343 2137 513 2192 Lxxn,
534 2121 645 2193 14).
673 2142 701 2171 ››
733 2121 797 2177 In
819 2121 945 2196 lege
975 2140 1083 2179 sua
1111 2122 1453 2195 iuraverunt
1480 2124 1655 2181 etiam
1688 2124 1821 2198 ipsi,
1846 2142 1996 2181 nun-

345 2225 524 2281 quam
556 2213 791 2282 propter
812 2211 1062 2268 Francos
1085 2211 1315 2284 fugere;
1337 2213 1437 2269 sed
1459 2214 1691 2270 tandem
1716 2213 1997 2288 effugium

346 2297 508 2355 salus
536 2302 676 2355 tunc
707 2298 817 2356 fuit
845 2301 1418 2359 eorum.Maluerunt
1448 2304 1772 2376 perjurium
1802 2304 1999 2360 incur-

348 2403 472 2444 rere
502 2403 681 2459 quam
713 2394 899 2445 morte
920 2388 1096 2446 stulte
1116 2391 1324 2464 perire.
1349 2392 1671 2465 Regressus
1691 2398 1781 2449 est
1803 2398 1998 2450 autem

351 2493 452 2533 rex
479 2477 726 2550 Joppem
758 2494 892 2533 cum
925 2479 1160 2551 gaudio,
1193 2480 1293 2536 ubi
1322 2483 1575 2553 pradam
1615 2483 1674 2537 in
1724 2481 1874 2539 bello
1904 2499 1998 2538 ea-

350 2572 512 2640 ptam
545 2566 836 2623 militibus
867 2568 991 2624 suis
1019 2572 1078 2625 et
1098 2569 1392 2642 peditibus
1421 2573 1533 2627 sub
1556 2571 1860 2629 ratiocinio
1881 2571 1999 2629 dis-

349 2656 577 2713 tribuit.
603 2656 809 2713 Adhuc
837 2660 962 2713 erat
990 2662 1125 2714 ante
1152 2659 1400 2733 Joppem
1430 2660 1637 2717 classis
1670 2661 2003 2736 Babylonio-

349 2762 504 2813 rum,
537 2746 637 2818 qui
662 2747 790 2819 jam
816 2747 1161 2820 aliquandiu
1189 2747 1307 2806 illic
1338 2752 1827 2823 exspectaverant,
1851 2751 2001 2808 scire

350 2834 653 2908 cupientes
686 2836 978 2909 quomodo
1008 2841 1067 2893 et
1091 2839 1326 2910 quando
1350 2842 1470 2895 tam
1501 2856 1606 2912 per
1632 2856 1794 2897 mare
1820 2856 1999 2914 quam

347 2940 453 2997 per
491 2928 705 2981 terram
736 2942 845 2982 nos
872 2943 1077 2983 omnes
1106 2931 1164 2983 et
1194 2928 1370 2984 urbes
1400 2928 1729 2985 maritimas
1761 2929 2000 2986 omnino

348 3013 735 3071 destruerent.
756 3016 865 3071 Sed
890 3031 1024 3072 cum
1050 3033 1150 3072 rex
1168 3033 1273 3089 per
1292 3015 1503 3075 nautas
1524 3034 1663 3074 suos
1693 3022 1871 3091 caput
1893 3018 2001 3075 Ge-

2089 623 2223 662 nem
2256 605 2513 679 partium
2547 605 2940 679 pompatieam
2964 622 3077 661 non
3103 609 3441 673 commutet,
3462 620 3537 661 ne
3554 608 3755 678 gesto-

2090 712 2223 751 rum
2270 694 2571 751 veritatem
2620 695 2978 751 mendaciter
3026 694 3366 751 eonfundat.
3420 694 3524 750 His
3566 694 3757 768 gestis

2092 801 2219 857 qua
2250 785 2524 857 superius
2554 784 2712 840 dicta
2741 788 2902 852 sunt,
2930 782 3057 857 ipso
3089 799 3241 839 anno
3264 780 3590 840 declinante
3617 800 3755 840 sen-

2093 872 2282 929 simus
2303 889 2507 929 omues
2525 876 2923 928 terramotum
2946 873 3254 946 grandem,
3268 870 3369 944 qui
3387 861 3754 945 Hierusalem

2094 961 2413 1018 ineramus.
2449 963 2612 1029 Quod
2641 961 2700 1017 in
2732 959 2930 1035 vigilia
2957 954 3783 1043 Nativitatis'Domini‘valda

2097 1068 2204 1108 nos
2237 1050 2461 1108 terruit.
3570 1038 3577 1045 ι
3770 1038 3781 1059 π

2665 1139 2896 1197 CAPUT
2933 1139 3178 1196 XXXIII.

2440 1232 2515 1287 Dc
2541 1232 2717 1300 signis
2746 1230 2808 1303 in
2836 1230 2964 1286 caelo
2993 1227 3419 1303 apparentibus.

2166 1320 2332 1375 Anno
2361 1319 2571 1376 deinde
2603 1319 2760 1388 1106,
2786 1316 3175 1375 nihilominus
3205 1311 3432 1389 cometa
3459 1316 3522 1373 in
3544 1315 3791 1399 athere}

2098 1424 2387 1481 apparens
2415 1424 2523 1464 nos
2570 1407 2741 1464 illum
2787 1407 3181 1481 suspicientes
3217 1402 3521 1483 pavefecit.
3557 1396 3661 1477 Οίυί

2098 1512 2167 1552 ea
2196 1501 2378 1569 parte,
2400 1514 2517 1570 qua
2538 1496 2623 1553 sol
2653 1494 2891 1553 hiemali
2922 1500 3183 1575 tempore
3212 1482 3767 1577 occumberesolet,“

2100 1586 2427 1660 splendoris
2452 1587 2683 1643 alburni
2709 1586 2946 1660 radium
2973 1586 3047 1643 ad
3086 1573 3275 1657 inetar
3326 1573 3463 1653 tela
3501 1573 3663 1665 linea
3692 1581 3759 1650 in

2098 1676 2339 1750 longum
2372 1676 2616 1732 miriﬁce
2667 1674 2959 1749 produxit.
2994 1674 3112 1731 Hoc
3162 1672 3497 1748 prodigium
3547 1688 3797 1755 nempe:

2104 1782 2307 1822 mense
2338 1765 2651 1822 Februario
2681 1763 2923 1835 rutilare
2954 1762 3241 1837 incipiens
3273 1762 3373 1837 die
3396 1769 3511 1836 'quo
3554 1756 3799 1843 lunam;

2104 1854 2633 1928 pronuntiabamus
2682 1854 2969 1928 primam,
3025 1852 3357 1921 futurorum
3404 1839 3791 1933 praesagium;

2107 1926 2433 2000 nuntiabat.
2454 1945 2565 2001 Sed
2599 1926 2738 2017 quia
2771 1945 2840 2000 de
2869 1960 2936 2000 eo
2967 1942 3050 1999 nil
3080 1926 3799 2025 augurari'prasumpsigf“

2106 2050 2260 2103 mus,
2280 2036 2468 2090 totum
2492 2033 2646 2106 quod
2669 2029 3039 2107 signiﬁcabat
3058 2024 3305 2099 Domino
3329 2018 3757 2107 commisimus.

2107 2104 2543 2203 Quinquaginta
2572 2126 2630 2179 et
2657 2104 3011 2196 eo'amplius
3045 2120 3253 2178 diebus
3282 2110 3520 2203 vespere
3542 2104 3761 2203 ’qﬂuoti;

2107 2198 2280 2291 diano
2312 2196 2538 2287 cometa
2558 2210 2655 2268 ille
2684 2228 2789 2285 per
2817 2212 3007 2268 totum
3028 2210 3190 2267 visus
3210 2200 3299 2293 est
3317 2196 3799 2293 mundumfl‘lo'e,‘

2106 2288 2353 2381 tandum
2385 2301 2539 2374 quod
2570 2300 2643 2357 ab
2673 2300 2907 2357 exordio
2927 2298 3019 2379 sui
3041 2288 3365 2381 ortus,_tam
3392 2294 3518 2381 ipse
3538 2288 3801 2381 ορωθιρέῖ

2107 2378 2285 2463 quam
2317 2388 2594 2464 sp'endor
2614 2391 2742 2462 ejus
2764 2388 2968 2446 niveus
2989 2374 3060 2467 de
3081 2388 3175 2445 die
3204 2378 3264 2444 in
3297 2374 3789 2471 diem‘paulatimi'

2107 2483 2446 2536 attenuatus
2498 2482 2608 2547 est,
2638 2480 2781 2535 adeo
2814 2483 2878 2535 ut
2923 2479 2980 2533 in
3030 2474 3256 2535 ultimis
3285 2476 3492 2534 diebus
3520 2476 3635 2540 vim
3654 2475 3762 2555 Ιειιί
3802 2476 3807 2481 ’

2107 2567 2353 2647 luminis
2375 2570 2500 2641 jam
2519 2569 2789 2641 perdens,
2806 2584 3009 2642 parere
3038 2565 3277 2624 omnino
3309 2570 3580 2647 cessaret.
3604 2564 3771 2647 Indi:

2107 2657 2221 2714 late
2251 2661 2449 2714 autem
2472 2674 2671 2714 mense
2691 2658 2916 2725 eodem,
2937 2657 3029 2714 die
3050 2674 3165 2730 quo
3190 2654 3394 2713 lunam
3415 2650 3763 2730 pronuntia-

2105 2747 2299 2804 vimus
2328 2746 2687 2815 vicesimam,
2718 2745 2976 2802 vidimus
3004 2744 3065 2801 in
3097 2743 3239 2802 calo
3282 2745 3357 2801 ab
3403 2743 3547 2801 hora
3591 2742 3795 2827 tertia.

2109 2850 2298 2910 usque
2325 2836 2398 2893 ad
2430 2832 2837 2905 meridianam,
2863 2836 2935 2892 ad
2969 2834 3265 2892 dexteram
3298 2824 3359 2891 et
3384 2828 3777 2915 lavem-solis

2108 2929 2355 3000 partem,
2389 2925 2556 2999 quasi
2592 2925 2738 2981 duos
2771 2924 2923 2981 soles
2954 2923 3119 2993 alios,
3156 2939 3262 2980 nec
3303 2927 3537 3005 tantum
3566 2927 3787 3007 tamen.

2112 3015 2265 3073 sicut
2294 3016 2483 3088 major
2510 3012 2823 3087 fulgentes,
2859 3014 2961 3071 sed
2992 3012 3179 3081 forma
3206 3016 3265 3070 et
3293 3002 3764 3088 lumine'rari'ore

348 3103 645 3161 melmuch
675 3103 947 3160 admirati
979 3104 1039 3160 in
1079 3086 1231 3163 bello
1276 3105 1547 3163 decollati
1592 3106 1651 3163 in
1702 3086 1881 3163 unam
1931 3107 2002 3164 de
2031 3092 2074 3161 C
2111 3086 2480 3162 mediocriter
2506 3086 2837 3160 rutilantes.
2858 3104 2920 3159 In
2944 3119 3196 3176 quorum
3227 3118 3368 3177 gyro
3399 3099 3653 3171 circulus
3671 3086 3767 3157 in?

346 3193 594 3250 navibus
624 3194 1050 3266 eorumjactari
1075 3194 1324 3263 fecisset,
1344 3196 1675 3254 conturbati
1705 3195 1871 3255 valde
1889 3196 2000 3254 hoc

348 3286 666 3356 comperto,
699 3286 757 3339 et
785 3282 1061 3352 exterriti,
1095 3283 1321 3342 diutius
1350 3284 1429 3341 ibi
1464 3290 1622 3343 stare
1661 3285 1997 3344 noluerunt.

349 3372 461 3428 Sed
492 3370 680 3444 gentis
712 3372 1054 3439 confusione
1074 3377 1389 3446 comperta,
1406 3372 1709 3446 paululum
1733 3380 1874 3432 tunc
1895 3393 2000 3431 au-

349 3464 469 3516 stro
502 3460 700 3528 flante,
729 3459 789 3515 in
840 3464 1043 3533 portus
1074 3462 1208 3535 Tyri
1240 3466 1298 3518 et
1326 3462 1562 3519 Sidonis
1609 3468 1997 3520 secesserunt.

350 3552 484 3616 Qua
515 3548 722 3605 classis
748 3565 881 3604 cum
930 3549 1141 3607 deinde
1169 3550 1546 3624 Babyloniam
1595 3556 1996 3623 reverteretur,

351 3636 557 3710 spiritu
588 3636 870 3710 procella,
890 3637 993 3694 Dei
1018 3639 1205 3711 gratia
1234 3639 1405 3697 nobis
1435 3641 1580 3697 satis
1611 3640 1855 3707 favente,
1876 3658 2003 3714 por-

348 3726 509 3783 tibus
538 3727 755 3783 nostris
784 3727 1035 3800 sparsim
1067 3728 1370 3802 naufragio
1402 3728 1719 3785 miserabili
1751 3730 1999 3786 advecta

348 3818 506 3873 sunt.
537 3816 617 3871 De
647 3815 862 3888 quibus
885 3817 958 3871 25
988 3833 1163 3873 naves
1195 3817 1529 3874 Sarraeenis
1560 3817 1764 3891 plenas
1793 3818 2001 3874 habui-

350 3922 517 3974 mus;
537 3903 771 3978 reliqua
800 3922 933 3961 vero
964 3905 1316 3963 veliﬁcantes
1345 3906 1438 3963 vix
1468 3911 1796 3963 evaserunt.
1818 3908 2003 3981 Igitur

350 3992 520 4050 nobis
553 3993 838 4050 Dominus
868 3994 1101 4067 adjutor
1138 3995 1197 4050 in
1242 3994 1718 4052 tribulationibus
1746 3997 2000 4053 existens

349 4082 502 4155 pius,
534 4082 618 4139 sic
648 4083 1040 4139 manifestavit
1068 4084 1552 4157 omnipotentiam
1584 4101 1776 4141 suam.

348 4180 484 4243 Ergo
516 4179 655 4228 diem
675 4178 797 4230 belli
825 4180 1031 4231 cunctis
1057 4178 1183 4231 volo
1215 4181 1529 4231 certiﬂcare.

346 4251 467 4302 Jam
492 4250 673 4300 decies
701 4254 818 4301 orto
847 4250 1045 4302 Phabo
1077 4253 1176 4303 sub
1206 4253 1437 4317 Virginis
1467 4256 1628 4313 astro,

348 4321 479 4370 Cum
509 4321 680 4371 solida
708 4325 876 4372 terras
905 4326 1170 4385 spectaret
1196 4323 1429 4387 imagine
1458 4322 1610 4380 luna,

349 4391 510 4441 Sexta
539 4391 895 4442 Kalendarum
926 4393 1249 4456 Septembris
1278 4408 1397 4443 eum
1428 4393 1714 4458 legeretur,

352 4463 557 4513 Annuit
584 4463 934 4526 Omnipotens
962 4464 1196 4513 Francos
1224 4464 1459 4525 gaudere
1487 4463 1760 4528 triumpho
1793 4481 1805 4515 :

348 4534 480 4584 Cum
513 4533 730 4598 fugiunt
754 4534 974 4593 Arabes,
1004 4535 1158 4585 Turei
1185 4535 1358 4595 simul,
1389 4534 1782 4600 Ethiopesque,

350 4607 474 4656 Pars
502 4608 758 4655 montana
786 4605 932 4668 petit,
964 4609 1209 4656 remanet
1226 4620 1351 4670 pars
1379 4609 1594 4657 mortua
1620 4608 1841 4672 campis.

936 4702 1168 4759 CAPUT
1203 4702 1417 4760 XXXII.

950 4796 1035 4848 Dc
1064 4798 1394 4855 terramotu.

421 4879 707 4948 Quoniam
739 4880 977 4953 quidem
1010 4897 1081 4936 ne
1110 4879 1199 4936 vel
1244 4881 1597 4954 scriptorum
1647 4883 2001 4957 negligentia

345 4969 436 5027 vel
466 4968 782 5041 imperitia,
811 4967 899 5024 vel
932 4969 1082 5040 quod
1116 4968 1231 5024 rari
1259 4974 1423 5025 erant
1453 4970 1719 5039 forsitan,
1755 4972 1841 5028 vel
1875 4974 2000 5030 suis

350 5056 616 5132 impediti
648 5057 806 5113 euris
835 5056 1211 5125 insudabant,
1240 5057 1359 5114 hac
1389 5063 1553 5132 gesta
1581 5060 1858 5118 oblivioni
1880 5078 1997 5118 non

348 5148 568 5218 scripta
595 5147 895 5211 darentur,
915 5145 1095 5201 malui
1126 5163 1232 5221 ego
1266 5147 1603 5205 Fulcherius
1634 5149 1879 5207 scientia
1909 5169 1999 5207 ru-

348 5236 460 5304 dis,
491 5233 725 5308 ingenio
746 5233 977 5306 debilis,
1007 5236 1353 5293 temeritatis
1383 5254 1541 5294 navo
1573 5239 1782 5306 notari,
1818 5256 1996 5313 quam

349 5324 470 5377 hac
501 5339 677 5395 opera
710 5338 826 5379 non
876 5324 1186 5396 propalari,
1220 5330 1396 5400 prout
1442 5326 1628 5384 oculis
1673 5329 1814 5398 vidi,
1843 5329 1932 5385 vel
1964 5347 1999 5385 a

349 5410 696 5468 relatoribus
725 5411 994 5471 veridicis
1025 5420 1402 5488 perscrutans
1444 5416 1754 5491 diligenter
1797 5418 1996 5476 didici.

346 5501 559 5556 Precor
584 5506 778 5561 autem
802 5500 920 5560 hac
938 5503 1324 5579 legentem,ut
1344 5506 1675 5563 nescientia
1697 5523 1837 5563 mea
1862 5508 1998 5565 cha-

2108 3210 2288 3268 super
2332 3192 2606 3268 apparuit
2647 3209 2804 3250 unus
2835 3190 3143 3265 splendore
3186 3190 3495 3271 candidus,
3528 3194 3763 3271 exstans

2108 3282 2495 3356 amplitudine
2541 3286 2823 3355 tanquam
2872 3278 3089 3355 quaevis
3136 3278 3357 3339 civitas.
3395 3278 3553 3336 Intra
3588 3294 3762 3353 quem

2108 3371 2254 3428 alter
2282 3370 2540 3428 circulus
2570 3370 2827 3427 clarebat
2856 3368 3157 3438 dimidius,
3177 3367 3282 3449 iris
3301 3367 3526 3425 habens
3550 3360 3779 3441 simili-Q

2108 3460 2396 3528 tudinem,
2431 3459 2798 3533 quadruplici
2830 3458 3142 3516 distinctus
3182 3456 3390 3528 colore,
3425 3457 3571 3537 etin
3604 3459 3765 3532 parte

2107 3549 2405 3624 superiore
2430 3548 2571 3607 solis
2594 3548 2955 3622 amplexione
2974 3550 3212 3627 arcuata
3234 3563 3422 3621 usque
3444 3546 3592 3627 duos
3613 3538 3765 3603 soles

2099 3640 2227 3713 jam
2259 3639 2447 3695 dictos
2478 3638 2791 3713 attingens.
2828 3638 3045 3711 Deinde
3076 3624 3341 3711 sequenti
3377 3624 3599 3715 menSe.
3622 3635 3765 3712 hora

2109 3726 2299 3784 noctis
2330 3728 2533 3785 media
2565 3727 2743 3784 stella
2771 3726 2899 3783 cali
2930 3726 3130 3800 pluere
3158 3725 3294 3782 visa
3326 3728 3485 3805 sunt.

2686 3834 2915 3893 CAPUT
2950 3831 3186 3889 XXXIV.

2233 3928 2312 3981 De
2334 3923 2535 3996 praelia
2566 3908 3007 3979 Christianorum
3032 3929 3222 3978 contra
3255 3924 3641 4003 Damasceups,

2181 4012 2558 4069 Postmodum
2599 4029 2732 4069 vero
2783 4012 2968 4084 Hugo,
3003 4009 3105 4084 qui
3152 3997 3797 4093 Τίικθῐιίὶίάεξὶιὶξιιιξιὰᾒᾳι,Δ

2107 4105 2249 4158 tunc
2279 4100 2637 4178 possidebat,
2667 4099 2863 4157 astivo
2891 4103 3153 4173 tempore
3183 4099 3462 4158 adversus
3480 4088 3764 4179 militiam

2109 4191 2530 4248 Damascenam
2578 4189 2832 4246 bellavit.
2866 4189 2973 4256 Qui
3004 4205 3140 4245 eum
3173 4187 3264 4246 bis
3303 4187 3365 4245 in
3391 4187 3519 4261 ipso
3564 4185 3765 4260 pralio

2097 4280 2226 4352 jam
2257 4280 2329 4336 ab
2360 4282 2444 4336 eis
2474 4278 2805 4353 repulsatus
2826 4248 2998 4347 esset,
3016 4276 3186 4337 tertio
3216 4271 3352 4359 belli
3385 4248 3630 4343 recursu

2106 4350 2267 4425 mino
2297 4350 2655 4441 suffragante
2700 4366 2884 4447 victor
2929 4367 3113 4447 victos
3162 4352 3260 4427 eos
3293 4364 3609 4441 superavit.

2029 4464 2078 4531 Ι)
2109 4462 2308 4515 centos
2340 4456 2633 4531 siquidem
2664 4474 2732 4514 ex
2762 4446 2849 4513 eis
2872 4444 3107 4527 occidit,
3122 4454 3483 4537 totidemque
3504 4453 3575 4511 de
3596 4444 3767 4533 equis

2107 4564 2310 4604 eorum
2341 4546 2583 4604 retinuit
2610 4565 2624 4617 ;
2658 4542 2868 4623 reliqui
2898 4562 3031 4602 vero
3058 4549 3222 4627 terga
3253 4534 3407 4627 fuga
3428 4625 3433 4627 Α
3454 4543 3773 4625 dederunt,

2108 4634 2321 4692 Mirum
2352 4634 2512 4707 dictu
2533 4631 2548 4690 l
2573 4632 2759 4690 sexies
2790 4628 2995 4707 viginti
3025 4624 3645 4713 quadragiescentum
3670 4624 3765 4709 di-

2106 4727 2468 4797 sperserunt.
2501 4714 2720 4781 Deinde
2753 4739 2917 4779 mora
2945 4738 3062 4778 non
3090 4718 3223 4803 fuit,
3269 4710 3427 4802 cum
3454 4718 3581 4803 ipse
3628 4735 3765 4793 cum

2106 4829 2242 4889 rege
2272 4811 2558 4873 Balduino
2590 4812 2649 4868 in
2680 4810 3044 4886 expeditione
3074 4800 3249 4880 esset,
3281 4807 3347 4867 in
3374 4800 3805 4892 terra‘eadeu‘i“

2106 4901 2225 4959 ictu
2259 4901 2483 4976 sagitta
2512 4901 2682 4975 Hugo
2712 4899 2954 4957 interiit.

2692 4988 2930 5046 CAPUT
2967 4984 3180 5046 XXXV.

2107 5078 2377 5149 Quomodo
2400 5080 2719 5157 patriarcha
2748 5076 2975 5157 Romam
2992 5080 3190 5157 petiit,
3210 5085 3263 5135 et
3300 5075 3366 5137 de
3387 5075 3609 5157 przliis
3635 5075 3761 5151 Ῑοιλο
3802 5146 3809 5157 _

2475 5150 2718 5224 pilarum
2747 5159 2906 5224 atque
2934 5150 3391 5209 Ascalonitarum.‘

2174 5241 2343 5295 Anno
2388 5238 2548 5307 H07,
2581 5226 2978 5296 transfretavit
3024 5224 3376 5312 patriarcha,
3412 5234 3760 5319 Ebremarus
3800 5302 3807 5315 ι

2107 5330 2364 5395 nomine,
2400 5330 2643 5386 Romam
2697 5334 2919 5403 petens.
2953 5324 3314 5396 Quasiturus
3344 5327 3501 5384 enim
3532 5327 3758 5397 eratab
3780 5324 3809 5399 λ

2107 5416 2425 5491 apostolico
2455 5422 2667 5489 utrum,
2688 5417 3021 5492 patriarcha
3063 5419 3411 5493 remaneret.
3441 5413 3587 5489 Nam
3616 5412 3759 5471 Dai-

2108 5507 2310 5565 bertus
2339 5507 2609 5581 superius
2639 5510 2996 5589 memoratus
3027 5505 3789 5608 patriarchatumqreeupﬁj.
