3998 6088
215 251 334 318 889

953 250 1375 315 FULCHERII
1419 253 1756 315 CARNOT.
1803 252 2008 315 HIST.
2053 251 2470 316 HIEROSOL.
2503 284 2580 297 —
2611 250 2759 313 LIB.
2805 249 2882 312 II.

3503 240 3624 308 890

215 385 486 453 raverat;
521 383 623 441 sed
653 381 713 441 in
746 382 935 442 reditu
967 383 1343 457 postmodum
1393 383 1632 441 obierat.
1668 384 1866 441 Mense
1897 391 1950 460 Α
1979 384 2310 458 proficiens,
2344 384 2456 442 nisi
2489 384 2643 457 quod
2693 386 2894 440 contra
2942 381 3353 455 imperatorem
3394 378 3620 452 aliquas

217 477 460 532 demum
490 475 801 530 Novembri
833 475 1037 530 eodem
1069 491 1244 542 anno,
1266 491 1398 530 cum
1431 474 1748 543 insolitam,
1769 492 1868 530 saa-

215 565 421 621 vitiam
449 563 796 620 Ascalonita:
819 564 1178 632 eﬂ‘erverent,
1205 565 1277 620 ad
1311 564 1537 620 radices
1568 570 1869 619 montano-

215 671 353 712 rnm
383 658 722 710 nostrorum
754 653 906 708 inter
950 653 1262 709 Ramulam
1295 658 1351 708 et
1381 653 1746 709 Hierusalem
1779 653 1866 707 in-

217 743 403 801 sidias
431 746 774 815 posuerunt,
790 746 855 798 ut
878 759 1054 797 unam
1088 743 1279 815 gentis
1311 747 1522 799 nostris
1553 747 1864 812 catervam,

218 849 402 906 quam
423 833 494 888 de
515 831 700 904 Joppe
725 830 1082 888 Hierusalem
1107 836 1247 886 tunc
1271 833 1485 888 ituram
1517 833 1865 899 didicerant,

218 938 468 978 occursu
501 921 804 993 repentino
829 919 1186 976 invaderent.
1213 921 1324 977 Sed
1356 921 1464 977 hoc
1493 921 1745 994 Joppitis
1774 921 1868 976 in-

215 1010 448 1078 timate,
481 1010 544 1065 in
574 1025 756 1081 equos
788 1008 984 1064 festini
1017 1011 1497 1066 conscenderunt.
1532 1011 1600 1066 Et
1630 1027 1763 1065 cum
1796 1011 1868 1066 ad

216 1099 415 1156 locum
447 1099 800 1154 insidiarum
831 1097 1037 1153 nuntio
1068 1099 1148 1154 rei
1182 1100 1422 1154 ductore
1462 1104 1866 1171 pervenerunt,

219 1189 561 1244 dubitantes
582 1187 775 1243 adhuc
794 1204 868 1243 an
888 1204 1088 1243 verum
1113 1187 1375 1256 dixisset,
1395 1189 1539 1244 visis
1555 1189 1673 1245 illis
1690 1193 1871 1245 exter-

219 1277 318 1334 riti
347 1277 515 1332 valde
547 1277 890 1332 timuerunt.
913 1281 1089 1332 Erant
1118 1277 1276 1332 enim
1308 1277 1524 1334 milites
1559 1279 1676 1333 fere
1707 1280 1872 1354 quin-

219 1367 405 1440 genti,
437 1369 495 1422 et
540 1365 764 1438 pedites
813 1366 1239 1438 propemodum
1301 1366 1478 1422 mille.
1513 1367 1705 1423 Nostri
1736 1384 1870 1423 vero

218 1455 462 1524 milites,
495 1472 610 1510 nun
641 1454 954 1526 plusquam
985 1456 1074 1510 75.
1109 1455 1333 1520 Quibus
1363 1473 1496 1510 cum
1529 1443 1644 1511 non
1675 1455 1873 1512 liceret

220 1543 400 1601 etiam
428 1543 698 1600 meditari
730 1543 872 1615 quid
902 1543 1178 1611 facerent,
1210 1548 1267 1600 et
1287 1562 1400 1599 non
1427 1549 1550 1600 erat
1571 1545 1654 1601 eis
1685 1545 1870 1600 salva-

220 1634 306 1689 tio
330 1634 380 1689 si
402 1633 689 1706 fugerent,
713 1637 770 1689 et
791 1649 950 1688 mors
979 1650 1096 1688 non
1132 1634 1329 1689 deerat
1359 1635 1406 1690 si
1440 1652 1698 1706 pugnam
1722 1653 1870 1690 com-

221 1722 544 1790 mitterent,
569 1721 794 1795 gr'atius
823 1721 1123 1794 elegerunt
1152 1721 1466 1779 honoriﬁce
1498 1725 1542 1780 si
1580 1726 1875 1798 continge-

222 1815 312 1868 ret
337 1810 510 1879 mori,
541 1827 721 1883 quam
756 1811 904 1884 fugas
951 1811 1198 1867 infamia
1244 1814 1618 1884 postmodum
1662 1813 1869 1870 notari.

225 1901 458 1973 Impetu
492 1900 674 1973 igitur
704 1917 838 1956 mox
867 1899 926 1954 in
957 1917 1056 1956 eos
1096 1903 1248 1957 tacto
1297 1908 1728 1971 momentaneo,
1763 1904 1873 1958 mi-

223 2005 356 2046 rum
382 1989 442 2043 in
464 1989 705 2044 modum
729 1988 1001 2044 hostilem
1033 1991 1217 2046 aciem
1250 1996 1716 2062 penetraverunt,
1742 2010 1872 2064 pro-

223 2078 538 2135 sternendo
571 2094 670 2133 eos
699 2081 756 2133 et
784 2078 1122 2134 occidendo.
1153 2075 1213 2134 In
1246 2097 1359 2150 quo
1393 2082 1708 2137 certamine
1739 2098 1874 2137 cum

221 2166 421 2225 acrius
451 2167 756 2224 Sarraceni
791 2184 852 2223 se
893 2167 1159 2224 viderent
1202 2169 1445 2235 conteri,
1479 2171 1874 2226 audacitatem

223 2272 395 2315 suam
427 2255 677 2312 Domino
719 2255 946 2312 volente
995 2258 1324 2329 perdentes,
1359 2257 1573 2314 bellare
1612 2276 1874 2315 cessave-

224 2349 384 2400 runt.
419 2345 582 2411 Quod
624 2361 758 2400 cum
797 2345 1062 2400 viderent
1092 2345 1308 2403 milites
1337 2348 1542 2415 nostri,
1579 2348 1875 2420 potentius

221 2450 322 2489 eos
347 2437 745 2504 pervaserunt,
769 2438 828 2488 et
848 2450 998 2505 quos
1027 2433 1109 2488 illi
1143 2435 1343 2508 fugare
1375 2441 1742 2507 putaverunt,
1777 2453 1876 2492 eos

222 2522 410 2579 nostri
434 2523 634 2594 fugere
655 2521 1084 2594 compulerunt.
1103 2524 1184 2579 De
1206 2525 1423 2596 quibus
1446 2524 1643 2597 plures
1659 2526 1878 2582 occide-

223 2616 387 2677 runt,
417 2616 476 2667 et
506 2611 576 2666 de
607 2610 773 2682 equis
803 2628 1005 2667 eorum
1040 2612 1326 2684 plurimos
1374 2613 1762 2670 retinuerunt.
1796 2615 1878 2672 De

221 2700 518 2758 militibus
549 2699 766 2756 nostris
797 2717 914 2758 non
961 2701 1276 2774 plusquam
1320 2706 1438 2757 tres
1489 2703 1874 2775 perdidimus.

221 2791 339 2848 Sed
389 2788 660 2846 clientela
701 2805 903 2845 eorum
943 2791 1014 2846 de
1049 2792 1338 2862 jumentis
1389 2792 1606 2849 nostris
1655 2793 1880 2865 aliquot

222 2880 636 2946 abduxerunt;
667 2878 738 2934 de
787 2878 913 2944 suis
970 2882 1154 2936 nostri
1213 2881 1492 2938 talionem
1541 2880 1878 2955 duplicave-

223 2971 386 3028 runt.

807 3058 1035 3114 CAPUT
1069 3059 1306 3116 XXXVI.

1977 475 2328 532 moliebatur
2350 474 2614 540 insidias,
2635 477 2837 529 contra
2859 489 3030 546 quem
3055 487 3285 543 quoque
3305 468 3622 542 imperator

1977 564 2246 630 faciebat,
2273 564 2506 619 tandem
2541 580 2644 636 per
2672 560 3062 618 internuntios
3094 557 3404 622 concordia
3423 557 3622 630 prolo-

1977 659 2129 721 cuta,
2151 670 2284 710 cum
2308 654 2381 708 eti
2391 670 2485 708 am
2508 653 2824 725 imperator
2840 651 2911 706 ad
2929 667 3062 706 eum
3081 665 3213 705 cum
3238 647 3493 712 exercitu
3516 664 3623 712 suo

1969 743 2095 815 jam
2113 742 2594 816 approximasset,
2609 741 2780 798 amici
2798 741 3120 797 adinvicem
3141 737 3622 800 conventionibus

1977 833 2328 888 intermistis
2362 833 2494 888 facti
2523 837 2678 888 sunt.
2711 831 2936 887 Juravit
2959 829 3116 886 enim
3150 827 3488 884 Boamundo
3519 827 3623 882 im-

1978 927 2210 995 perator
2239 939 2415 994 super
2444 921 2722 994 reliquias
2753 918 3228 993 pretiosissimas,
3264 915 3618 990 peregrinos,

1977 1012 2048 1068 de
2079 1013 2296 1084 quibus
2317 1013 2442 1083 jam
2477 1029 2628 1083 saepe
2660 1012 2842 1066 fatum
2875 1014 2982 1078 est,
3016 1014 3135 1064 tam
3167 1007 3225 1062 in
3259 1011 3414 1063 terra
3445 1021 3650 1078 quam_

1977 1101 2036 1156 in
2067 1101 2234 1169 mari,
2271 1105 2489 1173 quanto
2537 1101 2716 1156 latius
2761 1099 3075 1173 imperium
3115 1098 3244 1169 ejus
3275 1095 3622 1158 extendeba-

1979 1193 2096 1256 tur,
2132 1191 2202 1246 ab
2235 1190 2332 1246 illo
2365 1191 2458 1246 die
2489 1194 2544 1248 et
2575 1189 2848 1262 deinceps
2899 1206 2960 1245 se
3009 1187 3368 1244 salvaturum
3398 1187 3622 1244 etcen-

1979 1285 2371 1346 servaturum,
2403 1297 2474 1336 ne
2523 1281 2656 1353 quis
2707 1296 2906 1341 eorum
2953 1277 3321 1350 diriperetur,
3353 1271 3440 1329 vel
3473 1270 3624 1340 male

1979 1374 2348 1424 tractaretur.
2387 1370 2484 1425 llle
2516 1385 2747 1442 quoque
2795 1365 3131 1440 imperatori
3171 1362 3392 1437 juravit
3421 1378 3623 1435 pacem

1980 1466 2036 1514 et
2056 1459 2396 1516 ﬁdelitatem
2421 1459 2756 1514 omnimode
2777 1457 3107 1514 tenendam.
3125 1454 3228 1522 Qui
3249 1453 3624 1526 postmodum

1981 1548 2283 1604 occasione
2314 1549 2515 1604 habita
2547 1547 2820 1620 Apuliam
2854 1545 3389 1616 remeavit,partem
3420 1540 3628 1598 exercis

1982 1642 2078 1692 tus
2109 1636 2198 1692 sui
2253 1637 2536 1693 minorem
2585 1653 2781 1693 secum
2811 1637 3112 1692 reducens.
3147 1633 3286 1688 Pars
3315 1629 3476 1688 enim.
3502 1647 3638 1688 ma-.

1975 1727 2072 1797 jor
2092 1726 2473 1793 Hierusalem,
2499 1732 2561 1782 ut
2584 1729 2848 1781 voverant.
2864 1767 2876 1790 ,
2900 1739 3183 1795 permare
3201 1719 3436 1794 profecti
3466 1723 3624 1788 sunt,
3649 1777 3658 1792 ι

1985 1817 2114 1889 Ipso
2145 1833 2296 1872 anno
2330 1814 2633 1888 Philippus
2666 1832 2764 1871 rex
2795 1814 3050 1870 Francia:
3081 1811 3239 1868 dedit
3270 1811 3444 1866 finem
3476 1809 3624 1866 vitaa.

2523 1905 2755 1960 CAPUT
2793 1903 3083 1966 XXXVIII,

2323 1996 2396 2051 De
2425 1995 2700 2050 obsidione
2728 1994 2880 2050 urbis
2915 1993 3287 2064 Tripolitanae.

2054 2085 2218 2140 Anno
2253 2084 2390 2140 1109
2429 2090 2483 2138 et
2530 2084 2602 2146 ah
2634 2082 2992 2148 Hierusalem
3035 2086 3204 2154 capta
3235 2081 3322 2146 11,
3356 2080 3656 2136 Bertran-.

1985 2175 2095 2229 dus
2119 2173 2433 2229 Raimundi
2466 2172 2696 2228 comitis
2728 2172 2884 2227 filius
2907 2171 3064 2227 venit
3085 2169 3392 2242 Tripolim,
3408 2167 3632 2232 adhibi-

1985 2261 2061 2318 tis
2083 2263 2481 2318 Januensibus
2505 2279 2725 2327 secum,
2741 2278 2876 2316 cum
2900 2259 3086 2334 classe
3105 2257 3340 2314 navium
3359 2258 3633 2328 rostrata-

1985 2369 2118 2406 rum
2142 2352 2257 2406 fere
2275 2353 2366 2406 70.
2383 2353 2516 2416 Quo:
2539 2367 2743 2406 omnes
2767 2349 2845 2412 ibi
2871 2349 3299 2422 applicuerunt.
3320 2348 3505 2420 Quam
3520 2361 3654 2410 ,ιιι-τι.

1985 2441 2138 2508 hem,
2155 2439 2379 2506 scilicet
2399 2439 2936 2512 Tripolim,volebat
2958 2439 3388 2510 impugnare,.et
3408 2433 3518 2498 sub
3536 2449 3654 2506 per.

1985 2529 2094 2584 tris
2117 2530 2205 2584 sui
2222 2531 2356 2601 jure
2387 2529 2752 2584 hmreditario
2784 2527 3078 2601 propriam
3110 2525 3630 2599 possidere.Quam

1986 2635 2119 2673 cum
2151 2617 2452 2674 obsidione
2483 2618 2818 2684 cinxissent,
2854 2622 2980 2680 orta
3011 2616 3112 2684 lite
3141 2614 3448 2672 confestim
3480 2612 3632 2668 inter

1987 2708 2369 2762 Bertrannum
2383 2713 2438 2763 et
2459 2707 2836 2764 Guillelmum
2858 2707 3173 2763 Jordanem
3195 2707 3508 2777 cognatum
3529 2718 3629 2758 su-

1987 2813 2088 2852 um
2121 2795 2220 2869 qui
2251 2813 2379 2851 eam
2403 2813 2634 2868 semper
2653 2797 3117 2868 impugnaverat,
3142 2798 3454 2866 postquam
3481 2791 3630 2864 Rey-

1988 2887 2246 2941 mundus
2259 2903 2454 2942 comes
2467 2886 2708 2953 obierat,
2725 2885 3136 2941 etversabatur
3155 2882 3272 2939 illic
3283 2879 3630 2938 Guillelmus

1987 2974 2046 3029 in
2067 2975 2299 3047 oppido,
2315 2975 2412 3047 qui
2435 2973 2920 3047 Mons-Peregrini
2944 2973 3177 3040 dicitur,
3192 2969 3413 3044 Tripoli
3435 2968 3630 3042 proxi-

1987 3081 2106 3131 mo,
2141 3069 2495 3119 Bertrannus
2527 3063 2756 3120 dicebat
2787 3079 2800 3118 :
2851 3085 2880 3112 ‹‹
2913 3062 3040 3117 Mea
3071 3077 3198 3117 esse
3227 3059 3399 3116 debet
3428 3055 3630 3114 civitas

225 3147 381 3216 Quod
407 3147 760 3206 Boamundus
789 3157 1080 3225 aggregato
1129 3152 1373 3225 exercitu
1403 3158 1608 3206 terram
1637 3152 1874 3222 impera-
1903 3137 1947 3202 C
1983 3152 2349 3209 hereditario
2363 3154 2518 3223 jure,
2541 3152 2680 3225 quia
2697 3156 2861 3224 pater
2880 3167 3065 3219 meus,
3082 3148 3182 3222 qui
3203 3165 3332 3205 eam
3355 3145 3630 3221 primitus

849 3223 983 3276 toris
1013 3223 1259 3277 vastavit.

297 3307 517 3366 Eodem
539 3307 831 3381 siquidem
863 3325 1038 3380 anno,
1072 3315 1384 3382 postquam
1409 3311 1785 3367 Boamundus
1806 3312 1877 3367 de

223 3395 433 3454 Galliis
459 3413 762 3470 regressus
794 3403 901 3468 est,
935 3404 1288 3472 congregata
1331 3404 1503 3472 gente
1555 3405 1876 3472 quantum-

223 3502 459 3560 cunque
481 3486 687 3558 potuit,
714 3488 772 3542 in
795 3491 968 3560 portu
993 3487 1380 3556 Brundusino,
1407 3488 1504 3560 qui
1525 3495 1612 3544 est
1633 3490 1690 3543 in
1724 3495 1877 3562 Apu-

222 3573 581 3646 lia,classem
605 3593 774 3632 suam
797 3576 1156 3648 paravit.Qui
1179 3593 1312 3634 cum
1335 3583 1568 3650 tempus
1589 3579 1660 3634 ad
1685 3584 1873 3634 trans-

223 3664 561 3738 fretandum
603 3669 999 3742 exspectasset
1041 3670 1459 3738 opportunum,
1493 3686 1571 3723 vu
1599 3669 1735 3724 Idus
1765 3669 1876 3724 Oc-

222 3753 413 3826 tobris
443 3770 619 3826 naves
669 3753 918 3827 ingressi
967 3754 1299 3827 Bulgariam
1355 3756 1790 3829 navigaverunt,
1821 3762 1878 3813 ct

219 3841 498 3914 Avalonis
525 3843 720 3916 portui
751 3842 1182 3916 applicuerunt.
1217 3845 1287 3900 Et
1308 3845 1560 3902 Avalone
1591 3845 1875 3902 citissime

221 3931 759 4006 capta,Duratium
791 3933 996 3996 urbem
1029 3933 1410 4000 adeuntes,m
1441 3935 1579 3991 ldus
1610 3935 1875 3992 Octobris

221 4020 601 4096 obsederunt.
635 4021 917 4093 Sedquia
964 4021 1171 4088 civitas
1215 4021 1316 4080 illa
1366 4028 1488 4080 tam
1538 4023 1876 4082 hominibus

221 4125 408 4186 quam
435 4109 786 4182 victualibus
815 4110 958 4176 satis
987 4115 1114 4174 erat
1140 4112 1388 4181 munita,
1408 4113 1742 4171 obsessores
1773 4115 1873 4171 diu

225 4197 512 4276 fatigavit.
573 4199 835 4268 Habebat
893 4200 1144 4271 quidem.
1187 4201 1438 4260 domnus
1495 4205 1874 4261 Boamundus

222 4285 488 4362 quisque
515 4287 704 4354 millia
732 4287 1010 4357 militum,
1043 4294 1102 4344 et
1127 4289 1198 4345 60
1229 4289 1414 4346 millia
1452 4291 1737 4364 peditum.
1771 4294 1874 4350 Fe-

221 4375 447 4454 minam
479 4375 702 4449 quippe
730 4375 956 4446 nullam
987 4382 1127 4436 tunc
1157 4395 1356 4436 secum
1388 4379 1648 4436 transire.
1668 4383 1872 4453 permi-

1985 3241 2332 3314 impugnare
2380 3242 2570 3314 coepit,
2615 3240 2674 3296 in
2723 3240 3070 3296 coarctando
3118 3237 3304 3305 illam,
3343 3236 3640 3310 oppidum.

1985 3331 2164 3398 istud,
2188 3332 2408 3389 scilicet
2431 3330 3111 3403 Montem-Peregrinum,
3137 3343 3350 3400 magna
3371 3325 3629 3399 probita-

1985 3425 2040 3476 te
2062 3423 2386 3488 aedificavit,
2408 3427 2465 3477 et
2495 3426 2628 3494 post
2654 3437 2954 3478 excessum
2983 3435 3159 3474 suum
3191 3415 3332 3471 mihi
3363 3413 3630 3470 obtinen-

1985 3511 2118 3564 dam
2152 3511 2328 3574 dedit,
2354 3512 2493 3566 dum
2517 3512 2800 3566 vivebat.»
2823 3508 3170 3566 Guillelmus
3199 3521 3332 3561 vero
3365 3503 3624 3560 dicebat:

1986 3623 2011 3649 ‹‹
2050 3601 2178 3656 Mea
2211 3601 2410 3672 utique
2445 3602 2616 3656 debet
2643 3618 2791 3666 esse,
2823 3605 2881 3654 et
2913 3598 3139 3662 merito,
3173 3595 3314 3668 quia
3343 3597 3400 3649 et
3428 3593 3628 3650 hostes

1984 3688 2164 3760 hujus
2180 3693 2343 3744 terra:
2367 3689 2722 3745 habitatores
2741 3693 2870 3761 post
2890 3702 3194 3742 excessum
3219 3681 3449 3739 comitis
3469 3697 3627 3738 sem-

1984 3794 2087 3849 per
2108 3778 2334 3833 coercui
2368 3783 2602 3834 strenue
2633 3777 2813 3834 armis
2845 3775 3010 3844 meis,
3035 3778 3094 3831 et
3118 3779 3334 3830 terram
3365 3772 3630 3844 adjacen-

1982 3870 2101 3921 tem
2133 3867 2264 3921 urbi
2298 3866 2658 3939 ampliﬁcare
2702 3865 2901 3922 studui
2935 3869 2991 3920 et
3019 3863 3296 3920 laboravi.
3333 3884 3360 3911 »
3392 3861 3460 3915 Et
3490 3859 3631 3932 quia

1984 3955 2096 4010 sub
2129 3954 2418 4010 discordia
2447 3972 2662 4027 magna
2691 3956 2764 4010 de
2794 3959 2952 4010 statu
2983 3970 3090 4009 suo
3121 3950 3310 4008 solent
3340 3949 3478 4017 labi,
3493 3953 3551 4004 et
3567 3947 3627 4004 in
3655 3977 3663 3994 ι

1983 4044 2294 4100 concordia
2323 4043 2568 4099 minima
2596 4043 2816 4117 augeri,
2836 4042 3183 4100 Guillelmus
3213 4037 3627 4096 malevolentiae

1982 4149 2161 4190 causa
2191 4135 2261 4189 de
2292 4135 2524 4206 negotio
2550 4133 2650 4189 illo
2682 4132 3014 4188 retrahebat
3039 4147 3122 4196 se,
3157 4131 3509 4186 Bertrannus
3527 4143 3634 4182 au-

1981 4229 2100 4279 tem
2133 4240 2265 4278 cum
2299 4223 2422 4278 suis
2454 4223 2660 4277 urbem
2687 4221 2929 4277 viriliter
2957 4219 3282 4284 cohibebat.
3316 4217 3419 4291 Hic
3441 4215 3664 4282 nollet,

1981 4312 2147 4367 illum
2181 4329 2350 4384 posse
2378 4313 2674 4384 proficere,
2698 4310 2794 4368 ille
2817 4326 3050 4382 quoque
3071 4307 3447 4372 nolletetiam
3470 4305 3628 4366 hunc
3667 4341 3672 4346 -

1980 4401 2187 4456 vivere.
2218 4399 2453 4455 Certant
2500 4417 2602 4471 pro
2651 4399 2912 4468 incertis,
2944 4403 3000 4453 et
3030 4401 3170 4452 sunt
3197 4395 3403 4452 incerti
3435 4397 3505 4452 de
3537 4395 3627 4450 in-

221 4464 432 4572 iiiy.‘,ne
464 4463 826 4572 ﬁxere-uibus
860 4466 1306 4572 lim’pedimento
1363 4472 1562 4572 essent
1599 4474 1658 4525 et
1686 4472 1869 4572 oneri.
1908 4510 1951 4572 υ
1979 4490 2178 4544 certis.
2211 4463 2580 4544 Contendunt
2613 4506 2715 4562 pro
2747 4463 3194 4554 mom'entaneis,
3227 4492 3284 4542 et
3311 4503 3430 4544 non
3460 4484 3628 4544 labo-

219 4553 1660 4650 E‘IatfiuidemIFBPer_at°r_conStaHl'inOPOlita-Q“3,
1683 4559 1875 4650 Alﬁxls
1909 4553 1950 4572 υ
1983 4583 2116 4634 rant
2147 4595 2249 4650 pro
2281 4578 2532 4633 aeternis.
2553 4553 2808 4634 currunt
2835 4577 2934 4649 qui
2966 4553 3630 4646 forsitannoncompre-

222 4641 486 4718 nqmine,
509 4643 666 4714 genti
698 4647 910 4712 nostra
941 4646 1080 4710 tunc
1111 4643 1274 4702 valde
1305 4648 1654 4714 contrarius,
1675 4649 1876 4704 etHie-

222 4730 578 4810 rosolymam
611 4732 1125 4805 peregrinantibus
1153 4732 1242 4788 vel
1271 4734 1875 4794 fraudenclandestina

218 4819 314 4884 vel
345 4818 1114 4898 violentiamanifestatam
1153 4839 1258 4895 per
1301 4827 1515 4882 terram
1567 4842 1741 4896 quam
1773 4843 1876 4898 per

221 4924 388 4986 mare
407 4908 786 4984 perturbato;
797 4913 856 4964 et
873 4913 1180 4982 tyrannus.
1206 4912 1564 4985 Quapropter
1586 4915 1874 4970 Boamun-

220 4997 338 5064 dus
367 4993 628 5074 collecto,
663 5003 729 5068 ut
755 4999 979 5066 dictum
1013 5004 1124 5067 est,
1156 5001 1431 5068 exercitu,
1464 5006 1679 5060 terram
1714 5003 1874 5062 illius

217 5085 482 5164 intravit,
514 5087 776 5144 civitates
803 5090 861 5143 et
889 5087 1106 5162 oppida
1136 5090 1626 5162 comprehendere
1657 5093 1869 5150 nitens.

785 5194 1017 5251 CAPUT
1054 5195 1317 5252 XXXVII.

218 5283 302 5344 De
329 5281 624 5344 concordia
671 5284 816 5341 inter
859 5286 1246 5356 imperatorem
1290 5293 1340 5340 et
1371 5285 1750 5345 Boamundum
1778 5307 1870 5346 sa-

771 5364 1049 5424 cramento
1075 5357 1316 5428 ﬁrmata.

287 5465 457 5521 Anno
495 5466 696 5522 autem
729 5465 878 5520 ⁴1108
915 5464 988 5524 ab
1020 5461 1424 5520 Incarnatione
1453 5466 1705 5534 Domini,
1735 5484 1870 5544 cum

214 5551 686 5632 anteDuqatium
702 5553 834 5625 jam
851 5569 956 5626 per
965 5551 1438 5614 unumsediseett
1457 5569 1700 5626 annum,
1729 5555 1873 5615 nihil

1983 4668 2266 4724 hendunt.
2306 4667 2667 4732 Remanebat
2709 4666 2886 4739 igitur
2915 4665 2975 4721 in
3010 4663 3159 4722 bivio
3190 4663 3477 4726 bravium.
3511 4663 3628 4719 Non

1983 4762 2071 4813 est
2099 4758 2372 4814 currentis
2404 4756 2599 4829 igitur,
2630 4772 2803 4828 neque
2835 4756 3059 4812 volentis
3090 4775 3108 4810 :
3133 4754 3225 4811 sed
3254 4761 3334 4822 est
3363 4753 3652 4812 miseriam,

1982 4848 2053 4903 tis
2083 4849 2189 4903 Dei
2220 4848 2392 4920 (Rom.
2427 4863 2502 4914 ιχ,
2541 4845 2646 4917 16).
2681 4845 2942 4912 Necdum
3001 4845 3222 4902 urbem,
3251 4845 3541 4916 ceperant,
3570 4845 3628 4897 et

1974 4937 2101 5007 jam
2133 4936 2204 4992 de
2233 4940 2475 5008 captura
2506 4933 2934 5005 litigabant.Ad_
2961 4938 3168 4994 nutum
3200 4931 3302 4990 Dei
3331 4934 3664 4994 momenta.

1980 5025 2361 5091 transvolant,
2383 5029 2440 5081 et
2470 5024 2855 5096 cogitationes
2887 5022 3191 5078 hominum
3214 5039 3372 5078 vanae
3396 5021 3629 5077 subver-

1978 5117 2206 5169 tuntur.

2553 5202 2784 5259 CAPUT
2819 5200 3058 5257 XXXIX.

2303 5292 2571 5362 Quomodo
2600 5293 2730 5349 urbs
2767 5292 3000 5362 Tripolis
3029 5298 3187 5382 rapte

2052 5385 2120 5440 Et
2145 5399 2260 5458 non
2286 5384 2392 5437 fuit
2423 5398 2610 5449 mora,
2634 5387 2947 5458 postquam
2970 5399 3069 5438 rex
3091 5376 3415 5458 Balduinus
3437 5376 3513 5432 ad
3531 5376 3632 5432 ob-

1984 5467 2276 5532 sidionem
2305 5473 2460 5528 venit
2490 5473 2674 5544 illam,
2708 5473 3058 5542 deprecatus
3087 5472 3176 5524 est
3213 5468 3543 5534 Januenses
3573 5469 3652 5530 ut,

1985 5563 2117 5640 ipso
2153 5577 2309 5619 anno
2341 5564 2614 5636 juvarent
2651 5577 2783 5621 eum
2815 5556 2888 5613 ad
2921 5557 3262 5632 capiendam
3295 5553 3639 5616 Ascalonem
