3994 6066
294 217 409 287 891

810 221 914 285 ΑΒ
959 219 1474 289 GODEFRIDUM
1518 221 1853 286 APPEND.
1898 220 1977 283 Il.
2010 253 2087 266 —-—
2115 218 2430 285 MONUM.
2478 222 2580 285 DE
2620 221 2869 286 BELLO
2914 221 3190 286 SACRO.

3580 220 3701 287 892

296 361 471 431 atque
501 354 781 424 Beritum,
816 372 921 413 nec
950 330 1065 412 non
1098 357 1396 414 Sidonem.
1416 357 1485 413 Et
1510 356 1775 430 contigit,
1796 355 1938 412 dum
1967 355 2022 422 Α
2051 355 2353 427 petebant;
2377 355 2477 429 qui
2500 373 2601 429 per
2617 355 2916 429 regionem
2938 354 3098 413 illam
3116 353 3455 413 catervatim
3478 356 3702 414 discur-

298 447 636 503 ordiebatur
665 446 1038 502 concordiam
1071 446 1195 502 fieri
1226 447 1379 502 inter
1409 448 1557 502 duos
1589 449 1942 501 memoratos

297 535 559 601 comites,
599 535 792 591 nescio
824 552 939 608 quo
976 536 1315 603 infortunio,
1349 537 1489 591 dum
1522 539 1693 591 noctu
1725 534 1944 606 equita-

298 626 398 682 bat
426 623 774 681 Guillelmus
822 624 920 679 ille
968 625 1281 693 Jordanus,
1315 625 1537 698 sagittae
1588 624 1705 679 ictu
1755 641 1940 696 parvae

298 712 448 770 clam
473 713 1182 770 interiit.Sciscitabantur
1193 731 1395 770 omnes
1413 714 1545 786 quis
1561 713 1670 769 hoc
1688 713 1938 779 fecisset;

299 804 400 859 sed
432 802 541 858 hoc
564 803 860 858 addiscere
893 805 1297 874 nequiverunt.
1328 803 1396 858 Hi
1428 802 1647 867 dolent,
1690 801 1773 856 illi
1805 820 1944 875 gau-

300 892 457 948 dent.
496 890 561 946 lli
591 890 793 964 lugent
823 892 1100 959 amicum,
1137 891 1219 946 illi
1252 890 1522 947 laetantur
1552 909 1726 964 super
1753 889 1944 945 inimi-

301 997 434 1036 cum
458 980 756 1035 obrutum.
782 980 1083 1035 Remansit
1106 982 1460 1036 Bertrandus
1488 981 1641 1054 regis
1673 978 1941 1035 Balduini

299 1069 473 1125 homo
506 1069 763 1124 effectus.
797 1070 960 1124 Tunc
992 1069 1194 1124 civitas
1227 1070 1486 1142 undique
1518 1073 1808 1125 coarctata
1831 1072 1940 1125 est.

301 1158 593 1214 Laborant
624 1158 865 1229 externi,
897 1163 1180 1214 vexantur
1228 1158 1461 1214 interni.
1497 1160 1605 1214 Sed
1639 1175 1773 1214 cum
1804 1159 1943 1213 Sar-

300 1246 494 1303 raceni
553 1246 718 1301 valde
778 1251 1231 1317 marctarentur,
1266 1252 1321 1304 et
1351 1248 1514 1303 nulla
1545 1265 1678 1321 spes
1702 1249 1827 1317 jam
1859 1247 1943 1302 eis

302 1339 455 1393 esset
486 1336 788 1404 evadendi,
825 1338 932 1391 sub
966 1337 1098 1392 fidei
1133 1337 1399 1409 pactione
1421 1339 1639 1410 jurata,
1667 1341 1722 1392 et
1750 1354 1784 1391 a
1812 1353 1945 1408 rege

301 1424 667 1491 confirmata,
694 1442 764 1480 ne
794 1425 1215 1493 occiderentur,
1233 1427 1333 1482 sed
1358 1443 1706 1498 quocunque
1735 1423 1947 1481 vellent

304 1514 429 1571 sine
460 1513 915 1570 contradictione
946 1513 1190 1583 abirent,
1211 1515 1481 1588 permissi
1503 1520 1643 1571 sunt
1662 1532 1730 1571 ea
1750 1514 1946 1569 condi-

302 1603 459 1659 tione
481 1619 578 1658 rex
597 1607 652 1659 et
673 1602 764 1660 sui
787 1604 846 1657 in
869 1621 1045 1659 unam
1070 1603 1233 1677 urbis
1264 1608 1486 1677 partem
1522 1604 1768 1677 ingredi.
1784 1604 1946 1668 Quod

2050 450 2263 512 rentes,
2315 446 2471 517 regis
2527 446 2941 518 exspectabant
2997 447 3333 502 adventum.
3387 446 3499 502 Sed
3558 446 3701 519 quia

2051 533 2312 590 sciebant
2343 534 2559 591 milites
2589 539 2822 592 nostros
2870 552 2997 591 esse
3036 534 3421 608 probissimos
3452 535 3699 592 bellato-

2050 641 2164 692 res,
2198 628 2255 679 et
2285 624 2585 680 mirabiles
2617 625 2687 679 de
2717 623 2938 681 lanceis
2983 640 3376 697 percussores,
3411 641 3526 681 non
3559 629 3700 681 sunt

2051 713 2179 768 ausi
2211 724 2344 769 cum
2377 714 2462 769 eis
2491 712 2709 769 bellum
2740 714 3245 781 committere,sed
3276 713 3520 786 fugitiva
3543 713 3701 770 calli-

2051 804 2231 859 ditate
2263 803 2335 858 ab
2368 803 2452 858 eis
2483 803 2833 859 divertentes
2863 819 2967 858 nec
2996 801 3214 860 bellare
3244 803 3556 871 audebant,
3593 820 3699 859 nec

2051 892 2110 947 in
2139 896 2355 947 terram
2386 909 2555 947 suam
2587 893 2855 948 secedere
2882 891 3172 948 volebant.
3208 892 3275 947 Et
3305 909 3438 947 cum
3482 891 3703 948 astutia

2050 981 2290 1038 tzediosa
2318 998 2420 1054 per
2449 981 2574 1037 dies
2598 981 2885 1053 plurimos
2908 980 3168 1038 nolentes
3191 980 3439 1052 praeliari
3466 986 3702 1037 nostros

2054 1070 2295 1143 fatigare
2307 1071 2939 1143 studuissent,sumpto
2962 1069 3329 1126 necessitatis
3348 1074 3406 1126 et
3428 1069 3702 1126 utilitatis

2053 1159 2319 1227 consilio,
2351 1158 2601 1214 munivit
2629 1176 2728 1215 rex
2758 1159 3034 1215 Edessam
3067 1159 3273 1215 urbem
3306 1175 3559 1227 annona,
3585 1176 3705 1232 qua

2054 1248 2306 1305 multum
2336 1247 2678 1321 indigebant
2723 1248 3142 1320 inhabitantes,
3171 1248 3310 1320 quia
3332 1252 3706 1304 vastaverant

2054 1337 2230 1394 Turci
2262 1337 2557 1409 regionem
2587 1337 2645 1392 in
2679 1336 3415 1410 circuitu.Comprehensis
3444 1336 3704 1393 castellis

2054 1431 2111 1483 et
2140 1425 2381 1492 colonis,
2415 1427 2632 1499 quibus
2660 1426 2867 1482 civitas
2894 1426 3169 1498 praedicta
3199 1426 3571 1499 pascebatur,
3584 1443 3703 1482 non

2055 1534 2146 1572 am
2159 1515 2310 1588 plius
2327 1520 2620 1572 morantes
2632 1515 2702 1571 ad
2720 1515 2961 1571 ﬂuvium
2979 1519 3368 1572 memoratum
3380 1514 3701 1571 redierunt.

2056 1605 2163 1672 Qui
2197 1622 2331 1660 cum
2364 1604 2647 1678 paulatim
2678 1622 2811 1660 cum
2860 1604 3087 1661 ratibus
3134 1605 3337 1678 paucis
3369 1608 3425 1661 et
3456 1603 3704 1661 modicis

304 1692 447 1748 dum
480 1692 562 1747 ita
593 1693 773 1758 fieret,
806 1693 1000 1749 nescio
1031 1710 1145 1766 quo
1177 1698 1385 1749 eventu
1418 1698 1583 1749 ortus
1616 1698 1705 1748 est
1736 1691 1950 1748 tumul-
1977 1731 2025 1795 Β
2058 1693 2916 1761 transissent,adfueruntillico
2938 1698 3072 1767 post
3090 1711 3187 1750 eos
3208 1694 3505 1751 venientes
3527 1694 3702 1750 Turci

278 1785 400 1837 ‘tus
424 1797 677 1854 magnus
698 1781 848 1838 inter
877 1782 1135 1839 minores
1165 1782 1552 1839 Janue’nsium
1586 1782 1946 1854 repentinus,

305 1872 409 1944 qui
442 1888 544 1942 per
572 1870 821 1927 chordas
852 1874 910 1927 et
938 1887 1042 1944 per
1080 1871 1269 1928 scalas
1308 1889 1545 1927 murum
1596 1872 1949 1928 conscende-

307 1966 465 2027 runt,
498 1963 555 2015 et
584 1960 791 2015 urbem
822 1960 1188 2016 introierunt.
1214 1962 1283 2016 Et
1314 1961 1414 2034 qui
1446 1960 1716 2017 inventus
1750 1964 1838 2017 est
1870 1958 1951 2015 ibi

308 2049 685 2116 Sarracenus,
720 2048 878 2105 illico
910 2049 1097 2122 capite
1129 2053 1437 2106 truncatus
1466 2055 1573 2106 est.
1617 2050 1723 2116 Qui
1755 2052 1950 2105 autem

308 2137 369 2193 in
398 2136 550 2194 circo
582 2138 735 2211 regis
765 2138 1021 2206 fuerunt,
1045 2140 1216 2211 juxta
1235 2139 1561 2212 pactionem
1583 2138 1717 2195 inde
1739 2139 1949 2194 factam

312 2226 385 2284 ab
415 2243 481 2283 eo
512 2226 733 2283 defensi
766 2230 922 2284 sunt.

309 2334 409 2384 Ter
437 2333 611 2384 decies
638 2335 840 2385 Cancro
870 2334 1091 2386 dederat
1113 2335 1224 2400 jam
1254 2336 1459 2386 lumina
1488 2336 1736 2396 thbus,

312 2405 365 2456 Si
396 2406 495 2455 tria
520 2405 586 2455 de
618 2419 842 2455 numero
871 2409 1048 2456 tamen
1079 2407 1340 2471 ejiciendo
1371 2408 1596 2467 recidas,

312 2477 506 2528 Urbem
536 2490 655 2527 cum
683 2477 934 2541 Tripolim
966 2479 1185 2542 capiunt
1212 2484 1399 2543 gentes
1429 2479 1615 2529 bellica
1644 2493 1741 2543 per
1767 2478 1893 2527 vim.

947 2585 1177 2642 CAPUT
1215 2586 1324 2641 XL.

619 2674 893 2745 Quomodo
923 2677 1136 2732 Beritus
1163 2677 1356 2732 civitas
1384 2683 1540 2748 capta
1563 2678 1656 2731 sit.

388 2781 555 2837 Anno
581 2781 739 2851 1110,
763 2782 904 2838 dum
926 2784 1148 2839 mensis
1172 2782 1523 2839 Februarius
1544 2782 1735 2838 adhuc
1760 2779 1962 2838 imbri-

319 2870 430 2927 bus
444 2870 899 2929 hibernisterras
912 2871 1224 2936 cohiberet.
1233 2874 1525 2945 profectus
1537 2876 1625 2928 est
1637 2870 1967 2928 rexBaldui-

319 2977 434 3016 nus
464 2960 766 3016 Berithum
807 2961 1122 3031 civitatem,
1155 2966 1211 3017 et
1241 2962 1470 3018 obsedit
1495 2979 1644 3019 eam.
1678 2962 1781 3017 Cui
1811 2960 1969 3017 venit

322 3048 382 3104 in
404 3047 688 3105 auxilium
709 3054 1069 3106 Bertrannus
1091 3068 1285 3107 comes
1317 3051 1738 3124 Tripolitanus,
1758 3054 1814 3107 et
1834 3067 1964 3107 con-

322 3138 473 3195 sedit
501 3138 787 3196 exercitus
819 3141 889 3195 ad
920 3139 1177 3212 primum
1210 3141 1282 3196 ab
1315 3141 1458 3196 urbe
1488 3140 1763 3213 lapidem.
1789 3140 1963 3196 Cum-

324 3245 437 3301 que
457 3246 559 3302 per
575 3230 647 3284 75
666 3228 810 3296 dies,
838 3233 904 3284 ut
933 3230 1159 3301 opinor,
1192 3229 1480 3286 civitatem
1505 3229 1766 3302 undique
1797 3247 1965 3285 coar-

324 3322 601 3386 ctassent,
636 3320 692 3373 et
723 3335 917 3386 naves,
951 3336 1077 3390 quae
1107 3320 1179 3374 ad
1212 3318 1547 3375 subsidium
1596 3336 1798 3375 eorum
1826 3317 1967 3374 illuc

325 3406 723 3473 conﬂixerant,
745 3423 921 3462 naves
952 3411 1162 3462 nostra:
1194 3407 1349 3463 intra
1377 3411 1611 3479 portum
1639 3407 1968 3463 conclusis-

324 3499 473 3562 sent,
506 3494 772 3550 turribus
802 3493 1014 3567 ligneis
1046 3513 1214 3551 muro
1270 3500 1409 3551 tunc
1461 3497 1736 3564 admotis,
1764 3495 1967 3552 Franci

326 3583 511 3639 nostri
544 3600 692 3639 ausu
724 3600 938 3656 magno
969 3585 1039 3639 de
1071 3583 1188 3640 illis
1219 3602 1395 3657 super
1445 3602 1682 3641 murum
1729 3586 1970 3642 nudatis

327 3688 461 3728 cum
484 3670 726 3728 ensibus
742 3671 1140 3753 prosilierunt.
1163 3674 1591 3731 Descendentes
1607 3673 1804 3747 itaque
1825 3674 1883 3730 in
1898 3674 1972 3730 ci-

324 3761 583 3830 vitatem,
607 3778 740 3817 cum
774 3778 877 3834 per
897 3766 1093 3834 portas
1114 3762 1291 3818 etiam
1314 3763 1482 3819 multi
1506 3763 1969 3836 ingrederentur,

327 3849 620 3923 fugientes
648 3850 847 3907 hostes
870 3851 1241 3908 vehementer
1262 3855 1697 3925 persequentes,
1722 3852 1974 3924 denique

329 3944 662 4012 peremptos
700 3945 1142 4013 superaverunt,
1175 3958 1496 4015 eorumque
1546 3942 1853 4014 pecuniam
1887 3947 1972 3998 to-

328 4031 452 4103 tam
483 4028 873 4102 diripuerunt.

334 4134 490 4184 Anno
519 4135 739 4185 milleno
769 4139 1016 4196 centeno,
1046 4137 1125 4188 bis
1154 4150 1371 4201 quoque
1400 4138 1588 4202 quino,

330 4206 526 4257 Urbem
559 4207 790 4256 Beritum
819 4208 990 4258 virtus
1019 4210 1159 4272 capit
1189 4210 1604 4272 armipotentum

332 4277 422 4326 His
452 4276 625 4327 decies
656 4282 805 4328 ortus
834 4279 1115 4329 sub‘Tauri
1146 4279 1316 4329 sidere
1346 4279 1596 4338 Phoebus,

328 4349 529 4413 Terque
559 4353 857 4413 quaterque
888 4350 1007 4410 fuit,
1035 4364 1157 4399 cum
1188 4351 1385 4400 factum
1414 4351 1633 4415 contigit
1662 4350 1821 4400 istud.

955 4454 1182 4512 CAPUT
1221 4455 1361 4510 XLI.

336 4541 485 4611 Quod
529 4559 629 4616 rex
676 4544 982 4601 Balduinus
1025 4552 1076 4601 et
1117 4546 1370 4616 princeps
1432 4544 1734 4600 Tancredus
1793 4552 1981 4601 contra

541 4615 737 4672 Turcos
766 4617 1019 4672 Edessam
1048 4615 1351 4671 osz'dentés
1380 4618 1608 4687 profecti
1635 4623 1779 4672 sunt.

409 4722 507 4777 His
534 4722 617 4778 ita
643 4722 844 4796 gestis,
878 4722 1047 4779 rediit
1078 4740 1176 4779 rex
1215 4722 1598 4790 Hierusalem,
1632 4727 1744 4779 Deo
1776 4722 1980 4779 laudes

337 4810 563 4867 debitas
596 4811 949 4879 redditurus,
978 4830 1080 4885 per
1111 4829 1284 4885 quem
1310 4812 1791 4885 triumphaverat.
1817 4811 1983 4868 Dein-

338 4901 408 4956 de
439 4900 662 4974 paravit
692 4918 753 4957 se
783 4901 1005 4957 iturum
1049 4906 1253 4957 contra
1297 4903 1538 4968 Turcos,
1572 4902 1671 4975 qui
1704 4902 1982 4958 Edessam

340 4989 771 5063 Mesopotamiae
805 4991 1008 5045 urbem
1042 4990 1408 5046 obsidebant.
1443 4992 1606 5047 Tunc
1630 4991 1868 5064 quidem
1898 4990 1985 5045 vi-

342 5079 539 5137 dimus
571 5084 857 5135 cometam
901 5096 1087 5134 unum
1118 5096 1220 5151 per
1250 5084 1449 5137 noctes
1480 5079 1739 5152 aliquod,
1773 5081 1845 5136 ad
1877 5098 1984 5136 au-

343 5174 533 5226 strum
568 5169 761 5223 radios
793 5184 931 5224 suos
978 5169 1407 5225 extendentem.
1440 5171 1779 5226 Tancredus
1810 5169 1987 5225 etiam

342 5263 484 5314 tunc
514 5257 792 5313 adunavit
823 5262 1052 5331 gentem
1081 5275 1247 5313 suam
1280 5258 1990 5331 Antiochiam,quantam-

344 5362 576 5420 cunque
597 5345 802 5418 potuit,
828 5351 1155 5419 exspectato
1171 5349 1298 5419 jam
1320 5365 1453 5420 rege
1475 5365 1576 5420 per
1597 5348 1721 5403 dies
1745 5348 1986 5420 aliquot;

347 5436 446 5509 qui
478 5433 652 5491 simul
679 5436 1010 5510 congregati
1034 5440 1171 5492 sunt
1191 5441 1325 5492 ante
1346 5436 1587 5493 fluvium
1612 5436 1988 5510 Euphratem.

348 5529 471 5595 Quo
500 5527 767 5596 transito,
801 5525 1147 5584 invenerunt
1196 5525 1395 5583 statim
1428 5527 1672 5595 Turcos,
1706 5544 1854 5599 quos
1885 5543 1991 5600 ap-

2054 1783 2391 1856 versipelles
2421 1788 2478 1839 et
2506 1800 2766 1856 rapaces,
2801 1783 2902 1856 qui
2932 1782 3151 1840 multos
3176 1784 3247 1839 de
3276 1783 3576 1856 peditibus
3596 1800 3705 1839 no-

2058 1872 2195 1929 stris
2225 1873 2307 1928 ibi
2339 1872 2734 1944 arripuerunt,
2754 1873 2891 1929 etin
2924 1872 3222 1929 Persidam
3249 1873 3617 1928 abduxerunt
3630 1873 3703 1928 de

2057 1961 2328 2018 Armenia
2356 1961 2625 2017 videlicet
2653 1962 2948 2033 inopibus,
2981 1979 3128 2034 quos
3167 1962 3341 2017 Turci
3365 1962 3489 2034 jam
3522 1961 3705 2034 impie

2058 2054 2442 2108 vastaverant.
2475 2051 2544 2106 Et
2573 2050 2712 2124 quia
2735 2050 3050 2107 difficultas
3081 2054 3205 2108 erat
3233 2052 3453 2107 ﬂumen
3473 2053 3613 2106 tunc
3629 2050 3705 2105 ad

2060 2157 2158 2197 eos
2178 2144 2560 2207 transmeare,
2586 2140 2733 2196 satis
2760 2140 2896 2197 inde
2922 2140 3186 2197 dolentes
3205 2140 3362 2196 viam
3392 2139 3707 2212 incceptam

2062 2233 2380 2286 tenuerunt
2412 2246 2425 2283 :
2459 2230 2798 2286 Tancredus
2824 2230 3017 2285 eundo
3045 2229 3438 2298 Antiochiam,
3462 2246 3560 2285 rex
3574 2244 3709 2284 vero

2063 2319 2359 2376 redeundo
2391 2317 2775 2375 Hierusalem.

2670 2426 2896 2484 CAPUT
2941 2426 3108 2483 XLII.

2070 2516 2339 2585 Quomodo
2383 2514 2572 2585 Sidon,
2633 2530 2760 2588 qua!
2817 2517 3030 2587 Sagitta
3080 2514 3306 2582 dicitur,
3358 2533 3394 2571 a
3434 2532 3557 2588 rege
3600 2523 3651 2571 σι
3682 2532 3718 2570 a

2386 2587 2750 2644 Noroensibus
2793 2589 3008 2644 obsessa
3036 2595 3088 2643 et
3116 2596 3271 2659 capta
3302 2589 3394 2643 sit.

2140 2676 2559 2751 Applicuerant
2600 2676 2837 2733 interim
2885 2676 3070 2750 Joppe
3119 2693 3263 2750 gens
3304 2677 3571 2749 quedam
3602 2677 3717 2732 No-

2072 2767 2317 2834 roensis,
2352 2783 2527 2839 quam
2559 2766 2630 2821 de
2671 2765 2823 2821 mari
2856 2766 3097 2822 occiduo
3123 2765 3512 2822 concitaverat
3540 2765 3718 2833 Deus,

2072 2860 2138 2911 ut
2169 2854 2527 2912 Hierusalem
2563 2855 3091 2928 peregrinarentur.
3114 2857 3372 2921 Quorum
3394 2852 3601 2910 classis
3622 2871 3721 2910 na-

2073 2945 2234 3000 vium
2263 2946 2335 3000 55
2357 2948 2500 3000 erat.
2536 2944 2758 2999 Horum
2815 2943 3044 3016 primus
3099 2948 3225 3000 erat
3265 2942 3500 3017 juvenis
3531 2943 3720 2999 forma

2074 3032 2241 3089 valde
2272 3033 2593 3107 speciosus,
2617 3032 2771 3106 regis
2792 3036 2960 3089 terra;
2990 3032 3151 3088 illius
3182 3048 3517 3106 germanus.
3552 3035 3720 3086 Cum-

2075 3140 2188 3197 que
2205 3140 2507 3197 regressus
2526 3138 2624 3177 rex
2638 3121 2847 3178 fuisset
2866 3120 3501 3189 Hierusalem,adventu
3514 3136 3716 3177 eorum

2074 3212 2330 3286 gavisus,
2365 3228 2499 3267 cum
2531 3211 2617 3267 eis
2647 3210 2882 3267 locutus
2912 3214 3001 3266 est
3041 3210 3444 3277 amicabiliter,
3475 3226 3719 3267 monens

2076 3319 2175 3359 eos
2205 3305 2262 3358 et
2290 3302 2631 3374 deprecans,
2666 3303 2729 3356 ut
2756 3317 2861 3373 pro
2905 3316 3102 3355 amore
3131 3299 3233 3356 Dei
3263 3302 3632 3356 morarentur
3659 3296 3720 3353 in

2075 3395 2230 3447 terra
2251 3408 2358 3445 sua
2378 3389 2895 3461 aliquantulum,et
2907 3389 3183 3459 juvarent
3202 3387 3719 3444 Christianismum

2079 3479 2333 3552 amplius
2365 3478 2800 3552 provehendum
2824 3482 2880 3533 et
2900 3477 3484 3550 ampliﬁcandum,ut
3498 3475 3724 3549 expleto

2080 3573 2380 3640 utcunque
2410 3567 2642 3640 negotio
2675 3566 2908 3635 Christi,
2943 3567 3000 3621 in
3051 3571 3267 3622 terram
3314 3582 3484 3621 suam
3523 3567 3727 3637 postea

2079 3657 2298 3731 gratias
2320 3657 2435 3712 Deo
2452 3654 2796 3728 magniﬁcas
2825 3656 3152 3712 redderent.
3168 3657 3353 3721 Quam
3384 3653 3724 3726 petitionem

2082 3746 2166 3802 illi
2196 3746 2447 3818 benigne
2476 3744 2883 3817 suscipientes,
2906 3743 3336 3816 responderunt
3356 3760 3470 3799 non
3493 3758 3598 3814 pro
3615 3741 3729 3797 alia

2083 3852 2263 3892 causa
2281 3832 2645 3890 Hierusalem
2666 3833 2916 3903 venisse,
2933 3834 3035 3889 sed
3057 3848 3410 3904 quocunque
3427 3848 3562 3887 cum
3575 3847 3731 3887 exer-

2083 3925 2201 3981 citu
2220 3941 2326 3981 suo
2344 3940 2441 3979 rex
2458 3922 2725 3996 progredi
2740 3921 2929 3992 vellet,
2947 3922 3060 3996 ipsi
3085 3921 3311 3978 marino
3332 3920 3537 3976 itinere
3550 3918 3727 3975 simul

2082 4011 2407 4070 voluntarie
2422 4010 2948 4084 proﬁciscerentur,
2962 4014 3192 4067 tantum
3207 4013 3272 4067 ut
3286 4009 3505 4065 victum
3522 4008 3606 4065 eis
3627 4025 3729 4065 ne-

2085 4101 2406 4159 cessarium
2433 4101 2770 4173 impendere
2800 4104 3051 4157 curaret.
3067 4100 3213 4156 Hinc
3242 4103 3332 4156 est
3361 4114 3726 4166 concessum,

2086 4190 2248 4248 illinc
2277 4194 2599 4263 peractum.
2631 4190 2702 4245 Et
2728 4205 2865 4245 cum
2896 4189 3172 4263 primitus
3200 4187 3546 4245 Ascalonem
3572 4186 3731 4242 adire

2087 4279 2540 4353 disposuissent,
2574 4278 2883 4334 laudatiori
2917 4278 3156 4334 demum
3188 4282 3423 4349 sumpto
3464 4274 3730 4343 consilio,

2088 4370 2364 4426 Sidonem
2395 4367 2690 4423 civitatem
2722 4368 3004 4424 adeuntes
3036 4367 3414 4424 obsederunt.
3446 4365 3527 4421 De
3559 4364 3739 4421 Ptole-

2012 4475 2058 4540 D
2090 4457 2306 4526 maida,
2341 4473 2469 4529 quae
2502 4455 2868 4528 frequentius
2914 4456 3116 4512 Achon
3162 4455 3396 4521 dicitur,
3428 4454 3610 4509 movit
3640 4469 3739 4509 rex

2088 4545 2405 4604 exercitum
2435 4561 2633 4602 suum.
2666 4544 2991 4601 Noroenses
3026 4561 3160 4601 vero
3191 4545 3263 4600 de
3291 4544 3474 4616 Joppe
3505 4541 3735 4616 navigio

2088 4637 2520 4709 processerunt.
2553 4634 2719 4689 Tunc
2751 4633 2960 4690 classis
2992 4632 3305 4689 admiraldi
3344 4630 3644 4705 Babylonii
3675 4631 3736 4687 in

2089 4723 2261 4798 Tyrio
2287 4730 2458 4796 portu
2486 4722 2782 4789 latitabat,
2815 4739 2931 4796 qua
2980 4723 3281 4779 Sarraceni
3332 4723 3447 4777 ritu
3492 4719 3761 4793 piratico-

2090 4812 2439 4870 Christianis
2456 4810 2672 4868 nostris
2685 4812 3009 4885 peregrinis
3026 4828 3285 4885 persaepe
3300 4811 3561 4878 oberant,
3581 4813 3639 4865 et
3653 4808 3738 4864 ci-

2088 4902 2299 4958 vitates
2322 4899 2671 4967 maritimas,
2694 4917 2843 4974 quas
2868 4900 3062 4959 adhuc
3088 4917 3188 4957 rex
3216 4899 3529 4974 Babylonis
3559 4897 3740 4972 possi-

2095 4989 2629 5059 debat,munientes
2639 4990 3002 5063 vegetabant.
3019 4989 3166 5046 Cum
3183 4994 3378 5046 autem
3400 4989 3470 5045 de
3491 4988 3743 5044 Noroen-

2096 5081 2259 5137 sibus
2303 5094 2673 5134 murmurare
2715 5077 3041 5147 audissent,
3075 5095 3181 5135 nec
3229 5078 3301 5135 de
3350 5081 3524 5151 portu
3569 5076 3741 5150 Tyrio

2096 5168 2312 5243 egredi,
2337 5183 2527 5241 neque
2557 5183 2692 5222 cum
2723 5166 2806 5223 eis
2835 5168 3112 5241 congredi
3144 5168 3273 5224 ausi
3307 5171 3745 5239 sunt.Cumque

2098 5260 2171 5317 ad
2200 5256 2476 5315 Sidonem
2531 5259 2770 5313 ventum
2819 5262 2927 5323 est,
2960 5257 3188 5313 obsedit
3216 5274 3345 5313 eam
3376 5273 3477 5313 rex
3504 5273 3539 5312 a
3568 5260 3744 5322 terra,

2098 5348 2423 5404 Noroenses
2451 5362 2585 5402 vero
2617 5363 2652 5401 a
2681 5346 2852 5402 mari.
2885 5346 2956 5402 Et
2984 5346 3161 5402 factis
3192 5345 3504 5414 machinis,
3538 5343 3751 5400 terruit

2099 5437 2267 5493 valde
2298 5435 2450 5491 inter
2480 5452 2586 5493 nos
2615 5434 2839 5505 hostes,
2872 5435 2954 5493 ita
2982 5440 3048 5492 ut
3076 5439 3408 5509 quaererent
3433 5453 3469 5491 a
3494 5449 3629 5507 rege
3651 5432 3752 5505 qui

2103 5523 2363 5583 solidarii
2375 5528 2563 5592 erant,
2579 5527 2868 5596 quatenus
2880 5542 2981 5584 eos
2991 5542 3169 5584 sanos
3178 5525 3316 5582 inde
3336 5524 3490 5583 exire
3509 5522 3754 5597 permit-
