3998 6088
283 286 402 354 89κῖ

1000 284 1442 348 FULCHERRI
1483 284 1823 347 CABNOT.
1870 283 2072 348 HlS'l‘.
2121 282 2535 348 HIEKOSOL.
2566 319 2644 330 -——
2672 285 2820 348 LIB.
2864 284 2942 346 ll.

3557 285 3693 350 -898

266 435 396 488 gnos
427 417 746 492 ﬂagellare,
767 422 982 490 postea
1010 417 1190 476 voluit
1220 422 1406 474 morte
1435 416 1534 474 vili
1565 422 1624 473 et
1658 417 1938 476 imbecilli
1965 420 2022 486 Α
2049 435 2183 474 vero
2215 421 2498 490 rostratae,
2531 417 2655 474 aliis
2703 417 3116 490 negotiationis
3163 433 3397 474 annona
3426 424 3688 478 onustas.

285 525 470 566 manu
505 507 713 580 perire.
826 511 838 545 ¹

945 597 1175 653 CAPUT
1215 598 1278 653 L.

563 691 644 760 De
671 693 986 743 terraamotu
1011 688 1200 742 multis
1230 687 1362 743 locis
1391 688 1671 744 existente.

355 779 523 834 Anno
555 777 712 842 1114,
743 775 1058 832 multitudo
1089 775 1450 832 locustarum
1499 775 1731 831 inﬁnita
1772 775 1936 830 ebul-

279 865 394 934 liit,
427 883 464 922 a
491 869 655 939 parte
683 865 906 921 Arabiae
941 864 1219 921 advolans
1251 865 1311 920 in
1344 870 1497 922 terra
1517 864 1936 937 Hierosolymi-

277 960 442 1023 tana,
476 971 603 1027 quae
635 971 738 1026 per
764 953 892 1009 dies
916 953 1256 1026 .aliquantos
1280 959 1505 1028 segetes
1537 971 1736 1010 mense
1749 953 1938 1026 Aprili

281 1049 338 1101 et
370 1043 521 1100 Maio
555 1041 809 1098 multum
835 1046 1234 1098 vastaverunt.
1268 1043 1487 1099 Deinde
1519 1042 1610 1098 die
1642 1042 1788 1099 festo
1809 1059 1939 1100 san-

279 1132 360 1189 cti
395 1131 696 1188 Laurentii
728 1136 894 1187 terrae
927 1136 1122 1188 motus
1157 1131 1344 1188 factus
1375 1136 1484 1188 est.
1518 1133 1801 1205 Tempore
1832 1149 1936 1188 au-

281 1227 403 1278 tem
433 1221 726 1294 sequenti,
761 1221 913 1293 quod
947 1220 1175 1277 accidit.
1211 1221 1348 1277 Idus
1387 1219 1747 1289 Novembris,
1781 1221 1937 1292 apud

281 1311 489 1366 urbem
511 1309 1098 1376 Mamistriam,terrzn
1122 1313 1316 1364 motus
1341 1314 1564 1382 partem
1589 1309 1823 1366 subruit
1843 1325 1940 1381 op-

282 1398 428 1473 pidi.
462 1399 607 1455 Item
641 1399 829 1468 major
868 1401 926 1454 et
954 1397 1255 1454 inauditus
1285 1398 1583 1470 regionem
1626 1398 1935 1455 Antioche-

280 1505 422 1544 nam
454 1489 596 1543 adeo
620 1503 721 1560 per
740 1486 868 1542 loca
896 1485 1195 1543 concussit
1219 1492 1284 1543 ut
1306 1488 1521 1560 oppida
1544 1486 1800 1560 plurima
1820 1487 1938 1544 sive

280 1583 426 1646 tota,
460 1577 579 1632 sive
600 1576 864 1644 dimidia,
901 1581 1020 1632 tam
1070 1577 1278 1634 domos
1307 1593 1488 1648 quam
1535 1576 1785 1634 muralia
1814 1575 1937 1632 solo

281 1672 457 1722 tenus
487 1667 825 1732 subrueret;
854 1664 911 1720 in
946 1682 1064 1738 qua
1109 1665 1286 1722 etiam
1338 1666 1510 1722 ruina
1557 1682 1693 1738 pars
1749 1663 1938 1737 plebls

281 1755 572 1812 sull‘ocata
619 1753 860 1810 interiit.
914 1753 1233 1810 Mariscnm
1282 1754 1486 1811 dicunt
1533 1753 1823 1811 civitatem
1861 1754 1935 1810 ab

281 1844 596 1901 Antiochia
644 1845 735 1910 60,
768 1847 833 1898 ut
879 1842 1122 1909 aestimo,
1158 1843 1474 1904 distantem
1525 1843 1836 1914 milliariis,
1873 1843 1932 1898 in

277 1943 442 2006 parte
502 1930 972 2006 septentrionali;
1007 1949 1186 2004 quam
1244 1932 1530 1988 subvertit
1585 1933 1644 1987 in
1702 1937 1929 1988 tantum

282 2021 601 2080 commotio
651 2021 774 2089 illa,
803 2026 868 2078 ut
897 2021 1108 2078 domus
1153 2025 1210 2077 et
1249 2021 1501 2078 muralia
1545 2022 1779 2095 penitus
1809 2039 1933 2078 cor-

281 2116 540 2178 ruerent,
571 2115 627 2166 et
681 2109 963 2184 populum
1023 2109 1475 2180 inhabitantem,
1533 2115 1678 2183 proh
1740 2111 1930 2167 dolor!

284 2205 566 2257 cunctum
590 2199 1179 2272 exstingueret.Alind
1204 2215 1436 2272 quoque
1461 2199 1764 2273 oppidum,
1781 2201 1936 2272 quod

277 2287 518 2366 'l‘raleth
549 2292 943 2361 nuncupatur,
977 2304 1154 2362 prope
1185 2288 1430 2344 ﬂuvium
1462 2288 1938 2362 Euphratem,ni-

281 2377 607 2434 hilominus
639 2377 892 2432 subruit.

944 2467 1176 2523 CAPUT
1217 2467 1306 2524 LI.

285 2559 364 2612 De
411 2555 645 2612 adventu
698 2557 1012 2622 Turcorum,
1056 2564 1107 2612 et
1153 2556 1431 2612 obsidione
1475 2557 1816 2629 Joppitarum
1873 2557 1941 2612 ab

647 2629 972 2684 Ascalonilis
1003 2636 1051 2683 et
1079 2629 1590 2700 Babyloniensibus.

366 2735 532 2794 Anno
559 2735 715 2802 1115,
731 2734 1078 2808 probitatem
1102 2739 1158 2789 et
1185 2734 1490 2790 audaciam
1513 2733 1744 2790 solitam
1767 2735 1944 2789 Turci

295 2823 908 2890 renovantes,menseJ
919 2823 1052 2878 unio
1072 2823 1246 2879 tacite
1269 2823 1410 2880 satis
1433 2823 1676 2880 ﬂumine
1699 2823 1943 2880 transito

293 2911 612 2986 Euphrate,
646 2912 892 2986 ingressi
947 2916 1084 2968 sunt
1139 2912 1388 2986 Syriam,
1420 2916 1476 2968 et
1525 2916 1715 2969 castra
1746 2912 1944 2969 metati

293 3004 439 3066 sunt
466 3001 618 3057 inter
642 3000 1010 3057 Antiochiam
1057 3006 1115 3058 et
1161 3002 1537 3069 Damascum,
1561 3001 1784 3079 scilicet
1811 3008 1946 3058 ante

293 3091 487 3155 Caesar
517 3090 827 3146 civitatem.
854 3090 963 3146 Ubi
994 3090 1266 3147 similiter
1296 3091 1354 3146 in
1387 3096 1596 3164 quarto
1629 3096 1761 3147 ante
1792 3108 1944 3147 anno

2049 507 2114 563 Hi
2141 525 2180 562 va
2211 511 2372 580 parte
2401 507 2584 564 maris
2615 507 2926 581 egressi,et
2957 506 3052 562 alii
3083 512 3302 562 a-terra
3333 509 3516 579 parati
3542 509 3695 565 assi-

2045 596 2262 652 lierunt
2293 598 2520 652 urbem.
2556 597 2622 652 Et
2651 614 2785 652 cum
2819 614 2920 669 per
2949 595 3157 662 scalas,
3193 613 3340 668 quas
3369 613 3565 653 secum
3601 602 3693 653 at-

2046 685 2322 751 tulerant,
2365 702 2604 742 murum
2631 686 2944 742 ascendere
2977 689 3392 757 pertentarent,
3415 703 3451 742 a
3470 687 3694 743 civibus

2046 775 2182 831 licet
2213 775 2413 848 paucis
2435 781 2490 831 et
2509 775 2851 830 inﬁrmitate
2873 773 3168 830 debilibus
3197 774 3444 831 viriliter
3473 776 3694 848 repulsi

2048 869 2204 921 sunt.
2241 865 2352 920 Sed
2397 881 2532 920 cum
2579 865 2842 920 viderent
2870 881 2933 920 se
2983 881 3097 920 non
3147 877 3319 935 posse
3351 865 3694 938 -quidqu‘am

2048 955 2325 1026 proferre,
2360 954 2513 1010 sicut
2542 953 2649 1008 rati
2681 958 2836 1021 sunt,
2871 957 3079 1026 przster
3108 958 3307 1025 portas
3352 953 3516 1010 urbis
3548 967 3697 1027 quas

2048 1043 2169 1116 igni
2201 1045 2672 1108 combusserunt,
2705 1043 2980 1098 timentes
3003 1059 3075 1098 ne
3105 1042 3252 1098 forte
3283 1041 3698 1117 Hierosolymi-

2046 1132 2165 1188 tani
2190 1132 2443 1205 Joppitis
2460 1131 2744 1188 auxilium
2768 1132 3002 1198 ferrent,
3027 1131 3243 1204 quibus
3257 1133 3385 1204 jam
3401 1131 3511 1188 hoc
3544 1149 3695 1190 nun-

2046 1222 2258 1278 tiatum
2280 1221 2706 1288 fuerat,reversi
2730 1220 3223 1277 suntAscalonem
3249 1220 3695 1294 quiperterram

2045 1316 2352 1379 venerant;
2386 1310 2486 1383 qui
2513 1327 2647 1366 vero
2679 1327 2782 1382 per
2809 1311 3226 1382 mare,Tyrum
3257 1309 3692 1382 navigaverunt.

2047 1401 2182 1457 Post
2204 1401 2328 1457 dies
2351 1405 2545 1456 autem
2569 1400 2768 1456 decem
2787 1398 3036 1472 regressi
3056 1398 3402 1454 Ascalonita
3423 1399 3693 1472 Joppem,

2048 1489 2399 1546 arbitrantes
2431 1488 2655 1561 providi
2705 1488 3064 1560 improvidos
3113 1487 3340 1544 assultu
3385 1489 3695 1562 repentino

2047 1579 2422 1635 confundere.
2458 1578 2568 1634 Sed
2601 1577 2754 1633 Deus
2795 1576 3186 1648 omnipotens,
3219 1577 3320 1649 qui
3352 1594 3450 1633 eos
3481 1579 3693 1650 primo,

2046 1667 2319 1724 similiter
2348 1668 2604 1722 secundo
2636 1683 2735 1722 eos
2763 1667 3012 1738 protexit
3034 1671 3091 1722 et
3113 1667 3486 1723 conservavit.
3518 1666 3581 1723 In
3604 1669 3699 1724 de-

2048 1757 2337 1812 fendendo
2368 1756 2544 1812 etiam
2569 1771 2630 1812 se
2662 1755 2998 1828 aliquantos
3020 1771 3088 1810 ex
3110 1753 3228 1811 illis
3259 1756 3617 1826 occiderunt,
3640 1761 3696 1814 et

2047 1845 2116 1900 de
2147 1844 2316 1916 equis
2347 1861 2548 1900 eorum
2583 1843 3134 1899 retinuerunt.Cum
3167 1843 3496 1901 fundibulis
3515 1861 3698 1918 cmpe-

2045 1938 2185 1989 runt
2216 1933 2420 1989 urbem
2454 1932 2743 2000 cohibere,
2761 1936 2816 1987 et
2837 1949 2971 1988 cum
3012 1932 3188 1988 scalis
3219 1938 3284 1988 ut
3313 1933 3478 2006 prius
3509 1938 3695 1991 tenta-

2041 2026 2246 2078 verant
2272 2021 2530 2090 introire,
2557 2038 2704 2093 quas
2736 2022 2794 2075 in
2817 2021 3099 2076 naviculis
3121 2038 3319 2077 secum
3343 2021 3692 2078 detulerant.

2046 2112 2157 2168 Sed
2193 2128 2327 2167 cum
2361 2127 2462 2183 per
2491 2127 2590 2166 sex
2618 2110 2794 2167 horas
2826 2109 2938 2166 diei
2987 2127 3050 2166 se
3101 2111 3469 2184 fatigassent,
3504 2111 3694 2168 maesti

2048 2201 2226 2256 nimis
2257 2217 2389 2256 cum
2424 2200 2672 2256 mortuis
2704 2199 2830 2256 suis
2861 2199 3151 2255 abierunt.

2677 2306 2909 2363 CAPUT
2946 2307 3062 2363 LII.

2052 2403 2128 2455 De
2150 2415 2336 2472 pugna
2372 2398 2745 2472 Turcorum‘et
2775 2385 3258 2472 Antiochenorum,
3283 2399 3344 2453 in
3373 2415 3483 2472 qua
3512 2399 3698 2458 Antio-

2245 2493 2248 2495 λ
2439 2469 2602 2524 chem’
2627 2469 2913 2524 victoriam
2943 2467 3130 2541 adepti
3155 2477 3304 2524 sunt.

2120 2559 2290 2613 Turci
2325 2561 2518 2613 autem
2553 2556 2823 2629 superius
2846 2558 3150 2613 memorati
3174 2575 3312 2614 cum
3328 2563 3560 2631 gentem
3595 2578 3698 2617 no-

2052 2652 2232 2703 stram
2267 2663 2557 2702 remeasse
2588 2646 3027 2718 comperissent,
3043 2647 3291 2719 regressi
3323 2653 3462 2704 sunt
3492 2649 3563 2704 ad
3587 2653 3700 2705 sta-

2053 2737 2273 2792 tionem
2306 2753 2472 2790 suam
2507 2735 2844 2808 priorem,et
2865 2735 3269 2792 discurrerunt
3301 2753 3404 2809 per
3433 2737 3698 2811 regiones

2053 2825 2250 2897 SYI‘léB,
2284 2824 2577 2896 capientes
2608 2823 2847 2880 castella
2873 2829 3018 2897 quot
3049 2829 3383 2897 potuerunt,
3416 2826 3699 2900 villasque

2054 2915 2575 2987 praedando,atque
2605 2913 2887 2969 vastando
2919 2914 3200 2985 patriam;
3235 2915 3492 2987 captivos
3514 2916 3700 2990 capti-

2052 3019 2269 3074 vasque
2300 3019 2498 3058 secum
2530 3002 2890 3058 abducendo.
2911 3003 3022 3058 Sed
3052 3019 3186 3058 cum
3220 3003 3328 3059 hoc
3361 3005 3699 3060 nuntiatum

2055 3098 2209 3148 esset
2238 3091 2636 3157 Anticchenis,
2671 3090 2770 3162 qui
2801 3108 2864 3146 se
2885 3092 3011 3162 jam
3044 3096 3403 3148 retraxerunt
3448 3092 3699 3150 recidiva

293 3179 608 3244 stationem
632 3197 800 3236 suam
835 3181 1189 3248 fecerant,ut
1218 3180 1490 3253 superius
1512 3182 1638 3252 jam
1657 3181 1943 3253 scriptum
1975 3168 2018 3232 C
2057 3181 2309 3250 tramite,
2335 3180 2490 3235 haud
2523 3179 2675 3235 lente
2707 3180 2777 3234 ad
2811 3181 3032 3235 Turcos
3063 3180 3274 3236 reversi
3307 3182 3548 3238 sunt.Et
3563 3199 3698 3239 cum

294 3274 403 3325 est.
438 3265 812 3342 Comperiens
839 3274 1036 3325 autem
1068 3274 1125 3324 et
1173 3269 1365 3326 sciens
1395 3268 1824 3342 Tuldequinus,
1849 3286 1948 3326 rex

297 3359 813 3426 Damascenorum,
848 3357 1231 3414 nihilominus
1261 3375 1323 3414 se
1354 3374 1482 3414 esse
1510 3358 1780 3414 odiosum
1830 3358 1946 3415 illis

295 3464 476 3520 quam
508 3463 615 3502 nos
646 3446 1029 3512 Christianos,
1057 3435 1293 3520 propter
1343 3446 1737 3519 Maudullum,
1769 3464 1946 3520 quem

295 3535 354 3600 i__n
385 3535 694 3608 praeterito,
730 3541 794 3591 ut
823 3535 1096 3608 superius
1130 3535 1362 3608 legitur,
1397 3552 1549 3592 anno
1580 3535 1778 3592 dolose
1809 3553 1944 3592 con-

294 3629 560 3681 senserat
581 3624 809 3696 perimi,
826 3625 927 3697 qui
954 3624 1234 3696 magister
1254 3629 1490 3696 satrapa
1505 3625 1695 3682 fuerat
1723 3625 1945 3682 militiae

294 3731 521 3781 eorum,
547 3713 682 3769 fecit
711 3731 846 3769 cum
880 3731 1012 3788 rege
1042 3714 1321 3770 Balduino
1345 3719 1403 3770 et
1434 3715 1656 3786 Rogero
1683 3715 1946 3788 principe

291 3802 655 3860 Antiocheno
676 3819 900 3874 pacem,
918 3807 983 3858 ut
1011 3802 1093 3859 eis
1116 3804 1431 3874 adjunctus
1453 3804 1684 3860 duobus
1715 3804 1942 3872 tertius,

290 3892 467 3964 quasi
494 3891 792 3947 funiculus
813 3891 1019 3960 triplex
1040 3892 1464 3958 efficeretur,ne
1486 3910 1520 3949 a
1550 3892 1755 3949 Turcis
1787 3898 1943 3964 post-

289 3998 362 4037 ea
384 3979 550 4036 facile
578 3985 971 4052 rumperetur.
993 3981 1287 4036 Metuebat
1306 3981 1462 4036 enim
1493 3982 1644 4050 ne,si
1677 3981 1836 4038 solus
1866 3999 1948 4038 re-

289 4070 599 4135 maneret,i
608 4086 710 4141 pse
740 4086 871 4124 cum
892 4086 1067 4142 regno
1091 4086 1196 4126 suo
1218 4069 1450 4142 penitus
1471 4070 1943 4126 confunderetur.

289 4158 652 4214 Necessitate
683 4175 814 4213 vero
849 4162 1112 4230 urgente,
1146 4162 1204 4214 et
1232 4159 1607 4214 mandatione
1635 4159 1946 4216 Antioche-

292 4265 508 4303 norum
541 4247 952 4312 monente,ivit
980 4263 1078 4302 rex
1105 4247 1176 4302 ad
1211 4246 1476 4320 praelium
1511 4248 1629 4304 fore
1651 4253 1943 4321 putatum.

291 4337 408 4392 Sed
443 4353 577 4391 cum
621 4334 922 4392 audissent
971 4335 1144 4392 Turci
1192 4337 1264 4392 ad
1313 4354 1412 4393 eos
1450 4337 1577 4406 jam
1631 4337 1944 4410 appropin-

293 4442 534 4496 quasse,
567 4442 741 4497 quem
772 4425 1192 4482 Antiochenses
1223 4430 1280 4481 et
1312 4425 1657 4482 Damasceni
1695 4443 1798 4498 per
1829 4431 1946 4482 tres

293 4515 413 4568 fere
439 4527 670 4568 menses
700 4517 1199 4586 exspectaverunt,
1233 4519 1559 4570 metuentes
1590 4515 1794 4571 mortis
1827 4533 1945 4570 suae

294 4601 646 4675 periculum,
707 4602 757 4657 si
814 4607 1016 4658 contra
1072 4606 1296 4658 tantam
1352 4607 1585 4676 gentem
1643 4603 1946 4671 bellarent,

295 4690 567 4770 quamvis
599 4689 786 4746 multo
813 4689 1012 4762 plures
1039 4696 1252 4758 essent,
1289 4692 1558 4748 abierunt
1588 4697 1738 4750 retro
1769 4694 1945 4749 tacito

294 4781 445 4835 satis
475 4783 658 4846 motu,
673 4783 729 4836 et
751 4780 1060 4836 subierunt
1076 4797 1279 4837 caveas
1301 4781 1608 4852 quasdam,
1631 4799 1746 4838 non
1775 4782 1946 4856 longe

294 4874 494 4924 tamen
548 4886 582 4924 a
615 4869 854 4926 nostris.
888 4870 956 4925 Et
1005 4886 1138 4926 cum
1192 4869 1301 4926 hoc
1354 4870 1643 4938 fecissent,
1678 4871 1946 4928 arbitrati

294 4963 430 5014 sant
460 4974 560 5014 rex
585 4962 642 5013 et
671 4957 767 5013 alii
801 4959 957 5030 quod
989 4976 1023 5014 a
1075 4959 1412 5032 regionibus
1459 4959 1676 5016 nostris
1705 4961 1945 5018 omnino

294 5047 731 5104 discessissent.
767 5051 1131 5120 Quapropter
1159 5065 1462 5122 regressus
1492 5054 1581 5106 est
1612 5066 1710 5106 rex
1758 5068 1946 5123 usque

295 5135 603 5210 Tripolim.
636 5141 785 5194 Dum
817 5141 1017 5193 autem
1062 5137 1183 5193 haec
1219 5137 1302 5194 ita
1330 5143 1660 5210 agerentur,
1695 5139 1949 5197 scientes

291 5225 644 5284 Ascalonita:
675 5230 889 5282 terram
916 5225 1501 5300 Hierosolymitanam
1547 5226 1838 5285 militibus
1862 5247 1951 5286 va-

295 5331 492 5382 cuam,
528 5319 910 5370 accurrernnt
941 5332 1128 5388 usque
1177 5315 1426 5388 Joppem
1475 5313 1767 5373 civitatem
1811 5334 1949 5375 nos-

294 5407 473 5472 tram,
505 5407 565 5470 et.
591 5407 992 5485 apposuerunt
1021 5404 1074 5460 ei
1102 5403 1468 5462 obsidionem
1499 5408 1620 5461 tam
1662 5421 1764 5478 per
1793 5422 1954 5464 mare

297 5509 482 5566 quam
506 5509 609 5566 per
639 5497 876 5568 terram.
896 5493 1100 5550 Adfuit
1125 5493 1283 5550 enim
1313 5490 1398 5548 ihi
1431 5491 1776 5564 Babylonica
1803 5493 1955 5552 clas-

296 5581 404 5655 sis,
451 5574 536 5650 7,0,
554 5582 744 5664 ferme
785 5581 1033 5666 navirm,
1065 5596 1326 5660 quarum.
1350 5578 1475 5640 aliis
1507 5579 1795 5654 triremes,
1827 5585 1960 5647 aliae

2055 3262 2626 3342 appropinquassent
2655 3269 2726 3324 ad
2758 3273 2941 3335 eos,et
2962 3268 3214 3324 tentoria
3229 3286 3430 3325 eorum
3455 3271 3700 3343 propius

2055 3376 2232 3433 quam
2265 3362 2571 3431 putassent
2617 3357 3001 3430 aspexissent,
3035 3357 3452 3414 ordinaverunt
3499 3359 3700 3416 statim

2055 3449 2209 3505 acies
2240 3463 2400 3513 suas,
2435 3451 2492 3502 et
2522 3446 2953 3502 descenderunt
2981 3445 3040 3501 in
3063 3445 3257 3518 plana,
3272 3446 3499 3504 vexillis
3527 3448 3703 3520 expli-

2055 3536 2199 3592 catis
2230 3540 2432 3591 coutra
2458 3553 2556 3591 eos
2588 3535 2939 3607 equitantes.
2963 3535 3139 3590 Juxta
3168 3535 3387 3591 Sarmit
3415 3536 3700 3608 oppidum

2054 3626 2166 3681 fuit
2194 3625 2301 3680 hoc
2333 3624 2619 3698 prcelium.
2644 3624 2907 3696 Cumque
2927 3623 3210 3680 vidissent
3229 3641 3328 3680 eos
3353 3625 3547 3692 Turci,
3565 3641 3704 3697 pars

2054 3731 2256 3772 eorum
2308 3731 2424 3770 una
2472 3713 2776 3787 sagittaria
2813 3713 2968 3770 illico
3016 3713 3244 3768 fortiter
3293 3713 3541 3770 obstitit.
3589 3715 3702 3770 Sed

2055 3803 2257 3860 Franci
2290 3803 2475 3858 nostri
2525 3801 2893 3858 animositate
2934 3800 3125 3856 valida
3154 3801 3452 3872 commotl,
3485 3802 3703 3876 eligen-

2051 3899 2139 3950 tes
2168 3893 2257 3950 vel
2289 3910 2387 3950 eos
2420 3909 2716 3966 superare,
2746 3892 2794 3947 si
2829 3892 2982 3947 Deus
3013 3889 3376 3959 concederet,
3411 3894 3497 3946 vel
3531 3908 3703 3964 supe-

2054 3984 2170 4039 rari
2193 3983 2240 4039 si
2261 3983 2827 4055 permitteret,quam
2852 3999 2955 4053 per
2977 3997 3459 4052 unumquemque
3480 3997 3702 4036 annum

2054 4073 2136 4128 ita
2167 4073 2238 4128 ab
2270 4072 2356 4127 eis
2387 4071 2904 4136 confunderentnr,
2938 4069 3039 4125 ubi
3088 4071 3323 4124 turbam
3373 4068 3702 4126 densiorem

2054 4164 2500 4233 conspexerunt,
2535 4157 2779 4214 miriﬁce
2809 4175 2908 4213 eos
2941 4158 3338 4230 impetierunt.
3375 4158 3550 4213 Turci
3599 4175 3703 4213 au-

2053 4255 2170 4304 tem
2216 4247 2646 4320 aliquantulum
2681 4246 2954 4318 primitus
3000 4246 3337 4313 renitentes,
3363 4246 3497 4302 dein
3546 4246 3703 4303 haud

2055 4338 2209 4394 lente
2240 4343 2362 4392 tam
2397 4335 2842 4409 percussoribus
2890 4352 3068 4408 quam
3114 4335 3512 4392 occidentibus
3543 4339 3708 4410 terga

2053 4427 2343 4500 fugientes
2374 4426 2680 4481 dederunt.
2717 4429 2790 4480 De
2822 4424 3040 4496 quibus
3089 4423 3361 4479 aestimati
3411 4429 3553 4480 sunt
3591 4425 3708 4481 tria

2057 4515 2240 4572 millia
2259 4515 2456 4582 occisi,
2489 4514 2643 4587 capti
2677 4512 2865 4569 multi.
2899 4513 2968 4568 Et
2998 4513 3098 4584 qui
3132 4511 3316 4568 occidi
3356 4512 3703 4580 vitaverunt,

2059 4607 2196 4678 fuga
2228 4622 2289 4661 se
2321 4604 2731 4661 liberaverunt.
2748 4601 3148 4658 Tabernacula
3171 4618 3279 4657 sua
3299 4601 3704 4673 perdiderunt,

2055 4695 2116 4751 in
2149 4695 2366 4768 quibus
2397 4693 2586 4749 multa
2613 4691 2863 4765 pecunia
2892 4695 2948 4747 et
2980 4690 3253 4747 utensilia
3286 4694 3514 4762 reperta
3543 4695 3706 4768 sunt.

2055 4786 2234 4856 Cujus
2257 4784 2512 4856 pecuniae
2536 4781 2792 4854 pretium
2830 4779 3148 4846 estimates,
3165 4780 3271 4834 300
3299 4778 3706 4851 bysantiorum

2056 4872 2243 4928 millia
2273 4875 2538 4944 reputata
2568 4875 2726 4927 sunt.
2761 4869 3029 4942 Captivos
3061 4873 3292 4924 nostros
3342 4868 3423 4922 ibi
3456 4865 3707 4939 relique-

2056 4969 2211 5030 runt,
2241 4966 2362 5017 tam
2396 4962 2651 5016 Francos
2681 4976 2858 5031 quam
2909 4958 3116 5031 Syros;
3148 4956 3425 5013 mulieres
3474 4973 3708 5029 quoque

2055 5069 2194 5107 suas
2225 5056 2280 5105 et
2311 5050 2574 5116 ancillas,
2610 5047 2982 5120 camelosqne
3013 5045 3503 5120 quamplurimos.
3525 5045 3711 5103 Millia

2059 5139 2354 5195 mulorum
2386 5138 2715 5212 percensita
2745 5143 2882 5193 sunt
2925 5142 2983 5193 et
3030 5153 3335 5209 equorum.
3369 5136 3516 5192 Vere
3553 5135 3710 5192 Deus

2060 5227 2348 5285 mirabilis
2397 5229 2457 5283 in
2504 5228 2731 5283 cunctis
2780 5225 3154 5283 mirabilibus
3193 5225 3339 5282 suis.
3371 5226 3523 5282 Dum
3552 5224 3734 5281 enimv

2062 5316 2573 5390 Hicrosolymitani
2607 5335 2724 5372 una
2754 5332 2886 5372 cum
2911 5315 3291 5372 Autiochenis
3311 5313 3716 5370 Damascenis-

2063 5423 2177 5480 que
2205 5408 2390 5478 parati
2425 5405 2497 5461 ad
2547 5405 2936 5478 praeliandum
2984 5406 3244 5472 fuerunt,
3279 5403 3426 5459 nihil
3475 5401 3712 5458 omnino

2065 5495 2459 5571 profecerunt.
2473 5495 2750 5569 Nunquid
2783 5492 2844 5548 in
2875 5494 3256 5551 multitudine
3275 5493 3468 5564 gentis
3487 5494 3724 5547 constat.

2065 5584 2312 5649 victoria
2337 5582 2724 5648 bellantium?
2758 5582 3112 5645 Mementote
3139 5579 3628 5651 Machabsorum,
3659 5579 3726 5636 et
