3998 6088
331 325 450 397 8θ39

836 336 939 397 AD
985 332 1499 397 GODEFRIDUM
1543 331 1881 396 APPEND.
1928 330 2005 393 II.
2040 365 2117 376 —
2146 329 2457 394 MONUM.
2504 330 2605 391 DE
2648 328 2898 392 BELLO
2941 328 3221 393 SACRO.

3619 326 3747 393 900

328 469 633 537 (tedeonis,
666 471 723 525 et
752 466 1001 525 aliorum
1029 466 1310 541 plurium,
1344 467 1445 540 qui
1474 484 1590 523 non
1622 466 1684 522 in
1716 483 1843 535 sua,
1877 465 1978 522 sed
2008 468 2063 535 Α
2085 465 2213 536 jam
2244 462 2458 520 dictam
2486 480 2692 520 versus
2739 462 3208 536 Septentrionem
3253 466 3606 536 protectum,
3638 462 3742 521 ubi

327 562 385 614 in
422 557 653 615 Domini
687 558 1051 614 conﬁdentes
1093 557 1326 627 virtute,
1359 574 1493 613 cum
1536 555 1739 629 paucis
1788 555 1975 611 multa

326 667 381 704 m
395 648 513 704 illia
543 650 999 720 prostraverunt.

324 738 418 787 Bis
446 737 521 787 ita
548 736 845 799 descriptis,
878 735 978 785 erit
1006 736 1142 786 actio
1171 740 1301 785 nota
1330 735 1540 785 futuris.

321 809 450 859 Tres
478 809 705 859 aberant
726 811 913 857 noctes
944 812 1004 856 ut
1029 807 1199 857 abiret
1227 807 1458 872 Virginis
1488 810 1707 867 astrum,

321 880 450 930 Cum
480 880 614 929 male
645 878 918 941 decepti-ix
944 878 1143 928 Turcos
1172 878 1388 928 fortuna
1414 877 1613 928 fefellit.

321 950 581 1000 Omnibus
607 949 750 999 unde
782 948 914 997 satis
942 948 1142 1014 liquido
1174 952 1316 1013 patet
1340 962 1454 998 esse
1484 948 1801 1008 cavendum,

320 1021 456 1071 Ante
486 1021 562 1071 rei
591 1020 751 1071 ﬁnem
782 1019 918 1070 nihil
952 1034 1187 1084 unquam
1220 1019 1438 1070 credere
1468 1024 1692 1069 certum.

320 1112 453 1185 Ipso
474 1128 626 1166 anno
650 1111 862 1165 iterum
882 1109 1162 1166 subversa
1181 1112 1269 1164 est
1292 1108 1433 1164 urbs
1456 1107 1784 1163 Mamistria
1804 1110 1968 1163 terra

320 1199 678 1257 motu.Alias
699 1199 876 1254 etiam
900 1198 962 1255 in
993 1198 1229 1272 regione
1248 1196 1607 1253 Antiochena
1630 1213 1747 1251 non
1770 1195 1969 1252 minus

320 1276 733 1345 accidit.Anno
754 1288 959 1344 eodem
988 1287 1147 1343 venit
1176 1286 1417 1360 quidam
1447 1285 1757 1359 episcoPus
1785 1286 1968 1340 Aura-

318 1377 563 1436 sicensis
622 1379 694 1434 ab
753 1377 1071 1452 apostolico
1120 1378 1342 1433 missus
1399 1374 1880 1448 Hierosolymam,
1912 1379 1971 1431 et

316 1467 588 1541 deposuit
616 1467 930 1523 Arnulfum
964 1466 1357 1540 patriarcham
1388 1465 1459 1521 de
1491 1465 1627 1520 sede
1657 1481 1784 1520 sua.
1816 1466 1967 1531 Qua-

314 1563 549 1630 propter
606 1556 855 1613 Romam
906 1556 1070 1627 adiit,
1105 1560 1162 1611 et
1217 1553 1677 1628 patriarchatum
1734 1570 1969 1627 recupe-

314 1644 482 1704 ravit.

936 1734 1166 1791 CAPUT
1207 1733 1349 1789 LIII.

667 1828 744 1882 De
770 1832 943 1881 castra
974 1826 1035 1880 in
1064 1824 1269 1878 Arabia
1295 1830 1616 1879 constructo.

383 1917 465 1971 Ex
484 1932 638 1971 anno
660 1900 955 1987 profectus
973 1917 1061 1968 est
1092 1929 1190 1968 rex
1218 1910 1537 1967 Balduinus
1566 1910 1625 1966 in
1660 1910 1956 1979 Arabiam,

311 2009 369 2060 et
398 2004 703 2060 aediﬁcavit
735 2002 813 2058 ibi
845 2007 1105 2058 castrum
1138 2017 1322 2056 unum
1354 2001 1415 2055 in
1446 1998 1768 2055 monticulo
1813 2016 1956 2072 quo-

311 2095 445 2150 dam
479 2093 596 2149 situ
630 2092 785 2164 forti,
820 2109 935 2147 nou
968 2090 1141 2164 longe
1163 2107 1197 2145 a
1226 2089 1373 2145 mari
1401 2089 1621 2157 Rubro,
1654 2088 1755 2143 sed
1786 2087 1957 2160 quasi

310 2184 537 2239 dierum
568 2182 749 2237 trium
780 2180 1007 2247 itinere,
1024 2181 1096 2236 ah
1126 2177 1493 2234 Hierusalem
1524 2194 1658 2232 vero
1681 2182 1953 2249 quatuor,

308 2276 365 2329 et
394 2270 592 2345 posuit
620 2270 679 2325 in
712 2287 779 2326 eo
810 2269 1104 2336 custodes,
1139 2267 1237 2340 qui
1273 2266 1469 2339 patriis
1500 2265 1658 2321 illius
1691 2266 1957 2322 domina-

309 2365 512 2417 rentur
540 2360 614 2415 ad
648 2358 957 2414 utilitatem
1002 2355 1458 2413 Christianismi.
1482 2355 1645 2422 Quod
1694 2358 1954 2412 castrum

307 2450 379 2507 ob
411 2446 916 2505 honorificentiam
949 2445 1042 2503 sui
1074 2445 1348 2519 Regalem
1380 2448 1638 2501 montem
1662 2444 1954 2501 nominari

305 2537 632 2608 constituit,
666 2537 807 2609 quia
849 2553 1024 2610 parvo
1069 2541 1329 2608 tempore
1378 2551 1513 2590 cum
1544 2550 1731 2606 pauca
1759 2538 1951 2608 gente,

306 2628 408 2685 sed
438 2626 696 2684 maxima
724 2625 1036 2699 probitate.
1066 2623 1212 2679 illud
1245 2623 1648 2680 aadiﬁcaverat.

927 2713 1160 2770 CAPUT
1198 2712 1337 2769 LlV.

302 2814 382 2867 De
421 2806 764 2881 expeditione
794 2805 935 2877 regis
968 2807 1029 2860 in
1060 2802 1358 2931 Aigqfiam;
1373 2810 1425 2858 et
1467 2801 1532 2857 de
1576 2802 1661 2856 his
1705 2816 1832 2874 qua:
1872 2802 1954 2858 ibi

1047 2893 1079 2931 υ
1142 2892 1161 2930 ι
1191 2917 1205 2931 .

1047 2876 1205 2932 vidit.

370 2969 537 3025 Anno
598 2968 880 3033 iii,cum
937 2964 1007 3021 de
1059 2962 1417 3019 Hierusalem
1460 2966 1719 3018 castrum
1773 2979 1948 3017 suum

299 3059 599 3114 revisurus
636 3074 734 3113 rex
763 3055 1105 3129 graderetur
1134 3052 1193 3108 in
1224 3052 1497 3108 Arabiam
1522 3068 1654 3107 cum
1683 3050 1951 3108 ducentis

299 3147 480 3203 ferme
512 3145 1013 3217 militibus,usque
1036 3144 1107 3199 ad
1126 3142 1389 3198 Rubrum
1414 3157 1574 3197 mare
1593 3140 1704 3195 iter
1723 3141 1947 3214 agendo

2085 555 2263 610 ﬁnem
2294 552 2435 608 facit
2464 570 2581 608 non
2610 551 2784 625 longe
2815 569 2849 608 a
2881 556 3078 608 monte
3102 550 3283 619 Sinai,
3315 551 3417 608 sed
3449 556 3739 624 quantum

2082 646 2275 715 potest
2305 659 2456 714 equo
2487 640 2705 713 aliquis
2734 658 2853 697 uno
2884 640 2976 697 die
2998 639 3368 713 proﬁcisci.A
3392 640 3737 718 Rubrovero

2083 731 2253 799 mari,
2283 730 2373 787 vel
2405 731 2477 786 ab
2507 730 2657 786 Elim
2690 730 3034 796 memorata,
3069 746 3257 802 usque
3288 730 3361 786 ad
3402 746 3564 787 mare
3610 730 3734 788 Ma-

2081 836 2284 893 gnum,
2301 820 2453 893 quod
2480 819 2553 874 ab
2582 817 2888 891 Joppe,vel
2916 817 3320 888 Ascalone,vel
3342 817 3514 887 Gaza,
3528 835 3734 878 versus

2080 908 2354 965 Damiath
2382 907 2667 982 pergitur,
2700 908 2811 964 iter
2839 908 3033 964 eundo
3064 907 3294 964 dierum
3341 912 3597 980 quatuor
3639 907 3733 965 vel

2081 998 2340 1072 quinque
2393 998 2586 1070 equtis
2630 996 3029 1054 ambulatione
3076 996 3397 1054 aestimans.
3431 998 3555 1066 Quo
3593 997 3731 1055 sinu

2079 1087 2232 1143 inter
2260 1087 2380 1143 haec
2409 1088 2524 1143 duo
2553 1086 2739 1143 maria
2785 1086 3042 1160 cingitur
3070 1090 3191 1142 tota
3223 1090 3521 1160 Egyptus,
3556 1092 3734 1161 atque

2078 1174 2375 1245 Numidia,
2400 1192 2505 1231 nec
2538 1192 2654 1231 non
2685 1173 2999 1248 Ethiopia,
3022 1190 3201 1247 quam
3242 1175 3445 1233 Gebon
3471 1175 3733 1250 paradisi

2078 1264 2310 1333 ﬂuvius,
2339 1265 2438 1338 qui
2470 1270 2559 1321 est
2586 1264 2774 1335 Nilus,
2808 1264 3036 1334 circuit,
3069 1267 3135 1320 ut
3179 1262 3432 1338 legimus
3480 1264 3631 1339 (Gen.
3664 1283 3728 1339 ii,

2697 1441 2930 1499 CAPUT
2967 1442 3108 1498 LVI.

2625 1533 2699 1588 De
2724 1532 2955 1603 ﬂumine
2983 1530 3179 1588 Gehon.

2151 1621 2394 1677 Possum
2427 1620 2648 1690 mirari,
2684 1621 2785 1677 sed
2817 1637 3123 1694 nunquam
3172 1619 3395 1689 rimari,
3426 1622 3725 1693 quomodo

2074 1709 2161 1766 vel
2195 1709 2446 1784 qualiter
2472 1710 2686 1767 ﬂuvius
2716 1709 2827 1766 iste
2842 1710 3173 1784 Gehon,qui
3205 1710 3275 1767 de
3291 1710 3564 1784 paradiso
3586 1728 3725 1770 cum

2075 1800 2265 1856 tribus
2295 1799 2428 1857 aliis
2458 1799 2674 1873 legitur
2701 1816 2994 1871 emanare,
3028 1804 3221 1856 ortum
3250 1815 3429 1856 suum
3455 1799 3728 1858 videatur

2077 1887 2288 1945 iterum
2320 1905 2680 1961 recuperare,
2713 1905 2848 1944 cum
2880 1888 2953 1945 ab
2984 1886 3253 1944 orientali
3299 1891 3464 1960 parte
3511 1887 3727 1947 habeat

2070 1993 2229 2033 mare
2260 1977 2549 2044 Rubrum,
2581 1981 2638 2033 et
2666 1977 2740 2032 ab
2766 1994 2997 2044 occasu,
3030 1976 3090 2032 in
3129 1993 3245 2050 quo
3293 1976 3519 2047 incidit,
3557 1995 3722 2035 mare

2068 2070 2358 2122 nostrum.
2392 2066 2576 2122 Habet
2632 2065 2790 2122 enim
2840 2066 2992 2122 inter
3037 2081 3101 2122 se
3145 2069 3203 2122 et
3239 2064 3521 2123 orientem
3554 2083 3721 2124 mare

2066 2153 2351 2221 Rubrum,
2383 2153 2442 2209 in
2477 2170 2593 2226 quo
2624 2154 2846 2210 oriente
2875 2152 3261 2227 intelligimus
3310 2170 3440 2211 esse
3485 2155 3723 2229 paradi-

2065 2258 2220 2298 sum.
2254 2243 2557 2310 Quomodo
2584 2260 2718 2300 vero
2749 2243 2903 2299 circa
2932 2259 3094 2299 mare
3136 2242 3284 2299 illud
3316 2243 3583 2301 Rubrum
3624 2262 3715 2303 re-

2064 2330 2246 2387 sumit
2273 2335 2466 2387 ortum
2498 2336 2770 2401 suum,et
2798 2332 3089 2405 quomodo
3121 2331 3335 2390 transit
3362 2331 3507 2390 illud
3530 2350 3713 2404 mare,

2060 2420 2150 2476 vel
2176 2437 2291 2477 non
2321 2420 2552 2491 transit,
2577 2421 2950 2478 vehementer
2978 2420 3255 2478 admiror.

2662 2510 2895 2567 CAPUT
2936 2510 3102 2567 LVII.

2686 2602 2763 2657 De
2789 2601 3083 2673 Euphrate.

2132 2689 2213 2744 De
2232 2689 2527 2762 Euphrate
2557 2689 2830 2746 similiter
2858 2688 3210 2757 addicimus,
3232 2689 3388 2763 quod
3420 2691 3479 2746 in
3501 2693 3705 2750 Arme-

2059 2777 2159 2833 nia
2186 2783 2379 2835 ortum
2428 2795 2604 2835 suum
2634 2778 2864 2847 habeat,
2900 2784 2958 2835 et
2985 2783 3190 2851 postea
3236 2796 3339 2852 per
3380 2780 3706 2855 Mesopota-

2060 2866 2241 2922 miam
2298 2870 2578 2937 transeat,
2611 2869 2681 2923 24
2712 2866 3025 2935 milliariis,
3059 2871 3125 2922 ut
3180 2866 3408 2941 opinor,
3431 2868 3503 2924 ab
3561 2868 3707 2926 urbe

2058 2956 2298 3013 Edessa.
2332 2960 2561 3024 Quaarat
2590 2958 2693 3030 qui
2723 2956 2868 3025 vult,
2891 2955 3077 3012 discat
3107 2956 3209 3029 qui
3238 2956 3410 3014 valet.
3430 2958 3578 3013 Nam
3596 2959 3706 3014 hoc

2057 3043 2281 3103 discere
2328 3064 2363 3102 a
2411 3045 2860 3118 quampluribus
2890 3062 3146 3119 persaepe
3192 3045 3542 3119 inquirendo
3581 3050 3706 3104 stu-

2058 3134 2180 3201 dui,
2205 3135 2307 3191 sed
2339 3136 2440 3208 qui
2472 3136 2579 3192 hoc
2610 3135 2756 3191 mihi
2788 3135 3114 3191 insinuaret
3141 3151 3514 3209 nequaquam
3544 3135 3709 3193 inve-

296 3234 604 3308 expedivit,
636 3238 702 3290 ut
729 3237 785 3290 et
825 3216 1048 3288 videret
1094 3231 1251 3304 quod
1309 3230 1571 3285 nondum
1619 3229 1860 3295 viderat,
1893 3233 1949 3286 et
1978 3216 2021 3283 C
2058 3222 2181 3279 nire
2210 3223 2393 3296 potui.
2426 3225 2738 3281 Committe
2769 3229 2965 3281 autem
2996 3223 3083 3279 illi
3113 3223 3438 3293 enucleare,
3474 3223 3576 3297 qui
3605 3241 3709 3281 su-

294 3324 537 3381 fortuitu
569 3324 629 3379 in
658 3323 752 3378 via
781 3321 1005 3394 aliquid
1036 3321 1173 3375 boni
1215 3321 1369 3392 quod
1401 3318 1943 3375 desiderabatinve-

292 3412 463 3470 niret.
495 3414 661 3470 Tunc
686 3411 1031 3466 invenerunt
1060 3408 1209 3464 Elim
1258 3407 1549 3464 civitatem
1578 3423 1748 3463 secus
1778 3405 1944 3465 littus

291 3502 557 3573 eiusdem
587 3500 790 3567 maris,
810 3499 911 3555 ubi
941 3498 1224 3571 p0pu1um
1258 3495 1641 3553 Israeliticum
1665 3501 1796 3568 post
1826 3514 1946 3554 ma-

291 3589 372 3646 ris
390 3589 708 3645 transitum
732 3587 1097 3660 hospitatum
1119 3602 1247 3642 esse
1267 3584 1938 3659 legimus(Exod.xv,27).

290 3679 372 3735 De
402 3695 519 3751 qua
551 3678 653 3751 qui
682 3677 765 3733 ibi
796 3675 1198 3743 versabantur,
1233 3675 1434 3731 audito
1468 3675 1621 3747 regis
1665 3674 1938 3743 adventu,

289 3766 510 3841 egressi
541 3771 679 3823 sunt
712 3783 725 3822 :
758 3770 816 3822 et
848 3766 1135 3821 intrantes
1166 3763 1465 3820 naviculas
1494 3780 1654 3833 suas,
1688 3763 1749 3818 in
1780 3780 1941 3821 mare

290 3854 482 3930 pavidi
506 3872 568 3912 se
600 3855 988 3929 impegerunt.
1015 3855 1158 3909 Cum
1190 3858 1383 3909 autem
1418 3869 1516 3908 rex
1545 3856 1602 3908 et
1632 3851 1721 3909 sui
1744 3851 1938 3909 locum

287 3944 454 4001 illum
490 3944 752 4018 quandiu
775 3943 946 3999 libuit
965 3942 1672 4013 censiderassent,reversi
1694 3946 1836 3998 sunt
1866 3942 1937 3997 ad

291 4032 564 4106 Regalem
580 4036 836 4089 montem
852 4037 1110 4088 castrum
1130 4031 1542 4092 suum.deinde
1553 4029 1936 4086 Hierusalem.

288 4120 395 4188 Qui
428 4138 562 4178 cum
594 4121 764 4178 nobis
793 4138 860 4177 ea
892 4138 1019 4194 qua:
1049 4121 1316 4176 viderant
1344 4124 1669 4186 narrarent,
1693 4119 1941 4174 delecta-

286 4211 502 4267 bamur
529 4214 652 4267 tam
684 4210 856 4268 dictis
872 4227 1051 4283 quam
1070 4210 1130 4265 in
1147 4209 1357 4266 cocleis
1374 4208 1704 4274 marinis,at
1723 4206 1939 4278 lapillis

286 4298 643 4371 quibusdam
672 4299 903 4373 generis
920 4297 1372 4372 tenerrimiquaa
1389 4297 1559 4354 nobis
1581 4296 1758 4352 allata
1778 4312 1942 4352 mon-

287 4388 699 4461 strabant.Ego
712 4388 835 4460 ipse
848 4388 1016 4444 avido
1030 4389 1205 4444 corde
1225 4386 1394 4460 plene
1408 4385 1664 4441 rimabar
1675 4386 1747 4440 ab
1768 4385 1935 4457 ipsis,

286 4476 619 4550 cujusmodi
670 4493 831 4533 mare
862 4482 1004 4546 erat,
1041 4477 1141 4550 qui
1171 4476 1286 4532 huc
1316 4491 1504 4548 usque
1534 4474 1936 4531 dubitaveram

284 4568 485 4621 utrum
505 4564 727 4622 salsum
750 4583 825 4621 an
852 4565 1020 4622 dulce
1042 4570 1195 4635 erat;
1229 4569 1506 4637 stagnum
1527 4564 1615 4620 vel
1646 4563 1939 4632 lacus,aut
1967 4585 2011 4650 Β

281 4652 512 4710 intrans
544 4658 600 4710 et
630 4656 827 4711 exiens
860 4659 925 4711 ut
954 4671 1115 4711 mare
1136 4652 1410 4723 Galilmaa;
1446 4652 1564 4709 sive
1595 4656 1752 4708 meta
1774 4652 1933 4708 ﬁnali

283 4742 730 4799 concluderetur
776 4748 843 4799 ut
891 4759 1051 4799 mare
1099 4743 1397 4798 Mortuum
1425 4742 1581 4814 quod
1616 4741 1932 4797 Jordanem

281 4830 507 4904 recipit,
544 4832 643 4888 sed
678 4836 879 4905 postea
909 4847 1203 4903 nusquam
1236 4830 1470 4887 emittit.
1500 4830 1647 4885 Nam
1695 4830 1766 4886 ab
1798 4847 1932 4887 aus-

280 4922 371 4976 tro
402 4919 558 4993 apud
592 4920 773 4994 Segor
802 4919 1093 4977 civitatem
1127 4919 1274 4975 Loth
1306 4920 1482 4975 tinem
1514 4919 1674 4975 facit.

918 5008 1148 5064 CAPUT
1186 5007 1299 5065 LV.

868 5099 943 5153 De
970 5099 1119 5152 mari
1145 5095 1344 5153 Rubro.

349 5185 468 5243 Hoc
498 5189 692 5242 autem
726 5202 887 5241 mare
917 5185 1183 5241 Rubrum
1232 5184 1474 5255 dictum,
1510 5201 1578 5241 eo
1626 5185 1782 5258 quod
1832 5203 1929 5243 sa-

275 5278 455 5333 burra
483 5280 541 5333 et
568 5273 753 5348 lapilli
803 5274 963 5329 rubri
1013 5273 1133 5331 sint
1160 5274 1220 5330 in
1253 5274 1454 5331 fundo.
1488 5275 1651 5332 Unde
1693 5275 1927 5332 intuen-

273 5365 437 5423 tibus
470 5363 715 5419 rubrum
746 5367 934 5435 patet;
967 5363 1122 5435 quod
1153 5364 1331 5420 etiam
1378 5363 1437 5419 in
1486 5381 1622 5421 vase
1666 5365 1928 5438 quolibet

272 5455 884 5525 haustum,tanquam
942 5451 1102 5509 aliud
1151 5469 1333 5521 mare,
1367 5451 1681 5526 limpidum
1723 5458 1813 5510 est
1869 5458 1927 5510 et

270 5540 495 5601 album.
518 5539 732 5597 Dicunt
760 5538 904 5597 illud
934 5559 969 5598 a
998 5540 1146 5598 mari
1178 5543 1407 5599 Oceano
1438 5541 1684 5600 derivari
1706 5559 1740 5598 a
1760 5547 1923 5618 parte

270 5627 539 5704 australi,
570 5629 740 5709 quasi
769 5628 973 5711 lingua
1010 5637 1310 5711 eruptum,
1345 5635 1405 5692 et
1434 5648 1623 5712 usque
1665 5632 1739 5692 ad
1770 5631 1921 5693 Elim

2053 3329 2159 3385 per
2178 3314 2353 3370 caelos
2375 3314 2550 3369 etiam
2590 3331 2773 3386 aquas
2812 3313 3057 3370 miriﬁce
3086 3313 3279 3370 inesse
3309 3312 3549 3383 statuit;
3582 3313 3705 3387 qui-

2053 3418 2167 3474 que
2197 3419 2297 3459 eas
2328 3402 2387 3458 in
2420 3403 2720 3460 montibus
2751 3406 2808 3459 et
2838 3402 3087 3459 collibus
3103 3405 3160 3459 et
3180 3400 3544 3459 convallibus
3564 3401 3705 3459 oriri

2052 3491 2209 3559 facit,
2242 3496 2299 3548 et
2328 3508 2432 3565 per
2462 3491 2722 3549 occultos
2752 3494 2981 3548 meatus
3008 3490 3284 3548 cursibus
3326 3490 3538 3548 vividis
3577 3491 3702 3549 vias

2052 3580 2375 3638 multiﬁdas
2405 3582 2491 3638 eis
2522 3581 2788 3654 praebuit,
2810 3585 2867 3638 et
2896 3580 2956 3637 in
2987 3597 3147 3637 mare
3176 3580 3429 3654 denique
3458 3580 3701 3638 mirabi-

2049 3669 2183 3726 liter
2210 3669 2438 3728 inducit
2464 3674 2523 3727 et
2552 3670 2798 3727 reducit.
2813 3669 2983 3726 Exitu
3014 3669 3307 3743 siquidem
3338 3670 3477 3726 anni
3498 3686 3703 3744 appro-

2049 3759 2394 3832 pinquante,
2436 3759 2702 3817 molestia
2739 3758 2998 3832 corporis
3045 3758 3379 3833 ingruente,
3410 3757 3550 3833 quia
3604 3775 3704 3817 rex

2049 3848 2198 3904 mori
2235 3854 2375 3905 tunc
2405 3849 2624 3917 timuit,
2654 3847 2882 3905 dimisit
2921 3864 3165 3905 uxorem
3209 3865 3381 3905 suam
3427 3847 3700 3922 superius

2048 3941 2452 4006 memoratam,
2467 3936 2798 3994 Siculorum
2819 3937 3042 3995 scilicet
3061 3937 3443 4010 comitissam,
3462 3937 3700 3994 nomine

2044 4025 2552 4101 Adelaidem,quia
2571 4027 2791 4103 injuste
2810 4027 3053 4083 duxerat
3073 4043 3224 4095 eam,
3239 4044 3305 4083 eo
3327 4027 3484 4101 quod
3504 4026 3697 4084 adhuc

2045 4114 2260 4171 viveret
2289 4132 2416 4184 sua,
2433 4132 2610 4188 quam
2641 4115 2796 4188 apud
2828 4116 3037 4172 urbem
3067 4116 3348 4173 Edessam
3379 4120 3517 4173 ante
3546 4119 3699 4173 recte

2047 4205 2312 4261 duxerat.

2640 4294 2874 4352 CAPUT
2915 4295 3107 4352 LVIII.

2342 4385 2417 4441 De
2443 4386 2693 4440 mawima
2715 4386 3026 4457 pestilentia
3055 4386 3409 4443 locustarum.

2114 4474 2281 4529 Anno
2313 4475 2451 4529 1117
2480 4474 2552 4530 ab
2598 4474 3003 4531 lncarnatione
3033 4474 3286 4541 Domini,
3321 4471 3524 4547 regina
3572 4488 3693 4529 me-

2046 4566 2274 4619 morata
2303 4579 2333 4618 e
2362 4567 2532 4635 portu
2580 4560 2936 4618 Ptolemaida
2971 4579 3226 4637 egressa,
3260 4561 3353 4617 die
3410 4577 3529 4634 qua
3576 4562 3692 4617 ritu

2044 4650 2436 4708 ecclesiastico
2484 4650 2690 4707 litania
2747 4653 2938 4724 major
2982 4653 3291 4708 decantata
3334 4654 3442 4717 est,
3466 4654 3692 4722 septem

2041 4757 2177 4796 cum
2200 4739 2445 4795 navibus
2466 4738 2525 4795 in
2548 4739 2831 4796 comitatu
2853 4757 2960 4796 suo
2981 4738 3243 4797 Siciliam
3272 4737 3689 4796 transfretavit.

2040 4829 2259 4885 Deiude
2279 4829 2431 4885 Maio
2453 4846 2654 4885 mense
2674 4827 3089 4885 advolaverunt
3108 4829 3169 4885 in
3192 4833 3411 4885 terram
3430 4827 3696 4884 Hieroso-

2039 4917 2384 4991 lymitanam
2415 4917 2775 4974 locustarum
2804 4917 3033 4973 inﬁnita
3063 4916 3401 4984 multitudo,
3434 4915 3693 4989 amplius

2041 5007 2212 5063 solito
2235 5007 2579 5064 devorantes
2603 5012 2722 5063 tam
2744 5007 2943 5064 vineas
2965 5024 3142 5080 quam
3166 5009 3411 5081 segetes,
3434 5021 3541 5062 nec
3573 5022 3690 5061 non

2042 5097 2278 5153 arbores
2309 5096 2674 5170 omnigenas,
2709 5113 2856 5169 quas
2883 5096 3143 5153 videritis
3174 5099 3441 5152 accurate
3473 5095 3545 5151 ad
3571 5111 3693 5150 mo-

2038 5203 2161 5241 rem
2194 5185 2481 5241 exercitus
2512 5185 2819 5242 hominum
2853 5203 2954 5258 per
2982 5184 3108 5241 vias
3136 5190 3417 5257 tamquam
3442 5181 3689 5239 consilio

2038 5273 2275 5347 provido
2306 5272 2640 5347 prolocutus
2671 5273 2875 5331 ordine
2904 5274 3196 5347 progredi.
3228 5274 3301 5329 Et
3328 5273 3485 5329 facta
3512 5287 3689 5357 expe—

2037 5363 2256 5420 ditione
2285 5380 2393 5419 sua
2421 5363 2654 5431 diurna,
2688 5362 2815 5419 aliae
2846 5362 3090 5436 pedites,
3124 5362 3252 5419 aliae
3297 5378 3434 5419 vero
3482 5360 3688 5441 volan-

2034 5456 2141 5521 tes,
2161 5451 2483 5525 hospitium
2509 5451 2621 5508 sibi
2644 5452 3036 5509 communiter
3052 5450 3369 5525 eligebant.
3397 5450 3688 5507 Consum-

2032 5541 2150 5615 ptis
2180 5540 2376 5613 itaque
2404 5540 2602 5598 herbis
2630 5541 3092 5609 viridioribus,et
3120 5541 3399 5599 arborum
3432 5538 3689 5597 corrosis

2031 5629 2366 5706 corticibus,
2396 5633 2519 5690 tam
2547 5629 2716 5690 bruei
2746 5647 2925 5711 quam
2954 5629 3194 5693 locusta
3211 5628 3552 5693 catervatim
3580 5628 3689 5690 ab-
