3994 6066
220 313 335 376 901

936 312 937 315 “
964 303 1385 369 FULCHERII
1431 296 1768 363 GARNOT.
1813 292 1914 355 HI!

2063 290 2480 354 HIEROSOL.
2514 326 2590 337 —
2617 291 2768 353 LIB.
2816 288 2892 352 II.

3515 286 3634 349 902

221 448 439 503 ierunt.
473 441 876 515 Oimprobitas
892 439 1199 496 hominum
1224 452 1493 511 perverse
1518 432 1881 489 incessanter
1908 433 1956 495 Α
1992 442 2217 482 rescere
2229 424 2539 493 solet,cum
2546 426 2673 497 jam
2698 423 2785 481 sol
2809 423 2947 479 oriri
2972 422 3234 478 debet.In
3252 422 3437 477 fronte
3459 421 3633 477 etiam

226 532 685 607 malignantium
715 531 846 587 lTot
875 533 932 586 et
945 528 1130 586 tantis
1149 543 1257 584 nos
1279 525 1555 583 Conditor
1576 524 1775 577 noster
1792 516 1884 572 in-

231 621 671 697 crepationibus
703 620 910 693 tangit,
943 623 1001 675 et
1030 616 1382 691 praemunit;
1417 611 1604 687 signis
1634 607 1882 674 territat,

233 713 417 771 minis
447 711 719 777 concitat,
751 706 1121 766 documentis
1139 700 1617 776 edocet,ﬂagellis
1641 700 1884 764 coercet;

234 808 290 860 et
322 818 555 874 semper
582 800 640 855 in
672 796 1085 870 iniquitatibus
1115 794 1334 851 nostris
1362 790 1889 865 persistentes,mo-

234 892 365 948 nita
393 892 521 963 ejus
546 885 906 960 contemptui
932 886 1303 951 habemus,et
1328 878 1631 955 praeceptis
1646 877 1776 948 ejus
1798 891 1893 963 su-

234 962 844 1055 perbeicontraimusl
880 975 1027 1043 Quid
1059 974 1300 1037 mirum,
1333 970 1385 1027 si
1441 964 1771 1032 Sarraceni,
1801 962 1889 1019 vel

235 1070 424 1143 iniqui
457 1067 704 1131 domini,
728 1065 1001 1122 auferunt
1026 1063 1196 1120 nobis
1226 1068 1413 1118 terras
1468 1060 1725 1125 nostras,
1756 1067 1890 1109 cum

238 1176 348 1216 nos
380 1159 439 1214 in
469 1156 869 1229 proximorum
892 1158 1228 1209 nostrorum
1261 1165 1433 1222 agros
1454 1161 1667 1202 manus
1690 1146 1892 1199 exten-

238 1249 439 1304 dimus
478 1261 739 1320 rapaces,
768 1260 918 1316 quos
944 1241 1182 1315 quidem
1215 1243 1317 1295 aut
1361 1234 1539 1293 aratri
1571 1230 1894 1290 sulcatione

242 1335 645 1393 fraudulenter
700 1336 1095 1395 exeurtamus,
1153 1333 1255 1384 aut
1297 1320 1895 1382 circumventionibus

240 1426 476 1500 cupidis
504 1422 884 1496 subripiendo
915 1419 1234 1493 privamus,
1265 1420 1322 1472 et
1343 1418 1575 1471 nostros
1606 1408 1896 1467 malitiose

243 1497 438 1573 exvhis
464 1516 919 1586 augmentamus
941 1508 1120 1575 ?Quid
1152 1506 1395 1575 mirum,
1428 1502 1478 1559 si
1503 1502 1620 1558 Deo
1652 1497 1898 1572 permit-

244 1611 426 1673 tente,
451 1585 580 1661 sata
609 1606 812 1658 nostra
840 1598 928 1655 vel
950 1614 1146 1654 mures
1168 1595 1227 1650 in
1258 1599 1414 1651 terra
1425 1593 1552 1664 jam
1574 1607 1643 1646 ex
1662 1585 1901 1645 conimi-

247 1713 324 1752 ne
354 1694 615 1751 radieata
646 1690 955 1763 dissipent,
985 1686 1075 1743 vel
1098 1689 1231 1759 post
1254 1684 1313 1739 in
1346 1680 1525 1755 spicis
1548 1681 1676 1751 jam
1701 1675 1902 1733 adulta

247 1785 493 1841 locusta:
526 1782 824 1849 devorent,
855 1781 958 1834 aut
984 1774 1160 1831 etiam
1191 1773 1249 1829 in
1284 1769 1574 1845 granariis
1603 1765 1902 1823 vermibus

250 1871 635 1947 quibuslibet,
669 1873 773 1924 aut
794 1867 995 1923 nidore
1018 1862 1241 1921 caleino
1263 1861 1571 1924 laedantur,
1596 1853 1904 1947 eum‘deci-

252 1943 383 2019 mas
416 1962 532 2017 Deo
563 1958 790 2014 debitas
821 1955 905 2011 vel
926 1951 1328 2009 fraudulenter
1349 1943 1761 2017 reddimus,vel
1785 1959 1904 1999 om-

253 2053 397 2108 nino
427 2048 706 2121 sacrilege
736 2042 1105 2101 retinemus?

874 2131 1104 2189 CAPUT
1144 2129 1282 2185 LIX.

848 2229 926 2280 De
953 2224 1112 2292 signa
1145 2221 1317 2276 lunae.

330 2317 610 2393 Sequenti
642 2314 879 2390 quidem
913 2326 1136 2377 mense,
1160 2307 1261 2381 qui
1303 2304 1519 2393 Junius
1549 2306 1692 2368 erat,
1727 2316 1907 2393 appa:

257 2412 382 2468 ruit
411 2387 581 2465 nobis
609 2387 678 2462 in
701 2403 914 2461 caelum
945 2396 1404 2471 suspicientibus
1443 2392 1587 2448 luna
1617 2396 1750 2464 post
1771 2387 1907 2462 galii

259 2505 525 2566 cantum,
554 2495 718 2569 prius
747 2497 872 2549 tota
914 2491 1116 2556 rubea,
1151 2484 1466 2543 novissime
1496 2498 1650 2548 vero,
1686 2482 1909 2534 mutato

260 2591 476 2646 rubore
506 2566 805 2659 nigredine
836 2581 976 2636 adeo
1009 2579 1233 2634 fuscata
1261 2578 1349 2630 est
1383 2576 1448 2628 ut
1474 2570 1589 2625 vim
1623 2568 1712 2623 sui
1736 2566 1909 2623 lumi-

264 2682 361 2737 nis
392 2695 495 2751 per
523 2658 671 2731 duas
702 2673 818 2728 fere
865 2669 1041 2724 horas
1100 2665 1388 2738 perderet.
1422 2658 1677 2737 Contigit
1716 2660 1908 2712 autem

264 2773 378 2828 hoc
392 2747 502 2824 “die
520 2783 636 2839 qua
647 2780 776 2820 eam
799 2759 1029 2817 tertiam
1050 2755 1339 2812 decimam
1360 2747 1914 2839 habebamus.Quod

266 2862 317 2917 si
350 2837 562 2930 quarta
593 2852 822 2909 decima
852 2847 945 2903 die
1000 2848 1157 2901 esset
1186 2842 1306 2909 illo,
1335 2838 1599 2912 eclipsim
1631 2837 1914 2892 nimirum

266 2951 317 3019 ej
327 2925 398 3003 us
410 2933 1198 3012 esseintelligeremus.Quod
1222 2947 1358 3004 ergo
1380 2946 1483 3001 pro
1496 2928 1664 2999 signo
1678 2925 1735 2981 id
1756 2941 1917 2981 acce-

266 3014 489 3112 pimus,
520 3050 590 3089 ex
617 3031 727 3086 hoc
751 3025 989 3100 quidam
1022 3021 1431 3094 conjectabant
1460 3016 1669 3072 rubore
1690 3014 1751 3069 in
1773 3031 1918 3086 prce-

266 3101 346 3182 lio
379 3125 498 3179 fore
527 3117 894 3177 fundendum
926 3109 1274 3183 sanguinem
1303 3106 1432 3176 ;alii
1456 3121 1590 3161 vero
1617 3101 1921 3176 nigredine

1994 514 2147 588 signi
2172 514 2437 586 hujus,in
2456 532 2524 571 ea
2536 513 2801 570 videlicet
2822 510 3355 586 parte,videbamus
3378 508 3636 565 alborem

1996 603 2165 676 quasi
2193 603 2582 661 deberetluna
2604 602 2933 660 oriri.Unde
2954 606 3110 657 terra
3126 600 3407 671 undique,
3440 602 3497 653 et.
3528 615 3638 653 cae-

1994 698 2120 749 tera
2144 693 2272 749 loca
2295 694 2449 749 circa
2479 711 2585 749 nos
2603 690 3091 760 existentia,clare
3121 686 3640 754 candebant.Quod

1999 783 2047 838 si
2075 781 2135 837 in
2169 783 2457 838 matutino
2484 783 2567 838 sic
2589 782 2864 847 eveniret,
2898 781 3229 836 diceremus
3256 794 3480 845 omnes,
3505 776 3645 849 quia

2001 871 2124 927 dies
2154 870 2311 927 clara
2340 871 2924 942 est.Conjiciebamus
2956 886 3091 942 ergo
3122 869 3256 924 inde
3281 867 3365 924 vel
3400 864 3643 940 sangui-

2001 977 2135 1017 nem
2162 961 2416 1016 multum
2446 960 2506 1015 in
2541 959 2691 1016 bello
2716 959 3211 1027 fundendum,aut
3239 957 3396 1013 aliud
3421 954 3644 1028 aliquid

2001 1066 2116 1106 non
2150 1050 2347 1105 minus
2366 1048 2628 1123 praesagii
2646 1049 2893 1104 minacis
2913 1048 3031 1103 fore
3062 1047 3326 1102 futurum
3344 1046 3465 1115 ;sed
3488 1044 3644 1117 quod

2002 1140 2289 1195 incertum
2321 1139 2704 1205 habebamus,
2739 1137 2981 1193 Domino
3039 1137 3154 1192 Deo
3212 1135 3645 1207 disponendum

2002 1228 2334 1284 humillime
2365 1226 3071 1294 committebamus.Quod
3105 1224 3279 1281 etiam
3310 1228 3645 1297 portentum

2004 1319 2078 1374 ad
2110 1318 2545 1374 defunctionem
2578 1334 2986 1390 personarum,
3017 1332 3143 1388 quae
3176 1332 3327 1370 anno
3350 1314 3475 1386 ipso
3499 1312 3649 1370 obie-

2005 1412 2162 1475 runt,
2197 1406 2594 1480 significantes
2657 1404 2939 1478 aliquanti
2993 1404 3184 1459 sortiti
3234 1407 3390 1460 sunt.
3435 1402 3649 1459 Subse-

2008 1501 2252 1569 quenter
2277 1495 2433 1552 enim
2465 1494 2680 1550 mortui
2722 1498 2880 1561 sunt,
2917 1492 3213 1550 Paschalis
3268 1510 3421 1566 papa
3449 1508 3651 1549 mense

2007 1585 2307 1655 Januario,
2356 1584 2679 1640 Balduinus
2727 1601 2827 1639 rex
2872 1582 3406 1654 Hierosolymorum
3451 1597 3652 1638 mense

2009 1673 2210 1747 Aprili,
2245 1691 2351 1729 nec
2382 1691 2497 1729 non
2532 1690 2677 1728 uxor
2735 1674 2864 1744 ejus
2917 1672 2977 1726 in
3028 1671 3246 1738 Sicilia,
3281 1687 3456 1743 quam
3488 1671 3652 1727 dere-

2010 1763 2277 1836 liquerat.
2313 1760 2731 1834 Hierosolymis
2761 1760 2936 1816 etiam
2986 1759 3319 1832 patriarcha
3347 1758 3649 1829 Arnulfus,

2013 1853 2330 1925 imperator
2360 1867 2593 1922 quoque
2640 1847 3318 1920 Constantinopolitauus
3352 1847 3565 1916 Alexis,
3599 1851 3657 1903 et

2013 1940 2109 1997 alii
2141 1940 2521 2013 quamplures
2551 1955 2816 2011 proceres
2847 1938 2907 1993 in
2940 1938 3181 2013 mundo.

2112 2034 2119 2041 ·
2162 2012 2171 2013 ί
2617 2027 2847 2083 CAPUT
2886 2027 3048 2083 LXII.
3104 2012 3112 2019 '

2362 2120 2434 2174 De
2458 2126 2630 2174 morte
2655 2125 2793 2189 regts
2824 2116 3094 2172 Balduim‘
3115 2117 3308 2189 primi.

2085 2210 2250 2265 Anno
2283 2225 2316 2263 a
2345 2211 2515 2282 partu
2546 2206 2807 2279 Virginis
2840 2206 2995 2275 1118,
3030 2223 3164 2262 cum
3196 2205 3256 2260 in
3279 2205 3433 2262 exitu
3464 2205 3658 2262 Martii

2016 2298 2238 2355 mensis
2264 2298 2489 2366 urbem,
2524 2313 2701 2370 quam
2734 2293 3043 2351 Pharamia
3071 2296 3400 2366 nominant,
3424 2294 3655 2352 Balduio

2018 2406 2130 2444 nus
2163 2405 2259 2443 rex
2289 2402 2623 2460 aggressus,
2658 2384 2946 2440 hostiliter
2982 2384 3265 2440 vastando
3296 2384 3659 2457 diripuisset,

2020 2478 2114 2533 die
2137 2477 2554 2549 quadam,cum
2584 2473 2988 2530 deambularet
3008 2472 3454 2546 fluvium,quem
3479 2473 3661 2530 Graeci

2021 2566 2224 2622 dicunt
2254 2565 2471 2633 Nilum,
2508 2563 2726 2620 Hebraei
2757 2566 2950 2619 autem
2985 2563 3162 2629 Geon,
3198 2561 3411 2635 oppido
3443 2579 3663 2619 memo-

2022 2661 2146 2711 rato
2180 2655 2672 2727 proximum,eum
2698 2651 3015 2724 aliquantis
3048 2652 3117 2707 de
3149 2652 3275 2707 suis
3296 2652 3463 2707 laetus
3486 2652 3663 2707 adiis-

2025 2751 2131 2811 set,
2165 2748 2222 2800 et
2252 2745 2321 2799 de
2353 2742 2613 2815 piscibus
2644 2741 2761 2797 illic
2790 2741 3040 2797 inventis
3099 2745 3399 2814 equestres
3448 2740 3666 2799 lanceis

2026 2835 2149 2892 suis
2180 2839 2347 2888 caute
2377 2831 2689 2904 cepissent,
2722 2834 2779 2885 et
2829 2831 2898 2886 ad
2930 2830 3188 2902 hospitia
3218 2848 3326 2886 sua
3356 2831 3427 2886 ad
3461 2831 3666 2887 urbem

2028 2924 2327 2997 prmfatam
2359 2920 2728 2986 detulissent,
2760 2923 2816 2975 et
2848 2936 2914 2975 ex
2944 2919 3028 2975 eis
3060 2919 3469 2987 comedissent,
3487 2919 3671 2976 sensit

2027 3030 2125 3069 rex
2156 3010 2508 3066 intrinsecus
2539 3025 2600 3064 se
2630 3025 2845 3081 angore
2901 3008 3083 3081 plagae
3140 3025 3258 3063 suae
3307 3008 3514 3064 veteris
3545 3025 3674 3081 gra-

2027 3101 2265 3158 vissime
2297 3101 2567 3154 renovato
2597 3096 2908 3153 debilitari.
2939 3099 3061 3163 Quo
3094 3096 3219 3153 suis
3249 3096 3555 3153 confestlm
3587 3096 3674 3152 in-

272 3176 687 3288 significabant
714 3208 1020 3261 venturam
1037 3176 1289 3255 ‘famem.
1318 3196 1436 3251 Nos
1493 3209 1626 3288 vero
1676 3190 1922 3288 disposi-
1950 3176 1992 3242 C
2030 3191 2257 3254 timato,
2282 3204 2385 3261 pro
2418 3187 2759 3286 inﬁrmitate
2791 3185 2952 3241 illius
2985 3185 3186 3240 audita
3214 3184 3407 3241 cuncti
3430 3185 3673 3258 proinde

267 3277 418 3361 tigni
439 3304 495 3358 et
523 3292 898 3372 providentiae
930 3289 1031 3347 Dei
1062 3289 1172 3344 hoc
1231 3281 1693 3349 commissimus,
1727 3280 1829 3352 qui
1860 3277 1920 3333 in

270 3392 400 3450 sola
429 3394 488 3446 et
516 3370 659 3444 luna
690 3380 997 3454 discipulis
1028 3378 1152 3435 suis
1174 3373 1442 3450 praedixit
1462 3372 1633 3445 signa
1654 3370 1773 3426 fore
1793 3384 1924 3423 ven-

271 3488 409 3539 tura
437 3481 589 3549 (Luc.
623 3490 740 3544 xxx,
771 3468 1000 3540 25.)Qui
1032 3466 1231 3534 etiam,
1264 3462 1500 3537 quando
1543 3458 1687 3549 vult,
1721 3467 1925 3513 terram

267 3573 411 3645 facit
442 3546 669 3625 tremere
697 3562 868 3634 (Psal.
912 3575 1029 3626 cm,
1061 3557 1175 3625 32),
1208 3559 1266 3610 et
1320 3555 1527 3625 postea
1583 3546 1920 3645 quiescere;

273 3633 434 3735 quod
470 3633 905 3726 subsequenter
933 3645 1145 3703 accidit
1174 3643 1233 3698 in
1264 3642 1468 3698 eodem
1501 3653 1703 3695 mense
1734 3633 1923 3691 noctis

273 3730 644 3821 intempestae
678 3739 933 3804 silentio,
965 3754 1014 3791 vn
1050 3732 1177 3789 Kal.
1210 3730 1374 3787 Julii.

913 3822 1142 3880 CAPUT
1182 3821 1299 3876 LX.

589 3923 664 3978 De
692 3926 866 3975 castra
890 3929 1058 3988 prope
1099 3913 1296 3983 Tyrum
1324 3907 1615 3978 mdiﬁcato.

349 4017 515 4072 Tuae
543 4004 850 4067 aedificavit
880 4022 978 4060 rex
1007 4001 1303 4074 quoddam
1333 3999 1592 4053 castrum
1625 4008 1802 4064 prope
1822 3991 1930 4063 Ty-

276 4123 412 4162 rum
443 4103 672 4167 urbem,
704 4097 858 4152 intra
913 4090 1186 4165 quintum
1229 4087 1301 4144 ab
1359 4085 1505 4141 urbe
1561 4078 1925 4146 milliarium,

277 4193 437 4267 quod
466 4187 688 4245 vocavit
717 4180 1162 4247 Scandalion,et
1192 4176 1477 4246 Campum
1511 4168 1720 4267 Leonis
1749 4168 1930 4267 inter-

274 4256 598 4356 pretatum,
630 4279 686 4332 et
706 4268 1008 4330 resarcivit
1037 4266 1234 4322 diruta
1281 4263 1430 4334 ejus,
1462 4265 1519 4356 et
1546 4257 1744 4331 posuit
1772 4256 1833 4311 in
1862 4272 1929 4311 eo

278 4348 555 4428 custodes
584 4365 657 4422 ad
688 4359 1072 4419 coercendum
1104 4355 1312 4410 urbem
1343 4348 1700 4424 praedictam.

900 4445 1133 4505 CAPUT
1175 4442 1314 4499 LXI.

556 4550 635 4601 De
651 4544 810 4612 signa
837 4535 1090 4594 mirabili
1120 4534 1181 4588 in
1210 4530 1321 4586 sole
1351 4532 1661 4600 apparente.

2029 3278 2451 3350 compatientes
2482 3274 2805 3332 contristati
2837 3280 2894 3331 et
2922 3274 3253 3331 conturbati
3284 3280 3441 3331 sunt.
3463 3276 3674 3331 Reditu

2031 3372 2228 3422 autem
2259 3369 2500 3433 statuto,
2533 3381 2666 3421 cum
2717 3382 2832 3419 non
2893 3367 3089 3437 posset
3137 3380 3234 3419 rex
3292 3363 3571 3436 equitare,
3604 3364 3675 3420 de

2032 3456 2394 3530 papilionum
2426 3454 2662 3528 perticis
2705 3453 2971 3509 leeticam
3031 3451 3085 3508 ei
3143 3458 3592 3526 apparaverunt,
3614 3452 3675 3509 in

2034 3562 2150 3617 qua
2178 3561 2312 3600 eum
2345 3544 2790 3600 collocaverunt.
2823 3543 2895 3598 Et
2924 3558 3184 3615 praecone
3227 3542 3464 3615 signum
3495 3559 3676 3598 cornu

2035 3635 2228 3702 dante,
2260 3649 2521 3689 remeare
2583 3630 2941 3688 Hierusalem
2991 3630 3246 3687 edictum
3278 3635 3385 3687 est.
3418 3631 3678 3704 Cumque

2036 3739 2223 3796 usque
2252 3721 2475 3787 villam,
2509 3738 2637 3794 quaa
2669 3720 2884 3776 dicitur
2915 3720 3100 3789 Laris,
3135 3720 3556 3793 pervenissent,
3588 3720 3679 3775 in-

2036 3812 2315 3867 ﬁrmitate
2342 3812 2669 3885 ingruente,
2705 3814 2761 3866 et
2789 3809 2956 3865 illum
3010 3809 3247 3883 penitus
3276 3813 3677 3876 consumente,

2037 3900 2392 3974 defungitur.
2426 3901 2495 3955 Et
2524 3899 2727 3956 locatis
2759 3899 3201 3969 ejusintestinis
3224 3898 3681 3969 etsalitis,atque

2036 3989 2096 4045 in
2131 3989 2321 4045 loculo
2360 3987 2631 4055 conditis,
2687 3988 3145 4060 Hierosolymam
3203 3990 3678 4060 properaverunt.

2038 4080 2140 4136 Die
2172 4078 2484 4150 siquidem,
2517 4095 2632 4150 quo
2664 4076 2992 4150 palmarum
3018 4076 3164 4131 rami
3195 4093 3263 4132 ex
3285 4092 3443 4131 more
3470 4072 3681 4130 deferri

2039 4168 2246 4234 solent,
2283 4166 2645 4221 ordinatione
2676 4165 2797 4233 Dei,
2833 4169 2889 4220 et
2943 4169 3151 4220 eventu
3206 4162 3574 4235 inopinabili,
3607 4161 3681 4217 ad

2038 4254 2492 4330 processionem,
2527 4271 2653 4326 quae
2677 4254 2747 4308 de
2779 4257 2973 4308 monte
3004 4252 3210 4309 Oliveti
3253 4251 3313 4307 in
3343 4250 3552 4308 vallem
3583 4251 3683 4307 Jo-

2039 4346 2251 4419 sapbat
2279 4350 2417 4400 tunc
2448 4341 2855 4409 descendebat,
2891 4346 3120 4396 caterva
3172 4341 3459 4415 lugubris,
3492 4343 3549 4395 et
3579 4339 3683 4395 do-

2038 4432 2195 4489 lendi
2228 4430 2452 4486 funeris
2482 4428 2652 4483 latrix
2684 4428 2933 4483 advenit.
2969 4430 3090 4494 Quo
3121 4426 3265 4494 viso,
3294 4433 3350 4484 et
3379 4428 3531 4483 sicut
3560 4430 3687 4483 erat

1967 4546 2013 4612 Ι)
2046 4520 2296 4612 cognito,
2329 4536 2433 4592 pro
2483 4521 2660 4574 cantu
2709 4516 2954 4585 luctum,
2992 4515 3342 4612 pro-laetitia
3372 4516 3682 4588 gemitum,

354 4636 573 4694 Eodem
606 4603 781 4699 anno,
807 4641 1008 4684 mense
1042 4616 1361 4686 Decembri,
1384 4619 1551 4671 nocte
1572 4612 1779 4686 quinta
1803 4615 1937 4684 post
1967 4603 2006 4612 ”
2044 4610 2238 4668 cuncti
2271 4609 2371 4681 qui
2403 4609 2646 4664 aderant
2692 4607 3000 4662 dederunt.
3063 4604 3299 4661 Plorant
3328 4604 3554 4671 Franci,
3587 4603 3684 4660 lu-

282 4722 554 4799 eclipsim
586 4720 897 4790 lunae,quae
920 4712 1356 4771 accideratcum
1384 4703 1618 4762 tertiam
1641 4701 1932 4799 decimam

282 4789 837 4890 pronuntiabamus,
868 4804 1124 4860 vidimus
1168 4812 1372 4855 omnes
1402 4792 1613 4890 coelum
1645 4789 1931 4890 noctein:

283 4877 476 4977 erepta
506 4901 564 4956 in
598 4890 1037 4971 septentrionali
1060 4892 1224 4962 parte
1244 4881 1497 4977 velignei
1514 4879 1603 4937 vel
1624 4877 1933 4977 sanguinei

283 4967 496 5049 coloris
525 4967 748 5062 fulgore
777 4995 1132 5056 respersum.
1159 4973 1320 5042 Quod
1351 4971 1588 5043 signum
1619 4967 1932 5062 signismi:

281 5080 466 5138 riﬁcis
499 5054 737 5151 plenum
794 5054 1204 5144 suspicientes,
1234 5061 1610 5118 vehementer
1663 5054 1934 5113 admirati

283 5144 667 5227 sumus:Nam
700 5180 804 5237 per
833 5158 1094 5217 medium
1140 5154 1414 5210 ruborem
1462 5147 1654 5215 illum,
1682 5146 1783 5219 qui
1815 5144 1930 5218 pri-

285 5261 470 5315 mitus
500 5233 787 5330 paulatim
817 5260 1147 5307 excrescere
1177 5238 1719 5314 ccepit,videbamus
1740 5233 1931 5329 radios

283 5324 521 5407 alburni
552 5343 764 5400 coloris
795 5335 1175 5414 quamplures
1195 5331 1267 5389 ab
1289 5329 1408 5385 imo
1442 5342 1681 5384 sursum
1714 5324 1931 5379 mirum

282 5439 343 5495 in
375 5436 619 5492 modum
651 5412 867 5496 extolli,
900 5442 1057 5483 nunc
1088 5425 1243 5492 ante,
1274 5434 1430 5475 nunc
1479 5419 1651 5481 retro,
1686 5430 1841 5469 nunc
1871 5412 1932 5467 in

284 5525 503 5584 medio.
536 5523 600 5580 In
626 5525 791 5595 parte
818 5521 1018 5575 autem
1046 5508 1309 5569 inferiori
1338 5506 1551 5565 ccelum
1581 5503 1823 5595 parebat
1846 5500 1934 5595 _al-

283 5618 452 5686 bum,
485 5629 554 5672 ac
582 5590 875 5672 si-aurOra
902 5608 1058 5667 esset
1086 5600 1220 5674 diei,
1252 5615 1379 5678 quae
1413 5611 1593 5675 prope
1623 5591 1778 5653 diem
1812 5590 1933 5653 cla-

2040 4703 2179 4773 gent
2208 4697 2354 4772 Syri,
2385 4701 2441 4754 et
2471 4696 2571 4769 qui
2602 4696 2710 4752 hoc
2730 4695 3008 4751 videbant
3037 4692 3507 4758 Sarraceni.Quis
3526 4692 3685 4749 enim

2041 4807 2103 4846 se
2133 4787 2428 4844 continere
2460 4789 2676 4857 posset,
2710 4783 2810 4857 qui
2860 4800 2975 4839 non
3024 4782 3104 4838 ibi
3137 4782 3229 4856 pie
3260 4780 3468 4838 ﬂeret?
3500 4780 3687 4853 Igitur

2040 4882 2179 4933 tunc
2210 4877 2282 4932 ad
2314 4875 2521 4930 urbem
2553 4876 2881 4941 redeuntes,
2916 4878 3035 4928 tam
3069 4871 3259 4928 clerus
3290 4886 3467 4943 quam
3501 4886 3685 4943 popu-

2042 4966 2155 5037 lus,
2192 4967 2452 5022 fecerunt
2484 4964 2640 5036 quod
2672 4961 3138 5019 doloriconvenit
3166 4964 3223 5016 et
3253 4948 3684 5016 consuetudini.

2043 5057 2111 5111 Et
2136 5054 2493 5128 sepelierunt
2523 5070 2656 5109 cum
2687 5052 2747 5107 in
2796 5051 3080 5125 Golgotha
3100 5052 3269 5123 juxta
3306 5049 3689 5106 Godefridum

2042 5147 2272 5216 ducem,
2304 5159 2653 5217 germanum
2686 5158 2886 5198 suum.

2040 5242 2168 5292 Cum
2197 5256 2291 5291 rex
2322 5240 2418 5290 iste
2449 5240 2574 5299 ruit,
2604 5240 2929 5289 Francorum
2960 5252 3093 5301 gens
3122 5238 3210 5301 pia
3239 5238 3419 5300 ﬂevit;

2104 5313 2273 5376 Hujus
2305 5316 2418 5361 erat
2445 5315 2673 5369 scutum,
2705 5309 2869 5359 robur
2898 5315 2952 5359 et
2980 5309 3256 5368 auxilium,

2041 5386 2172 5434 Nam
2202 5384 2303 5433 fuit
2331 5397 2477 5432 arma
2506 5382 2633 5440 suis,
2666 5381 2826 5431 timor
2852 5381 3115 5439 hostibus,
3139 5380 3308 5431 hostis
3337 5383 3389 5430 et
3416 5379 3519 5430 illis
3550 5393 3564 5430 :

2101 5457 2219 5505 Dux
2247 5454 2458 5503 validus
2486 5454 2688 5517 patriae,
2722 5452 3012 5503 consimilis
3038 5453 3198 5503 Josue

2039 5527 2241 5588 Achon,
2273 5527 2587 5582 Caesaream,
2619 5523 2911 5585 Berithum,
2942 5538 3109 5575 necne
3139 5523 3414 5587 Sidonem,

2104 5597 2335 5655 Abstulit
2360 5594 2596 5649 infandis
2623 5594 2864 5651 hostibus
2893 5594 3185 5666 indigenis.
