3994 6066
343 286 463 348 903

347 420 469 468 Post
495 421 664 468 terras
691 417 944 478 Arabum,
971 417 1058 468 vel
1085 431 1205 482 quas
1235 422 1464 484 tangunt
1494 433 1638 470 mare
1668 420 1926 478 Rubrum,

409 489 624 539 Addidit
653 490 896 553 imperio,
924 490 1159 540 subdidit
1188 491 1462 554 obsequio.

345 561 406 610 Et
433 561 682 624 'l‘ripolim
713 562 868 624 cepit,
899 561 988 610 sed
1022 567 1075 611 et
1102 561 1297 611 Arsuth
1328 575 1435 611 non
1459 563 1634 611 minus
1664 563 1814 621 ursit,

409 632 668 696 Pluraque
698 636 953 695 praeterea
981 633 1108 682 fecit
1136 633 1338 682 honore
1368 638 1498 683 rata.

341 701 583 753 Obtinuit
612 717 838 766 regnum
868 718 957 753 rex
989 708 1108 754 octo
1141 704 1431 768 decemque
1461 718 1556 766 per
1584 717 1754 753 annos

851 285 954 347 AD
1001 285 1514 351 GODEFRIDUM
1558 287 1896 349 APPEND.
1943 288 2020 350 ll.
2053 286 2476 352 —'MONUM.
2523 289 2623 351 DE
2667 289 2914 354 BELLO
2941 290 3234 354 'SACRO.

2017 421 2072 486 Α
2163 421 2434 471 Mensibus
2463 424 2622 484 atque
2653 421 2825 472 tribus
2853 423 3076 486 insuper
3101 423 3376 487 appositis.

2102 491 2204 540 Sex
2236 492 2412 542 decies
2445 493 2673 542 thbus
2704 493 2946 543 Vervecis
2974 495 3170 544 viserat
3200 493 3420 556 astrum,

2159 563 2289 612 Cum
2323 561 2609 612 Balduinus
2639 579 2729 613 rex
2759 565 2870 614 obit
2899 566 3143 615 eximius.

2097 634 2270 683 Octies
2301 641 2355 685 et
2384 635 2558 685 decies
2587 637 2787 686 faciens
2815 650 3026 686 menses
3057 638 3354 700 duodenos,

2099 706 2255 769 Regis
2284 706 2447 756 habes
2478 721 2649 757 annos
2669 709 2892 772 patriam
2924 710 3118 772 quibus
3148 711 3348 773 optime
3379 711 3529 761 rexit.

1350 1047 1756 1133 INCIPIT
1823 1047 2142 1134 LIBER
2211 1052 2728 1139 TERTIUS.

1488 1216 1572 1271 DE
1615 1217 1862 1272 GESTIS
1903 1216 2239 1274 BALDUINI
2280 1218 2602 1274 SECUNDI.

863 1395 1092 1452 CAPUT
1133 1393 1444 1449 PRIMUM.

337 1492 484 1563 Quod
513 1489 602 1545 die
626 1487 855 1545 Pascha?
895 1485 1201 1540 Baldm'nus
1256 1483 1304 1538 II
1355 1485 1426 1538 sit
1484 1484 1539 1537 in
1590 1500 1768 1555 regem
1798 1499 1981 1538 conse-

1057 1564 1259 1610 erutus.

403 1647 590 1725 igitur
617 1649 888 1705 defuncto
918 1662 1049 1717 rege
1083 1643 1534 1711 Balduino,inito
1567 1643 1764 1697 statim
1790 1643 1982 1699 Hiero-

335 1739 668 1816 solymitani
701 1735 965 1801 consilio,
1001 1747 1232 1805 ne,rege
1251 1732 1980 1799 carentes,asstimarentur

2091 1394 2410 1451 Antiochiae
2440 1396 2714 1467 princeps
2745 1413 2880 1451 cum
2937 1395 3275 1468 proceribus
3318 1396 3450 1454 suis
3481 1402 3538 1454 et
3563 1403 3738 1471 gente

2095 1501 2202 1539 sua
2231 1489 2437 1540 contra
2484 1486 2706 1540 Turcos
2767 1490 3139 1558 pugnaturus
3197 1487 3418 1555 exierit,
3474 1492 3532 1542 et
3561 1501 3740 1559 prope

2089 1573 2432 1629 Arthasium
2464 1573 2745 1647 Oppidum
2789 1575 3174 1646 interemptus
3205 1575 3499 1643 ceciderit,
3535 1577 3633 1633 ubi
3667 1578 3737 1633 de

2088 1663 2467 1719 Antiochenis
2499 1669 2722 1736 septem
2766 1663 2953 1720 millia
3001 1669 3141 1720 sunt
3198 1665 3395 1732 occisi,
3428 1666 3498 1720 de
3531 1665 3738 1722 Turcis

2088 1769 2219 1808 vero
2245 1770 2348 1808 nec
2369 1753 2545 1808 etiam
2576 1753 2922 1825 viginti.Nec
2946 1753 3280 1809 mirandum
3314 1754 3358 1809 si
3395 1754 3739 1826 permiseret

333 1825 667 1893 debiliores,
694 1821 1162 1882 creaveruntsibi
1193 1839 1389 1894 regem
1422 1821 1769 1877 Balduinum
1801 1822 1978 1877 eomi-
2007 1827 2052 1893 Β
2086 1858 2184 1897 eos
2216 1843 2370 1900 Deus
2416 1821 2716 1908 confunai’
2778 1859 2910 1898 cum
2971 1842 3029 1897 ίη
3089 1842 3306 1900 divitiis
3366 1821 3736 1901 [ﬁnitimodis

335 1927 451 1977 tem
481 1917 746 1975 videlicet
776 1915 1158 1977 Edessenum,
1187 1911 1340 1983 regis
1357 1911 1617 1966 defuncti
1640 1917 1973 1984 cognatum.

332 2009 461 2078 Qui,
495 2006 744 2063 transito
774 2001 1068 2074 Euphrate
1104 2001 1298 2068 fluvio,
1335 2000 1697 2055 Hierusalem
1733 1999 1974 2054 fortuitu

332 2100 662 2160 advenerat,
697 2109 830 2149 cum
863 2091 1288 2164 praedecessore
1309 2088 1977 2144 locuturus.Communi-

331 2193 417 2244 ter
444 2187 685 2250 electus,
720 2182 813 2237 die
846 2179 1073 2236 Pascha:
1106 2183 1194 2234 est
1222 2183 1614 2233 consecratus.

985 2285 1214 2340 CAPUT
1255 2284 1320 2340 Il.

611 2381 684 2435 De
714 2378 960 2433 exercitu
992 2375 1328 2446 Babylonico
1349 2382 1687 2445 congregato.

399 2474 533 2545 lpso
567 2484 743 2534 anno,
771 2481 905 2521 cum
935 2469 1171 2534 tempus
1203 2465 1659 2534 subsequeretur
1682 2462 1967 2530 mstivum,

328 2561 823 2634 congregaverunt
872 2551 1173 2625 Babylonii
1226 2553 1541 2607 exercitum
1590 2552 1755 2607 valde
1801 2569 1971 2624 gran-

327 2654 498 2719 dem;
537 2647 721 2703 millia
753 2660 1003 2716 quorum
1037 2641 1481 2696 mstimabantur
1511 2643 1579 2696 15
1606 2641 1890 2712 equitum,
1915 2646 1971 2696 et

323 2743 396 2797 20
407 2734 1048 2812 peditum,arbitrantes
1064 2730 1546 2802 llierosolymitan
1558 2747 1653 2784 um
1669 2731 1969 2785 destruere

327 2826 865 2887 Christianismum.
917 2821 1164 2887 Quibus,
1197 2836 1330 2874 cum
1379 2836 1575 2891 uuque
1622 2818 1967 2874 Ascalonem

325 2916 743 2993 pervenissent,
769 2929 864 2966 rex
889 2911 1380 2966 Damascenorum
1413 2908 1810 2980 Tuldequinus
1832 2926 1965 2964 cum

324 3013 495 3082 gente
528 3022 635 3062 sua
666 3003 724 3058 in
756 2999 1110 3072 adjutorium
1136 2998 1757 3070 processit,.lordanem
1783 3003 1968 3052 trans-

324 3113 584 3171 gressus.
642 3093 922 3148 Przeterea
967 3093 1106 3144 tunc
1155 3087 1360 3143 classis
1421 3104 1534 3142 non
1595 3086 1821 3142 modica
1866 3104 1967 3158 per

2090 1932 2341 1986 maxime
2368 1933 2755 1998 abundantes,
2790 1949 2893 1988 nec
2926 1932 3108 1987 Deum
3153 1932 3460 2004 timebant,
3493 1948 3599 1989 nec
3629 1933 3734 1989 ho-

2087 2022 2306 2076 minem
2338 2021 2397 2075 in
2429 2021 2723 2093 peccando
2755 2021 3186 2077 reverebantur.
3221 2022 3365 2077 Nam
3390 2022 3563 2093 juxta
3589 2038 3734 2078 uxo-

2086 2127 2206 2165 rem
2239 2127 2406 2166 suam
2440 2111 2563 2183 ipse
2596 2111 2866 2183 princeps
2897 2126 3032 2165 cum
3063 2109 3333 2183 pluribus
3357 2109 3490 2166 aliis
3513 2109 3736 2167 adulte-

2084 2199 2237 2254 rium
2282 2199 2658 2270 impudenter
2713 2199 3137 2255 committebat.
3191 2199 3506 2255 Dominum
3553 2217 3730 2256 suum

2084 2289 2409 2343 Boamundi
2442 2288 2630 2344 filium
2663 2289 2721 2344 in
2754 2288 2964 2360 Apulia
2997 2305 3130 2344 cum
3163 2293 3352 2345 matre
3374 2305 3481 2344 sua
3502 2305 3734 2346 moran-

2081 2381 2199 2433 tem
2231 2377 2715 2445 exhseredabat,et
2735 2379 2921 2434 multa
2953 2377 3066 2434 alia
3095 2382 3213 2433 tam
3240 2377 3365 2449 ipse
3389 2394 3564 2450 quam
3592 2395 3727 2451 pro-

2083 2482 2242 2522 ceres
2273 2468 2364 2522 sui
2405 2467 2648 2522 vivendo
2706 2467 2956 2538 superbe
3014 2471 3071 2521 et
3125 2465 3420 2522 luxuriose
3477 2466 3730 2538 agebant

2083 2556 2306 2621 Quibus
2337 2555 2614 2627 competit
2643 2573 2846 2612 versus
2874 2557 2985 2612 iste
3009 2555 3317 2611 Davidicus
3349 2555 3464 2610 dici
3491 2555 3728 2611 :Prodtit

2080 2647 2241 2717 quasi
2263 2662 2333 2700 ea:
2364 2645 2523 2718 adipe
2574 2648 2843 2717 iniquitas
2895 2661 3081 2701 eorum
3107 2645 3277 2715 (Psal.
3310 2661 3477 2710 Lxxu,
3507 2646 3584 2712 7).
3619 2643 3726 2700 Vix

2079 2735 2234 2791 enim
2269 2725 2419 2790 inter
2449 2735 2688 2790 delicias
2721 2735 3026 2790 afﬂuentes
3048 2734 3260 2789 modus
3291 2733 3650 2788 servabatur.

2716 2841 2947 2897 CAPUT
2990 2840 3079 2896 1V.

2076 2929 2230 3001 Quod
2259 2947 2357 2985 rex
2377 2931 2705 2994 Balduinm,
2737 2939 2952 3001 sumpta
2980 2945 3138 2984 cruce
3167 2927 3546 2996 Domim’ca,ad
3561 2929 3723 2984 auxi-

2594 3002 2840 3057 liandum
2868 3002 3200 3073 properavit.

2149 3094 2284 3148 Post
2315 3092 2465 3148 hanc
2491 3091 2984 3148 Antiochenorum
3017 3089 3369 3146 occisionem
3403 3094 3600 3145 secuta
3631 3094 3720 3146 est

324 3203 484 3243 mare
515 3183 653 3239 illuc
684 3197 869 3253 usque
898 3179 1165 3234 nocitura
1197 3175 1580 3231 nihilominus
1613 3175 1785 3230 venit.
1820 3175 1960 3229 Exin
1993 3199 2036 3266 Ο
2079 3183 2336 3238 secunda
2366 3183 2510 3238 satis
2537 3182 2800 3247 victoria,
2834 3179 3342 3252 qum’ppopitiante
3374 3179 3716 3246 nemuiew-

323 3279 442 3331 tam
473 3271 690 3330 bellica:
721 3286 896 3342 quam
929 3266 1222 3322 mercibus
1268 3270 1490 3321 onusta:
1539 3281 1713 3319 naves
1745 3265 1961 3336 Tyrum

323 3359 730 3426 adierunt.Qui
756 3362 950 3414 autem
975 3373 1078 3428 per
1098 3361 1310 3410 terram
1333 3357 1774 3418 venerunt,ante
1795 3355 1964 3408 Asca-

322 3453 515 3509 lonem
547 3447 767 3506 bellum
801 3450 1201 3517 exspectantes
1233 3443 1832 3498 remanserunt.Tunc
1867 3460 1962 3497 rex

321 3540 645 3597 Balduinus
678 3554 813 3592 cum
843 3533 1220 3590 Antiochenis
1275 3537 1330 3587 et
1383 3531 1780 3603 Tripolitanis,
1815 3549 1962 3602 quos

321 3630 392 3686 ad
423 3629 532 3684 hoc
561 3632 854 3683 certamen
903 3623 1095 3678 venire
1147 3639 1248 3694 per
1294 3621 1513 3693 legatos
1563 3621 1959 3687 mandaverat,

321 3719 598 3774 adversus
626 3713 898 3770 hostilem
930 3711 1242 3767 exercitum
1267 3709 1589 3764 bellaturus
1614 3712 1960 3782 properavit,

319 3812 377 3863 et
405 3809 578 3862 Azoto
608 3804 917 3877 quondam
937 3801 1168 3856 civitate
1200 3799 1533 3854 Philisthaea
1559 3800 1961 3864 transita,ten-

319 3896 467 3952 toria
497 3896 567 3950 de
598 3892 908 3966 sagmariis
938 3889 1169 3962 deponi,
1204 3895 1259 3943 et
1289 3888 1458 3960 deligi
1492 3888 1783 3960 disposuit
1806 3889 1961 3944 haud

318 3984 490 4057 longe
521 4001 556 4039 a
583 3979 1021 4054 Babyloniis,ita
1043 3983 1105 4033 ut
1126 3977 1410 4033 exercitus
1433 3981 1678 4049 uterque
1704 3978 1963 4049 quotidie

321 4074 600 4130 alterutro
632 4075 870 4144 aspectu
904 4068 1058 4124 cerni
1112 4071 1326 4140 posset.
1357 4067 1467 4122 Sed
1528 4067 1665 4138 quia
1686 4067 1784 4121 alii
1815 4066 1962 4123 alios

319 4162 485 4219 valde
528 4159 764 4234 aggredi
813 4157 1226 4222 formidabant,
1261 4160 1320 4211 et
1365 4156 1552 4211 vivere
1603 4173 1779 4228 quam
1813 4157 1961 4212 mori

321 4250 634 4318 malebant,
669 4265 801 4304 cum
835 4265 936 4320 per
965 4251 1084 4302 tres
1107 4246 1223 4301 fere
1255 4261 1486 4301 menses
1515 4245 1730 4300 differri
1755 4245 1852 4299 tali
1877 4263 1962 4301 ar-

318 4343 598 4415 gumento
629 4338 905 4409 utrinque
934 4333 1470 4401 calluissent,tasdio
1489 4333 1680 4389 atl‘ecti
1701 4334 1962 4390 Sarrace-

319 4431 377 4486 ni
411 4429 626 4485 bellare
658 4429 1086 4494 recusarunt,et
1116 4423 1460 4480 Antiocheni
1495 4425 1565 4478 ad
1599 4441 1708 4478 sua
1738 4439 1958 4479 remea-

317 4523 542 4584 verunt,
576 4517 848 4573 trecentis
882 4514 1171 4570 militibus
1194 4515 1264 4569 de
1295 4514 1420 4569 suis
1449 4512 1565 4585 regi
1601 4513 1956 4579 commissis,

2074 3271 2421 3344 solymitano
2443 3270 2656 3344 populo
2679 3270 2922 3325 miriﬁce
2945 3269 3400 3326 successit.Nam
3420 3285 3711 3340 cumprze-

2072 3360 2264 3417 dictus
2296 3365 2555 3434 Rogerus
2604 3361 2723 3432 regi
2779 3357 3297 3432 llierosolymitano
3338 3375 3440 3430 per
3474 3358 3711 3414 nuntios

2072 3447 2449 3513 notiﬁcasset,
2481 3447 2668 3503 utsibi
2683 3448 2750 3503 ad
2768 3448 3227 3503 succurrendum
3247 3445 3713 3518 festinaret,quia

2071 3537 2244 3592 Turci
2277 3555 2410 3592 cum
2434 3542 2604 3609 gente
2630 3536 2813 3592 multa
2843 3553 2976 3592 eum
3008 3523 3713 3608 impetebant,relicrorex

2073 3627 2405 3699 negotio,ad
2437 3628 2591 3698 quod
2615 3644 2748 3682 cum
2773 3625 2900 3681 suis
2933 3643 3048 3681 non
3079 3625 3295 3698 longca
3324 3625 3578 3681 Jordane
3599 3625 3711 3681 Da-

2071 3733 2376 3772 mascenos
2428 3721 2868 3788 expugnaturus
2924 3716 3123 3781 iverat,
3157 3715 3330 3770 ducto
3388 3731 3587 3770 secum
3619 3731 3716 3787 pa-

2068 3805 2325 3860 triarcha
2356 3822 2490 3860 cum
2522 3821 2690 3859 cruce
2724 3804 3044 3866 Dominica,
3071 3819 3202 3858 cum
3237 3803 3307 3858 de
3338 3801 3560 3876 campis
3591 3807 3714 3858 sta-

2069 3894 2294 3948 tionum
2331 3910 2570 3949 suarum
2594 3911 2694 3950 eos
2711 3893 2980 3964 ejccisset
2999 3891 3582 3959 violenter,contiuuo
3603 3893 3715 3946 An-

2070 3983 2358 4038 tiochenis
2387 3983 2665 4038 auxiliatu
2677 4000 2774 4038 rus
2795 3981 3292 4052 recurrit,ducens
3315 3997 3512 4037 secum
3535 3981 3714 4036 Cassa-

2071 4071 2323 4128 riensem
2345 4071 2812 4144 episcopum,qui
2838 4087 3067 4126 crucem
3091 4070 3453 4126 Dominicam
3481 4070 3537 4125 in
3562 4069 3713 4125 bello

2071 4166 2270 4233 postea
2301 4166 2502 4216 contra
2531 4161 2730 4216 hostes
2761 4159 2979 4232 optime
3003 4159 3556 4230 portavit.Comitem
3577 4175 3711 4214 vero

2070 4249 2495 4321 Tripolitanum
2531 4267 2627 4305 rex
2659 4248 2796 4304 illuc
2826 4265 3026 4304 secum
3058 4247 3604 4319 duxit,fueruntque
3626 4248 3711 4304 8'-

2071 4337 2193 4393 mul
2226 4338 2443 4394 milites
2469 4337 2703 4394 ducenti
2755 4335 3201 4409 quinquaginta.
3235 4337 3304 4392 Et
3341 4353 3475 4392 cum
3505 4335 3711 4393 Antio-

2068 4427 2258 4482 chiam
2293 4425 2879 4500 pervenissent,misit
2909 4443 3007 4481 rex
3032 4426 3102 4480 ad
3126 4426 3448 4481 Edessenos
3469 4424 3710 4499 legatio-

2031 4575 2034 4578 ,
2068 4533 2223 4583 nem,
2260 4515 2602 4588 praecipiens
2649 4514 2753 4581 eis,
2789 4519 2852 4569 ut
2900 4515 2971 4570 ad
3031 4513 3275 4582 bellum,
3310 4515 3464 4586 quod
3509 4519 3715 4570 contra

319 4609 419 4680 qui
453 4607 501 4664 si
537 4623 683 4679 opus
714 4610 868 4661 esset
898 4619 1094 4676 regem
1127 4603 1196 4657 ad
1232 4618 1490 4674 pugnam
1516 4602 1872 4669 roborarent,
1907 4603 1957 4658 si
1989 4572 2037 4637 D
2069 4606 2285 4660 Turcos
2318 4605 2504 4660 facere
2554 4604 2918 4676 satagebant,
2951 4602 3063 4658 cito
3108 4603 3313 4660 itinere
3345 4603 3708 4660 festinarent.

317 4697 541 4771 Egyptii
574 4695 737 4752 litem
772 4695 978 4750 iterare
1010 4695 1424 4764 pertentarent.

945 4799 1177 4856 CAPUT
1220 4798 1315 4854 ΠΙ.

315 4893 392 4949 De
414 4893 614 4964 prazlio
663 4900 715 4949 et
770 4891 1034 4948 occisione
1092 4887 1549 4970 Antiochenorum
1605 4904 1724 4944 cum
1779 4888 1960 4943 Turcis

943 4967 1321 5015 manantium.

937 4978 1154 5032 pugnat.
1165 4977 1321 5015 num.

387 5055 552 5110 Anno
586 5052 722 5108 1119
745 5053 815 5106 ab
839 5048 1239 5106 Incarnatione
1263 5047 1786 5116 Domini,Gclasius
1807 5066 1959 5122 papa

317 5159 623 5199 successor
652 5138 948 5196 Paschalis
986 5136 1129 5192 obiit
1159 5154 1215 5192 1v
1275 5137 1510 5193 Kalend.
1547 5138 1868 5203 Februarii,
1900 5143 1957 5193 et

316 5229 583 5302 sepultus
612 5234 699 5284 est
728 5229 786 5283 in
818 5225 1255 5282 Cluniaco.Post
1286 5243 1459 5297 quem
1493 5226 1852 5282 substitutus
1870 5232 1957 5282 est

315 5317 593 5382 Calixtus,
628 5316 728 5388 qui
759 5316 990 5370 Viennae
1031 5313 1194 5370 urbis
1244 5314 1718 5385 archiepiscopus
1751 5316 1954 5371 extite-

315 5410 422 5461 rat.
458 5404 851 5460 Prolixitatem
908 5401 1164 5459 historia:
1224 5402 1612 5470 fastidiamus,
1648 5403 1696 5458 si
1747 5409 1958 5460 cuncta

312 5509 581 5551 enarrare
627 5491 894 5560 velimus,
928 5508 1054 5565 quae
1114 5491 1223 5548 hoc
1285 5508 1438 5545 anno
1490 5490 1549 5546 in
1599 5491 1958 5549 Antiochena

312 5582 546 5660 regione
579 5581 991 5642 miserabiliter
1020 5581 1663 5649 evenerunt.Quomodo
1694 5582 1956 5658 Rogcrus

2068 4694 2292 4759 Quibus
2324 4711 2458 4750 cum
2493 4710 2624 4766 rege
2645 4698 2700 4748 et
2722 4691 3226 4764 Antiochenis,qui
3250 4693 3319 4749 de
3342 4693 3530 4765 primo
3561 4691 3711 4748 bello

2067 4784 2357 4856 fugerant,
2389 4781 2478 4838 vel
2510 4786 2756 4838 mortem
2790 4780 2988 4854 aliquo
3019 4787 3230 4837 eventu
3261 4785 3586 4849 evaserant,
3610 4797 3711 4854 ag-

2066 4871 2339 4944 gregatis,
2374 4871 2759 4928 commissum
2786 4879 2875 4926 est
2907 4869 3170 4942 praelium
3194 4887 3372 4943 prope
3404 4869 3708 4943 oppidum,

2069 4962 2221 5034 quod
2245 4961 2596 5017 Sardanium
2630 4963 2856 5027 vocant,
2889 4961 2959 5016 ab
2997 4959 3303 5016 Antiochia
3348 4961 3418 5015 2i
3449 4959 3711 5015 millibus

2065 5050 2312 5106 distans.
2339 5051 2710 5121 Fueruntque
2742 5048 2961 5105 milites
2979 5049 3160 5104 nostri
3182 5048 3711 5122 septingenti,Tur-

2067 5141 2117 5195 ci
2148 5157 2282 5196 vero
2315 5142 2385 5194 20
2415 5138 2761 5194 millia.Gazi
2790 5139 3106 5194 vocabatur
3126 5140 3313 5210 major
3334 5153 3558 5194 eorum.
3585 5138 3710 5194 Non

2066 5233 2204 5300 puto
2219 5229 2404 5284 silend
2416 5245 2511 5283 um
2534 5229 2688 5300 quod
2703 5229 2928 5284 Turcus
2942 5227 3180 5300 quidam
3195 5229 3504 5284 advertens
3525 5243 3711 5284 unum

2065 5318 2134 5372 de
2156 5317 2444 5374 militibus
2467 5317 2682 5373 nostris
2703 5317 2962 5390 linguam
2988 5334 3226 5373 noscere
3249 5314 3711 5384 Persicam,allo-

2067 5411 2237 5463 cutus
2270 5411 2358 5462 est
2399 5424 2556 5473 eum,
2606 5407 2843 5462 dicens:
2879 5429 2906 5456 «
2940 5405 3067 5461 Tibi
3127 5406 3278 5473 dico,
3335 5406 3574 5476 France,
3607 5421 3715 5460 cur

2066 5513 2173 5552 nos
2202 5495 2504 5568 despicitis
2525 5497 2660 5550 ?cur
2688 5494 2747 5550 in
2779 5513 2994 5551 vanum
3026 5494 3302 5552 laboratis
3321 5493 3349 5550 ?
3367 5494 3585 5574 Contra
3604 5511 3714 5551 nos

2065 5585 2338 5659 equidem
2370 5583 2532 5642 nullo
2562 5585 2735 5640 modo
2752 5583 3020 5642 valebitis
3047 5583 3240 5660 ;pauci
3258 5583 3415 5646 enim
3433 5583 3716 5654 astismos
