3994 6066
938 146 959 184 1

201 316 321 383 eos

930 314 1352 383 FULCHERII
1398 316 1732 381 CARNOT.
1779 315 1982 378 HIST.
2032 316 2443 380 HIEROSOL.
2480 349 2555 363 —
2587 317 2736 378 LIB.
2781 316 2887 378 III.

3493 303 3612 382 eos

202 448 535 509 multiJmo.
554 449 717 509 Deus
739 453 928 508 vester
973 466 1074 506 vos
1122 449 1452 521 dereliquit,
1501 449 1706 508 videns
1751 466 1851 509 vos
1880 452 1935 519 Α
1963 455 2055 506 tas
2085 450 2192 507 hoc
2223 451 2519 523 poscebat,
2552 457 2842 523 quatenus
2890 456 3257 507 mortuorum
3304 467 3607 524 procerum

200 556 308 596 nec
338 538 527 611 legem
553 542 829 605 vestram,
858 542 925 594 ut
955 538 1254 604 solebatis,
1285 544 1499 607 tenere,
1535 556 1638 594 nec
1678 540 1853 594 fidem
1961 543 2145 595 terras
2175 541 2322 595 vivis
2370 541 2481 595 sub
2526 540 2830 595 ratiocinio
2879 541 3125 598 daturus
3173 540 3407 610 locaret,
3442 547 3498 596 et
3524 543 3608 599 vi—

202 645 307 684 nec
336 628 637 684 veritatem
668 627 918 691 invicem
950 643 1197 684 servare.
1224 628 1341 683 Hoc
1372 627 1729 695 scimus,hoc
1761 627 1851 682 di-

1961 628 2107 684 duas
2139 645 2285 700 quas
2319 629 2540 684 invenit
2580 629 2700 684 illic
2744 630 2960 685 multas
3011 631 3239 686 maritis
3270 630 3365 701 pio
3398 632 3607 687 affectu

198 716 477 785 dicimus,
510 716 619 774 hoc
664 716 1046 773 advertimus.
1097 721 1234 781 Cras
1273 716 1476 788 procul
1526 716 1703 772 dubio
1750 732 1852 772 vos
1958 719 2337 790 conjungeret
2367 722 2423 773 et
2455 719 2640 773 multa
2670 718 2785 773 alia
2824 720 3247 774 restauratione
3278 719 3608 775 necessaria

194 806 500 862 vincemus
547 810 603 861 et
649 805 1082 878 superabimus.
1121 827 1148 854 »
1179 806 1222 860 Ο
1261 810 1550 876 quantum
1600 806 1852 860 dedecus
1955 806 2487 863 reformaret.Sicut
2516 809 2671 863 enim
2706 808 2817 863 huc
2846 825 3031 880 usque
3072 808 3603 881 Hierosolymorum

195 894 712 963 Christianis,cum
733 893 940 967 perﬁdi
958 894 1028 949 de
1051 894 1165 949 fide
1184 912 1290 949 nos
1312 893 1845 966 reprehendebant!

195 983 360 1040 Unde
390 984 738 1040 deberemus
768 982 1141 1038 vehementer
1160 984 1585 1049 erubescere,et
1614 985 1849 1055 peccata

194 1076 398 1128 nostra
427 1072 709 1146 plorando
733 1070 1079 1144 pcenitentes
1109 1073 1438 1128 emendare.

853 1160 1088 1216 CAPUT
1128 1164 1196 1216 V.

194 1256 275 1308 De
295 1252 432 1307 bello
460 1259 513 1306 et
538 1252 766 1307 victoria
794 1251 993 1305 virtute
1020 1251 1388 1306 sanctissime
1416 1251 1593 1305 crucis
1624 1249 1841 1321 adepta,

468 1330 519 1379 et
546 1323 612 1378 de
639 1323 755 1394 ejus
782 1323 1086 1392 receptione
1117 1323 1179 1376 in
1208 1322 1572 1378 Antiochiam.

261 1411 665 1470 Com‘mittitur
692 1426 831 1483 ergo
860 1409 1083 1467 bellum
1115 1410 1211 1466 die
1231 1411 1589 1483 sequenti,ut
1618 1409 1840 1465 dictum

189 1505 303 1568 est,
360 1499 796 1573 gravissimum,
859 1499 928 1555 de
986 1515 1100 1571 quo
1167 1499 1411 1555 victoria
1466 1499 1566 1554 diu
1608 1509 1840 1570 ‘anceps

190 1589 470 1662 utrinque
520 1588 646 1658 fuit,
691 1587 884 1660 quoad
943 1604 1129 1660 usque
1179 1588 1560 1660 Omnipotens
1619 1589 1839 1644 Turcos

187 1679 392 1751 fugere
421 1677 724 1750 compulit,
760 1682 817 1734 et
858 1681 1060 1735 contra
1090 1694 1187 1733 eos
1219 1677 1579 1733 Christianos
1611 1676 1838 1749 magni-

185 1768 296 1824 ﬁce
326 1767 787 1840 vegetavit.Quos
816 1769 1011 1827 tamen
1043 1764 1459 1838 impugnantes
1489 1766 1631 1821 adeo
1662 1770 1841 1822 cater-

1954 912 2055 950 rex
2085 896 2465 968 singulariter
2495 898 2901 964 exstiterat,ita
2932 902 3162 951 mortuo
3195 897 3457 969 principe
3485 900 3602 952 An-

1952 985 2222 1040 tiocheno
2255 986 2517 1059 Rogerio,
2544 987 3036 1041 Antiochenorum
3070 1003 3169 1041 rex
3199 987 3397 1041 addito
3419 986 3600 1042 altero

1952 1090 2131 1146 regno
2181 1074 2451 1130 efﬁcitur.
2505 1076 2706 1131 Moneo
2748 1092 2883 1148 ergo
2932 1092 3147 1147 regem,
3181 1080 3237 1130 et
3286 1092 3501 1146 quaeso,
3538 1078 3602 1131 ut

1951 1162 2136 1218 Deum
2186 1181 2255 1219 ex
2299 1168 2420 1220 toto
2454 1166 2626 1220 corde
2656 1165 2879 1238 diligat,
2914 1170 2970 1220 et
3013 1181 3082 1220 ex
3125 1168 3245 1220 tota
3292 1165 3509 1234 anima,
3543 1168 3600 1221 et

1950 1253 2225 1308 omnibus
2254 1252 2477 1309 viribus
2507 1253 2790 1309 suis.cum
2824 1254 3147 1327 gratiarum
3178 1254 3505 1309 actionibus
3536 1271 3599 1311 se

1948 1339 2034 1397 illi
2067 1342 2299 1414 penitus
2331 1346 2396 1397 ut
2426 1342 2613 1399 fidelis
2644 1360 2844 1399 servus
2876 1344 3106 1409 subdat,
3128 1346 3372 1415 ejusque
3401 1359 3463 1398 se
3495 1342 3599 1401 hu—

1948 1429 2148 1486 milem
2180 1430 2429 1486 fateatur
2459 1449 2711 1501 servum,
2745 1433 2844 1504 qui
2875 1432 3051 1487 talem
3092 1432 3406 1488 Dominum
3437 1432 3595 1489 inve-

1947 1517 2032 1573 nit
2063 1518 2175 1575 sibi
2215 1520 2493 1575 amicum.
2527 1524 2707 1587 Quem
2756 1537 2893 1595 ergo
2943 1525 3369 1577 antecessorem
3418 1538 3595 1579 suum

1944 1611 2066 1662 tam
2117 1608 2473 1677 sublimavit,
2508 1615 2795 1681 quantum
2843 1614 2900 1665 et
2946 1608 3113 1665 illum
3132 1612 3159 1665 3’
3186 1610 3346 1666 Alios
3393 1610 3590 1681 unius,

1946 1695 2101 1751 hunc
2151 1702 2345 1753 autem
2381 1698 2630 1753 duorum
2662 1715 2974 1771 regnorum
3009 1715 3405 1770 possessorem
3435 1700 3590 1769 fecit,

1946 1801 2073 1857 qua:
2096 1786 2224 1841 sine
2246 1787 2598 1853 fraude,sine
2617 1789 2899 1844 effusione
2920 1789 3379 1861 sanguinis,sine
3395 1789 3590 1847 litium

182 1857 367 1915 vatim
396 1833 818 1935 disperserunt,
852 1833 1147 1926 ut,usque
1166 1833 1534 1910 Antiochiam
1564 1872 1681 1910 non
1713 1872 1825 1911 ces-

1949 1833 2072 1857 -ρν-
2097 1833 2223 1841 ---η
2246 1833 2598 1853 --.ωυρμ-..ν
2618 1833 2898 1844 μην-υ..-
2920 1833 3379 1861 ωηεν-..ηψπ
3395 1833 3590 1847 ...η-ι..

1942 1873 2336 1942 tribulatione,
2363 1877 2462 1932 sed
2494 1876 2689 1932 divina
2702 1878 3067 1933 ordinatione
3080 1877 3321 1950 paciﬁca
3340 1879 3591 1950 acquisi-

177 1951 402 2012 santes,
434 1962 550 2002 non
596 1943 889 2001 valuerint
939 1943 1092 2001 ultra
1139 1943 1378 2017 collegis
1426 1945 1550 1999 suis
1589 1944 1645 1999 in
1680 1944 1831 2000 bello

176 2019 541 2107 congregari.
593 2032 989 2090 Nihilominus
1036 2038 1231 2090 autem
1290 2034 1511 2089 Turcos
1558 2032 1832 2105 dispersit

174 2118 354 2192 Deus,
387 2140 523 2180 cum
572 2122 671 2181 alii
720 2122 782 2179 in
831 2122 1125 2179 Persidem
1166 2121 1392 2195 fugitivi
1424 2122 1827 2193 repatriaront,

174 2212 272 2268 alii
303 2229 441 2269 vero
472 2213 531 2268 in
564 2211 870 2284 Halapiam
903 2212 1109 2267 urbem
1141 2210 1402 2268 salvandi
1433 2228 1494 2267 se
1523 2210 1709 2283 gratia
1739 2211 1826 2266 in-

170 2302 569 2359 troirent.Rex
599 2305 796 2358 autem
822 2300 1383 2373 Hierosolymitanus
1413 2305 1470 2356 et
1491 2317 1686 2356 comes
1707 2300 1829 2356 Tri-

170 2390 471 2463 politanus
529 2407 664 2447 cum
723 2388 867 2460 suis,
919 2389 1072 2445 sicut
1123 2389 1263 2447 socii
1311 2388 1574 2463 gloriosae
1634 2389 1825 2447 crucis

169 2479 597 2548 exstiterant,et
625 2479 726 2552 qui
755 2496 886 2536 eam
917 2479 1070 2535 sicut
1099 2479 1247 2535 servi
1275 2479 1573 2534 dominam
1600 2479 1668 2533 ad
1703 2478 1824 2533 bel-

169 2567 296 2627 lum
328 2570 737 2642 perduxerant,
771 2567 924 2627 circa
952 2584 1081 2627 eam
1112 2584 1344 2639 semper
1371 2567 1687 2623 honoriﬁce
1715 2585 1822 2639 pu-

168 2664 443 2731 gnantes,
470 2674 575 2723 nec
605 2674 733 2714 eam
761 2657 1117 2728 deserentes,
1142 2657 1201 2712 in
1233 2673 1438 2728 campo
1470 2655 1676 2712 bellico
1708 2656 1821 2712 for-

169 2747 308 2805 titer
337 2747 806 2812 steterunt.Quos
835 2746 1204 2818 omnipotens
1233 2746 1387 2801 Deus
1416 2762 1518 2817 per
1546 2744 1820 2801 virtutem

170 2837 440 2908 ejusdem
490 2835 876 2893 sanctissimae
924 2840 980 2891 et
1026 2835 1464 2907 pretiosissima:
1509 2834 1699 2892 crucis
1751 2835 1822 2891 de

171 2942 354 2987 manu
386 2925 647 2985 nefandas
674 2925 864 2998 gentis
893 2927 1160 2997 potenter
1186 2923 1419 2997 eripuit,
1455 2929 1511 2979 et
1558 2925 1629 2980 ad
1661 2924 1818 2985 aliud

169 3031 349 3075 suum
405 3014 704 3087 negotium
764 3014 1116 3086 quandoque
1171 3014 1438 3070 futurum
1486 3014 1817 3070 reservavit.

169 3102 437 3176 Cumque
468 3119 571 3175 per
599 3103 745 3159 duos
776 3102 902 3161 dies
922 3119 1196 3175 campum
1220 3102 1389 3158 illum
1419 3119 1516 3158 rex
1537 3096 1835 3160 custodis:

166 3197 280 3259 set,
313 3197 375 3250 et
405 3192 475 3249 de
507 3192 713 3249 Turcis
763 3191 963 3249 nullus
994 3191 1130 3249 illuc
1175 3191 1497 3248 bellaturus
1529 3192 1797 3249 rediisset

164 3286 413 3357 sumpta
450 3298 620 3355 cruce
662 3281 967 3338 Dominica
1022 3280 1274 3353 perrexit
1320 3282 1708 3337 Antiochiam.
1749 3283 1820 3338 Et

166 3370 310 3433 exiit
338 3369 672 3443 patriarcha
717 3369 1116 3427 Antiochenus
1164 3369 1389 3426 obviam
1435 3371 1818 3426 sanctissima

165 3459 482 3532 σταδίῃ-θεῖ
510 3475 745 3532 quoque
773 3465 830 3515 et
859 3458 1278 3532 archipraesuli,
1305 3459 1405 3531 qui
1438 3476 1566 3516 eam
1596 3460 1817 3516 defere-

164 3548 398 3617 bant,et
426 3548 806 3606 reddiderunt
833 3564 1038 3604 omnes
1068 3548 1184 3606 Deo
1214 3547 1454 3622 gratias,
1479 3553 1536 3605 et
1566 3549 1818 3605 exsolve-

164 3642 307 3697 runt
338 3637 714 3697 dulcissimae
762 3636 968 3695 laudes
999 3637 1385 3710 omnipotenti
1413 3638 1551 3707 Deo,
1585 3638 1684 3710 qui
1719 3656 1820 3711 per

163 3728 447 3787 virtutem
478 3726 914 3800 gloriosissima:
946 3727 1137 3783 crucis
1167 3744 1285 3783 suae
1315 3726 1616 3784 victoriam
1655 3727 1819 3784 Chri-

162 3817 381 3874 stianis
410 3816 668 3885 dederat,
701 3819 759 3872 et
805 3816 999 3888 ipsam
1046 3831 1278 3879 erucem
1325 3817 1397 3873 ad
1443 3816 1818 3873 Christianis-

164 3923 335 3965 mum
392 3904 550 3965 salve
593 3905 924 3963 reduxerat.
970 3904 1188 3961 Pietate
1236 3905 1562 3978 plorabant,
1621 3904 1821 3963 laetitia

163 3995 503 4063 cantabant,
535 3995 847 4053 adorantes
872 3993 1139 4066 repetitis
1167 3994 1393 4052 vicibus
1422 4000 1557 4051 ante
1588 4012 1818 4051 crucem

159 4084 561 4143 venerandam
589 4099 654 4143 se
683 4082 1065 4153 inclinabant,
1099 4088 1589 4157 resurgentesque
1617 4084 1819 4141 militi-

162 4174 277 4231 bus
306 4171 516 4231 erectis
543 4171 763 4246 gratias
792 4172 1063 4245 agebant.

160 4262 473 4320 Prasbucrat
498 4261 663 4313 biduo
688 4261 766 4312 sol
794 4261 978 4311 lumen
1006 4262 1239 4325 Virginis
1270 4266 1432 4321 astro,

157 4334 288 4384 Cum
318 4333 523 4384 bellum
551 4333 773 4396 geritur,
804 4345 911 4395 quo
940 4333 1121 4383 Parthi
1151 4334 1227 4382 sic
1257 4336 1600 4397 superantur,

156 4404 423 4469 Claraque
453 4406 583 4453 tunc
611 4404 830 4455 decima
858 4403 1152 4455 rutilabant
1180 4418 1383 4456 cornua
1410 4405 1568 4455 lunzn.

814 4484 1046 4542 CAPUT
1083 4485 1179 4541 VI.

312 4569 397 4621 De
425 4566 730 4637 receptione
757 4574 966 4623 sanctae
992 4567 1168 4622 crucis
1197 4567 1259 4621 in
1279 4567 1688 4638 Hierosolymis.

224 4654 495 4725 Cumque
544 4654 605 4710 in
655 4654 962 4731 Antiochia
999 4654 1199 4727 requie
1247 4672 1362 4710 non
1412 4653 1590 4729 longa
1627 4672 1688 4712 se
1720 4659 1805 4712 re-

157 4748 458 4801 creassent
490 4743 1053 4810 Franci,statuerunt
1067 4742 1526 4816 Hierosolymam
1549 4761 1683 4800 cum
1715 4746 1811 4802 be-

158 4833 395 4888 nedicta
423 4848 592 4888 cruce
621 4832 876 4902 Domini,
909 4837 977 4889 ut
1005 4833 1266 4900 decebat,
1291 4834 1515 4888 reverti.
1550 4834 1619 4888 Et
1648 4851 1811 4890 sum-

161 4922 277 4994 ptis
310 4920 599 4977 militibus
629 4926 771 4994 quot
797 4920 1309 4994 oportuit,remisit
1337 4938 1465 4976 eam
1498 4939 1596 4978 rex
1615 4922 1814 4979 Hieru-

1939 1962 2131 2018 vit.Ab
2142 1969 2387 2037 zEgypto
2401 1966 2694 2036 siquidem
2712 1983 2898 2038 usque
2912 1966 3394 2039 Mesopotamiam
3406 1969 3588 2024 tradi-

1939 2051 2027 2106 dit
2050 2052 2101 2108 ei
2134 2054 2288 2109 Deus
2323 2053 2493 2127 longe
2514 2053 2741 2127 lateque
2760 2060 2997 2111 terram.
3024 2056 3261 2113 Manum
3283 2073 3421 2131 erga
3449 2075 3586 2116 eum

1936 2139 2141 2196 habuit
2170 2140 2415 2215 largam.
2440 2143 2647 2200 Caveat
2679 2161 2749 2200 ne
2778 2160 2915 2217 erga
2944 2161 3078 2201 eum
3110 2151 3326 2203 arctam
3351 2147 3582 2216 habeat,

1937 2230 2037 2301 qui
2070 2232 2436 2288 abundanter
2465 2234 2649 2299 dat,et
2680 2250 2794 2289 non
2828 2235 3204 2307 improperat.
3238 2236 3297 2292 Si
3328 2254 3427 2293 rex
3457 2253 3586 2295 esse

1935 2319 2245 2390 desiderat,
2280 2322 2513 2378 studeat
2536 2328 2601 2378 ut
2631 2328 2793 2396 regat
2823 2328 2994 2380 recte.
3027 2325 3172 2380 Cum
3217 2329 3414 2382 antem
3452 2331 3587 2399 post

1934 2410 2167 2481 negotia
2182 2408 2459 2483 pleraque
2480 2417 2807 2484 perpetrata
2823 2430 2922 2468 rex
2942 2413 3015 2469 ab
3037 2413 3347 2471 Antiochia
3366 2432 3585 2490 regres-

1933 2514 2034 2553 sus
2066 2503 2222 2555 esset
2251 2499 2778 2570 Hierusalem,cum
2810 2520 2985 2559 uxore
3016 2521 3124 2559 sua
3148 2504 3477 2562 diademate
3497 2522 3585 2561 re-

1931 2587 2026 2659 gio
2086 2586 2179 2642 die
2244 2588 2574 2645 Nativitatis
2639 2591 2954 2647 Dominicze
3010 2598 3319 2649 coronatus
3375 2600 3464 2651 est
3520 2594 3580 2651 in

1932 2675 2284 2732 Bethlehem.
3592 2684 3595 2687 ’

2547 2769 2775 2825 CAPUT
2811 2770 2957 2827 VIII.

2344 2858 2419 2913 De
2448 2860 2765 2915 remissione
2792 2863 3157 2919 exactionem.

1998 2954 2164 3007 Anno
2214 2956 2640 3012 Incarnationis
2691 2958 3001 3013 Dominica:
3034 2965 3164 3031 post
3192 2962 3574 3021 millesimum

1928 3041 2311 3098 centesimum
2343 3042 2638 3112 vicesimo,
2672 3048 2919 3104 absolvit
2942 3066 3041 3105 rex
3079 3050 3399 3109 Balduinus
3431 3054 3479 3111 II
3502 3056 3574 3111 ab

1930 3130 2089 3184 omni
2121 3131 2419 3188 exactione
2448 3150 2652 3191 omnes
2703 3138 2804 3209 qui
2856 3155 2958 3209 per
2986 3146 3183 3211 portas
3210 3142 3573 3204 Hierusalem

1802 3234 1816 3302 ξ
1850 3200 1894 3273 Ο
1931 3218 2291 3275 frumentum
2316 3224 2489 3293 atque
2519 3223 2824 3292 hordeum,
2858 3228 2976 3284 sive
3006 3229 3325 3302 legumina,
3360 3234 3575 3293 inferre

1929 3307 2305 3375 voluerint,ut
2335 3311 2555 3383 absque
2587 3313 2856 3370 molestia
2886 3321 3005 3372 tam
3038 3319 3355 3378 Christiani
3394 3342 3572 3397 quam

1929 3396 2234 3452 Sarraceni
2281 3398 2538 3455 habeant
2568 3401 2811 3459 liberam
2843 3406 3178 3465 facultatem
3210 3396 3575 3485 ingrediendi

1927 3489 1984 3541 et
2002 3486 2369 3576 egrediendi,
2394 3492 2567 3562 atque
2596 3493 2901 3563 vendendi,
2918 3496 3017 3551 ubi
3049 3502 3104 3553 et
3126 3500 3577 3576 quibuscunque

1926 3572 2236 3631 voluerint.
2270 3576 2516 3633 Remisit
2564 3580 2805 3653 insuper
2846 3588 3173 3644 mercedem
3218 3591 3398 3647 modii
3437 3572 3576 3649 con-

1929 3663 2415 3721 suetudinariam.

2575 3760 2801 3816 CAPUT
2839 3763 2931 3819 IX.

2006 3842 2082 3898 De
2116 3844 2300 3900 Turcis
2327 3850 2682 3918 congregatis,
2715 3858 2765 3905 et
2790 3854 3131 3923 expeditione
3153 3860 3296 3928 regis
3322 3868 3511 3917 contra

2532 3930 2541 3939 ’
2701 3937 2807 3978 808.

2000 4014 2142 4068 Cum
2166 4018 2361 4070 autem
2391 4032 2491 4072 sex
2520 4016 2700 4089 hujus
2721 4022 2859 4076 anni
2884 4039 3115 4082 menses
3136 4027 3195 4083 in
3222 4029 3578 4087 Hierusalem

1929 4099 2369 4172 evolvissemus,
2413 4112 2701 4165 venerunt
2761 4113 2951 4167 nuntii
3009 4116 3081 4170 ab
3130 4118 3458 4189 Antiochia,
3492 4120 3579 4176 di-

1929 4193 2097 4245 cente
2126 4208 2279 4263 rege,
2313 4198 2370 4248 et
2400 4195 2571 4251 nobis
2602 4199 2879 4255 omnibus
2926 4204 3025 4274 qui
3067 4205 3397 4278 aderamus,
3432 4209 3579 4266 Tur-

1930 4293 2029 4370 cos
2084 4280 2439 4370 Euphratem
2506 4287 2793 4343 transisse
2859 4294 2916 4344 et
2983 4293 3212 4365 Syriam
3279 4296 3580 4370 ingressos

1928 4365 2114 4424 fuisse
2138 4369 2209 4425 ad
2243 4378 2661 4429 nocumentum
2687 4375 3139 4450 Christianismi,
3166 4383 3316 4440 sicut
3342 4365 3403 4442 in
3433 4405 3581 4459 pras-

1928 4458 2097 4513 terito
2148 4466 2587 4517 consueverant.
2624 4463 2786 4521 Unde
2831 4473 3065 4541 accepto
3114 4473 3374 4544 consilio,
3429 4458 3582 4533 sicut

1860 4573 1909 4639 D
1937 4547 2253 4639 necessitas
2284 4551 2546 4622 urgebat,
2556 4553 2759 4624 petivit
2788 4572 2886 4611 rex
2915 4574 2949 4612 a
2978 4560 3311 4630 patriarcha
3338 4568 3394 4619 et
3431 4565 3582 4623 clero

1936 4634 2267 4693 humillime
2315 4639 2686 4697 victoriosam
2739 4643 2976 4700 Domini
3023 4664 3253 4705 crucem
3294 4652 3407 4709 sibi
3447 4670 3587 4727 con_

1919 4724 2098 4790 tradi,
2133 4726 2335 4787 dicens
2385 4729 2456 4784 ab
2506 4747 2574 4785 ea
2613 4748 2675 4787 se
2709 4736 2766 4789 et
2797 4750 2935 4790 suos
2964 4736 3035 4791 ad
3069 4738 3452 4809 praeliandum
3484 4724 3584 4799 de:

1920 4813 2058 4869 bere
2094 4816 2334 4884 muniri,
2370 4818 2511 4888 quia
2559 4819 2687 4875 sine
2713 4824 2875 4893 gravi
2926 4826 3123 4896 praelio
3155 4830 3337 4888 credit
3365 4832 3585 4889 Turcos

1928 4906 2156 4960 taxatos
2216 4905 2286 4960 de
2344 4907 2553 4977 patria,
2604 4925 2783 4981 quam
2823 4913 2947 4982 jam
3005 4915 3406 4988 devastabant,
3465 4939 3583 4979 non

161 5009 371 5075 salem,
405 5014 463 5064 et
509 5010 601 5065 die
654 5028 768 5083 quo
817 5010 1197 5067 Exaltationis
1255 5012 1381 5081 ejus
1440 5010 1811 5069 festivitatem
1921 4994 2355 5083 P03399XP31“:
2392 5001 2448 5051 0t
2496 4997 2636 5068 (ἶυίθο
2686 5017 2801 5055 non
2834 5004 3074 5060 conﬁdit
3120 5006 3179 5061 in
3209 5008 3422 5066 Virtute
3453 5028 3587 5083 sua»

163 5097 484 5165 celebrant,
519 5099 671 5154 sicut
717 5098 1028 5156 Heracleus
1079 5099 1399 5172 imperator
1452 5100 1522 5155 de
1583 5101 1815 5158 Perside

160 5186 350 5243 victor
370 5202 500 5242 eam
528 5189 1008 5260 reportavit,cum
1033 5206 1101 5244 ea
1126 5189 1330 5243 urbem
1349 5192 1612 5244 sanctam
1630 5189 1825 5246 laetan-

162 5279 250 5332 tes
278 5275 658 5349 introierunt,
691 5282 749 5333 et
777 5294 913 5335 cum
944 5277 1159 5351 gaudio
1189 5276 1469 5333 ineffabili
1502 5279 1692 5334 cuncti
1724 5281 1825 5352 qui

169 5363 421 5423 aderant
450 5370 854 5440 susceperunt.

794 5455 1027 5513 CAPUT
1066 5456 1190 5512 VII.

345 5527 501 5596 ρκοά
522 5543 623 5585 rea:
640 5530 1021 5600 principatum
1051 5528 1362 5586 dntiochize
1391 5528 1648 5586 obtinuit.

240 5615 368 5675 Rex
420 5620 621 5675 autem
650 5616 711 5674 in
740 5617 1058 5679 Antiochia
1083 5620 1385 5690 remansit,
1419 5617 1557 5695 quia
1585 5619 1836 5679 necessi-

497 5742 773 5820 Pa'rnon.
820 5743 990 5809 CLV.

1926 5099 2034 5171 nec
2064 5080 2124 5137 in
2156 5088 2327 5155 gente
2360 5102 2535 5157 quam
2574 5086 2826 5144 habebat
2852 5091 3057 5163 multa,
3089 5112 3261 5152 cruce
3291 5097 3438 5171 ipsa,
3470 5080 3584 5157 Do;-

1934 5170 2095 5227 mino
2126 5177 2427 5253 vegetante
2457 5179 2512 5229 et
2544 5178 2919 5248 propitiante,
2952 5199 3055 5254 pro
3089 5185 3293 5243 multis
3320 5170 3586 5246 millibus

1934 5259 2492 5334 potietur.Alioquin
2524 5264 2651 5320 sine
2670 5265 2800 5338 ipsa
2820 5285 2924 5325 nec
2956 5270 3080 5343 ipse
3106 5290 3210 5330 nec
3236 5275 3336 5331 alii
3367 5279 3589 5336 audent
3643 5282 3653 5293 '

1936 5349 2008 5405 ad
2041 5348 2263 5405 bellum
2294 5352 2606 5422 proﬁcisci.
2640 5354 2804 5413 Unde
2835 5357 2914 5414 ibi
2945 5361 3092 5417 ratio
3129 5363 3406 5437 bipertita
3432 5368 3589 5426 inter

1936 5443 2142 5495 euntes
2174 5439 2248 5495 ad
2268 5439 2487 5496 bellum
2511 5445 2567 5497 et
2586 5451 2955 5505 remanentes
2975 5449 3035 5506 in
3058 5449 3420 5513 Hierusalem
3442 5458 3593 5516 satis

1938 5527 2151 5586 decens
2180 5528 2380 5586 habita
2408 5531 2644 5600 est,sive
2673 5535 2880 5593 debeat
2907 5555 3012 5611 pro
3040 5543 3205 5597 tanta
3243 5547 3593 5604 necessitate

1940 5618 2398 5678 Christianitatis
2441 5621 2811 5684 Antiochiam
2863 5643 3006 5687 crux
3048 5630 3279 5702 deferri,
3312 5634 3435 5693 sive
3464 5634 3594 5717 Hie‘

3189 5758 3270 5825 29
