3994 6066
399 324 513 387 907

918 329 1023 390 AD
1068 327 1582 393 GODEFRIDUM
1625 330 1959 391 APPEND.
2009 328 2086 391 II.
2120 364 2196 377 -
2226 331 2539 394 MONUM.
2589 334 2689 395 DE
2734 330 2985 395 BELLO
3033 335 3313 395 SACBO.

3699 332 3824 393 908

401 458 823 532 rosolymitana
872 459 1129 519 Ecclesia
1173 463 1244 520 de
1269 467 1429 519 tanto
1470 463 1745 519 thesauro
1777 480 1884 519 suo
1913 467 2054 519 tunc
2084 467 2139 532 Α
2168 465 2391 528 Explicit
2418 465 2505 514 hic
2536 479 2712 515 annus
2734 467 2789 516 in
2819 467 3026 517 cunctis
3057 467 3160 516 ﬁne
3190 464 3479 523 secundus,

400 548 637 621 privari.
672 549 1141 624 Dicebamusque
1170 569 1182 608 :
1218 576 1245 601 ‹‹
1281 554 1401 608 Heu
1451 552 1649 607 miseri
1677 550 1689 606 Σ
1713 552 1855 622 quid
1888 552 2059 608 facie-

401 636 613 704 mus,si
644 639 1016 711 permittente
1046 641 1161 696 Deo
1194 642 1625 713 perdiderimus
1657 641 1715 695 in
1749 640 1899 696 bello
1933 658 2060 697 cru-

400 740 548 794 cem,
584 727 735 782 sicut
765 729 1144 800 perdiderunt
1172 729 1444 785 Israelita:
1477 729 1616 784 olim
1650 746 1845 785 arcam
1880 731 2057 785 fmde-

402 813 532 871 ris?
561 837 589 864 ››
621 816 768 882 Quid
800 817 973 889 plura
1004 817 1250 873 referam
1270 819 1297 873 ‘I
1328 819 1658 874 Necessitas
1690 818 1936 887 monuit,
1970 836 2059 874 ra-

400 904 481 959 tio
511 904 773 975 edocuit;
809 906 1056 961 fecimus
1087 908 1241 979 quod
1276 906 1597 978 noluimus,
1631 912 1685 963 et
1717 909 1870 979 quod
1904 908 2059 963 nole-

403 992 616 1048 bamus
645 993 1039 1052 voluimus.Et
1069 996 1436 1063 cum,multis
1458 996 1733 1069 lacrymis
1757 998 1847 1069 pie
1869 1014 1971 1068 pro
1995 1013 2062 1051 ea

404 1081 662 1153 profusis
693 1087 750 1139 et
779 1085 1021 1139 canticis
1053 1085 1110 1139 in
1139 1084 1311 1140 laude
1342 1084 1501 1141 illius
1532 1086 1875 1157 decantatis,
1900 1091 2064 1141 extra

405 1170 610 1226 urbem
646 1172 823 1228 nudis
853 1174 1103 1244 pedibus
1134 1175 1612 1247 rex,patriarcha,
1649 1174 1811 1246 plebs
1832 1190 2063 1246 quoque

407 1259 601 1315 omnis
628 1276 758 1316 eam
789 1262 1178 1330 conviassent,
1213 1280 1311 1319 rex
1360 1280 1492 1318 cum
1526 1281 1594 1319 ea
1626 1264 1816 1319 ﬂendo
1844 1264 2063 1319 disces-

407 1348 570 1419 sit,et
598 1349 853 1423 populus
904 1351 977 1406 ad
1029 1352 1235 1407 urbem
1285 1357 1551 1408 sanctam
1602 1353 1795 1407 rediit.
1847 1350 2065 1407 Mensis

408 1441 531 1494 erat
559 1438 1170 1496 Junius.Antiochiam
1200 1458 1336 1513 ergo
1368 1442 1655 1509 abierunt,
1682 1459 1859 1514 quam
1891 1441 2065 1497 Turci

408 1526 552 1582 adeo
574 1527 703 1599 jam
732 1530 1129 1600 coarctabant,
1162 1534 1227 1585 ut
1279 1534 1439 1585 extra
1471 1530 1623 1585 muri
1663 1531 1950 1585 ambitum
1983 1530 2066 1583 in-

408 1614 741 1673 habitantes
780 1618 871 1672 vix
911 1635 1027 1675 uno
1072 1617 1348 1674 milliario
1398 1620 1709 1692 procedere
1762 1620 2061 1675 auderent.

408 1703 750 1774 Sed,audito
783 1707 936 1780 regis
967 1708 1240 1775 adventu,
1276 1707 1409 1763 inde
1443 1710 1643 1763 statim
1679 1726 1738 1764 se
1772 1724 2067 1763 removen-

408 1798 519 1863 tes,
550 1811 754 1851 versus
785 1795 1087 1868 Halapiam
1118 1797 1345 1865 urbem,
1380 1798 1479 1852 ubi
1530 1798 1716 1853 tutius
1763 1814 1891 1853 csse
1938 1815 2067 1869 pos-

409 1887 563 1951 sent,
609 1885 919 1954 abierunt;
952 1886 1168 1958 quibus
1218 1886 1329 1942 tria
1375 1886 1631 1942 militum
1686 1887 2067 1942 Damasceno-

409 1988 542 2027 rum
573 1973 761 2030 millia
791 1978 931 2030 tunc
963 1980 1278 2048 aggregata
1308 1981 1467 2031 sunt.
1502 1977 1765 2048 Cumque
1816 1994 1913 2031 rex
1944 1974 2062 2030 bel-

410 2059 572 2116 landi
625 2079 803 2118 causa
852 2068 1012 2118 motu
1066 2065 1273 2120 audaci
1324 2066 1396 2120 ad
1446 2083 1544 2120 eos
1594 2064 1954 2131 accessisset,
2010 2069 2066 2118 et

413 2150 688 2224 utrinque
719 2152 949 2224 sagittis
969 2154 1206 2224 jactatis
1245 2153 1445 2225 plures
1476 2154 1722 2210 sauciati
1754 2154 1841 2208 vel
1889 2154 2063 2208 inter-

413 2239 546 2294 fecti
578 2240 947 2307 occidissent,
982 2246 1037 2297 et
1083 2241 1299 2297 bellare
1347 2247 1541 2297 tamen
1590 2242 1760 2297 Turci
1806 2259 2067 2297 recusas-

413 2331 703 2402 sent,post
730 2330 993 2385 triduum
1026 2330 1148 2387 litis
1179 2330 1379 2403 hujus,
1412 2332 1570 2387 nullo
1602 2336 1759 2387 certo
1793 2332 1905 2387 {ine
1937 2349 2069 2386 con-

415 2417 599 2487 cluso,
634 2421 690 2474 et
744 2418 1115 2474 Antiochiam
1174 2420 1357 2475 nostri
1418 2425 1842 2486 remeaverunt,
1904 2425 1959 2475 et
2009 2419 2064 2474 in

417 2506 713 2563 Persidem
744 2524 880 2579 pars
909 2508 1229 2564 Turcorum
1264 2511 1452 2580 major
1483 2509 1960 2582 repairiaverunt.
1988 2509 2067 2564 De

416 2599 624 2652 caatero
656 2613 888 2653 crucem
929 2602 1194 2653 sanctam
1228 2616 1326 2654 rex
1355 2598 2067 2655 honorificeHierusalem

414 2684 725 2751 remisit,et
754 2684 879 2759 ipse
912 2686 968 2741 in
1000 2686 1321 2742 Antiochiae
1353 2688 1588 2760 regione
1628 2692 1843 2742 terram
1877 2692 2069 2759 prote-

414 2778 616 2830 cturus
638 2776 1144 2831 remansit.Tertio
1168 2776 1392 2832 decimo
1414 2776 1805 2832 Kalendarum
1830 2777 2071 2831 Novem-

414 2862 608 2920 brium
657 2863 849 2936 ipsam
881 2863 1198 2938 gloriosam
1250 2865 1481 2921 Domini
1509 2882 1739 2921 crucem
1774 2866 1831 2920 in
1865 2865 2070 2921 Hieru-

415 2950 599 3009 salem
633 2968 768 3009 cum
799 2954 1014 3027 gaudio
1042 2970 1257 3027 magno
1290 2954 1682 3027 suscepimus.

1076 3043 1305 3101 CAPUT
1344 3044 1410 3100 X.

618 3134 694 3190 De
720 3132 1065 3205 expeditione
1094 3136 1238 3203 regis
1266 3141 1455 3189 contra
1485 3136 1862 3190 Damascenos.

2096 1842 2143 1907 B

2169 537 2298 585 Pace
2329 535 2545 599 quidem
2574 551 2818 601 prosper,
2849 542 2903 587 et
2932 538 3175 601 frugibus
3204 537 3455 587 omnibus
3482 536 3634 586 uber.

2805 644 3037 699 CAPUT
3081 646 3178 699 Χῐ.

2167 735 2241 787 De
2271 734 2387 787 alia
2412 733 2750 804 expeditiorw
2776 735 2920 804 regis
2949 742 3134 788 contra
3160 733 3516 804 Tripolitanii
3534 735 3782 789 comitem
3802 754 3826 803 ,-

2548 805 2745 860 dchinc
2776 807 2975 860 iterum
3004 814 3192 860 contra
3223 805 3434 861 Turcos.

2239 895 2406 948 Anno
2438 893 2749 948 Dominica:
2784 894 3209 949 Incarnationis
3242 895 3397 961 1122,
3419 893 3734 965 praaficitur
3762 893 3824 948 in

2169 982 2531 1038 Hierusalem
2564 982 2829 1038 Ecclesiae
2862 984 3044 1055 Tyriae
3067 982 3693 1055 archiepiscopus,0do
3726 999 3827 1038 no-

2174 1072 2584 1143 mine,primus
2617 1073 2687 1127 de
2719 1076 2887 1144 gente
2920 1072 3370 1127 Latina.Deindc
3397 1072 3541 1126 abiit
3571 1088 3668 1127 rex
3699 1071 3830 1126 Pto-

2170 1160 2502 1215 lemaidam.
2540 1161 2699 1216 Unde
2724 1164 2893 1233 gente
2942 1178 3049 1216 sua
3097 1165 3445 1233 congregata
3472 1159 3737 1215 \idelicet
3766 1164 3823 1215 et

2172 1249 2633 1321 equite,movens
2663 1249 2977 1305 exercitum
3011 1254 3272 1315 suum,et
3301 1250 3666 1304 Dominicam
3699 1267 3824 1304 cru-

2172 1355 2295 1392 cem
2328 1356 2525 1394 secum
2561 1340 2846 1406 deferens,
2879 1340 3170 1411 profectus
3204 1343 3292 1393 est
3319 1337 3619 1410 Tripolim,
3662 1337 3825 1409 inju-

2175 1426 2320 1482 riam
2353 1427 2585 1482 ulturus
2615 1433 2672 1483 et
2704 1433 3126 1500 contemptum,
3160 1445 3333 1500 quem
3382 1427 3634 1500 regionis
3663 1426 3824 1483 illius

2173 1533 2365 1571 comes
2391 1517 2630 1571 Pontius
2663 1517 2898 1572 nomine
2929 1516 3270 1582 incutiebat,
3300 1533 3578 1572 recusans
3625 1515 3676 1571 ei
3728 1517 3827 1572 ob-

2174 1606 2362 1677 sequi,
2396 1605 2478 1660 uti
2532 1607 2888 1661 Bertrannus
2932 1611 3097 1678 pater
3139 1607 3266 1676 ejus
3298 1608 3529 1661 fecerat.
3564 1605 3674 1661 Sed
3708 1605 3825 1660 Deo

2174 1694 2483 1759 volente,et
2514 1695 2865 1767 optimatum
2901 1696 3273 1767 praesentium
3308 1695 3580 1766 utrinque
3621 1693 3824 1748 lauda-

2176 1783 2353 1850 tione,
2388 1783 2558 1837 amici
2614 1784 2745 1838 facti
2779 1789 2917 1839 sunt
2948 1784 3019 1838 ad
3054 1783 3320 1849 invicem,
3354 1784 3565 1838 comite
3612 1781 3824 1837 rationi

2173 1872 2775 1936 assentiente.Quibus
2797 1872 3086 1944 siquidem
3111 1871 3648 1945 pacificatis,astitit
3670 1870 3824 1926 illico

2173 1961 2647 2033 archiepiscopus
2679 1962 2918 2033 quidam
2954 1962 3025 2016 ab
3057 1961 3400 2016 Antiohenis
3422 1960 3558 2015 illuc
3580 1960 3825 2028 missus,

2175 2068 2368 2121 regem
2401 2050 2805 2118 cohortans,ut
2833 2050 3203 2106 Antiochiam
3239 2050 3585 2121 quantocius
3618 2065 3829 2121 prope-

2175 2143 2349 2205 raret,
2390 2144 2593 2195 contra
2620 2140 2839 2195 Turcos
2869 2157 3040 2211 opem
3078 2139 3326 2194 laturus.
3359 2139 3490 2194 Jam
3532 2139 3691 2193 enim
3722 2142 3832 2193 ter-

2177 2245 2299 2282 ram
2334 2228 2491 2283 illam
2518 2230 2919 2293 devastabant,
2936 2228 3095 2283 nullo
3119 2228 3377 2301 principe
3399 2229 3482 2283 eis
3500 2228 3828 2283 resistente.

2176 2319 2298 2382 Quo
2337 2318 2663 2386 audito,rex
2694 2318 2969 2373 continuo
3001 2318 3349 2390 properavit,
3373 2317 3597 2372 habens
3628 2332 3829 2371 secum

2175 2411 2464 2462 trecentos
2496 2407 2712 2463 milites
2739 2406 3089 2463 lectissimos
3107 2412 3164 2462 et
3186 2408 3289 2461 400
3314 2406 3555 2461 clientes
3577 2405 3834 2461 adventi-

2175 2495 2288 2551 tios
2316 2496 2926 2567 probissimos.Caeteri
2959 2514 3091 2552 vero
3116 2496 3202 2551 vel
3236 2496 3306 2550 ad
3341 2493 3830 2565 Hierusalem,vel

2177 2584 2247 2639 ad
2282 2602 2388 2639 sua
2418 2589 2838 2641 remeaverunt.
2882 2588 3025 2640 Cum
3076 2589 3273 2639 autem
3323 2583 3682 2656 pervenisset
3734 2598 3834 2638 rex

2177 2673 2275 2728 ubi
2308 2674 2527 2729 Turcos
2556 2674 2821 2729 audierat
2852 2691 2977 2730 esse
3009 2678 3411 2746 congregatos,
3432 2672 3583 2727 circa
3604 2671 3835 2728 scilicet

2178 2767 2435 2817 castrum
2469 2764 2947 2835 quoddam.quod
2982 2762 3369 2819 Sardanaium
3400 2760 3832 2833 vocatur,quod

2168 2851 2295 2922 jam
2327 2851 2630 2908 obsidione
2661 2852 3028 2919 cohibebant,
3062 2855 3437 2908 removerunt
3479 2868 3539 2906 se
3569 2850 3702 2906 inde
3736 2866 3835 2905 vo-

2177 2940 2361 2996 lentes
2396 2958 2589 3013 regem
2617 2946 2970 3013 exspectare.
2996 2945 3119 3006 Quo
3138 2945 3453 3013 comperto,
3478 2939 3720 2996 secessit
3736 2955 3837 2994 rex

2178 3030 2567 3085 Antiochiam.
2602 3030 2771 3085 Turci
2820 3048 2953 3086 vero
2985 3031 3054 3085 ad
3088 3030 3385 3102 inceptum
3419 3030 3610 3085 denuo
3642 3044 3837 3083 recur-

2180 3123 2335 3175 runt.
2363 3119 2628 3191 Cumque
2658 3136 2756 3174 rex
2796 3119 2905 3174 hoc
2936 3119 3139 3175 auditu
3173 3117 3449 3191 percepit,
3482 3134 3685 3173 versus
3733 3134 3837 3174 eos

486 3223 656 3277 Anno
688 3223 761 3279 ab
793 3223 1198 3279 Incarnatione
1248 3223 1479 3278 Domini
1511 3225 1667 3290 1121,
1701 3222 2071 3296 congregavit
2099 3215 2142 3282 C
2182 3213 2449 3281 1)”)um
2480 3208 2778 3280 efInimVlt-
2810 3209 2921 3264 Sed
2967 3210 3105 3281 (ἶυία
3151 3225 3293 3281 gens
3338 3207 3436 3263 illa
3474 3205 3740 3263 Parthica
3769 3206 3832 3262 in

418 3327 516 3366 rex
547 3315 781 3384 gentem
822 3329 989 3368 suam
1024 3330 1058 3367 a
1106 3313 1320 3367 Sidone
1370 3329 1557 3384 usque
1599 3313 1867 3384 Joppem,
1902 3315 1958 3366 et
2005 3326 2068 3366 III

418 3399 615 3456 Nonas
654 3399 796 3457 Julii
844 3404 1250 3474 tranqgressns
1297 3402 1633 3467 Jordanem,
1679 3400 1825 3455 adiit
1872 3416 2067 3472 regem

419 3488 937 3557 Damascenorum,
969 3489 1071 3562 qui
1118 3506 1252 3545 cum
1289 3490 1579 3545 Arabibus
1626 3488 1737 3545 sibi
1778 3488 2069 3546 fcederatis

418 3580 475 3633 et
504 3577 780 3635 adunatis
809 3583 995 3636 terras
1018 3584 1250 3635 nostras
1272 3578 1563 3634 Tiberiadi
1588 3577 1883 3650 proximas
1905 3577 2067 3634 nullo

416 3666 468 3722 ei
496 3666 802 3724 resistente
828 3668 1112 3724 vastabat.
1147 3667 1254 3733 Qui
1286 3683 1420 3722 cum
1455 3668 1838 3739 persensisset
1870 3684 2064 3740 regem

414 3760 682 3813 nostrum
713 3774 846 3813 cum
896 3755 1148 3811 exercitu
1181 3773 1288 3811 suo
1325 3756 1634 3811 adversum
1669 3773 1729 3811 se
1759 3756 2069 3828 appropin-

411 3850 715 3918 quantem,
748 3845 1005 3901 collectis
1037 3844 1188 3900 illico
1234 3844 1630 3899 tabernaculis
1660 3845 1805 3912 suis,
1842 3844 2062 3900 bellum

408 3934 633 3989 evitans
663 3934 902 4007 refugus
930 3932 989 3987 in
1022 3950 1131 3989 sua
1160 3933 1607 3999 recessit.Qucm
1642 3950 1774 3988 cum
1798 3951 1900 4005 per
1915 3934 2062 3990 duos

360 4014 373 4025 “
407 4021 531 4077 dies
564 4037 663 4077 rex
692 4022 996 4078 insecutus
1027 4022 1253 4090 fuisset,
1288 4039 1393 4077 nec
1414 4022 1628 4078 bellare
1661 4039 1794 4078 cum
1819 4040 1884 4077 eo
1914 4040 2058 4095 gens

403 4108 502 4165 illa
534 4111 792 4180 auderet,
825 4128 1092 4168 reversus
1120 4116 1210 4168 est
1256 4113 1329 4167 ad
1377 4110 1684 4168 castellum
1742 4112 2058 4185 quoddam,

404 4200 561 4271 quod
594 4199 667 4255 ad
698 4206 1118 4257 nocumentum
1144 4206 1413 4257 nostrum
1438 4219 1591 4257 anno
1615 4201 1907 4273 praeterito
1933 4200 2064 4256 Tul-

405 4288 719 4361 dequinus,
754 4307 853 4345 rex
908 4290 1199 4357 Damasci,
1252 4291 1511 4347 construi
1566 4291 1797 4356 fecerat,
1840 4291 1995 4361 quod
2026 4307 2060 4344 a

404 4374 657 4434 Jordane
703 4379 1065 4435 aestimamus
1114 4380 1444 4451 discrepare
1504 4382 1569 4434 10
1628 4378 1942 4434 milliariis.
1995 4379 2058 4434 Id

404 4483 503 4524 rex
533 4467 779 4535 obsedit,
814 4468 1104 4524 machinis
1137 4468 1410 4536 coercuit,
1442 4468 1497 4522 vi
1528 4467 1897 4541 expugnavit,
1933 4468 2057 4522 red-

406 4555 593 4612 ditum
626 4557 861 4630 recepit.
896 4558 1079 4631 Cujus
1138 4558 1409 4613 custodes
1464 4561 1521 4613 et
1578 4561 1952 4629 protectores,
1989 4557 2056 4611 40

402 4644 673 4702 videlicet
700 4646 1055 4717 Turcos,sub
1087 4650 1310 4703 statuta
1339 4645 1670 4701 conditione
1710 4645 1870 4702 vivos
1900 4644 2059 4700 abire

405 4733 699 4807 permisit,
727 4739 783 4791 et
814 4736 1095 4809 oppidum
1134 4736 1346 4792 deinde
1375 4736 1445 4791 ad
1480 4732 1672 4791 solum
1705 4751 1894 4806 usque
1926 4751 2059 4805 pro-

408 4824 631 4880 stravit.
662 4824 862 4881 Jarras
910 4824 1217 4881 nominant
1245 4825 1354 4880 hoc
1394 4830 1652 4880 castrum
1682 4823 1939 4897 regionis
1970 4823 2057 4877 in-

402 4911 723 4985 colae,quod
744 4914 918 4983 juxta
949 4914 1239 4970 civitatem
1274 4914 1592 4986 quamdam
1625 4911 1974 4968 mirabiliter
2003 4915 2061 4965 et

400 5000 653 5074 gloriose
684 5000 798 5056 situ
831 5002 965 5057 forti
1017 5002 1344 5074 antiquitus
1382 5004 1715 5070 fundatum,
1761 5000 2057 5074 lapidibus

398 5090 636 5163 magnis
668 5093 725 5145 et
756 5090 998 5161 quadris
1051 5090 1188 5146 illuc
1236 5096 1492 5147 erectum
1542 5096 1685 5148 erat.
1715 5089 1823 5146 Ubi
1862 5093 2056 5146 autem

396 5178 684 5250 comperit
714 5194 812 5234 rex
867 5196 982 5234 non
1034 5179 1160 5235 sine
1213 5182 1493 5252 gravitate
1529 5197 1747 5253 magna
1777 5178 2053 5235 obtineri:

397 5284 507 5324 nec
541 5266 668 5323 sine
700 5265 1043 5324 difﬁcultate
1075 5274 1245 5341 gente
1274 5273 1331 5324 et
1365 5268 1661 5325 alimentis
1684 5273 1747 5324 ut
1768 5271 2059 5341 oporteret

396 5371 569 5429 posse
593 5354 834 5422 muniri,
870 5357 1053 5428 jussit
1106 5357 1252 5413 illud
1298 5357 1472 5428 dirui,
1505 5366 1563 5413 et
1593 5375 1798 5414 omnes
1844 5358 1913 5413 ad
1948 5375 2055 5414 sua

396 5442 647 5517 regredi.
671 5444 800 5501 Haec
832 5443 973 5502 olim
1001 5447 1144 5503 urbs
1177 5446 1426 5518 insignis
1455 5446 1564 5502 fuit
1594 5448 1652 5502 in
1683 5448 1914 5517 Arabia,
1948 5448 2053 5503 Ge-

394 5549 530 5592 sara
561 5532 882 5605 nominata,
916 5537 1103 5593 monti
1151 5534 1396 5594 Galaath
1449 5537 1746 5611 adjuncta,
1800 5536 1859 5594 in
1892 5537 2049 5594 tribu

394 5621 686 5708 Manassae
712 5623 1004 5691 instituta.

2180 3297 2479 3370 procinctu
2521 3296 2607 3352 vel
2641 3301 2923 3370 apparatu
2958 3296 3164 3352 bellico
3198 3296 3496 3352 moraliter
3526 3311 3833 3367 nunquam

2178 3386 2237 3441 in
2270 3388 2471 3442 eodem
2522 3390 2677 3441 statu
2729 3391 3139 3458 permanentes
3189 3392 3368 3453 (nunc
3414 3385 3570 3441 enim
3611 3384 3831 3450 visum,

2177 3493 2333 3530 nunc
2381 3476 2619 3531 dorsum
2664 3476 3089 3531 obsistentibus
3119 3474 3391 3547 opinione
3421 3473 3667 3529 celerius
3698 3489 3831 3527 ver-

2176 3568 2326 3631 tunt,
2359 3568 2415 3619 et
2444 3569 2651 3636 praeter
2701 3581 2862 3636 spem
2915 3563 3187 3619 simulate
3217 3563 3467 3635 fugiunt,
3502 3568 3558 3618 et
3588 3578 3832 3618 recursu

2176 3653 2477 3725 repentino
2510 3653 2967 3725 impetunt),non
2991 3670 3052 3709 se
3076 3653 3145 3708 ad
3172 3652 3510 3708 bellandum
3536 3653 3648 3707 cito
3672 3654 3838 3723 apta-

2172 3743 2509 3809 verunt,sed
2541 3758 2920 3814 congressum
2945 3742 3177 3814 penitus
3199 3742 3617 3809 vitaverunt;et
3636 3739 3838 3795 taliter

2174 3848 2276 3886 ceu
2322 3831 2457 3885 victi
2506 3831 2934 3886 abscesserunt.
2986 3832 3360 3886 Benedictum
3411 3847 3548 3903 ergo
3583 3829 3659 3885 sit
3691 3846 3833 3884 san-

2172 3919 2446 3973 ctissime:
2505 3923 2561 3973 et
2590 3918 2905 3972 Dominicze
2955 3918 3145 3974 crucis
3176 3918 3473 3985 vexillum,
3502 3922 3559 3973 et
3605 3917 3827 3988 ubique

2172 4008 2446 4062 omnibus
2478 4006 2814 4062 orthodoxis
2845 4024 3101 4078 praesens
3132 4007 3488 4074 subsidium,
3515 4006 3623 4061 sub
3657 4006 3832 4075 cujus

2170 4095 2527 4168 protectione
2558 4100 2613 4151 et
2629 4095 3024 4151 consolatione
3048 4096 3248 4152 fideles
3273 4093 3834 4162 muniti,sinedetri-

2170 4189 2366 4239 mento
2398 4184 2591 4256 aliquo
2623 4185 2986 4240 Christianos
3030 4189 3264 4239 nostros
3302 4186 3373 4239 ad
3407 4201 3513 4240 sua
3541 4180 3832 4239 concessit

2169 4274 2395 4347 regredi
2417 4273 2545 4345 [Illi
2583 4275 2852 4346 equidem
2886 4275 2951 4328 10
2982 4272 3167 4328 millia
3190 4273 3462 4329 aastimati
3495 4278 3633 4328 sunt
3668 4270 3830 4326 mili-

2166 4366 2316 4429 tum,
2352 4364 2532 4417 nostri
2566 4380 2697 4417 vero
2747 4364 2903 4427 1200,
2936 4363 3159 4434 absque
3211 4360 3383 4435 globo
3434 4361 3715 4434 peditum.
3754 4360 3826 4416 Et

2168 4469 2301 4507 cum
2337 4469 2525 4523 usque
2575 4450 2853 4523 Tripolim
2887 4468 3005 4505 una
3035 4468 3168 4505 cum
3202 4468 3369 4506 cruce
3398 4449 3697 4506 Dominica
3730 4465 3827 4505 re-

2169 4546 2421 4596 measset
2451 4559 2570 4607 rex,
2594 4546 2717 4595 orto
2747 4540 2997 4612 negotio,
3034 4557 3168 4595 cum
3201 4539 3521 4612 aliquantis
3554 4554 3827 4593 reversus

2169 4636 2259 4686 est
2284 4629 2671 4685 Antiochiam.
2696 4629 2765 4683 Et
2787 4627 2869 4683 sic
2886 4627 3187 4684 Dominica
3212 4645 3352 4683 crux
3372 4628 3431 4682 in
3458 4626 3825 4682 Hierusalem

2170 4719 2379 4790 delata,
2413 4736 2549 4774 cum
2582 4717 2794 4791 gaudio
2844 4734 3057 4789 magno
3101 4717 3162 4772 in
3213 4716 3338 4772 loco
3388 4733 3493 4772 suo
3541 4733 3657 4772 xvn
3690 4714 3824 4772 Kal.

2168 4808 2435 4864 Octobris
2466 4807 2781 4863 honorifice
2813 4812 2903 4861 est
2933 4806 3209 4878 reposita.

2175 4969 2179 4975 ‘
2239 4898 2496 4969 Tempus
2528 4900 2651 4951 erat
2680 4912 2796 4966 quo
2840 4895 3014 4950 Libra
3043 4912 3214 4966 pares
3243 4893 3591 4951 exterminat
3621 4892 3819 4949 horas.

2309 4987 2454 5041 Tam
2487 5000 2731 5040 numero
2758 4982 2927 5055 parili
2959 5001 3135 5055 quam
3170 4983 3357 5055 spatio
3390 4982 3591 5039 simili.

2796 5090 3028 5146 CAPUT
3064 5090 3181 5146 XII.

2590 5185 2671 5237 be
2699 5182 2892 5236 comite
2916 5180 3176 5236 Edessena
3205 5188 3375 5252 capto.

2237 5273 2462 5328 Interea
2499 5274 2703 5341 captus
2747 5272 2835 5324 est
2866 5267 3209 5324 Coscelinus
3238 5284 3433 5324 comes
3460 5262 3814 5333 Edessenus,

2164 5360 2645 5431 Galerannusque
2676 5375 2808 5413 cum
2841 5374 2907 5413 eo
2939 5362 3224 5430 cognatus
3263 5358 3411 5429 ejus,
3447 5355 3819 5429 interemptis

2162 5450 2398 5522 quidem
2430 5449 2501 5503 de
2533 5447 2655 5503 suis
2685 5464 2800 5502 non
2832 5446 3031 5503 minus
3048 5464 3226 5519 quam
3249 5447 3670 5512 centum.Quos
3694 5444 3820 5517 qui-

2161 5540 2291 5595 dem
2324 5538 2495 5593 Balac
2541 5535 2904 5592 admiraldus
2955 5536 3198 5608 quidam
3235 5540 3355 5593 tam
3385 5534 3605 5591 astutia
3635 5550 3817 5609 quam

2162 5628 2395 5688 insidiis
2424 5625 2664 5685 molitus
2693 5624 3021 5703 intercepit.
