3998 6088
147 244 271 306 909

140 375 285 426 Finit
304 378 358 426 et
385 374 473 426 hic
497 388 674 427 annus
701 391 862 442 quam
890 380 982 444 qui
1004 381 1276 444 praecessit
1302 382 1516 445 opimus

138 446 407 511 Frugibus
434 447 734 509 omnigenis
760 462 1096 515 quaecunque
1124 456 1402 504 metuntur
1426 454 1481 502 in
1512 454 1671 516 arvis,

135 517 399 568 Triticeus
427 518 641 568 modius
667 533 766 584 pro
796 533 1016 571 nummo
1044 521 1295 574 venditur
1320 537 1481 574 unus.

133 588 244 639 Seu
274 588 634 653 quadraginta
658 590 751 653 qui
782 590 896 641 vult
916 605 1147 655 pensare
1168 594 1457 644 numisma.

133 660 290 711 Tunc
319 674 495 726 neque
527 660 742 712 Parthia
767 662 881 725 nec}
894 662 1188 728 Babylonia
1213 665 1350 717 bella
1375 666 1646 717 movebat.

756 750 988 808 CAPUT
1032 752 1184 809 XIII.

384 838 460 895 De
484 854 619 911 paee
666 840 809 896 inter
831 856 1032 913 papam
1061 849 1114 898 et
1140 844 1539 915 imperatorem.

201 928 378 983 Anno
409 926 482 983 ab
515 930 647 983 ortu
678 927 913 984 Domini
942 928 1105 997 H23,
1139 930 1458 988 indictione
1486 949 1526 1001 ι,
1553 949 1651 988 rex
1672 932 1793 990 Ale-

131 1015 392 1071 mannize
424 1015 708 1073 Henricus
733 1032 867 1072 cum
891 1034 1043 1092 papa
1062 1017 1283 1075 Calixto
1307 1018 1790 1093 paciﬁcatur.Deo

128 1104 379 1177 gratias,
411 1105 551 1177 quia
578 1121 826 1179 regnum
856 1110 913 1164 et
941 1107 1335 1166 sacerdotium
1393 1109 1453 1166 in
1482 1110 1791 1168 dilectione

128 1193 626 1250 confcederantur.

761 1282 994 1341 CAPUT
1021 1285 1166 1342 XIV.

198 1373 275 1428 De
308 1372 567 1428 veneticis
602 1373 945 1430 Hierusalem
967 1390 1264 1448 properare
1285 1375 1714 1449 disponentibus.

202 1460 425 1517 Eodem
458 1477 614 1517 anno
642 1460 902 1518 Venetici
932 1479 1068 1519 cum
1099 1465 1329 1539 navigio
1360 1481 1570 1539 magno
1600 1465 1659 1522 in
1682 1466 1784 1539 Sy-

131 1548 283 1606 riam
318 1549 593 1623 navigare
619 1550 895 1607 commoti
927 1557 1085 1622 sunt,
1118 1557 1187 1609 ut
1214 1552 1577 1611 Hierusalem
1609 1559 1667 1611 et
1694 1571 1783 1611 re-

124 1638 362 1712 gionem
408 1637 461 1695 ei
493 1638 856 1711 adjacentem
873 1639 1306 1699 Cbristianismi
1338 1642 1576 1700 utilitati
1605 1647 1660 1700 et
1685 1659 1783 1700 ex-

124 1725 416 1795 altationi,
447 1726 777 1800 opitulante
804 1731 940 1797 Deo,
973 1729 1418 1803 amplificarent.
1469 1732 1578 1798 Qui
1627 1747 1782 1788 anno

141 1814 496 1887 praecedenti
515 1816 587 1873 de
614 1820 771 1873 terra
797 1832 907 1873 sua
962 1819 1203 1891 egressi,
1263 1819 1324 1874 in
1381 1819 1598 1889 insula,
1654 1837 1781 1893 quis

124 1904 365 1979 Curpho
395 1910 790 1979 nuncupatur,
824 1909 1059 1980 tempus
1079 1913 1483 1982 exspectantes
1509 1916 1784 1984 opportu-

127 2009 275 2049 num
309 1992 624 2068 navigandi
656 1993 1079 2052 hiemaverunt.
1138 1996 1354 2055 Classis
1410 1998 1626 2073 quippe
1681 2015 1783 2055 eo-

128 2098 261 2138 rum
296 2083 402 2138 120
431 2081 670 2143 navium
697 2082 827 2150 fuit,
858 2085 1114 2158 exceptis
1143 2085 1358 2143 carinis
1398 2085 1487 2143 vel
1532 2086 1782 2155 carabis,

130 2187 389 2244 quarum
422 2170 547 2228 alia:
577 2170 817 2244 quidem
846 2177 1130 2243 rostratae,
1181 2173 1305 2230 alia:
1355 2179 1623 2246 oneratae,
1658 2175 1784 2232 alia:

128 2276 264 2316 vero
296 2260 570 2317 triremes
624 2259 880 2316 fuerunt.
940 2262 1215 2319 Triformi
1270 2264 1506 2336 quidem
1567 2265 1787 2322 fabrica

135 2354 455 2423 compacta:
484 2353 645 2406 sunt.
680 2349 741 2405 In
773 2350 1309 2422 quibus‘materies
1336 2352 1629 2426 lignorum
1661 2371 1787 2410 ma-

132 2455 262 2513 gna:
295 2437 663 2512 proceritatis
690 2438 968 2512 imposita
1002 2457 1118 2496 non
1171 2442 1357 2498 defuit
1387 2459 1401 2498 :
1438 2443 1591 2499 unde
1623 2460 1786 2499 com-

130 2527 349 2601 positis
378 2527 453 2583 ab
473 2527 794 2584 artificibus
818 2528 1112 2601 sapienter
1130 2530 1442 2600 machinis,
1467 2549 1667 2589 muros
1690 2550 1787 2587 ur-

131 2617 304 2673 bium
340 2616 626 2673 sublimes
650 2617 962 2674 ascendere
982 2621 1040 2674 et
1057 2619 1546 2692 comprehendere
1569 2626 1784 2694 posset.

763 2705 1001 2762 CAPUT
1029 2707 1144 2763 XV.

497 2795 610 2865 Que
639 2803 877 2868 tempore
904 2797 1012 2851 iter
1037 2799 1414 2869 arripuerunt.

208 2884 402 2959 Igitur
420 2887 732 2958 postquam
760 2900 938 2942 verno
956 2888 1218 2958 tempore
1237 2890 1547 2960 patescunt
1572 2888 1677 2944 via:
1698 2906 1788 2946 ra-

128 2975 321 3043 tibus,
354 2973 511 3047 quod
532 2972 646 3029 Deo
668 2972 769 3029 diu
802 2973 1147 3030 devoverant
1166 2973 1396 3047 explere
1420 2993 1536 3033 non
1553 2980 1786 3050 torpue-

869 245 1293 311 FULGHERII
1336 248 1674 312 CARNOT.
1721 248 1925 313 HIST.
1972 254 2381 320 HIEROSOL.
2416 291 2493 303 —-
2531 260 2676 321 LIB.
2723 262 2828 323 III.

3434 267 3553 328 910

1819 396 1876 465 Α
1906 387 1967 443 in
1994 388 2199 445 urbem
2231 389 2672 462 Ptolemaidam,
2704 394 3013 451 consilium
3044 396 3270 469 capturi
3300 396 3439 469 quid
3464 398 3552 455 fa-

1904 483 1995 535 cto
2017 496 2166 552 opus
2191 485 2366 536 esset.
2400 483 2469 537 Et
2497 481 2797 555 elegerunt
2826 488 2883 540 et
2911 485 3342 542 constituerunt
3386 492 3551 545 terra

1904 568 2025 624 fore
2038 570 2339 624 custodem
2355 575 2411 626 et
2425 574 3220 644 praeceptoremEustachium
3235 577 3552 647 quemdam

1900 656 2202 713 hominem
2234 659 2483 730 probum
2514 664 2572 716 et
2603 660 2864 718 moribus
2893 662 3228 733 honestum,
3281 662 3381 736 qui
3412 667 3551 721 tunc

1901 749 2219 802 Cesaream
2251 747 2591 821 possidebat
2626 753 2685 804 et
2727 749 3024 807 Sidonem.
3086 752 3204 807 Hoc
3258 750 3549 824 siquidem

1901 835 2235 908 patriarcha
2260 836 2820 910 Hierosolymitanus
2849 856 2970 896 una
3001 857 3132 896 eum
3167 841 3550 912 optimatibus

1899 928 2066 980 terra:
2095 923 2254 981 illius
2283 925 2520 982 dictavit
2541 931 2598 983 et
2626 928 2811 984 teneri
2833 929 3085 986 decrevit
3117 947 3130 985 :
3164 934 3455 1002 quotenus
3478 931 3548 987 de

1899 1028 2033 1087 rege
2062 1017 2231 1082 capto
2261 1014 2341 1070 rei
2375 1014 2591 1072 exitum
2625 1022 2848 1073 certum
2906 1017 3191 1074 audirent.
3253 1018 3338 1073 Ita
3392 1018 3546 1074 Maio

1898 1117 2101 1158 mense
2123 1102 2435 1172 mediante,
2460 1121 2592 1160 cum
2607 1106 2733 1176 jam
2751 1106 3182 1163 audivissemus
3202 1106 3546 1180 Babylonios

1895 1189 2240 1247 Ascalonem
2271 1209 2458 1266 usque
2478 1194 2830 1266 pervenisse,
2853 1196 3128 1268 bipartito
3157 1196 3547 1265 exercitu,ter—

1897 1279 2067 1335 restri
2098 1279 2366 1337 videlicet
2394 1281 2600 1339 itinere
2630 1287 2804 1356 atque
2842 1284 3091 1355 marino,
3127 1287 3448 1357 praeparata
3477 1283 3546 1340 li-

1895 1369 2087 1423 burna
2116 1369 2314 1425 statim
2359 1370 2641 1444 agillima,
2702 1377 3033 1429 statuerunt
3086 1373 3436 1447 legationem
3468 1373 3542 1429 ad

1894 1456 2305 1514 Veneticocum
2338 1458 2585 1516 classem
2616 1460 2983 1529 mittendam,
3023 1461 3379 1519 exhortando
3410 1479 3542 1534 pre-

1894 1549 2095 1603 cantes
2126 1551 2192 1603 ut
2223 1549 2521 1622 negotium
2560 1549 2877 1623 incoeptum
2939 1550 3254 1608 accelerate
3308 1549 3540 1624 navigio

1892 1635 2061 1692 nobis
2091 1636 2349 1709 adjuturi
2381 1644 2806 1696 succurrerent.

2492 1745 2723 1803 CAPUT
2761 1746 2929 1803 XVII.

1892 1832 2044 1901 Quod
2082 1834 2281 1889 iterum
2330 1835 2566 1908 Joppitae
2594 1853 2645 1920 .a
2692 1837 3016 1920 Babyloniis
3064 1845 3194 1894 sunt
3237 1811 3452 1903 obsessi,
3485 1842 3538 1895 et

2513 1906 2671 1962 valde
2694 1906 2908 1981 afﬂicti.

1965 1992 2264 2067 Babylonii
2294 1998 2490 2050 autem
2521 1995 2750 2069 navigio
2770 2013 2876 2052 ruo
2895 1997 3142 2070 Joppem
3164 1996 3540 2067 irruentes,et

1895 2080 1966 2135 de
1997 2080 2243 2138 navibus
2274 2083 2602 2156 pompatico
2630 2101 2763 2140 cum
2786 2085 3008 2158 ingenti
3038 2085 3233 2143 sonitu
3257 2103 3539 2144 arearum

1894 2169 2172 2225 tubarum
2199 2171 2550 2240 exsilientes,
2585 2174 2788 2229 urbem
2819 2175 3124 2232 obsidione
3149 2175 3543 2232 circumdede-

1896 2261 2051 2313 runt.
2084 2258 2155 2313 Et
2181 2259 2678 2317 machinamentis
2708 2261 2834 2319 suis
2862 2266 2920 2318 et
2952 2262 3380 2330 instrumentis,
3415 2279 3542 2335 quae

1896 2345 1955 2401 in
1988 2347 2237 2403 navibus
2268 2348 2594 2420 majoribus
2625 2350 2961 2418 attulerant,
3004 2352 3281 2408 continuo
3311 2352 3542 2420 erectis,

1894 2437 2102 2491 urbem
2134 2436 2392 2509 undique
2417 2439 2776 2510 assilierunt,
2807 2446 2865 2496 et
2884 2458 2989 2513 pro
3010 2440 3333 2498 valitudine
3349 2440 3547 2497 nescia

1895 2524 2119 2597 lapides
2148 2527 2472 2598 torquendo
2494 2527 2862 2585 cohibebant.
2887 2530 3065 2587 Erant
3082 2530 3237 2586 enim
3256 2532 3547 2587 tormenta

1895 2613 2349 2681 vehementiora,
2377 2615 2595 2688 quibus
2633 2617 2789 2673 ultra
2837 2620 3067 2690 jactum
3123 2619 3346 2692 sagittas
3403 2634 3544 2674 saxa

1894 2701 2267 2775 torquebant.
2305 2703 2531 2762 Pedites
2573 2723 2781 2779 nempe
2809 2709 3050 2777 Arabes,
3101 2708 3190 2764 vel
3225 2707 3538 2780 Ethiopes,

1895 2808 2042 2864 quos
2069 2807 2270 2848 secum
2293 2792 2678 2862 adduxerunt,
2708 2811 2843 2851 cum
2866 2796 3122 2853 militum
3144 2813 3323 2852 manu
3353 2793 3543 2852 assul-

1893 2884 2022 2937 tum
2051 2881 2335 2954 grandem
2365 2882 2589 2938 civibus
2614 2883 2852 2940 dabant.
2886 2884 3001 2940 Alii
3029 2885 3163 2955 tela,
3197 2884 3293 2942 alii
3315 2883 3540 2957 lapides

1892 2968 1983 3026 vel
2016 2968 2259 3043 sagittas
2281 2970 2919 3044 utrobiquejaciebant.
2945 2972 3183 3029 Interim
3215 2977 3413 3029 autem
3441 2987 3539 3027 ex-

131 3067 301 3121 runt.
334 3062 407 3119 Et
432 3062 638 3118 viatico
667 3061 858 3118 navali
892 3063 1124 3120 abunde
1153 3063 1265 3120 sibi
1297 3070 1786 3138 praeparatomum
1900 3061 2098 3114 ternos
2132 3059 2349 3115 crebris
2380 3058 2591 3117 ictibus
2635 3061 2957 3134 saepissime
2983 3062 3357 3118 trucidabant
3388 3078 3402 3130 ;
3434 3076 3538 3134 pro

127 3150 397 3227 tuguria,
415 3150 476 3207 in
503 3150 718 3224 quibus
734 3150 925 3208 hieme
947 3153 1789 3225 conquiverant,communiter
1817 3138 1860 3205 C
1899 3164 1962 3204 se
1991 3147 2147 3202 enim
2164 3146 2408 3204 viriliter
2429 3149 2789 3222 pugnabant.
2813 3150 3111 3224 {Ethiopes
3130 3151 3365 3224 quidem
3389 3150 3544 3207 anci-

128 3240 604 3307 succendissent,
626 3241 1116 3313 concrepantibus
1135 3243 1294 3300 tubis
1314 3243 1788 3317 quamplurimis,

129 3329 514 3399 carbasa,Dei
534 3329 800 3386 invocato
821 3330 1387 3404 auxilio,gaudenter
1406 3331 1793 3406 displicentur

127 3424 191 3478 et
221 3418 543 3476 elevantur.
572 3418 758 3476 Naves
785 3423 1002 3488 autem,
1036 3436 1164 3493 quas
1196 3420 1490 3478 coloribus
1518 3422 1695 3479 variis
1712 3423 1794 3496 pi-

128 3511 382 3566 cturatsa
410 3511 597 3575 erant,
631 3507 941 3582 splendore
971 3509 1152 3566 nimis
1180 3515 1616 3584 prospectantes
1647 3512 1792 3569 satis

127 3595 526 3661 delectabant,
549 3597 766 3670 quibus
784 3600 873 3654 ter
892 3598 1075 3670 quina
1092 3598 1403 3656 hominum
1428 3606 1791 3658 armatorum

127 3686 335 3745 millia
361 3690 484 3743 tam
510 3685 583 3743 de
604 3685 897 3743 Veneticis
917 3704 1093 3760 quam
1112 3689 1435 3761 peregrinis
1456 3689 1566 3746 sibi
1589 3691 1793 3763 adjun-

126 3776 250 3834 ctis
279 3775 530 3832 inerant.
563 3779 743 3831 Porro
765 3791 948 3849 equos
978 3792 1179 3833 secum
1210 3778 1317 3833 300
1347 3780 1788 3835 conveniebant.

128 3865 346 3939 Itaque
376 3864 558 3920 Borea
587 3866 727 3921 tunc
747 3863 957 3921 leniter
977 3864 1292 3939 aspirante,
1310 3872 1556 3940 pontum
1588 3869 1792 3925 decen-

128 3953 374 4011 tissime
412 3951 726 4023 sulcantes,
760 3970 1000 4011 cursum
1025 3971 1200 4011 suum
1226 3972 1430 4014 versus
1461 3956 1791 4014 Mathonem

127 4042 410 4116 dirigunt
437 4041 688 4098 Rodum.
720 4042 792 4098 Et
820 4043 960 4114 quia
979 4059 1215 4101 necesse
1235 4049 1360 4101 erat
1390 4049 1456 4101 ut
1484 4045 1662 4102 simul
1688 4064 1794 4103 nec

129 4129 396 4208 sparsim
427 4129 781 4200 incederent,
813 4131 1015 4188 ﬂabris
1072 4132 1249 4189 etiam
1289 4133 1587 4191 interdum
1618 4134 1792 4192 alter-

132 4219 450 4288 nantibus,
482 4235 557 4276 ne
586 4218 637 4276 si
654 4218 893 4293 provide
915 4219 1027 4276 iter
1046 4237 1222 4277 suum
1245 4222 1670 4293 modificarent,
1695 4224 1793 4280 alii

130 4311 214 4369 ab
234 4309 374 4366 aliis
391 4307 508 4365 cito
528 4307 947 4383 discreparent,
972 4314 1276 4382 propterea
1295 4310 1504 4368 diebus
1520 4311 1794 4371 brevibus

129 4401 234 4457 die
264 4415 383 4455 non
414 4401 577 4455 vocte
602 4396 979 4468 velificantes,
1012 4398 1281 4472 portibus
1311 4400 1645 4473 frequenter
1698 4401 1792 4458 in-

1896 3234 1978 3292 lia
2006 3239 2269 3292 tenentes
2300 3235 2359 3292 in
2391 3238 2686 3306 manibus,
2718 3256 2780 3295 se
2809 3238 2946 3296 inde
2973 3241 3246 3313 tegebant
3272 3243 3330 3298 et
3359 3242 3546 3314 prote-

1898 3324 2133 3398 gebant.
2168 3322 2440 3380 Mulieres
2469 3342 2604 3382 vero
2652 3326 2874 3384 civibus
2921 3330 3089 3387 valde
3135 3329 3544 3388 Iaboranttbus

1898 3413 2153 3486 gratuito
2184 3429 2414 3485 semper
2434 3417 2643 3486 praesto
2664 3415 2899 3473 fuerunt
2925 3419 2994 3474 ad
2994 3421 3285 3491 jumento.
3308 3419 3444 3477 Alia:
3465 3419 3546 3478 la-

1898 3500 2064 3573 pides
2095 3500 2643 3571 subministrabant,
2674 3503 2795 3559 alia:
2817 3523 2951 3563 vero
2977 3524 3191 3581 aquam
3222 3511 3383 3585 potui
3405 3530 3548 3586 pras-

1899 3590 2136 3646 bebant.
2161 3595 2421 3663 Cumque
2442 3607 2678 3648 murum
2700 3593 3002 3651 Sarraceni
3025 3615 3128 3670 per
3145 3600 3406 3675 quinque
3421 3602 3545 3660 dies

1891 3680 2019 3750 jam
2050 3677 2477 3753 aliquantulam
2498 3679 2802 3751 laesissent,
2835 3688 2891 3739 et
2907 3685 3099 3743 minas
3129 3688 3380 3762 desuper
3405 3690 3547 3748 dila-

1899 3767 2156 3841 pidando
2187 3767 2383 3841 plures
2414 3768 2754 3837 diruissent,
2789 3773 2987 3829 audito
3027 3775 3278 3834 adventu
3311 3783 3543 3837 nostro-

1901 3873 2031 3912 rum
2065 3855 2163 3929 qui
2195 3855 2280 3913 eis
2310 3858 2817 3929 approximabant,
2877 3861 3242 3936 signiﬁcante
3297 3867 3545 3925 buccina

1901 3950 2193 4002 certamen
2220 3945 2590 4015 dimiserunt,
2613 3950 2670 4003 et
2694 3948 3167 4010 machinamenta
3186 3972 3294 4012 sua
3312 3957 3550 4015 frustra-

1899 4034 2007 4090 tim
2040 4033 2100 4089 in
2130 4050 2305 4091 naves
2329 4039 2788 4108 reportaverunt.
2813 4040 2975 4106 Quod
2998 4041 3045 4097 si
3069 4043 3292 4101 diutius
3321 4045 3402 4103 ibi
3424 4064 3545 4104 mo-

1900 4122 2017 4179 rari
2039 4123 2340 4192 auderent,
2361 4124 2760 4196 proculdubio
2780 4126 3070 4186 civitatem
3101 4134 3548 4206 comprehende-

1900 4211 2228 4268 rent.Pauci
2247 4216 2440 4268 autem
2464 4215 2757 4287 erant,qui
2779 4217 3545 4297 tuebantuream.Jamjam-

1902 4317 2015 4374 que
2037 4298 2271 4356 locatim
2292 4316 2530 4357 murum
2552 4301 3059 4376 circumfoderant,
3085 4313 3150 4365 nt
3171 4327 3272 4384 spe
3291 4312 3547 4372 velocius

1898 4405 2035 4446 eum
2065 4393 2454 4461 penetrarent.
2478 4389 2697 4448 Classis
2728 4393 2944 4467 quippe
2973 4411 3175 4454 eorum
3205 4400 3277 4454 80
3305 4400 3543 4461 navium

126 4489 335 4547 ventis
366 4486 696 4545 necessario
721 4487 984 4560 quotidie
1019 4487 1410 4562 applicabunt,
1446 4507 1519 4548 ne
1542 4491 1796 4565 regentis
1825 4501 1872 4567 Ι)
1906 4477 2035 4535 filii-

131 4595 311 4652 aquaa
344 4576 651 4650 penuriam
683 4575 990 4650 patientes,
1029 4580 1152 4634 tam
1212 4578 1327 4651 ipsi
1383 4595 1561 4652 quam
1590 4597 1793 4638 eorum

131 4667 280 4742 equi
312 4664 412 4723 siti
442 4668 842 4740 gravarentur.

769 4754 995 4813 CAPUT
1023 4756 1167 4813 XVI.

137 4844 299 4916 Quod
328 4860 431 4902 rex
457 4844 762 4901 Batduinus
787 4845 863 4901 sit
888 4853 1094 4924 captus,
1128 4855 1179 4902 et
1220 4849 1542 4907 Eustochiae
1571 4851 1798 4924 quidam

689 4932 792 4989 pro
822 4932 881 4972 eo
920 4919 1260 4974 constitutus.

217 5006 441 5062 Eodem
471 5009 735 5079 tempore
766 5004 1010 5079 contigit
1038 5005 1389 5066 Balduinum
1439 5028 1632 5085 regem
1663 5014 1798 5071 Hie-

136 5093 580 5167 rosolymorum
611 5093 760 5167 capi.
793 5092 966 5151 Balac
985 5093 1164 5165 enim,
1188 5096 1287 5169 qui
1320 5102 1493 5156 antea
1520 5102 1800 5159 Grosceli—

136 5200 293 5242 num
325 5182 843 5257 Galerannumque
894 5188 1143 5256 ceperat,
1176 5184 1336 5242 hunc
1383 5188 1558 5245 etiam
1591 5208 1707 5247 non
1737 5192 1798 5249 in

141 5274 263 5330 hoc
291 5273 443 5329 bene
461 5271 794 5345 providum,
817 5271 919 5328 sed
939 5271 1295 5346 imparatum
1317 5276 1797 5350 comprehendit;

135 5378 263 5436 quo
282 5359 433 5417 nihil
456 5360 1059 5434 paganisjucundius,
1083 5361 1229 5418 nihil
1249 5361 1595 5422 Christianis
1618 5367 1802 5424 horri-

134 5449 347 5507 bilius.
382 5453 703 5523 Postquam
730 5465 933 5506 rumor
962 5448 1073 5506 iste
1102 5466 1291 5524 usque
1319 5452 1391 5507 ad
1422 5469 1528 5509 nos
1567 5453 1632 5515 in
1666 5457 1800 5514 uie-

2495 4569 2729 4627 CAPUT
2757 4571 2953 4629 XVIII.

1902 4657 1977 4713 De
2026 4656 2164 4713 bello
2214 4663 2268 4712 et
2319 4657 2551 4714 victoria
2598 4657 3035 4744 Christianorum
3087 4668 3304 4725 auxilio
3343 4678 3552 4731 sanctae

2626 4746 2825 4789 crucis.

1974 4833 2120 4890 Cum
2151 4833 2331 4909 igitur
2358 4835 2641 4892 damnum
2672 4837 2981 4898 imminere
3027 4858 3171 4915 gens
3202 4851 3401 4904 nostra
3447 4866 3552 4922 per

1906 4922 2232 4996 rumigeros
2262 4923 2582 4993 didicisset,
2618 4925 2676 4981 in
2698 4944 2883 4983 unum
2900 4946 3111 5004 corpus
3132 4935 3391 5009 undique
3417 4955 3553 4996 con-

1907 5012 2150 5087 gregati,
2184 5016 2318 5068 ante
2347 5011 2651 5070 castellum
2684 5018 3000 5088 quoddam,
3033 5023 3187 5093 quod
3216 5023 3553 5085 Chachoin-

1910 5101 2048 5158 colae
2080 5102 2337 5175 regionis
2363 5101 2688 5171 nominant,
2721 5106 2792 5162 de
2847 5107 3152 5166 Tiberiade
3205 5113 3471 5172 videlicet
3497 5122 3557 5174 et

1915 5189 2296 5259 Ptolemaida,
2329 5191 2589 5247 Caesarea
2615 5210 2849 5266 quoque
2878 5201 2936 5253 et
2964 5198 3382 5274 Hierosolyma,
3421 5220 3558 5263 cum

1918 5296 2091 5335 cruce
2120 5278 2423 5336 Dominica
2452 5280 2524 5335 ad
2564 5281 2730 5339 illum
2781 5292 3129 5343 conventum
3170 5290 3297 5361 jam
3345 5291 3557 5362 delata,

1913 5373 2119 5426 contra
2133 5367 2332 5425 hostes
2348 5368 2679 5428 dimicaturi
2699 5388 2889 5445 usque
2902 5375 3191 5433 Ramatha
3201 5379 3564 5452 urbem,quaa

1912 5463 2007 5516 est
2028 5460 2202 5537 juxta
2228 5456 2555 5531 Duspolim,
2587 5470 3064 5536 properaverant.
3097 5466 3213 5523 Nos
3241 5466 3570 5538 autem,qui

134 5538 409 5603 malem
428 5539 685 5601 dimisus
709 5542 819 5613 est,
839 5542 1123 5600 venerunt
1141 5556 1347 5601 omnes
1373 5540 1433 5601 in
1459 5547 1803 5609 concionem
1915 5544 2288 5618 Hierusalem
2312 5550 2837 5629 remansimus,pro
2859 5550 3143 5617 fratribus
3158 5556 3373 5615 nostris
3392 5555 3453 5612 in
3472 5552 3573 5611 tri-
