3994 6066
402 338 512 399 911

920 335 1023 395 AD
1072 335 1583 398 GODEFBIDUM
1630 334 1961 395 APPEND.
2013 335 2087 395 Il.
2122 370 2198 379 —
2230 336 2515 399 MONUM
2564 338 2665 397 DE
2708 335 2956 397 BELLO
3002 336 3281 397 SACRO.

3690 335 3811 395 912

404 469 703 526 bulatione
735 468 819 525 sic
848 467 1057 541 positis
1088 485 1273 536 orare,
1307 472 1363 525 et
1409 466 1805 539 eleemosynas
1854 467 2054 540 egenis
2082 470 2136 537 Α
2164 468 2419 525 Alteram
2448 486 2580 524 vero
2612 473 2835 541 partem
2859 469 2919 524 in
2951 469 3129 525 altius
3151 467 3393 542 pelagus
3424 468 3815 540 prudentissi-

402 557 731 631 impertire,
766 574 869 630 per
898 557 1203 614 universas
1247 557 1497 611 civitatis
1530 562 1742 612 sancta}
1776 556 2052 613 ecclesias

407 648 809 719 processiones
840 646 932 719 pie
964 647 1167 713 fecere,
1192 651 1309 701 tam
1333 646 1526 701 Datini
1562 663 1740 717 quam
1771 646 1949 701 Graeci
1975 650 2056 701 at-

406 752 521 807 que
550 736 702 809 Syri,
738 735 971 792 interim
1005 735 1329 806 nudipedes
1359 752 1473 790 non
1507 735 1885 791 cessavimus.
1921 736 2058 791 Pro-

399 841 560 882 ceres
574 828 775 882 autem
789 825 973 883 nostri
993 841 1162 881 mane
1177 841 1411 881 summo
1435 825 1505 879 de
1519 824 1807 879 Ramatha
1820 842 2059 880 consur-

399 918 622 988 gentes,
644 931 776 970 cum
800 918 1032 987 gentem
1048 918 1306 969 nostram
1326 931 1431 986 per
1444 913 1711 969 cohortes
1727 914 2056 987 procedere,

403 1007 470 1061 ut
485 1003 745 1071 decebat,
771 1003 1165 1069 ordinassent,
1198 1002 1595 1058 benedictione
1618 1007 1671 1057 et
1694 1002 2059 1058 absolutione

404 1110 441 1150 a
466 1091 800 1164 patriarcha
826 1091 1040 1164 populo
1075 1092 1229 1158 data,
1254 1091 1472 1147 bellum
1496 1091 1883 1147 committitur
1902 1092 2059 1164 apud

403 1182 646 1238 Azotum
678 1181 884 1237 urbem
916 1181 1215 1252 quondam
1250 1181 1514 1252 quintam
1550 1180 2057 1247 Philisthinorum,

406 1286 563 1326 nunc
594 1274 792 1326 autem
825 1270 1092 1326 Ibenium
1126 1270 1361 1324 dictam.
1387 1271 1520 1335 Quaa
1552 1270 1611 1324 in
1642 1268 1901 1324 viculum
1932 1287 2061 1341 par-

402 1358 607 1415 vulum
628 1359 861 1415 redacta
882 1362 996 1415 est.
1022 1359 1195 1414 Porro
1214 1375 1412 1431 pugna
1441 1357 1554 1413 ista
1580 1375 1695 1414 non
1722 1357 1895 1431 longa
1918 1358 2062 1413 hora

401 1447 782 1523 protrahitur.
816 1447 961 1504 Nam
992 1464 1125 1502 cum
1158 1447 1553 1519 perspicerent
1583 1452 1814 1503 nostros
1837 1448 2062 1519 probis-

400 1538 549 1595 sime
577 1541 836 1594 armatos
869 1554 967 1593 eos
1022 1536 1327 1607 impetere,
1379 1536 1659 1591 continuo
1709 1536 1925 1592 milites
1973 1536 2059 1591 illi

399 1630 685 1699 tanquam
719 1626 915 1698 aliquo
947 1643 1120 1681 onere
1143 1625 1407 1681 faseinati
1432 1625 1489 1680 in
1513 1626 1713 1698 fugam
1738 1626 1878 1681 moti
1901 1630 2058 1694 sunt,

399 1721 456 1774 et
486 1718 624 1789 fuga
653 1734 757 1789 pro
788 1714 1031 1770 consilio
1064 1715 1154 1770 usi
1189 1720 1349 1770 sunt.
1377 1715 1607 1770 Pedites
1650 1733 1785 1769 vero
1816 1717 2059 1770 detrun-

405 1806 517 1862 eati
553 1809 712 1861 sunt.
747 1805 1023 1860 Tentoria
1051 1821 1251 1860 eorum
1275 1808 1482 1859 cuncta
1504 1822 1637 1859 cum
1662 1805 1836 1859 rebus
1858 1804 2060 1859 multi-

405 1894 691 1952 formibus
718 1893 777 1948 in
799 1910 1004 1966 campo
1028 1898 1452 1949 remanserunt.
1473 1894 1605 1948 Tria
1627 1911 1834 1965 nempe
1852 1893 2057 1949 vexilla

408 1982 859 2057 pretiosissima,
887 1998 1015 2054 qua:
1038 1983 1322 2038 Standarz
1344 1983 1742 2053 nominamus,
1767 1984 1838 2037 ab
1861 1983 1945 2038 eis
1967 2000 2058 2037 ex—

408 2075 737 2129 cusserunt.
763 2071 1045 2127 Utensilia
1066 2071 1244 2127 etiam
1268 2071 1670 2126 multiformia.
1705 2070 1980 2128 culcitras
2003 2076 2059 2126 et

409 2160 757 2235 pulvinaria.
791 2159 1031 2216 Carram
1081 2177 1315 2232 quoque
1364 2160 1613 2215 multam
1647 2177 1780 2215 cum
1813 2160 2059 2216 sarcinis

408 2267 609 2308 secum
632 2248 815 2305 nostri
840 2250 1216 2305 reduxerunt.
1243 2248 1508 2305 Camelos
1530 2249 1796 2305 videlicet
1820 2250 2059 2317 400,asi-

410 2356 517 2396 nos
546 2338 922 2411 quingentos.
958 2337 1224 2393 Sedecim
1275 2336 1436 2391 milia
1486 2355 1554 2392 ex
1610 2338 1694 2393 eis
1734 2338 2060 2409 proeliatum

407 2431 711 2498 venerunt,
745 2444 995 2499 quorum
1026 2444 1125 2481 sex
1144 2424 1331 2480 millia
1360 2426 1645 2481 interfecti
1678 2432 1834 2482 sunt.
1860 2428 1939 2482 De
1963 2445 2062 2483 no-

410 2519 550 2575 stris
572 2522 765 2573 autem
800 2515 989 2588 pauci.
1025 2519 1178 2570 Gens
1204 2515 1475 2586 equidem
1498 2521 1698 2572 nostra
1718 2521 1847 2571 octa
1876 2516 2063 2571 millia

412 2606 683 2664 aestimati
701 2609 858 2674 sunt,
877 2605 977 2661 sed
996 2605 1248 2661 audaces
1260 2603 1618 2677 probissimi,
1634 2610 1690 2659 et
1710 2606 1779 2661 ad
1801 2623 2063 2679 pugnan-

415 2699 559 2753 dum
588 2694 757 2751 valde
787 2693 1051 2759 animati,
1080 2697 1135 2749 et
1158 2710 1356 2749 amore
1388 2694 1487 2749 Dei
1512 2693 1662 2761 freti,
1694 2699 1752 2749 et
1772 2697 2064 2750 conliden-

414 2786 497 2842 tia
526 2785 655 2856 ejus
687 2783 922 2855 penitus
952 2781 1329 2837 corroborati.

412 2902 520 2952 Sub
549 2899 780 2949 Geminis
809 2897 1005 2948 Phoabo
1030 2897 1139 2960 jam
1170 2901 1298 2947 tunc
1326 2897 1407 2946 bis
1437 2899 1610 2947 sexies
1639 2904 1773 2959 orto,

416 2974 553 3022 Gens
580 2970 689 3022 ruit
716 2969 935 3019 infanda
963 2968 1175 3017 Domini
1198 2968 1392 3017 virtute
1423 2970 1644 3018 subacta
1667 2986 1679 3031 ;

414 3044 645 3107 Corpora
673 3055 819 3092 nunc
848 3053 1076 3105 quorum
1105 3053 1203 3103 per
1230 3053 1448 3101 campos
1476 3040 1879 3104 AIIOphylorum

415 3116 573 3166 Fiunt
605 3128 726 3171 esca
752 3112 912 3177 lupis,
944 3112 1074 3161 ﬁunt
1108 3124 1321 3175 quoque
1350 3114 1534 3173 pastus
1557 3112 1749 3161 hienis.

1035 3243 1267 3299 CAPUT
1304 3243 1446 3299 ΧΙΧ.

803 3336 878 3391 De
906 3334 1206 3405 receptione
1233 3342 1442 3390 sancta?
1469 3336 1666 3389 crucis.

485 3450 642 3510 Bello
664 3454 857 3505 autem
878 3465 979 3522 per
999 3448 1100 3504 Dei
1124 3449 1451 3521 potentiam
1479 3450 1561 3505 sic
1594 3455 1885 3521 superato,
1911 3456 1965 3507 et
1987 3452 2058 3507 ad

414 3540 659 3614 gloriam
689 3537 878 3611 ipsius
908 3541 965 3591 et
1019 3536 1427 3593 exaltationem
1478 3538 1936 3607 Christianismi,
1999 3544 2062 3594 ut

414 3628 635 3685 dictum
666 3631 773 3695 est,
808 3626 977 3692 facto,
1013 3642 1146 3679 cum
1170 3625 1473 3682 Dominica
1503 3644 1673 3682 cruce
1704 3628 1979 3683 remeavit
2002 3629 2060 3683 in

414 3714 771 3773 Hierusalem
814 3713 1162 3787 patriarcha.
1192 3715 1315 3779 Qua
1367 3719 1527 3769 extra
1569 3720 1795 3787 portam
1828 3717 2060 3773 Davidi—

415 3822 543 3861 cam
574 3821 708 3860 cum
741 3802 995 3877 gloriosa
1026 3802 1394 3873 processione
1448 3808 1740 3875 suscepta,
1776 3810 1831 3860 et
1874 3824 2061 3878 usque

414 3895 487 3950 ad
517 3890 823 3949 basilicam
855 3889 1142 3947 Dominici
1160 3889 1413 3962 sepulcri
1446 3890 1761 3948 honoriﬁce
1789 3894 2057 3963 deducta,

417 3986 481 4042 Te
508 3987 679 4042 Deum
709 3983 996 4039 laudamus
1017 3984 1338 4047 cantantes,
1365 3980 1757 4054 Omnipotenti
1791 3984 1859 4039 de
1892 3986 2061 4041 bene-

415 4072 566 4130 ﬁciis
597 4072 722 4130 suis
752 4070 1007 4127 universi
1037 4068 1242 4125 laudes
1273 4069 1659 4126 reddidimus.

1052 4194 1278 4252 CAPUT
1306 4194 1417 4250 ΧΧ.

413 4290 489 4345 De
514 4288 746 4345 adventu
782 4287 1116 4351 Venetorum,
1158 4292 1209 4338 et
1255 4284 1447 4339 navali
1471 4286 1670 4355 praelia
1713 4302 1899 4341 eorum
1932 4304 2058 4343 con-

1006 4364 1091 4411 tra
1123 4355 1470 4411 Sarracenos.

478 4475 615 4532 Past
634 4473 894 4531 triduum
911 4475 1105 4528 autem
1125 4486 1403 4542 prospero
1435 4487 1711 4527 successu
1744 4472 1825 4527 ita
1865 4475 2054 4544 potiti,

408 4563 647 4621 secundi
666 4578 929 4617 rumores
948 4558 1245 4616 subsecuti
1261 4563 1419 4614 sunt.
1436 4559 1515 4614 De
1528 4560 1883 4616 Venetorum
1898 4564 2055 4619 enim

408 4650 593 4707 classe
623 4650 680 4705 in
715 4649 1024 4705 Palzcstina
1052 4664 1154 4720 per
1183 4646 1493 4719 plerosque
1524 4652 1727 4719 portus
1767 4650 2058 4722 applicata

409 4756 544 4796 cum
575 4737 930 4805 audivimus,
956 4736 1269 4809 jucundati
1320 4753 1550 4792 sumus.
1612 4738 1730 4793 Hoc
1782 4739 2055 4811 equidem

410 4829 508 4884 diu
544 4829 701 4884 fama
730 4826 1098 4899 promiserat,
1131 4825 1394 4897 Cumque
1450 4825 1567 4880 dux
1622 4825 2054 4900 Veneticorum,

411 4916 511 4987 qui
542 4914 772 4986 navigio
804 4912 940 4968 huic
968 4910 1431 4983 principabatur,
1466 4910 1835 4967 Ptolemaida}
1867 4914 2057 4986 appli-

412 5003 649 5070 cuisset,
683 5002 1018 5057 intimatum
1051 5005 1139 5054 est
1165 4999 1216 5055 ei
1238 5001 1461 5067 statim,
1489 5006 1661 5071 prout
1681 5006 1912 5073 gestum
1937 5004 2059 5059 lue-

410 5098 501 5151 rat
528 5093 681 5165 apud
713 5092 981 5162 JOppem,
1015 5092 1169 5143 terra
1199 5087 1420 5143 scilicet
1452 5093 1510 5143 et
1546 5090 1715 5157 mari,
1749 5095 1804 5146 et
1825 5108 2063 5164 quomo-

411 5182 485 5239 do
514 5179 834 5253 Babylonii,
862 5180 1034 5249 prout
1087 5177 1410 5245 valuerant,
1446 5179 1679 5251 negotio
1736 5197 1841 5245 suo
1872 5182 2059 5255 exple—

409 5274 468 5327 to
489 5271 616 5342 jam
639 5268 797 5323 illinc
814 5265 1099 5321 abierant.
1133 5266 1295 5331 Quod
1318 5266 1367 5321 si
1400 5266 1646 5322 celerato
1679 5285 1853 5325 cursu
1887 5270 2059 5327 vellet

410 5374 508 5414 eos
538 5354 834 5429 prosequi,
867 5353 983 5409 Deo
1004 5353 1269 5423 juvante,
1316 5353 1516 5426 procul
1548 5356 1726 5411 dubio
1760 5375 1858 5414 eos
1897 5377 2057 5417 asse-

408 5446 742 5518 quiposset.
764 5443 896 5513 Qui,
909 5441 1152 5499 consilio
1185 5443 1510 5499 navitarum
1539 5445 1740 5500 statim
1770 5448 2053 5521 adhibito,

406 5533 619 5591 bifaria
646 5531 1012 5608 navigatione
1038 5531 1505 5602 adhibita,unam
1536 5534 1750 5609 navigii
1787 5538 1900 5593 sui.
1934 5557 2059 5612 par.

406 5627 546 5698 tem,
576 5624 635 5685 in
681 5639 799 5700 qua
826 5622 953 5699 ipse
978 5622 1098 5681 dux
1125 5625 1269 5693 erat,
1302 5639 1505 5682 versus
1551 5624 1800 5698 Joppem
1838 5628 2053 5705 emisit,

2166 576 2257 613 me
2288 558 2470 627 misit,
2501 559 2817 631 ut‘ignaris
2850 559 3185 614 Sarracenis
3219 557 3513 631 peregrini
3541 574 3667 614 esse
3685 558 3813 614 Hic-

2163 646 2421 703 rusalem
2452 649 2734 704 adeuntes
2767 666 2799 703 a
2822 653 2982 721 parte
3013 647 3179 720 Cypri
3204 647 3811 719 putarentuc.Etcum

2165 738 2468 793 Sarraceni
2500 738 2567 793 48
2599 755 2772 794 naves
2804 738 2874 793 de
2903 736 3089 793 classe
3110 736 3388 792 Venetica
3415 735 3815 808 perspicerent

2166 827 2237 881 ad
2272 844 2333 882 se
2363 827 2727 899 appropiare,
2784 832 3067 898 tanquam
3125 826 3195 880 de
3254 824 3647 881 emolumento
3683 826 3812 897 jam

2167 916 2452 987 acquisito
2492 920 2792 988 cwperunt
2840 916 3119 983 exultare,
3154 920 3209 970 et
3259 918 3460 970 contra
3508 913 3814 970 Veneticas

2167 1008 2512 1077 aptaverunt
2536 1024 2597 1062 se
2630 1007 2900 1079 navigare
2930 1010 2986 1061 et
3015 1006 3089 1060 ad
3120 1021 3378 1077 pugnam
3409 1020 3508 1059 eos
3539 1003 3817 1059 audacter

2168 1094 2482 1165 suscipere.
2516 1094 2709 1149 Nostri
2740 1099 2935 1150 autem
2965 1098 3247 1165 tanquam
3271 1092 3343 1148 ad
3375 1097 3667 1148 certamen
3699 1090 3815 1147 bel-

2167 1180 2347 1237 licum
2379 1183 2750 1238 verecundari
2786 1182 3153 1249 simulantes,
3188 1186 3242 1236 et
3274 1184 3463 1237 astute
3503 1179 3675 1236 aliam
3712 1198 3812 1237 na-

2166 1272 2307 1343 vigii
2339 1276 2562 1344 partem
2596 1273 2883 1344 potiorem
2917 1277 2970 1327 ct
3000 1276 3381 1344 postremam,
3417 1270 3474 1325 in
3524 1285 3639 1340 qua
3668 1287 3811 1341 prmo

2168 1360 2359 1415 dictus
2392 1362 2506 1415 dux
2538 1366 2679 1427 erat,
2715 1362 2999 1433 paulatim
3032 1364 3456 1433 exspectantes,
3488 1376 3591 1413 nec
3616 1360 3812 1432 fugere

2169 1449 2723 1521 disposuerunt,nec
2751 1466 3010 1523 pugnare
3028 1466 3162 1504 cum
3181 1449 3263 1504 eis
3291 1452 3809 1520 przesumpserunt,

2168 1544 2460 1609 quotcnus
2482 1539 2837 1609 jamdictum
2862 1539 3162 1611 navigium
3190 1541 3553 1609 postremum
3584 1541 3705 1591 tam
3727 1553 3814 1591 vs-

2166 1626 2241 1683 lis
2273 1645 2450 1698 quam
2486 1628 2663 1683 remis
2694 1645 3003 1699 exsurgere
3035 1626 3340 1683 Sarraceni
3372 1625 3816 1698 cernerent.lgi-

2168 1720 2265 1771 tur
2292 1715 2581 1771 Veneticis
2613 1716 2789 1771 crevit
2819 1716 3082 1788 spiritus,
3118 1720 3174 1770 et
3217 1714 3591 1770 indicibiliter
3624 1715 3682 1770 in
3716 1731 3816 1770 eos

2167 1804 2483 1874 irrucrunt,
2518 1810 2574 1860 et
2604 1805 2863 1877 undique
2897 1805 2977 1860 ita
3008 1822 3107 1860 eos
3137 1804 3512 1860 accinxerunt
3542 1803 3816 1860 utlocum

2166 1893 2314 1967 fugae
2348 1895 2578 1966 uspiam
2610 1895 2859 1966 reperire
2890 1911 3003 1949 non
3031 1897 3288 1966 possent.
3322 1895 3484 1949 Tunc
3514 1891 3730 1948 mirum
3754 1892 3816 1948 in

2168 1985 2407 2040 modum
2441 1984 2779 2039 Sarracenis
2828 1982 3113 2050 coercitis,
3166 1998 3354 2053 neque
3404 1998 3577 2037 naves
3626 1997 3818 2053 neque

2167 2078 2355 2128 nautae
2388 2072 2750 2144 aliquorsum
2794 2073 3036 2127 evadere
3091 2074 3427 2143 potuerunt,
3483 2071 3583 2126 sed
3638 2087 3816 2126 naves

2167 2179 2369 2218 eorum
2400 2162 2655 2217 Venetici
2713 2160 2983 2234 ingressi,
3037 2161 3531 2216 detruncaverunt
3582 2176 3811 2216 omnes.

2170 2251 2307 2307 Fide
2339 2255 2495 2306 caret
2523 2251 2677 2322 quod
2714 2248 2863 2306 ultra
2896 2249 3218 2305 humanum
3251 2249 3516 2304 auditum
3548 2248 3607 2303 in
3651 2248 3814 2305 navi-

2170 2342 2280 2396 bus
2301 2341 2337 2395 b
2382 2357 2475 2396 ses
2498 2339 2887 2394 occidentium
2910 2339 3199 2411 sanguine
3222 2337 3402 2393 ﬂuido
3424 2338 3814 2409 tingerentur.

2170 2431 2370 2501 Itaque
2401 2446 2573 2484 naves
2606 2427 2808 2483 multis
2831 2431 3051 2483 onusta:
3075 2426 3285 2499 opibus
3315 2426 3646 2498 capiuntur.
3681 2425 3819 2482 Cor-

2169 2518 2411 2592 poribus
2436 2516 2671 2589 quidem
2702 2521 2861 2572 extra
2882 2532 3058 2571 naves
3081 2521 3219 2570 tunc
3244 2514 3500 2587 jactatis,
3526 2532 3712 2587 usque
3742 2515 3817 2570 ad

2171 2612 2422 2680 quatuor
2452 2605 2633 2661 millia
2662 2622 2944 2678 passuum
2977 2603 3169 2661 salum
3201 2605 3506 2660 rubescere
3563 2604 3818 2660 circum-

2172 2714 2405 2769 quaque
2435 2695 2728 2750 videretis.
2761 2694 2979 2750 Deinde
3009 2711 3145 2750 cum
3177 2693 3329 2749 ultra
3352 2694 3697 2748 Ascalonem
3719 2710 3820 2749 ex-

2172 2784 2451 2858 ploraturi
2483 2783 2701 2855 aliquid
2756 2783 2999 2855 proficui
3053 2782 3410 2855 navigarent,
3474 2781 3673 2837 obvias
3705 2781 3823 2837 sibi

2173 2877 2512 2946 repererunt
2539 2874 2601 2927 10
2618 2890 2792 2928 naves
2822 2871 2966 2927 alias
2997 2872 3241 2928 diversis
3273 2870 3567 2927 alimentis
3598 2871 3824 2926 confer-

2174 2976 2284 3029 tas,
2318 2962 2534 3035 quibus
2566 2962 2792 3017 inerant
2816 2960 2975 3034 ligna
3003 2960 3347 3033 proceritate
3380 2976 3613 3033 magna,
3645 2964 3702 3015 et
3731 2958 3824 3015 di-

2172 3057 2348 3120 recta,
2383 3055 2440 3106 et
2470 3050 2902 3122 componendas
2935 3049 3240 3105 machinas
3288 3048 3648 3121 spectabilia.
3684 3047 3825 3107 Illas

2174 3158 2403 3214 quoque
2436 3157 2568 3195 eum
2596 3139 2979 3194 munimentis
3010 3139 3303 3211 plurimis,
3348 3139 3645 3209 etiamque
3676 3154 3822 3195 auro

2094 3215 2136 3282 C
2174 3235 2229 3286 et
2251 3228 3097 3303 argento,numismatibusque
3118 3226 3323 3283 multis
3347 3245 3361 3294 ;
3389 3228 3566 3299 pique
3583 3244 3824 3300 quoque

2169 3324 2226 3376 et
2256 3318 2562 3384 ciminum,
2585 3322 2643 3373 et
2664 3317 2922 3373 diversas
2945 3316 3167 3389 species
3194 3316 3710 3372 odoramentorum
3733 3316 3822 3372 di-

2169 3408 2411 3481 ripiunt.
2444 3407 2628 3462 Naves
2659 3423 2891 3478 quoque
2922 3405 3254 3478 aliquantae
3271 3406 3339 3461 ad
3368 3410 3585 3461 terram
3616 3405 3820 3479 fugiti-

2168 3515 2270 3554 vas
2300 3496 2358 3552 in
2391 3496 2581 3552 littore
2612 3496 2739 3568 ipso
2770 3496 3222 3551 combusserunt
3250 3495 3511 3567 igni,sed
3542 3499 3601 3551 et
3619 3493 3821 3567 plures

2171 3588 2427 3657 integras
2458 3584 2875 3640 Ptolemaidam
2907 3585 3293 3641 adduxerunt.
3330 3584 3666 3640 Lmtiﬁcavit
3710 3584 3823 3640 ita-

2170 3694 2283 3748 qie
2313 3674 2597 3731 Dominus
2630 3674 2871 3729 clientes
2904 3690 3065 3741 suos,
3112 3678 3168 3729 et
3215 3673 3506 3730 donativis
3548 3671 3826 3744 plurimis

2171 3763 2575 3837 multipliciter
2602 3762 2998 3834 locupletavit.

2788 3869 3020 3925 CAPUT
3064 3869 3203 3924 XXI.

2207 3960 2355 4028 Quod
2382 3960 2621 4032 populus
2648 3959 3173 4032 Ilierosolymz'tanus
3204 3957 3335 4013 adeo
3365 3974 3471 4013 non
3500 3960 3570 4013 sit
3597 3958 3785 4031 despe-

2431 4040 2546 4087 ctus
2575 4032 2822 4102 quamvis
2854 4046 2953 4086 rex
2970 4031 3089 4101 ejus
3119 4037 3255 4086 esset
3280 4031 3547 4102 captivus.

2239 4121 2282 4176 Ο
2314 4137 2492 4192 quam
2524 4120 2743 4175 bonum
2776 4123 2833 4174 et
2859 4118 3181 4191 gloriosum
3215 4118 3560 4174 hominibus
3593 4134 3828 4190 semper

2169 4209 2353 4266 Deum
2382 4209 2595 4265 habere
2626 4207 2684 4262 in
2717 4208 3075 4280 adjutorium
3109 4224 3284 4264 suum
3313 4206 3326 4262 Σ
3360 4206 3403 4263 Ο
3435 4223 3613 4279 quam
3654 4208 3828 4263 beata

2166 4314 2330 4372 gens,
2355 4300 2523 4370 cujus
2554 4301 2642 4353 est
2662 4296 2947 4352 Dominus
2970 4297 3123 4352 Deus
3144 4296 3306 4368 ejus!
3337 4296 3620 4351 Dicebant
3648 4312 3821 4368 ergo:

2168 4412 2193 4438 ‹‹
2230 4388 2465 4458 Eamus,
2499 4392 2555 4443 et
2575 4390 2807 4459 gentem
2826 4384 3217 4442 Christianam
3240 4384 3478 4441 omnino
3498 4385 3823 4440 confunda-

2167 4494 2320 4542 mus,
2354 4480 2410 4531 et
2440 4475 2785 4530 memoriam
2816 4491 3019 4529 eorum
3052 4476 3124 4530 de
3149 4480 3305 4530 terra
3335 4473 3660 4531 deleamus'
3710 4473 3821 4530 Re-

2165 4582 2295 4638 gem
2313 4565 2469 4620 enini
2490 4563 2660 4619 modo
2673 4580 2785 4619 non
2798 4562 3037 4631 habent,
3059 4564 3322 4619 membra
3338 4562 3524 4635 capite
3548 4566 3776 4618 carent.
3791 4585 3812 4615 ο

2166 4655 2380 4710 Verum
2409 4653 2700 4721 dicebant,
2730 4653 2869 4724 quia
2885 4652 3070 4708 Deum
3088 4670 3196 4709 nos
3221 4652 3432 4709 habere
3464 4668 3580 4707 non
3610 4650 3820 4706 crede-

2167 4744 2325 4798 bant.
2353 4742 2699 4798 Balduinum
2718 4741 3180 4813 perdideramus,
3201 4743 3300 4797 sed
3329 4757 3521 4813 regem
3544 4739 3816 4796 omnium

2172 4833 2350 4887 Deum
2382 4829 2842 4902 assumpsimus.
2890 4828 3064 4885 Illum
3111 4831 3171 4886 in
3230 4829 3575 4886 necessitate
3618 4833 3827 4883 nostra

2171 4920 2586 4986 invocavimus,
2619 4924 2676 4975 et
2704 4937 2806 4992 per
2834 4918 3005 4975 illum
3046 4919 3392 4976 mirabiliier
3431 4916 3827 4989 triumphavi-

2171 5027 2322 5065 mus.
2359 5008 2619 5065 Forsitan
2654 5025 2767 5063 non
2810 5013 2935 5063 erat
2966 5025 3083 5073 rex,
3142 5025 3316 5080 quem
3371 5007 3515 5062 forte
3576 5006 3828 5060 fortuitu

2170 5098 2633 5171 perdideramus.
2668 5097 2779 5151 Sed
2814 5096 2930 5164 hic,
2952 5097 3053 5168 qui
3081 5114 3267 5169 nuper
3286 5096 3444 5163 vicit,
3478 5109 3592 5149 non
3626 5093 3824 5148 solum

2169 5193 2257 5243 est
2285 5205 2384 5243 rex
2415 5187 2472 5241 in
2501 5184 2888 5253 Hierusalem,
2923 5186 3024 5241 sed
3057 5190 3113 5241 et
3162 5187 3221 5241 in
3253 5185 3414 5242 omni
3461 5189 3637 5239 terra.
3671 5181 3828 5238 Vere

2169 5277 2335 5332 fateri
2368 5292 2474 5331 nos
2496 5273 2753 5347 Oportuit
2775 5275 2929 5346 quod
2954 5291 3147 5347 regem
3178 5276 3237 5331 in
3263 5273 3460 5347 prmlio
3478 5270 3824 5337 habuimus,

2166 5383 2303 5422 cum
2332 5366 2391 5420 in
2424 5363 2669 5437 negotiis
2702 5363 2919 5419 nostris
2950 5380 3065 5435 prae
3100 5365 3378 5419 omnibus
3412 5361 3578 5417 illum
3612 5358 3824 5415 antici-

2165 5454 2516 5528 paverimus.
2551 5453 2651 5506 Hic
2681 5451 2838 5506 enim
2866 5457 3075 5525 praesto
3096 5458 3457 5525 estsemper,
3482 5454 3539 5507 et
3558 5465 3822 5521 praesens

2165 5544 2441 5600 omnibus
2471 5541 2569 5615 qui
2592 5540 3045 5598 invocantillum
3077 5543 3137 5599 in
3168 5534 3407 5600 veritate
3440 5538 3609 5614 (Psal.
3629 5554 3817 5594 cxmv.

2169 5636 2273 5711 18').
2308 5634 2542 5690 Viderat
2573 5629 2729 5688 enim
2764 5647 2871 5689 nos
2903 5631 2964 5688 in
3024 5632 3356 5690 humilitate
3414 5631 3619 5686 nostra
3648 5625 3820 5686 valde
