3998 6088
200 283 324 349 913
934 284 1356 349 FULCHERII
1404 284 1739 349 CARNOT.
1786 278 1989 346 HIST.
2035 281 2450 351 HIEROSOL.
2479 286 2732 350 --LIB.
2777 283 2888 353 III.
3499 285 3618 351 9M

200 419 469 489 afﬂictos,
496 422 559 476 et
588 416 903 494 respiciens
932 418 1024 493 pie
1036 418 1432 477 humilitatem
1461 419 1855 488 noostram,li-
1881 417 1940 484 Α
1968 422 2204 476 centum
2235 420 2355 477 fere
2383 422 2809 479 Turcorum.Et
2836 419 3147 481 confestim
3178 418 3363 481 clausi
3384 421 3459 481 de
3486 438 3619 483 car-

200 509 422 568 beravit
448 527 575 566 nos.
607 509 712 566 Hic
742 526 846 582 pro
879 509 1048 566 nobis
1077 509 1572 582 pugnavit,hicad
1605 508 1855 565 nihilum
1966 525 2095 566 cere
2124 526 2225 565 rex
2254 514 2310 566 et
2340 510 2438 566 alii
2472 515 2611 567 tunc
2650 511 2988 584 ejiciuntur.
3032 510 3240 568 Adhuc
3286 514 3452 571 erant
3507 511 3619 569 ali-

200 599 473 656 inimicos
506 602 737 655 nostros
767 598 1015 655 reduxit.
1052 599 1150 654 llic
1181 615 1413 671 semper
1454 598 1680 655 vincere
1713 615 1855 655 con-
1963 598 2169 671 quanti
2201 600 2538 672 compediti,
2573 601 2809 673 quando
2832 600 2961 672 jam
2976 598 3624 673 perscalasmurifasti-

200 690 408 755 suevit,
444 688 545 761 qui
579 704 883 760 nunquam
932 687 1205 743 vincitur.
1240 688 1505 760 Superat.
1541 704 1645 743 nec
1686 705 1853 760 supe-
1962 689 2125 763 gium
2155 688 2596 745 inscendebant.
2632 691 2701 744 Et
2728 688 2947 746 elevato
2978 688 3039 744 in
3069 689 3221 745 arcis
3248 688 3413 761 apice
3450 688 3619 744 Chri-

199 784 385 836 ratur.
418 779 543 834 Non
578 776 746 845 fallit,
780 794 886 833 nec
918 776 1160 834 fallitur.
1195 778 1313 833 Rex
1342 777 1615 849 equidem
1648 781 1852 844 est,re-
1960 779 2288 835 stianorum
2320 778 2549 846 vexillo,
2586 778 2664 833 rei
2697 778 2910 834 veritas
2937 776 3225 850 patefacta
3253 780 3362 833 est.
3418 777 3482 833 In
3511 794 3614 834 ea-

197 874 289 924 cte
315 867 473 923 enim
499 869 639 941 egit.
674 867 974 932 Quomodo
1000 882 1136 939 ergo
1180 883 1279 922 rex
1307 866 1436 933 erit,
1491 865 1590 938 qui
1621 883 1853 937 semper
1959 869 2093 924 dem
2124 886 2256 924 vero
2290 885 2420 923 arce
2450 885 2594 923 uxor
2622 871 2745 923 erat
2775 866 2968 936 Balac,
3001 865 3223 922 caeteris
3255 882 3404 938 quas
3445 866 3620 924 habeo

196 957 358 1013 vitiis
385 955 686 1013 vincitur?
715 955 992 1028 Nunquid
1022 959 1387 1028 promeretur
1431 955 1545 1010 dici
1598 973 1699 1012 rex
1747 955 1847 1029 qui
1958 958 2059 1013 bat
2083 957 2195 1013 sibi
2228 956 2476 1013 charior.
2509 960 2708 1012 Castro
2738 960 2933 1012 autem
2966 973 3000 1013 a
3029 955 3238 1011 Turcis
3269 970 3403 1011 mox
3450 955 3619 1013 undi-

197 1063 432 1119 semper
460 1045 749 1101 habeatur
775 1043 983 1100 exlex?
1012 1044 1160 1111 Quia
1184 1043 1369 1117 legem
1401 1044 1504 1100 Dei
1538 1061 1641 1100 nec
1670 1048 1846 1113 tenet,
1958 1063 2071 1119 que
2103 1047 2315 1113 cincto,
2347 1045 2651 1119 ingressus
2682 1048 2738 1101 et
2767 1061 3039 1118 egressus
3072 1044 3319 1101 internis
3346 1049 3405 1101 et
3434 1048 3622 1101 exter-

196 1151 304 1192 nec
335 1139 556 1192 tuetur.
588 1135 660 1190 Et
690 1135 790 1207 qui
821 1151 937 1190 non
968 1134 1137 1189 timet
1183 1134 1390 1202 Deum,
1444 1134 1676 1191 timebit
1717 1134 1848 1207 qui-
1957 1135 2050 1193 nis
2080 1141 2137 1192 et
2168 1134 2521 1208 prohibitus.
2555 1139 2738 1191 Porta:
2765 1133 2941 1191 etiam
2969 1133 3327 1190 clauduntur
3350 1133 3614 1196 vectibus

196 1225 331 1281 dem
360 1223 660 1281 hominem
690 1222 997 1280 inimicum
1029 1222 1473 1280 suum.Adulter
1488 1223 1689 1291 est,vel
1724 1240 1849 1297 per—
1955 1224 2192 1282 obditis.

186 1315 385 1387 jurus,
424 1313 544 1369 sive
574 1312 927 1385 sacrilegus;
962 1312 1055 1368 hic
1085 1312 1220 1368 talis
1252 1329 1464 1369 nomen
1513 1312 1668 1385 regis
1717 1330 1845 1385 per«
2112 1351 2125 1363 .
2559 1313 2785 1369 CAPUT
2812 1312 3002 1369 XXIV.

197 1401 302 1471 dit,
336 1417 469 1458 men
488 1401 587 1457 lax
617 1405 674 1458 et
706 1400 1132 1475 fraudulentus.
1167 1401 1306 1467 Quis
1349 1401 1590 1456 conﬁdit
1644 1401 1703 1456 in
1734 1418 1801 1457 eo
1821 1402 1849 1457 ?
2011 1406 2269 1478 Qualiter
2295 1406 2464 1460 etiam
2490 1419 2661 1460 comes
2688 1403 2987 1459 Edessena:
3016 1403 3189 1458 evasit
3217 1401 3283 1458 de
3311 1417 3548 1460 carcere.

192 1489 418 1564 Equus
448 1494 537 1547 est
563 1489 783 1563 impiis.
818 1489 1118 1555 Quomodo
1148 1490 1417 1545 exaudiet
1448 1489 1615 1545 illum
1654 1490 1849 1547 Deus?
2028 1494 2145 1549 Hoc
2177 1497 2371 1548 autem
2406 1509 2521 1548 non
2552 1497 2693 1563 puto
2726 1491 3020 1547 silendum
3052 1490 3209 1563 quod
3241 1489 3415 1546 Balac
3437 1491 3617 1563 quod-

194 1580 255 1636 Si
285 1579 665 1636 ecclesiarum
698 1579 1032 1652 dissipator,
1066 1578 1115 1634 si
1148 1596 1472 1651 pauperum
1515 1596 1845 1651 opprcssor,
1955 1583 2091 1638 dam
2128 1580 2517 1637 infortunium
2548 1598 2652 1652 per
2678 1580 2963 1636 visionem
2997 1582 3086 1635 est
3106 1578 3615 1636 revelatum.Vidit
3710 1618 3716 1623 η

192 1673 337 1726 tunc
368 1686 486 1725 non
517 1670 684 1742 regit,
718 1669 818 1725 sed
858 1668 1183 1724 confundit.
1233 1667 1647 1724 Adhaereamus
1705 1669 1844 1742 Regi
1954 1670 2112 1726 enim
2144 1671 2319 1743 (quod
2352 1670 2477 1743 ipse
2508 1673 2710 1742 postea
2742 1668 2987 1725 retulita
3013 1666 3316 1725 Goscelino
3345 1667 3455 1725 sibi
3480 1684 3614 1725 ocu-

192 1775 470 1832 superno,
502 1762 561 1815 et
589 1774 754 1856 spem
788 1761 1049 1813 nostram
1081 1773 1370 1829 ponamus
1411 1756 1473 1812 in
1502 1773 1590 1824 eo,
1642 1761 1698 1813 et
1728 1775 1842 1813 non
1874 1792 1922 1859 Β
1955 1759 2044 1817 los
2073 1761 2218 1817 erni.
2252 1762 2374 1826 Quo
2406 1758 2646 1814 indilate
2678 1757 3079 1815 sacerdotibus
3109 1756 3612 1823 manifestato,in—

191 1847 628 1904 confundemur
656 1844 718 1901 in
751 1848 1058 1901 aeternum.
1874 1844 1921 1859 ⁵’
1952 1849 2425 1922 terpretationcm
2456 1847 2669 1904 somnii
2724 1847 2797 1902 ab
2827 1846 2911 1903 eis
2959 1846 3297 1902 sciscitatur
3333 1862 3346 1900 :
3382 1866 3413 1897 «
3440 1846 3608 1913 Vere,

797 1934 1026 1990 CAPUT
1064 1933 1239 1989 XXII.
1954 1939 2138 2005 aiunt,
2170 1939 2278 1994 hoc
2310 1937 2415 1994 tibi
2444 1936 2762 2008 continget;
2797 1933 3262 2007 auttalealiquid
3284 1933 3612 2007 huicmqui-

332 2028 409 2083 De
425 2032 596 2081 τηονιϐ
624 2025 925 2091 Eustachii,
980 2031 1034 2080 εἰ
1054 2025 1386 2080 sumes-Sion!"
1420 2024 1697 2080 Willelmi.
1952 2026 2199 2100 pollens,
2235 2024 2285 2082 si
2312 2026 2371 2080 in
2412 2040 2625 2080 manus
2671 2023 2801 2095 ejus
2844 2021 3141 2077 incideris.
3177 2044 3206 2071 »
3250 2022 3364 2077 [loc
3412 2025 3608 2077 autem

262 2116 550 2188 Tempore
579 2115 692 2170 isto
722 2113 917 2170 taliter
945 2129 1097 2187 aegro
1116 2111 1364 2169 decessit
1394 2112 1843 2181 Eustachius,in
1951 2116 2173 2183 audito,
2206 2113 2488 2170 citissime
2518 2110 2868 2185 legationem
2917 2109 3080 2166 misit
3110 2113 3177 2166 ut
3225 2109 3606 2180 occideretur,

190 2204 494 2261 custodem
522 2207 686 2260 terrae
718 2206 927 2260 nostra:
959 2202 1197 2269 electus,
1229 2219 1343 2258 xvu
1376 2201 1498 2257 Kal.
1542 2201 1702 2257 Julii.
1737 2203 1842 2258 Cui
1951 2222 2024 2262 ne
2054 2207 2250 2277 posset
2280 2203 2350 2259 ab
2382 2219 2450 2258 eo
2481 2201 2686 2268 occidi,
2721 2200 2875 2256 sicut
2895 2199 3022 2270 jum
3054 2197 3137 2253 illi
3161 2197 3605 2271 prmsagiebant.

188 2294 504 2352 succedere
534 2291 914 2350 Guillelmum
942 2292 1015 2348 de
1046 2290 1213 2347 Buris
1241 2294 1592 2361 statuerunt,
1616 2290 1717 2364 qui
1750 2292 1843 2347 Ti-
1954 2295 2065 2351 Sed
2097 2298 2415 2364 antequam
2443 2290 2515 2346 ad
2545 2306 2680 2346 eum
2731 2287 3135 2361 pervenissent
3184 2285 3439 2355 lictores,
3490 2287 3606 2347 Deo

186 2383 487 2441 beriadem
518 2386 657 2438 tunc
684 2381 1040 2455 possidebat.
1949 2382 2190 2457 gratias,
2212 2382 2339 2452 jam
2369 2380 2442 2436 de
2467 2379 2737 2452 captione
2784 2376 2887 2433 tali
2936 2375 3108 2431 modo
3156 2378 3441 2457 evaserat.
3489 2375 3609 2457 Rex

785 2470 1021 2527 CAPUT
1058 2470 1253 2527 XXIII.
1950 2453 2085 2536 ergo
2114 2466 2171 2518 et
2200 2460 2291 2516 sui
2324 2476 2528 2516 omnes
2558 2457 2807 2531 sapienti
2841 2460 2899 2512 et
2927 2453 3482 2537 communiconsilio
3515 2453 3607 2511 usi

390 2562 637 2632 Qualiter
664 2577 764 2618 rex
792 2561 1100 2617 Balduinus
1127 2561 1193 2616 de
1220 2561 1458 2617 vinculis
1487 2562 1641 2616 exiit.
1949 2556 2016 2608 ut
2044 2549 2255 2608 salvari
2285 2548 2547 2622 quolibet
2577 2548 2751 2603 modo
2781 2548 3184 2620 possent,cum
3210 2547 3446 2617 tempus
3475 2560 3609 2632 con-

260 2631 463 2710 Mcnse
506 2655 757 2725 augusto
801 2649 1013 2707 deinde
1057 2650 1370 2716 mediante,
1418 2666 1675 2722 superna
1728 2649 1839 2707 cle-
1948 2642 2275 2698 siderarent
2303 2640 2374 2695 ad
2407 2637 2517 2693 hoc
2564 2636 2757 2725 magis
2804 2638 3032 2725 aptum,
3087 2632 3285 2705 posuit
3330 2631 3608 2725 dominus

183 2743 412 2800 mantia
438 2721 794 2815 providente,
828 2756 927 2796 rex
956 2737 1278 2795 Balduinus
1307 2737 1479 2793 exivit
1498 2721 1837 2807 idecarcere,
1949 2729 2295 2788 Goscelinus
2324 2729 2384 2783 in
2416 2724 2673 2799 periculo
2707 2722 2912 2779 mortis
2938 2721 3198 2778 animam
3231 2738 3424 2815 suam,
3458 2721 3609 2815 Con-

184 2838 245 2889 et
274 2832 349 2888 de
378 2809 628 2886 vinculis
655 2828 849 2896 Balac,
901 2828 1119 2900 quibus
1160 2826 1390 2882 vinctus
1432 2826 1740 2882 tenebatur
1778 2827 1840 2883 in
1950 2818 2124 2875 ditOI‘i
2155 2818 2562 2874 universorum
2595 2831 2655 2870 se
2689 2812 3110 2900 commendans
3139 2826 3274 2866 cum
3304 2809 3496 2875 tribus
3530 2810 3613 2866 fa-

182 2921 402 2994 oppido
429 2919 685 2992 quodam
728 2917 844 2973 situ
876 2915 1290 2980 fortissimo,ct
1304 2913 1841 2973 cclsitudinenimis
1953 2907 2134 2964 mulis
2162 2906 2308 2973 suis,
2340 2909 2461 2961 tam
2492 2903 2739 2994 pavidus
2765 2917 2942 2994 quam
2961 2899 3609 2994 audax,extracastrum

158 2986 392 3078 .arduo,
424 2986 483 3065 e-t
510 3006 734 3063 difﬁcili
767 3002 1487 3078 comprehendendo.Cum
1515 3020 1630 3075 quo
1661 3003 1840 3060 simul
1948 3013 2052 3070 per
2080 2994 2304 3056 medios
2333 2993 2551 3061 hostes,
2587 2990 2851 3047 radiante
2894 2988 3055 3078 luna,
3102 3004 3166 3044 se
3213 2986 3449 3059 eripuit.
3500 2986 3608 3053 Qui

181 3076 403 3155 inclusi
430 3100 597 3153 erant
614 3076 978 3162 Goscelinus,
1011 3109 1207 3149 comes
1237 3092 1729 3155 Edessenus,cum
1743 3091 1843 3149 ali-
1890 3161 1900 3162 ί
1950 3084 2228 3142 continuo
2260 3098 2440 3138 unum
2475 3097 2545 3136 ex
2572 3081 2658 3136 eis
2689 3078 2810 3152 regi
2840 3076 3476 3149 remisitreportantem
3508 3091 3608 3143 an-

182 3186 431 3263 qnantis
459 3185 591 3243 aliis
620 3184 829 3257 captis.
882 3161 1070 3255 Hujus
1119 3181 1203 3237 rei
1246 3180 1505 3237 narratio
1561 3182 1707 3238 satis
1755 3187 1846 3238 est
1870 3161 1917 3227 (ἶ
1952 3174 2160 3230 nulum
2192 3188 2389 3263 suum.
2422 3174 2488 3225 ut
2517 3168 2715 3263 taliter
2742 3166 3107 3263 signiﬁuaret
3130 3181 3192 3263 se_
3329 3163 3607 3263 hostibus

172 3251 387 3350 lange,
414 3275 517 3332 sed
549 3251 710 3330 dona
726 3271 947 3329 caelesti
971 3251 1222 3343 praedita
1250 3273 1308 3325 et
1353 3268 1654 3326 miraculis
1698 3271 1844 3326 bene
1953 3261 2359 3321 obsessoribus
2386 3257 2696 3315 extorsisse
2722 3275 2735 3325 ;
2768 3255 2852 3350 sic
2883 3253 3200 3350 enim-ﬁeri.
3225 3253 3474 3350 invicem
3505 3251 3623 3350 de-_

184 3340 417 3423 ornata.
449 3363 596 3419 Nam
628 3378 761 3418 cum
810 3360 870 3416 in
918 3340 1107 3416 castro
1138 3357 1240 3413 illo
1298 3356 1458 3413 nullo
1494 3357 1621 3413 freti
1676 3359 1843 3430 adju-
1954 3354 2270 3408 creverant.
2304 3349 2508 3404 Postea
2535 3345 2841 3420 fugitando
2873 3347 2929 3399 et
2958 3340 3409 3414 latitando,plus
3435 3343 3607 3430 nocte

188 3458 390 3511 mento
412 3453 538 3525 jam
570 3451 673 3507 diu
700 3452 1057 3523 angerentur
1083 3446 1378 3515 occultati,
1404 3446 1647 3503 consilio
1677 3451 1735 3502 et
1751 3428 1847 3503 Vin-
1954 3458 2132 3515 quam
2164 3439 2257 3495 die
2287 3454 2555 3511 pergens,
2589 3433 2873 3525 disruptis
2903 3429 3114 3488 calceis
3168 3430 3295 3525 fere
3331 3428 3603 3525 nudipes,

182 3542 365 3621 genio
395 3518 741 3597 multimodo
782 3518 956 3611 vapud
1010 3552 1072 3592 se
1128 3539 1379 3591 tractare
1437 3540 1752 3607 caeperunt,
1796 3537 1844 3592 si
1954 3546 2141 3602 usque
2182 3528 2303 3621 -ad-
2334 3526 2577 3621 ﬂuvium
2636 3523 2993 3621 Euphratem
3046 3518 3324 3621 pervenit.
3348 3519 3608 3621 ‘Etﬂquo-

190 3606 574 3704 aliquatenus
602 3629 737 3685 inde
766 3606 1008 3701 possent
1032 3624 1249 3699 egredi.
1301 3624 1464 3680 Unde
1513 3606 1616 3696 per
1644 3625 1846 3682 ﬁdeles
1958 3619 2117 3675 niam
2177 3616 2341 3673 navis
2399 3613 2604 3704 abfuit,
2640 3701 2647 3704 Α
2686 3611 2861 3704 quod_
2897 3625 3074 3704 pavor
3130 3606 3368 3680 optabat
3424 3606 3613 3662 facere

186 3699 591 3777 internuntios
620 3699 980 3788 ubicumque
1012 3712 1234 3771 amicos
1257 3712 1846 3771 habebantauxilium
1958 3725 2074 3765 non
2108 3705 2357 3762 distulit.
2390 3702 2539 3770 Quid
2573 3700 2795 3776 igitur?
2827 3699 2953 3755 Duo
3007 3701 3190 3764 utres,
3235 3710 3614 3788 quos_secum

188 3813 389 3884 petere
415 3825 527 3864 non
559 3808 957 3871 cessaverunt,
990 3808 1048 3859 et
1077 3819 1211 3857 cum
1244 3801 1532 3858 Armeniis
1564 3802 1720 3859 circa
1748 3821 1847 3861 eos
1957 3796 2268 3866 detulerat,
2298 3797 2467 3849 vento
2503 3789 2727 3884 inflavit
2762 3805 2774 3844 :
2801 3803 3006 3884 super
3046 3801 3146 3841 eos
3174 3799 3241 3884 se
3293 3781 3616 3883 collocavit,

184 3870 678 3956 conversantibus
706 3893 1042 3951 omnimode
1084 3889 1420 3947 machinare
1470 3892 1844 3962 studuerunt,
1956 3886 2010 3943 ei
2041 3885 2124 3941 sic
2156 3885 2216 3938 in
2250 3884 2469 3938 flumen
2500 3896 2563 3936 se
2596 3876 2862 3951 impegit.
2898 3878 3077 3943 Quem
3102 3871 3440 3962 collegassui
3460 3870 3622 3945 igna-

188 3992 259 4044 ιιι
286 3986 338 4043 si
370 3980 605 4060 quando
636 3984 708 4040 ab
734 3981 992 4039 externis
1019 3980 1225 4036 amicis
1256 3979 1383 4035 suis
1415 3979 1697 4036 auxilium
1730 3960 1847 4037 adi-
1956 3992 2091 4031 rum
2105 3969 2601 4029 nandicommode
2604 3966 3220 4060 juvantessustentare
3233 3960 3615 4060 studuerunt,

186 4076 345 4152 pisci
373 4048 632 4149 possent,
664 4071 748 4128 illi
778 4072 1078 4143 adjutores
1109 4085 1236 4125 esse
1283 4068 1403 4123 veri
1444 4085 1555 4125 non
1607 4069 1848 4127 desiste-
1957 4070 2014 4120 et
2042 4064 2114 4119 ad
2146 4061 2341 4152 littus,
2368 4056 2614 4152 Domino
2637 4048 3617 4152 duc‘ente,‘s‘anum-deduxeruntzEt

188 4136 346 4223 rent.
373 4136 449 4221 ἷζε
480 4136 628 4219 (Ἄπη,
646 4165 782 4235 post
808 4136 1007 4233 aliqua
1032 4159 1186 4214 dona
1213 4161 1271 4213 et
1297 4158 1586 4229 promissa
1598 4157 1852 4231 plurima
1962 4170 2100 4208 cum
2148 4150 2285 4205 inde
2329 4147 2537 4235 itinere
2566 4143 2802 4235 insolito
2831 4140 2999 4235 valde
3031 4140 3312 4235 fatigatus
3332 4136 3612 4235 ‘esset,fa-n

190 4255 308 4312 hoc
339 4252 471 4310 ﬁdei
501 4226 953 4321 nexdutrinque
982 4226 1660 4315 conﬁrmatumesset,de
1680 4248 1851 4304 Edes-
1972 4239 2335 4310 melieusque
2362 4240 2417 4291 et
2447 4234 2784 4290 sitibundus
2810 4230 3021 4325 anxius
3052 4226 3480 4325 anhelaret,_nec
3496 4228 3621 4325 erat

188 4359 343 4403 sena
372 4342 513 4399 urbs
541 4311 919 4415 sagacissime
949 4334 1381 4409 quinquaginta
1412 4335 1589 4391 ferme
1611 4334 1851 4393 clientes
1969 4330 2025 4386 ei
2050 4328 2151 4400 qui
2186 4341 2427 4381 manum
2463 4322 2554 4396 pic
2585 4311 3619 4415 porrigeret,su‘b.nucequadamillic

191 4432 342 4490 illuc
368 4431 441 4488 ob
472 4431 529 4486 id
562 4401 725 4485 missi
756 4431 914 4495 sunt,
947 4401 1006 4481 et
1036 4401 1207 4497 quasi
1221 4401 1591 4496 'pauperrimi
1626 4441 1849 4483 merces
1960 4418 2198 4474 inventa
2226 4428 2432 4487 scpore
2454 4415 2669 4476 tactus,
2702 4408 2968 4503 membra
2995 4404 3193 4503 labore
3224 4403 3384 4503 fessa
3410 4401 3619 4503 itineri

190 4522 453 4579 ferentes
484 4525 657 4592 atque
685 4493 999 4573 vendentes
1030 4493 1216 4585 usque
1236 4493 1317 4569 ad
1343 4493 1540 4584 portas
1563 4513 1857 4573 interioris
1887 4527 1936 4592 Ι)
1968 4505 2257 4571 attribuit,
2291 4501 2653 4592 obumbrans
2685 4513 2746 4554 se
2775 4495 3052 4592 vepribus
3107 4496 3165 4548 et
3218 4493 3524 4592 fruct-etis,’
3548 4505 3625 4547 ne

193 4608 401 4677 castri,
443 4582 744 4664 occasione
772 4604 1029 4677 quadam
1060 4582 1362 4667 ob—lata,se_
1379 4601 1663 4673 paulatim
1686 4604 1861 4662 intro-
1887 4582 1931 4592 ν
1969 4596 2132 4652 Visus
2163 4593 2597 4668 agnosceretur.
2626 4586 2870 4677 inierim
2904 4582 3527 4677 autem‘Pmce‘Pit‘Pni
3557 4594 3628 4635 61

195 4665 513 4756 miserunt.
560 4695 721 4763 Quod
768 4665 904 4751 cum
952 4665 1344 4765 portariorum
1379 4665 1668 4764 magister
1690 4693 1861 4764 juxta.
1971 4665 2223 4741 famulis
2242 4681 2391 4752 suis,
2418 4683 2483 4735 ut
2513 4675 2839 4749 exploraret
2885 4677 2942 4765 et
2984 4668 3327 4765 imploraret
3372 4665 3627 4765 aliquem

195 4791 429 4862 portam
460 4802 595 4842 cum
627 4783 882 4857 quodam
914 4779 1074 4837 ﬁdeli
1097 4783 1297 4836 nostro
1328 4755 1860 4851 improvidus-acac-
1970 4773 2330 4847 indigenam,
2384 4768 2483 4841 qui
2514 4766 2565 4823 ei
2598 4780 2807 4862 panem
2837 4759 2940 4862 ‘ve‘l
2973 4760 3160 4862 daret,
3194 4755 3291 4862 vel.
3331 4757 3631 4862 utcunque

194 4843 287 4933 cis
320 4873 563 4941 luderet,
596 4843 838 4929 clientes
868 4869 1051 4927 nostri
1081 4843 1448 4925 astutiosime
1470 4868 1859 4943 attentiusap-
1967 4843 2261 4919 venderet.
2300 4858 2500 4915 Inedia
2523 4843 3404 4943 enimvexabaturvaldeﬂliens
3432 4845 3631 4901 autem

194 4963 643 5039 propiaverunt,
673 4959 1105 5034 querimoniam
1138 4955 1368 5028 injuriae
1418 4957 1531 5013 sibi
1590 4958 1751 5013 facta:
1783 4935 1856 5014 ad
1965 4951 2062 5008 ille
2094 4948 2384 5007 rusticum
2407 4945 2722 5039 quemdam
2748 4939 3093 5039 armenium
3217 4948 3425 5039 campo
3449 4947 3631 5039 prope

374 5019 603 5108 facturi.
730 5048 997 5122 deposita
1021 5019 1445 5118 omni'ignavia
1472 5049 1529 5101 et
1556 5050 1859 5117 pavore,et
1967 5040 2295 5096 inventum.
2328 5042 2385 5093 et
2413 5019 2677 5092 consulte
2708 5030 3051 5096 allocutum,
3085 5021 3414 5122 adduxitad
3445 5019 3631 5122 domi-

196 5141 434 5217 vaginis
462 5138 733 5197 extractis
763 5136 1016 5195 cultellis
1035 5134 1203 5191 illum
1218 5134 1301 5190 sic
1328 5133 1678 5206 quantocius
1694 5152 1865 5191 neca-
1975 5146 2116 5185 num
2144 5144 2343 5195 suum,
2374 5123 2595 5217 caricas
2624 5126 2689 5217 et
2711 5135 2979 5217 racemos.
3001 5114 3158 5217 apud
3201 5127 3265 5168 se
3292 5110 3630 5217 habentem.

198 5198 436 5290 veFunt.
469 5232 539 5287 Et
566 5228 914 5303 arripientes
941 5226 1174 5282 lanceas
1205 5222 1321 5279 illic
1372 5223 1653 5293 inventas,
1697 5224 1866 5280 ferire
1978 5219 2093 5273 lloc
2125 5215 2281 5272 enim
2315 5215 2499 5269 fames
2530 5210 2922 5303 desiderabat.
2958 5207 3012 5263 Is
3044 5207 3240 5260 autem
3259 5215 3407 5303 .cum

200 5328 265 5381 et
288 5320 554 5378 occidere
583 5287 828 5377 viriliter
856 5334 972 5373 non
1003 5311 1608 5388 pigruerunLClamor
1643 5287 1869 5385 ingens
1980 5324 2119 5364 num
2155 5302 2529 5361 Goscelinum
2560 5298 2917 5388 appropians
2940 5287 3641 5388 agnosceretgprociditad

204 5375 709 5477 attollitur,
736 5412 793 5464 et
824 5375 1100 5462 intus‘etv
1110 5402 1250 5458 foris
1280 5417 1485 5457 omnes
1521 5375 1869 5472 perturban-
1978 5397 2159 5469 pedes
2189 5393 2337 5463 ejus,
2371 5390 2574 5447 dicens
2608 5406 2620 5443 :
2655 5411 2683 5439 ‹‹
2715 5384 2856 5440 Vale
2885 5377 3366 5477 Gosceline-biQui
3395 5375 3644 5477 audiens

746 5461 1868 5553 tumultumhuncfestiniaccurrcrunt.
1979 5461 2139 5558 quod
2176 5461 2431 5572 nolebat,
2464 5474 3037 5572 territusrespondit
3069 5489 3084 5527 :
3125 5492 3154 5572 fc
3186 5467 3315 5572 rion
3358 5478 3493 5572 sum
3509 5461 3649 5572 ille

204 5550 1076 5659 igiitiautiilws—mox'pei'empti
1106 5583 1265 5638 sunt.
1299 5578 1554 5649 Fuerunt
1599 5578 1873 5656 equidem
1987 5550 2167 5651 quem
2202 5569 2370 5637 dicis,
2403 5570 2513 5633 sed
2535 5574 2691 5634 Deus
2718 5562 2893 5621 illum
2914 5550 3648 5635 adjuvetubicunquesit.»
