3994 6066
400 325 518 390 915

914 325 1018 391 AD
1062 322 1574 391 GODEFRIDUM
1620 321 1958 389 APPEND.
2005 323 2084 386 II.
2113 354 2194 372 —
2220 322 2533 389 MONUM.
2580 326 2683 388 DE
2724 325 2971 391 BELLO
3017 326 3289 394 SAGRO.

3681 334 3806 396 916

404 461 682 519 Rusticus
713 460 795 518 ait
827 478 841 517 :
875 481 906 515 α
938 462 1086 530 Noli,
1117 478 1332 535 quaeso,
1366 461 1633 518 notitiam
1647 464 1808 516 tuam
1822 459 2043 528 celare;
2077 460 2131 528 Α
2157 475 2345 531 quens
2366 475 2621 529 crucem,
2654 478 2781 533 quae
2813 478 3000 534 usque
3021 463 3800 537 Tripolimjamdelataerat.

405 551 685 624 quoniam
717 555 772 608 te
800 551 1002 624 procul
1034 552 1209 607 dubio
1241 553 1386 607 bene
1417 566 1686 624 agnosco.
1715 549 1825 605 Sed
1860 547 2047 604 revela

404 640 549 697 mihi
580 641 717 713 quid
752 645 810 697 et
840 642 1130 713 quomodo
1161 641 1219 695 in
1250 640 1343 696 his
1374 639 1639 713 partibus
1670 638 1775 694 tibi
1815 637 2043 705 accidit,

403 747 509 786 nec
539 747 818 803 expaveas
851 748 1077 786 moneo.
1115 754 1142 779 ››
1175 730 1279 784 Cui
1319 746 1553 784 rursum
1602 744 1829 783 comes:
1879 749 1907 777 «
1940 726 2048 781 Mi-

405 836 615 886 serere,
647 818 861 891 inquit,
895 817 1032 887 mei,
1083 818 1416 891 quicunque
1460 835 1543 884 es,
1595 834 1701 872 nec
1750 815 2046 870 miseriam

406 923 597 964 meam
656 908 910 963 inimicis
955 908 1100 963 meis
1148 908 1477 962 innotescas
1510 908 1791 974 obsecro;
1853 906 1952 960 sed
1978 904 2051 959 ad

407 997 743 1053 salvationis
775 996 966 1051 locum
996 998 1184 1052 deduc
1214 1014 1327 1064 me,
1362 1001 1424 1051 ut
1456 1013 1641 1051 unum
1672 1013 1773 1067 pro
1789 994 2053 1049 mercede

364 1114 375 1123 --
407 1087 706 1141 numisma
735 1086 1012 1141 merearis
1043 1086 1320 1158 accipere.
1357 1087 1472 1157 Ego
1503 1084 1655 1141 enim
1685 1086 1757 1140 de
1787 1082 2052 1156 captione

407 1175 598 1244 Balac,
632 1175 746 1231 Deo
780 1175 1451 1247 propitiante,egressus,
1476 1173 1711 1246 aufugio
1736 1174 1834 1241 ;de
1864 1176 2052 1227 castro

407 1263 646 1333 scilicet,
681 1265 835 1335 quod
867 1264 1172 1335 Cartapeta
1203 1268 1595 1335 nuncupatur,
1619 1261 1845 1333 quodin
1868 1261 2053 1316 Meso-

406 1353 666 1426 potamia
696 1353 779 1408 cis
811 1352 1167 1424 Euphratem
1198 1356 1305 1408 est.
1336 1354 1486 1407 Bene
1516 1352 1672 1407 enim
1700 1347 2051 1422 operaberis,

408 1442 457 1498 si
489 1441 636 1497 mihi
666 1441 726 1496 in
751 1442 862 1497 hac
893 1441 1235 1498 necessitate
1266 1441 1707 1509 subveneris,ne
1726 1436 2055 1511 ampliusin

406 1547 618 1586 manus
649 1530 819 1585 Balac
850 1530 1125 1597 incidam,
1150 1528 2054 1601 etinfortunatuspeream.Quod

408 1620 457 1676 si
488 1636 677 1691 usque
707 1619 985 1675 Turbezel
1015 1624 1273 1675 castrum
1307 1636 1504 1675 meum
1536 1624 1591 1674 te
1616 1635 1844 1674 mecum
1861 1616 2055 1673 venire

407 1708 711 1782 placuerit,
744 1709 1018 1764 omnibus
1049 1709 1254 1765 diebus
1282 1708 1410 1763 vitae
1442 1713 1555 1764 tuae
1586 1709 1733 1763 bene
1764 1706 1869 1762 tibi
1924 1706 2053 1763 erit.

410 1797 512 1855 Dic
542 1798 686 1853 mihi
718 1796 896 1871 igitur
925 1814 1050 1869 quae
1082 1801 1139 1853 et
1170 1797 1569 1869 quantainhis
1590 1797 1733 1852 locis
1763 1795 2054 1868 possessio

409 1893 533 1957 tua,
567 1891 634 1943 ut
664 1888 887 1959 majora
915 1886 965 1943 si
994 1887 1082 1942 vis
1111 1888 1265 1959 apud
1298 1904 1391 1942 me
1421 1886 1527 1942 tibi
1559 1886 1867 1958 diligenter
1896 1884 2059 1940 resti-

414 1980 601 2032 tuam.
633 1998 662 2027 »
695 1977 765 2031 Et
793 1975 890 2031 ille
924 1994 937 2031 :
973 1998 1000 2027 ‹‹
1032 1976 1157 2031 Non
1208 1992 1423 2048 quaero,
1475 1975 1686 2047 inquit,
1738 1992 1772 2030 a
1801 1979 1856 2030 te
1885 1974 2060 2046 quid-

416 2081 616 2137 quam,
650 2066 751 2121 sed
784 2082 898 2135 quo
926 2064 1014 2120 vis
1046 2064 1339 2120 salvumte
1361 2062 1855 2136 perducam.01im
1882 2064 2061 2130 enim,

417 2159 484 2210 ut
512 2153 874 2221 reminiscor,
908 2170 1001 2208 me
1032 2158 1166 2208 ante
1197 2153 1379 2208 fecisti
1394 2152 1958 2224 comedercbenigne
1971 2168 2069 2223 pa-

418 2259 575 2299 nem.
611 2243 997 2308 Quamobrem
1019 2246 1227 2313 praesto
1243 2259 1373 2297 sum
1391 2241 1495 2296 tibi
1509 2242 1747 2297 reddere
1766 2241 2064 2296 talionem.

417 2333 688 2400 Uxorem,
746 2329 1007 2397 Domine,
1067 2331 1273 2398 haben,
1352 2330 1705 2402 unicamque
1765 2327 2067 2401 parvulam

419 2420 621 2489 ﬁliam,
657 2418 949 2492 simulque
982 2437 1157 2474 unam
1198 2419 1460 2488 asellum,
1487 2420 1634 2474 duos
1651 2418 1821 2474 etiam
1841 2435 2071 2491 germa-

418 2510 818 2581 nos,duosque
848 2509 1042 2566 boves.
1076 2509 1390 2564 Committe
1422 2512 1614 2564 autem
1649 2525 1741 2563 me
1773 2507 1899 2575 tibi,
1933 2506 2075 2578 quia

420 2599 508 2655 vir
539 2597 1016 2671 sapientissimus
1048 2616 1109 2652 es
1141 2602 1198 2653 et
1219 2598 1753 2670 prudens.Jamque
1775 2613 1908 2651 cum
1928 2595 2073 2651 meis

424 2688 699 2744 omnibus
756 2691 950 2742 tecum
1007 2688 1173 2742 vado.
1236 2686 1557 2743 Porcellum
1617 2702 1801 2741 unum
1832 2684 2075 2756 insuper

420 2779 628 2834 habeo.
662 2777 826 2832 Hunc
857 2792 961 2849 ego
992 2793 1239 2847 coquam
1268 2780 1324 2831 et
1354 2777 1466 2831 huc
1496 2775 1600 2830 tibi
1645 2776 1903 2830 afferam.
1938 2774 2074 2829 Sine

432 2867 627 2935 frater,
663 2865 876 2937 inquit,
912 2882 1097 2921 unum
1129 2865 1284 2920 enim
1317 2880 1557 2937 porcum
1590 2881 1703 2919 non
1728 2867 2074 2920 esassuctus

428 2955 529 3011 uni
557 2955 801 3029 prandio
833 2955 1127 3020 mandere,
1161 2971 1265 3009 nec
1310 2952 1539 3025 expedit
1566 2957 1623 3008 te
1654 2953 1851 3025 aliqua
1882 2951 2074 3024 suspi-

2083 1832 2132 1898 B
2171 1870 2370 1948 {legem
2400 1884 2511 1948 non
2537 1872 2668 1948 vidi,
2696 1874 2845 1948 velut
2871 1875 3018 1926 hunc
3046 1878 3103 1929 in
3132 1893 3342 1933 carcere
3373 1884 3549 1948 plecti.

2158 548 2354 604 Iturus
2383 548 2537 605 enim
2566 554 2843 607 eratcum
2862 552 3805 628 eaHierosolymitanusexercitus

2156 654 2343 710 usque
2371 641 2733 712 Cartapetam
2765 646 3021 698 castrum
3055 643 3355 713 Balac,ubi
3384 665 3483 704 rex
3513 653 3571 705 et
3602 665 3808 723 quam-

2157 724 2357 799 plures
2389 727 2487 782 alii
2517 746 2633 783 non
2666 730 2725 784 in
2755 747 3002 797 carcere,
3053 734 3155 789 sed
3188 734 3249 790 in
3305 738 3481 793 castri
3529 740 3806 798 ﬁrmitate

2157 816 2527 871 tenebantur.
2562 818 2908 877 Benedictus
2937 826 3132 879 autem
3163 824 3593 884 situniversalis
3616 831 3809 888 Domi-

2160 921 2293 972 nus,
2328 905 2428 977 qui
2458 906 2814 964 voluntatem
2846 927 3014 966 suam
3047 917 3103 969 et
3130 919 3474 987 potestatem
3490 917 3809 979 itamodiﬁ-

2160 997 2255 1048 cat
2280 999 2343 1048 ut
2371 999 2665 1066 potentem
2697 998 2766 1054 de
2791 999 3036 1069 excelso,
3071 1020 3205 1059 cum
3230 1005 3375 1066 vult.
3406 1009 3810 1082 prazcipitet,et

2162 1083 2232 1138 de
2262 1084 2497 1154 pulvere
2530 1103 2842 1158 pauperem
2861 1090 3346 1151 sublimet?Mane
3369 1096 3809 1171 itaqueBaldui—

2163 1189 2276 1228 nus
2307 1190 2405 1228 rex
2436 1174 2761 1246 imperavit,
2795 1195 2923 1235 sero
2953 1185 3150 1237 autem
3183 1199 3384 1240 servus
3411 1189 3665 1246 servivit.
3696 1194 3807 1249 Go-

2164 1261 2419 1351 scelinus
2450 1280 2683 1337 quoque
2712 1266 3118 1326 nihilominus.
3156 1272 3364 1345 Liquet
3392 1275 3592 1351 utique
3613 1278 3674 1335 in
3696 1280 3808 1339 hoc

2164 1350 2375 1407 saculo
2407 1352 2550 1408 nihil
2582 1371 2710 1411 esse
2741 1362 2988 1425 certum,
3022 1359 3166 1416 nihil
3225 1362 3454 1433 stabile,
3489 1384 3595 1424 nec
3629 1370 3809 1427 etiam

2163 1439 2264 1495 din
2296 1446 2529 1515 gratum
2564 1462 2576 1499 :
2612 1444 2741 1500 ideo
2770 1447 3017 1502 terrenis
3045 1448 3271 1508 inhiare
3305 1471 3420 1511 non
3460 1462 3550 1513 est
3567 1459 3806 1532 bonum,

2165 1530 2265 1587 sed
2298 1547 2396 1586 cor
2424 1531 2638 1589 habere
2667 1534 2739 1589 ad
2769 1535 2951 1592 Deum
2985 1555 3217 1613 semper
3246 1542 3668 1614 intentum,nec
3681 1530 3812 1609 con-

2165 1619 2419 1676 ﬁdamus
2448 1620 2508 1676 in
2542 1623 2799 1693 caducis,
2833 1642 2938 1682 nec
2969 1626 3295 1686 alienemur
3322 1634 3383 1690 in
3408 1639 3662 1696 aeternis.

2161 1725 2277 1775 Jam
2325 1740 2467 1776 nunc
2516 1729 2862 1781 terdecimum
2910 1733 3199 1798 complens,
3248 1746 3409 1802 prout
3450 1744 3656 1797 ωε»ιίωο
3702 1749 3811 1801 lus-

3626 1819 3811 1893 [tl-um,

2172 1940 2442 2003 Signiﬁcet
2468 1943 2510 1992 si
2543 1943 2671 2006 quid
2703 1944 2891 2009 ignoro
2920 1948 3155 2011 quidem,
3187 1953 3327 2003 Deus
3360 1940 3462 2007 hoc
3495 1940 3611 2010 scit.

2777 2071 3007 2129 CAPUT
3050 2075 3213 2132 XXV.

2175 2158 2250 2212 De
2278 2156 2618 2229 expeditione
2641 2159 3280 2244 ﬂierosotﬁmitanorum,
3311 2178 3363 2226 et
3390 2174 3532 2244 quod
3558 2193 3658 2233 rea:
3701 2180 3829 2236 Bal-

2618 2231 2822 2287 dainus
2850 2234 3031 2292 denuo
3058 2239 3129 2292 sit
3161 2231 3371 2311 captus.

2249 2317 2537 2374 Euntibus
2562 2335 2699 2393 ergo
2731 2321 3271 2396 Hierosolymitanis
3301 2336 3679 2404 quorsumire
3702 2338 3826 2396 fue-

2181 2408 2270 2460 rat
2301 2409 2610 2473 statutum,
2658 2410 3060 2482 glomerantur
3096 2415 3180 2473 eis
3239 2422 3394 2492 apud
3451 2424 3824 2484 Antiochiam

2181 2494 2525 2567 Tripolitani
2557 2501 2730 2570 atque
2763 2500 3142 2559 Antiochemi.
3197 2506 3308 2564 Sed
3367 2526 3500 2567 cum
3545 2514 3829 2574 Turbezel

2182 2585 2600 2657 pervenissent,
2632 2586 2941 2646 intimatur
2968 2591 3051 2648 eis
3084 2610 3282 2668 regem
3315 2598 3509 2658 denuo
3560 2620 3689 2660 esse
3732 2623 3832 2663 ca-

2144 2758 2151 2765 .
2182 2678 2368 2765 ptum,
2402 2680 2459 2731 et
2487 2676 2765 2748 oppidum
2797 2678 2855 2733 in
2888 2697 3003 2752 quo
3034 2682 3271 2741 clausus
3299 2693 3425 2744 erat
3453 2694 3688 2749 Carram
3726 2712 3831 2751 no-

2183 2761 2491 2819 minatum.
2527 2766 2644 2821 Hoc
2671 2770 2866 2823 autem
2891 2770 3114 2841 audito,
3151 2779 3415 2833 mutatur
3434 2781 3832 2851 consilium,et

2173 2852 2419 2945 jubetur
2450 2853 2604 2911 illico
2633 2855 2779 2912 edici
2804 2858 3123 2916 reditus.Et
3141 2864 3441 2936 cupientes
3460 2869 3571 2925 sibi
3603 2872 3830 2945 aliquid

2184 2944 2478 3018 prodesse,
2512 2945 2804 3001 cornicine
2834 2947 3224 3023 signiﬁcante,
3245 2954 3605 3014 diverterunt
3630 2944 3830 3018 adiur-

427 3044 591 3101 cione
620 3044 843 3101 vicinos
872 3049 1005 3100 tuos
1026 3059 1415 3099 commovere.
1452 3065 1479 3091 ››
1512 3044 1675 3098 Tunc
1724 3042 1822 3099 ille
1866 3043 1986 3111 ivit,
2020 3047 2077 3097 et
2184 3034 2317 3091 hem
2348 3034 2637 3107 Caliptum
2663 3053 2678 3103 ;
2711 3039 2768 3091 et
2793 3041 3165 3096 vastaverunt
3191 3047 3248 3097 et
3268 3043 3835 3118 dissipaveruntom-

425 3151 560 3190 cum
590 3134 713 3191 suis
745 3134 1020 3189 omnibus
1051 3132 1203 3189 sicut
1227 3133 1556 3188 decreverat
1585 3132 1774 3188 rediit.
1806 3131 2077 3188 Ascendit
2118 3202 2145 3206 ψ
2184 3124 2283 3180 nia
2307 3141 2435 3196 quae
2463 3124 2817 3181 intrinsecus
2847 3134 3347 3199 repererunt,cum
3367 3134 3642 3206 primitus
3671 3140 3834 3198 intra

426 3240 561 3297 ergo
612 3240 808 3279 comes
857 3222 1060 3279 rustici
1091 3221 1353 3290 asellam,
1388 3221 1489 3293 qui
1538 3222 1833 3293 quandam
1865 3221 2073 3277 solitus
2105 3202 2148 3270 (ἶ
2189 3214 2405 3269 ῐῐιωῑιὶἃ
2434 3213 2703 3269 ferociter
2731 3218 2933 3271 contra
2962 3233 3062 3273 eos
3092 3236 3297 3278 omnes
3317 3202 3418 3295 qui
3449 3226 3836 3287 exierantim-

424 3316 549 3369 erat
573 3313 835 3385 equitare
865 3312 1089 3367 mulam
1118 3312 1528 3384 peroptimam,
1563 3310 1835 3382 bajulans
1857 3315 1989 3366 ante
2010 3328 2072 3366 se

423 3401 728 3469 infantem,
777 3401 1057 3455 feminam
1104 3399 1395 3466 videlicet,
1453 3404 1510 3454 et
1565 3416 1681 3454 non
1726 3416 1969 3455 marem.
2003 3400 2073 3454 Et

424 3507 602 3560 quam
635 3507 750 3545 non
781 3488 947 3543 licuit
985 3505 1281 3560 generare,
1333 3504 1399 3543 ac
1431 3488 1479 3543 si
1538 3488 1858 3559 genitorem
1907 3487 2072 3543 licuit

424 3583 671 3651 gestare.
696 3579 821 3633 Non
854 3582 918 3631 ut
947 3577 1057 3632 sibi
1090 3594 1157 3632 ex
1174 3575 1446 3649 progenie
1461 3576 2066 3649 haberetcontiguam.

425 3668 523 3722 sed
559 3671 622 3721 ut
652 3682 816 3738 spem
843 3665 1142 3720 ﬁliationis
1172 3664 2071 3722 nescientibusmonstraretesse

423 3760 661 3810 certam.
697 3756 807 3810 Sed
842 3771 974 3810 cum
1008 3754 1276 3825 coepisset
1306 3754 1498 3809 infans
1530 3753 1809 3826 plorando
1827 3758 1882 3810 et
1910 3756 2068 3810 voci-

424 3844 662 3899 ferando
693 3844 964 3899 comitem
997 3843 1231 3913 assidue
1262 3842 1709 3910 molestare,nec
1722 3848 1921 3915 posset
1938 3861 2067 3900 eam

422 3931 541 3988 ullo
575 3933 746 3988 modo
779 3948 1003 4005 pacare,
1038 3947 1143 3986 nec
1172 3931 1371 3987 aderat
1421 3930 1591 3986 altrix
1644 3948 1771 4003 qua:
1802 3931 2065 4003 lactaret,

421 4026 521 4078 aut
551 4039 678 4094 quae
710 4020 1062 4077 fescenninis
1094 4019 1393 4086 mulceret,
1427 4019 1741 4076 meditatus
1774 4025 1864 4076 est
1893 4022 2066 4078 colle-

416 4111 577 4184 gium
607 4112 681 4166 ob
712 4110 768 4165 id
802 4111 852 4165 ei
884 4110 1029 4165 forte
1057 4109 1389 4165 nociturum
1420 4108 1664 4165 timidus
1695 4110 1978 4176 deserere,
2012 4116 2069 4167 et

418 4199 769 4272 segregatim
799 4197 984 4254 tutius
1015 4198 1297 4255 incedere.
1346 4198 1457 4254 Sed
1502 4215 1636 4253 cum
1680 4198 1789 4254 hoc
1824 4199 2069 4256 advertit

416 4287 635 4343 rustico
668 4287 993 4360 displicere,
1029 4286 1216 4341 noluit
1246 4304 1381 4342 eum
1412 4288 1779 4355 conturbare,
1805 4289 1903 4344 sed
1938 4305 2065 4360 per-

416 4375 700 4432 severavit
729 4376 788 4430 in
820 4380 1007 4448 ccepto
1040 4375 1339 4430 labore.Et
1366 4392 1499 4430 cum
1532 4377 1887 4448 pervenisset
1916 4379 2065 4432 Tur-

416 4464 595 4532 bezel,
630 4464 836 4520 talium
869 4465 1169 4536 hospitum
1203 4463 1331 4519 lzeta
1380 4465 1492 4519 fuit
1536 4464 1705 4520 valde
1748 4468 2062 4539 susceptio.

2180 3302 2611 3375 pulissent.Sed
2643 3320 2776 3359 cum
2808 3321 2911 3376 par
2939 3310 3193 3378 quatuor
3251 3310 3377 3368 dies
3418 3312 3498 3369 ibi
3532 3323 3833 3377 morantes

2180 3392 2261 3447 nil
2292 3390 2549 3464 amplius
2582 3392 2877 3462 fecissent,
2910 3395 2981 3450 ad
3014 3412 3124 3453 sua
3162 3415 3421 3458 remeare
3471 3407 3830 3477 statuerunt,

2172 3483 2299 3553 jam
2331 3480 2744 3537 alimoniorum
2776 3484 3019 3554 penuria
3065 3488 3274 3543 vexati.
3308 3490 3649 3552 Goscelinus
3693 3513 3834 3554 vero

2179 3587 2372 3625 comes
2405 3570 2462 3624 in
2495 3570 2785 3627 territorio
2824 3572 3182 3632 Antiocheno
3233 3581 3372 3635 tunc
3421 3585 3724 3640 remansit.
3762 3587 3839 3642 Et

2179 3675 2314 3714 cum
2344 3675 2532 3730 usque
2592 3659 3003 3717 Ptolemaidam
3051 3668 3300 3737 regressi
3356 3668 3626 3739 fuissent,
3660 3678 3833 3730 ante-

2178 3764 2356 3820 quam
2388 3748 2594 3804 afﬁnes
2625 3749 2925 3805 Sarraceni
2956 3751 3065 3807 hoc
3096 3754 3830 3825 advertissent,Jordanem

2179 3838 2375 3893 subito
2422 3836 2629 3893 itinere
2675 3839 3053 3896 transierunt.
3090 3843 3160 3898 Et
3198 3861 3330 3900 cum
3381 3864 3482 3919 per
3526 3850 3831 3923 regionem

2175 3925 2359 3992 illam,
2393 3942 2521 3997 quis
2552 3928 2734 3982 monti
2768 3928 2983 3984 Galaad
3016 3934 3073 3984 et
3115 3933 3340 3990 Arabia
3387 3937 3665 4010 contigua
3710 3945 3828 4008 est,

2176 4015 2700 4087 percucurrissent,
2731 4022 2788 4070 ct
2818 4017 2887 4072 de
2919 4018 3378 4079 Saraacenorum
3410 4029 3658 4100 utroque
3680 4046 3829 4087 sexu

2177 4102 2497 4175 bestiisque
2528 4102 2800 4175 plurimis
2819 4122 3022 4178 greges
3035 4107 3583 4180 diripuissent,cum
3600 4114 3828 4191 ingenti

2176 4209 2342 4248 carra
2371 4190 2727 4247 camelorum
2759 4198 2932 4264 atpue
2957 4194 3173 4266 ovium,
3198 4198 3491 4258 infantum
3510 4190 3830 4278 quoqueac

2174 4280 2852 4352 puberum,Tiberiadem
2885 4282 2968 4338 eis
3016 4285 3343 4356 proximam
3396 4290 3717 4362 redierunt,
3769 4299 3835 4351 et

2174 4369 2482 4442 dispertito
2514 4386 2618 4441 pro
2650 4386 2809 4426 more
2839 4371 3088 4427 invicem
3120 4374 3430 4447 elemento,
3455 4380 3828 4440 Hierusalem

2175 4458 2434 4530 undique
2465 4463 2879 4527 convenerunt,
2912 4465 2969 4516 et
2998 4479 3229 4519 crucem
3261 4465 3492 4523 Domini
3507 4468 3829 4529 allatamin

416 4554 641 4609 Gaudet
669 4553 886 4626 quippe
918 4570 1081 4620 uxor,
1116 4552 1367 4608 exsultat
1397 4552 1635 4608 familia.
1674 4554 1789 4609 Nec
1820 4556 2065 4628 ambigit
2095 4570 2143 4632 Β
2175 4548 2296 4604 Ιοοο
2330 4563 2434 4602 suo
2470 4550 3060 4618 reposuerunt.Nunc
3090 4556 3286 4609 autem
3316 4557 3522 4613 reverti
3555 4558 3721 4616 decet
3749 4562 3827 4618 ad

416 4648 617 4699 nostra
644 4641 1000 4698 conscientia
1031 4646 1251 4713 quanta
1280 4640 1507 4714 gloriati
1542 4642 1657 4696 sint
1688 4659 1891 4699 omnes
1921 4643 2062 4699 laeti-

328 4794 353 4805 Α
415 4733 517 4799 tia,
554 4735 611 4787 et
639 4735 870 4803 quantae
916 4729 1183 4802 lacrymze
1240 4747 1355 4803 prae
1406 4730 1622 4802 gaudio
1655 4730 1985 4788 funduntur
2013 4739 2071 4790 et

416 4811 669 4865 affluunt
699 4810 975 4882 suspiria.
1009 4811 1099 4864 Fit
1127 4810 1303 4865 etiam
1336 4809 1553 4865 rustico
1584 4810 1826 4867 indilate
1855 4812 1925 4868 de
1967 4814 2069 4869 bu-

414 4897 663 4953 militate
692 4899 869 4971 digna
896 4898 1423 4953 remuneratio.Pro
1456 4915 1570 4953 uno
1589 4898 1918 4973 boumjugo
1937 4919 2068 4960 con-

412 4988 578 5044 tinuo
611 4986 826 5058 recepit
856 4988 991 5041 duo.
1026 4987 1139 5042 Sed
1171 4987 1310 5057 quia
1336 5003 1449 5041 non
1483 4986 1740 5058 oportuit
1761 4988 1818 5043 in
1849 4989 1942 5046 his
1963 4993 2063 5049 diu

413 5076 650 5143 morari,
686 5091 878 5129 comes
899 5074 1136 5129 indilate
1166 5074 1268 5128 ivit
1296 5074 1900 5145 Antiochiam,deinde
1930 5081 2061 5137 Hie-

412 5165 687 5221 rusalem.
739 5163 808 5217 Et
865 5163 1105 5217 redditis
1164 5162 1281 5217 illic
1338 5163 1552 5218 debitis
1593 5166 1703 5219 Deo
1734 5168 2056 5237 gratiarum

410 5253 760 5316 actionibus,
794 5250 1003 5305 obtulit
1015 5250 1279 5324 geminas
1293 5253 1600 5322 compedes
1615 5270 1812 5309 secum
1828 5254 2053 5326 allatas,

410 5359 559 5413 quas
590 5341 791 5395 devote
822 5339 880 5393 in
913 5344 1110 5394 monte
1140 5339 1351 5394 obtulit
1381 5339 1672 5408 Calvariaa,
1709 5343 1780 5398 ad
1833 5362 2058 5401 memo-

411 5429 559 5484 riam
590 5428 961 5500 captionis,et
989 5429 1059 5483 ad
1092 5428 1339 5501 gloriam
1372 5445 1489 5484 suae
1522 5428 2057 5490 liberationis.Unte

412 5517 649 5590 quidem
684 5518 919 5572 fuerunt
948 5518 1163 5585 ferreae,
1198 5517 1385 5573 alieraa
1416 5535 1548 5574 vero
1587 5525 1889 5591 argenteae.
1924 5523 2060 5580 Post

412 5605 673 5663 triduum
706 5610 899 5664 autem
932 5605 1065 5664 exiit
1095 5608 1164 5663 de
1198 5606 1951 5674 Hierusalem,Dominicam
1966 5629 2056 5669 se-

2173 4637 2230 4692 id
2258 4636 2414 4709 quod
2445 4633 2877 4707 aliquantulum
2911 4641 3427 4710 praetermiseram.

2772 4743 3000 4801 CAPUT
3039 4747 3232 4804 XXVI.

2180 4831 2447 4901 Quomodo
2474 4832 2642 4888 Balac
2681 4849 2861 4904 regem
2915 4834 3200 4902 obsedit,et
3255 4855 3381 4895 eum
3424 4839 3600 4898 denuo
3634 4844 3693 4897 in
3722 4861 3824 4900 cu-

2776 4904 3012 4962 stodiam
3040 4908 3210 4965 misit.

2245 4994 2390 5049 Cum
2420 4993 2683 5049 audisset
2714 4991 2885 5048 Balac
2917 4996 3072 5066 quod
3106 4998 3261 5069 apud
3290 4999 3657 5074 Cartapetam
3679 5020 3825 5060 con-

2170 5082 2398 5156 tigerat,
2432 5086 2491 5137 et
2521 5082 3015 5153 quemadmodum
3048 5101 3244 5143 comes
3274 5087 3615 5146 Goscelinus
3636 5090 3707 5148 de
3729 5110 3826 5151 ca-

2167 5173 2361 5244 ptione
2413 5176 2693 5239 evaserat,
2737 5172 3087 5243 quantocius
3130 5177 3322 5247 potuit
3377 5176 3521 5234 illuc
3576 5179 3659 5236 ire
3698 5198 3822 5239 non

2167 5259 2412 5316 distulit.
2446 5260 2515 5314 Et
2546 5275 2740 5332 regem
2772 5259 2984 5317 blande
3016 5267 3157 5319 tunc
3191 5264 3507 5333 allocutus,
3538 5269 3827 5342 ﬂagitavit

2167 5356 2232 5405 ut
2262 5349 2527 5404 redderet
2558 5347 2607 5404 ei
2628 5348 2934 5404 castellum
2961 5367 3135 5407 suum
3149 5353 3255 5423 tali
3274 5354 3823 5426 pactione,ut,datis

2167 5437 2470 5493 obsidibus
2500 5436 2721 5501 electis,
2755 5454 2888 5493 eum
2921 5438 3184 5510 quietum
3218 5443 3379 5500 abire
3431 5444 3814 5517 permitteret,

2167 5530 2226 5581 et
2255 5542 2440 5598 usque
2471 5525 2751 5580 Edessam
2782 5525 2869 5581 vel
2901 5528 3270 5587 Antiochiam
3302 5532 3558 5589 ﬁdeliter
3574 5533 3711 5591 duci
3731 5535 3820 5593 fa-

2167 5612 2615 5685 ceret.Alioquin
2645 5612 2732 5670 vel
2763 5613 2864 5669 uni
2896 5632 3120 5689 eorum,
3153 5619 3242 5676 vel
3294 5621 3564 5680 ambolus
3614 5624 3676 5681 in
3710 5624 3818 5684 de-
