3994 6066
174 292 291 358 917

904 293 1321 358 FULCHERII
1366 292 1701 357 CABNOT.
1746 290 1953 356 HIST.
1998 292 2407 358 HIEROSOL.
2443 329 2520 340 —
2551 293 2698 357 LIB.
2742 291 2847 357 III.

3460 292 3580 359 918

171 428 355 487 terius
387 429 619 485 fortuna
649 427 925 501 prodiret.
947 428 1058 483 Sed
1090 445 1223 484 cum
1257 445 1355 484 rex
1383 428 1493 484 hoc
1510 429 1823 485 concedere
1850 425 1907 491 Α
1935 426 2027 481 via
2058 444 2361 500 nunquam
2394 429 2767 485 mansuefieri
2797 431 3131 501 potuerunt,
3176 426 3347 486 nobis
3396 428 3581 488 facere

176 518 372 587 nollet,
405 519 530 573 diro
561 519 834 574 efferatus
863 517 1080 585 animo,
1117 517 1287 574 Balac
1318 517 1579 573 minatus
1628 522 1718 574 est
1766 523 1822 573 et

176 625 371 680 regem
411 612 468 664 et
496 613 756 664 castrum
797 606 1079 664 violenter
1118 608 1629 680 comprehendere,
1663 610 1720 663 et
1750 608 1822 662 de

175 697 428 753 inimicis
458 698 582 753 suis
627 696 945 753 vindictam
988 696 1189 769 procul
1233 697 1408 753 dubio
1462 697 1667 752 facere.
1712 696 1819 762 Qui

165 787 350 859 jussit
376 786 532 842 illico
556 802 970 859 rupem,super
1000 803 1178 858 quam
1199 786 1375 841 situm
1396 790 1516 841 erat
1538 790 1817 853 castrum,

173 876 427 943 subfodi,
462 880 519 931 et
550 892 651 947 per
671 875 977 932 cumulum
1005 876 1255 931 sudibus
1305 875 1610 947 dispositis
1645 893 1821 948 opera

173 965 477 1038 suspendi,
504 964 780 1037 illataque
813 964 955 1020 silva
986 965 1182 1038 ignem
1214 964 1483 1042 immitti,
1511 964 1818 1020 Suecensis

172 1059 369 1111 autem
402 1053 970 1122 fulcimentis,cavea
1002 1060 1237 1127 repente
1258 1055 1617 1117 subsedit,et
1638 1054 1817 1109 turris

172 1145 442 1217 quaedam
475 1142 611 1199 huic
641 1143 911 1199 incendio
939 1144 1201 1216 proxima
1222 1161 1358 1200 cum
1380 1160 1595 1216 magno
1618 1142 1816 1198 sonitu

173 1234 406 1290 decidit.
422 1233 616 1289 Primo
646 1233 883 1305 quidem
901 1250 1033 1289 cum
1054 1233 1287 1306 pulvere
1312 1235 1510 1290 fumus
1532 1232 1816 1290 excitatus

171 1328 280 1391 est,
317 1341 449 1380 cum
479 1324 673 1397 ignem
705 1323 876 1379 ruina
906 1324 1296 1381 concluderet.
1323 1326 1435 1381 Sed
1468 1328 1670 1397 postea
1693 1340 1815 1378 ma-

170 1413 337 1479 teria,
353 1430 481 1486 quae
507 1413 896 1486 premebatur,
914 1413 1153 1469 ﬂamma
1168 1415 1294 1485 jam
1318 1413 1816 1486 elariorapparere

171 1503 361 1576 cmpit,
391 1506 447 1558 et
476 1501 762 1574 repentini
794 1502 927 1557 facti
960 1519 1155 1575 regem
1181 1509 1425 1575 occupat
1457 1507 1680 1575 stupor,
1716 1501 1815 1574 qui

169 1594 323 1650 hanc
349 1590 705 1647 molitionem
719 1608 867 1664 aegre
892 1591 1127 1659 ferebat,
1144 1597 1200 1647 et
1232 1594 1312 1648 ita
1338 1609 1470 1664 spes
1492 1609 1623 1647 eum
1649 1609 1817 1647 cassa

170 1680 413 1749 refrixit,
442 1698 616 1753 quem
638 1684 838 1736 tantus
869 1699 1041 1737 casus
1073 1682 1299 1737 terruit.
1333 1682 1533 1754 Itaque
1564 1686 1683 1736 tota
1703 1681 1814 1736 vir-

169 1775 291 1826 tute
335 1786 445 1825 sua
475 1784 610 1823 cum
640 1784 816 1823 sensu
852 1769 1096 1840 perdita,
1132 1786 1229 1823 rex
1259 1773 1314 1823 et
1346 1769 1435 1824 sui
1490 1768 1810 1823 clementiae
1848 1797 1895 1861 Β

170 1858 341 1916 Balac
373 1856 669 1930 supplices
699 1856 913 1912 addicti
941 1862 1107 1924 sunt,
1132 1856 1277 1912 nihil
1312 1857 1423 1911 nisi
1457 1856 1811 1929 supplicium

169 1949 496 2006 secundum
527 1946 738 2002 merita
760 1949 1180 2018 exspectantes.
1200 1946 1339 2019 Regi
1360 1951 1554 2002 tamen
1586 1946 1816 2001 indulta

166 2038 289 2093 vita
320 2036 596 2109 pepercit,
631 2040 689 2091 et
720 2034 953 2091 cuidam
981 2034 1174 2107 nepoti
1206 2052 1332 2100 suo,
1352 2034 1529 2090 simul
1555 2035 1728 2090 etiam
1757 2039 1815 2091 et

167 2126 559 2183 Gualeranno.
590 2123 897 2181 Armenios
927 2129 1144 2190 autem,
1172 2125 1274 2197 qui
1322 2125 1661 2196 adjumento
1693 2125 1810 2197 regi

168 2221 374 2273 contra
404 2214 575 2271 Balac
604 2214 967 2279 exstiterant,
996 2213 1143 2269 alios
1193 2214 1432 2285 quidem
1483 2214 1812 2286 suspendit,

169 2307 317 2363 alios
346 2322 480 2362 vero
511 2303 1142 2375 excoriavit,quosdam
1176 2319 1383 2375 nempe
1413 2320 1515 2375 per
1555 2302 1813 2359 medium

167 2413 308 2454 ense
339 2394 563 2451 cecidit.
599 2394 812 2465 Regem
843 2396 1040 2449 autem
1092 2410 1227 2448 cum
1276 2393 1468 2448 tribus
1505 2394 1575 2449 de
1623 2393 1749 2449 suis
1786 2410 1817 2448 e

169 2490 363 2542 castro
392 2483 581 2555 ejecit,
613 2488 668 2539 et
693 2483 765 2538 ad
798 2482 1041 2538 Carrum
1073 2481 1366 2539 civitatem
1399 2483 1609 2537 adduci
1661 2481 1812 2537 fecit.

167 2576 238 2631 Et
267 2574 410 2647 quia
437 2571 637 2646 procul
670 2590 703 2627 a
728 2571 895 2627 nobis
927 2572 1079 2626 facta
1109 2571 1229 2626 haec
1261 2572 1631 2636 aberant,vix
1652 2572 1818 2626 certi-

169 2665 442 2721 tudinem
492 2662 572 2718 rei
614 2661 914 2717 addiscere
964 2666 1320 2733 poteramus.
1375 2660 1813 2724 Verumtamen,

170 2770 350 2827 quam
380 2752 576 2807 verius
608 2751 788 2823 potui,
821 2768 856 2805 a
885 2750 1236 2806 relatoribus
1280 2749 1425 2805 mihi
1479 2749 1815 2805 intimatum

169 2843 385 2900 chartae
416 2840 837 2897 commendavi.

167 2932 251 2982 Sic
279 2931 474 2995 pluviis
502 2934 648 2979 artus
676 2928 979 2979 sitibundus
1009 2929 1205 2979 desinit
1232 2941 1426 2978 annus.

168 3003 323 3053 Unde
357 3000 706 3063 llierosolymi
736 3001 923 3049 crebro
948 3004 1074 3050 sunt
1103 3014 1375 3049 murmure
1404 2999 1593 3062 questi.

167 3075 329 3124 Gesta
358 3076 547 3136 quater
575 3072 741 3120 denos
772 3074 998 3120 currunt
1025 3070 1130 3119 huc
1160 3085 1328 3134 usque
1360 3084 1455 3132 per
1482 3084 1651 3119 annos

168 3147 293 3196 Post
323 3144 424 3193 iter
454 3143 741 3205 inemptum
772 3142 1068 3205 peregrinis
1101 3141 1335 3205 undique
1368 3145 1571 3190 notum.

740 3228 973 3285 CAPUT
1011 3229 1233 3284 XXVII.

529 3314 602 3367 De
636 3313 766 3383 Tyri
794 3311 1075 3365 obsidione
1095 3318 1433 3383 praeparata.

238 3415 408 3468 Anno
435 3428 469 3465 a
517 3409 757 3466 Domino
787 3409 927 3464 Jesu
962 3412 1097 3463 nato
1132 3409 1438 3477 1124,cum
1472 3406 1672 3464 Natale
1702 3407 1818 3463 Sal-

162 3502 386 3559 vatoris
416 3506 537 3555 tam
570 3501 629 3555 in
664 3497 997 3553 Bethlehem
1031 3516 1210 3570 quam
1244 3499 1299 3553 in
1336 3498 1722 3565 Hierusalem,
1758 3504 1823 3553 ut

164 3592 385 3653 decuit,
407 3587 995 3652 celebrassemus,cui
1031 3587 1349 3643 celebritati
1380 3589 1494 3643 dux
1524 3588 1822 3643 Venetico-

168 3698 301 3737 rum
318 3696 454 3735 cum
473 3678 598 3734 suis
615 3678 817 3731 devote
831 3675 1113 3744 interfuit,
1131 3678 1537 3731 confirmatum
1562 3681 1650 3732 est
1663 3694 1821 3733 com-

168 3770 337 3825 muni
356 3772 411 3823 et
428 3766 681 3840 gratuita
708 3764 1002 3819 voluntate
1025 3764 1136 3819 sub
1152 3765 1821 3834 jurejurando,obsidio-

170 3875 308 3914 nem
344 3856 500 3912 circa
529 3856 747 3927 Tyrum
776 3851 863 3908 vel
894 3852 1237 3908 Ascalonem
1270 3858 1397 3924 psst
1434 3854 1821 3926 Epiphaniam

169 3962 363 4021 agere.
395 3945 507 4000 Sed
539 3942 677 4015 quia
708 3959 816 3996 nos
852 3941 1108 4013 pecuniae
1135 3940 1332 4012 inopia
1356 3943 1655 3997 universos
1684 3949 1823 3997 tunc

173 4031 745 4105 arcebat,colligitur
776 4030 962 4085 multa
988 4029 1211 4084 viritim
1243 4030 1824 4086 militiazetclientelze

173 4122 537 4182 conductivze
567 4119 973 4192 impertienda.
991 4119 1114 4173 Non
1134 4119 1292 4173 enim
1312 4123 1577 4191 poterant
1592 4124 1824 4176 tantum

176 4212 482 4287 negotium
548 4210 672 4265 sine
738 4208 1028 4264 donativis
1094 4208 1382 4279 expedire.
1437 4210 1825 4275 Quamobrem

175 4302 441 4376 oportuit
472 4317 577 4355 nos
607 4298 782 4353 etiam
816 4296 1158 4369 pretiosiora
1187 4297 1450 4351 Ecclesiae
1503 4298 1827 4372 Hierosoly-

178 4391 415 4447 mitana:
449 4390 791 4444 ornamenta
820 4385 1143 4457 colligendo
1184 4385 1538 4442 numismate
1580 4388 1830 4443 credito-

179 4481 348 4537 ribus
379 4476 772 4551 oppignerari.
807 4474 990 4547 Igitur
1038 4475 1190 4530 sicut
1229 4474 1671 4533 interminatum
1722 4480 1829 4544 est,

185 4574 243 4625 et
293 4568 400 4625 ubi
441 4565 811 4621 nominatum
858 4567 965 4631 est,
1001 4563 1263 4635 undique.
1291 4571 1681 4621 csnvenerunt
1711 4584 1834 4621 om-

185 4676 311 4714 nes.

183 4749 316 4797 Cum
348 4751 428 4795 ter
455 4745 604 4794 fusor
631 4756 784 4806 aqua:
818 4741 991 4791 valido
1020 4746 1298 4806 reparatur
1327 4744 1391 4793 ab
1422 4744 1562 4806 igne,

184 4818 343 4869 Plebs
372 4815 438 4865 de
469 4814 798 4864 Hierusalem
828 4814 1187 4862 communiter
1215 4814 1324 4863 exit
1353 4815 1407 4862 in
1438 4814 1662 4864 hostem.

186 4889 299 4940 Hoc
328 4888 390 4937 ﬁt
417 4892 472 4936 et
499 4887 553 4935 in
582 4885 757 4948 prima
783 4884 935 4941 feria,
965 4884 1095 4934 luna
1122 4898 1334 4948 quoque
1365 4885 1551 4948 prima.

765 4965 993 5020 CAPUT
1034 4964 1276 5020 XXVIII.

188 5045 465 5119 Quomodo
499 5048 667 5117 Tyrus
693 5062 725 5100 a
752 5046 1069 5117 patriarcha
1089 5052 1187 5100 ειη
1224 5046 1484 5101 Veneticis
1513 5045 1723 5101 obsessa
1746 5050 1835 5102 sit.

258 5137 465 5207 Itaque
494 5133 945 5206 Achonprofecti
972 5133 1392 5205 disposuerunt
1422 5152 1539 5188 una
1568 5152 1703 5189 cum
1740 5135 1842 5189 Ve-

192 5224 405 5282 neticis
437 5225 654 5296 Tyrum
682 5223 844 5277 adire
874 5227 931 5277 et
968 5221 1254 5278 obsidere.
1288 5223 1625 5279 Patriarcha
1669 5224 1846 5296 igitur

190 5331 328 5371 cum
362 5312 489 5368 suis
519 5311 925 5378 subditis,dux
954 5329 1085 5367 vero
1128 5328 1264 5366 cum
1302 5312 1496 5367 nautis
1519 5316 1574 5367 et
1596 5313 1845 5367 navibus

192 5405 321 5459 suis
349 5403 559 5457 urbem
592 5402 811 5473 Tyrum
840 5401 1107 5456 obsidere
1135 5419 1208 5457 xv
1239 5401 1475 5457 Kalend.
1514 5402 1706 5457 Martii
1750 5419 1846 5457 ac-

193 5493 526 5559 cinxerunt,
569 5491 902 5546 introeunte
953 5494 1091 5545 tunc
1140 5490 1331 5546 Pisces
1380 5492 1497 5547 sole
1545 5492 1841 5563 gemellos.

195 5581 315 5638 Hoc
366 5583 566 5636 autem
615 5579 836 5648 audito,
863 5578 1230 5647 Ascalonitze,
1263 5581 1362 5650 qui
1411 5580 1583 5636 solita
1626 5588 1845 5653 proter-

1932 516 2212 571 damnum
2229 535 2331 589 pro
2353 535 2526 589 posse
2551 536 2665 573 non
2679 517 3059 574 distulerunt.
3083 520 3348 585 Quadam
3364 519 3581 591 quippe

1930 606 2044 672 die,
2094 606 2382 677 tripartito
2438 608 2690 664 exercitu
2742 624 2871 674 suo,
2918 607 3202 678 majorem
3254 607 3581 665 cohortium

1930 712 2173 750 suarum
2206 700 2430 767 partem
2461 696 2824 752 Hierusalem
2857 696 3248 767 adduxerunt,
3272 696 3371 769 qui
3393 713 3583 752 exem-

1929 784 2023 856 plo
2050 788 2176 840 octo
2208 784 2475 841 homines
2504 790 2664 841 extra
2685 786 2910 854 urbem,
2928 785 3027 857 qui
3056 784 3253 841 vineas
3272 785 3577 858 putabant,

1928 875 2171 928 truciter
2218 879 2611 947 peremerunt.
2648 876 2907 940 Quorum
2962 874 3212 929 adventu
3261 877 3575 947 comperto,

1928 980 2105 1035 super
2136 981 2328 1019 arcem
2362 963 2596 1019 Davidis
2627 964 2771 1018 tuba
2800 979 2934 1018 mox
2954 962 3352 1029 intonuit,hoc
3383 963 3574 1021 nobis.

1929 1052 2289 1124 signiﬁcans.
2341 1054 2409 1107 Et
2458 1053 2835 1124 procedentes
2882 1052 3162 1107 adversus
3212 1068 3310 1107 eos
3369 1052 3574 1108 Franci

1926 1141 2111 1196 nostri
2142 1146 2317 1213 atque
2348 1141 2788 1213 Syri,audacter
2818 1140 3188 1195 obstiterunt.
3221 1140 3290 1195 Et
3319 1156 3453 1196 cum
3474 1141 3575 1196 tri-

1926 1230 2037 1285 bus
2050 1230 2162 1285 diei
2182 1230 2341 1286 horis
2370 1229 2652 1285 alterutro
2674 1234 2989 1302 conspectu
3003 1230 3075 1285 ad
3103 1228 3343 1284 taedium
3367 1246 3428 1285 se
3449 1229 3576 1286 fati-

1926 1324 2186 1392 gassent,
2235 1319 2453 1374 effectis
2520 1319 2954 1392 quamplurinis
3025 1318 3331 1387 sauciatis,
3378 1319 3572 1374 mmsti

1927 1408 2215 1474 abierunt,
2266 1408 2451 1464 nostri
2500 1408 2791 1481 siquidem
2849 1407 3135 1479 paulatim
3179 1424 3279 1464 eos
3326 1407 3574 1464 insecuti

1927 1501 2085 1552 sunt.
2115 1499 2183 1552 Et
2222 1498 2362 1568 quia
2410 1496 2698 1552 militibus
2746 1497 3040 1564 carebant,
3074 1496 3322 1553 insidias
3372 1513 3573 1552 eorum

1924 1586 2111 1651 veriti,
2136 1602 2249 1640 non
2283 1589 2786 1657 prmsumpserunt
2810 1602 2908 1641 eos
2938 1585 3040 1641 diu
3070 1585 3362 1658 sequi.Ad
3395 1588 3576 1642 extre-

1926 1692 2089 1729 mum
2120 1679 2315 1730 tamen
2334 1675 2405 1729 dc
2426 1674 2715 1746 capitibus
2746 1691 2948 1730 eorum
2979 1674 3299 1747 amputatis
3329 1678 3577 1747 septem-

1925 1770 1979 1819 et
1998 1765 2197 1819 decem
2220 1767 2441 1818 retenta
2454 1767 2610 1831 sunt,
2627 1763 2986 1836 totidemque
3008 1763 3162 1836 equi.
3183 1765 3328 1819 Tres
3348 1763 3574 1835 equites

1924 1853 2057 1917 vivi,
2094 1852 2190 1907 alii
2222 1870 2353 1908 vero
2379 1870 2447 1907 ex
2494 1852 2577 1907 eis
2625 1857 2764 1908 sunt
2814 1853 3009 1908 occisi.
3040 1853 3204 1919 Quod
3256 1853 3306 1908 si
3357 1851 3575 1908 milites

1924 1940 2480 2013 haberemus,pauci
2515 1958 2582 1996 ex
2612 1941 2696 1996 eis
2726 1941 3391 2014 evasissent.Equitatus
3414 1940 3573 1996 enim

1924 2034 2123 2086 noster
2150 2030 2209 2085 in
2261 2030 2517 2085 exercitu
2562 2034 2705 2085 erat.
2739 2030 2900 2085 Tunc
2948 2030 3099 2086 Deus
3146 2029 3445 2098 laudatur,
3478 2029 3571 2084 cui

1925 2135 2045 2175 sem
2056 2136 2157 2192 per
2176 2118 2308 2174 laus
2337 2118 2600 2173 debetur.

2510 2207 2739 2263 CAPUT
2777 2207 2967 2263 XXIX.

2314 2299 2389 2353 De
2421 2298 2579 2369 Tyro,
2612 2304 2663 2351 et
2690 2296 2808 2367 ejus
2835 2297 3143 2352 nobilitate.

1997 2387 2224 2441 Interea
2272 2384 2383 2440 loci
2432 2388 2899 2457 coangustantur
2947 2384 3101 2458 Tyrii
3153 2385 3213 2440 in
3275 2386 3420 2442 urbe
3467 2404 3577 2443 sua

1926 2476 2187 2547 proxime
2234 2474 2468 2541 inclusi,
2518 2491 2625 2529 nec
2670 2491 2873 2546 pacem
2912 2479 3257 2545 quaerentes,
3293 2492 3399 2531 nec
3447 2476 3573 2548 capi

1927 2564 2217 2619 cedentes.
2251 2562 2480 2618 Divitiis
2510 2563 2667 2617 enim
2699 2562 2980 2634 opulenti,
3007 2567 3064 2617 et
3093 2562 3275 2619 maris
3303 2564 3575 2635 praesidio

1928 2651 2306 2720 circumfulti,
2324 2656 2755 2707 consueverunt
2783 2667 3013 2724 semper
3033 2667 3161 2707 esse
3190 2651 3427 2725 ingrati.
3446 2653 3577 2708 Haec

1928 2746 2016 2798 est
2046 2742 2284 2813 quidem
2314 2740 2541 2796 cunctis
2575 2741 2985 2813 urbibus,quae
3017 2741 3077 2796 in
3100 2744 3254 2797 terra
3284 2745 3423 2799 sunt
3444 2758 3575 2814 pro-

1929 2831 2254 2896 missionis,
2279 2829 2459 2884 ditior
2487 2834 2543 2885 et
2563 2829 2834 2898 nobilior,
2851 2834 3060 2903 praeter
3087 2831 3449 2905 Azor,quam
3471 2849 3574 2887 an-

1928 2920 2182 2992 tiquitus
2212 2917 2384 2975 Jabin
2432 2936 2531 2973 rex
2571 2918 3032 2975 Chananaeorum
3082 2920 3364 2993 possedit,
3395 2937 3575 2993 quam

1928 3009 2111 3065 Josue
2142 3010 2346 3081 postea
2367 3024 2499 3062 cum
2530 3006 2802 3079 plurimis
2833 3008 3293 3075 dextruxit.Quze
3312 3009 3571 3082 quidem,

1931 3102 1995 3153 ut
2024 3096 2621 3169 legimus,nongentis
2650 3095 2911 3152 turribus
2941 3096 3170 3152 munita
3214 3096 3577 3170 gloriabatur

1851 3169 1893 3233 (ἶ
1932 3187 2075 3259 (Jud,
2106 3203 2183 3252 IN,
2205 3186 2339 3256 2,3).
2370 3184 2659 3256 Iosephus
2689 3188 2885 3240 autem
2918 3185 3029 3240 tria
3075 3169 3265 3241 millia
3293 3203 3574 3242 curruum

1927 3276 2271 3331 falcatorum
2304 3273 2483 3329 fuisse
2507 3278 2723 3328 narrat.
2770 3275 3143 3329 Armatorum
3161 3290 3295 3329 vero
3317 3274 3577 3331 trecenta

1928 3363 2131 3431 millia,
2150 3369 2205 3417 et
2224 3364 2420 3418 decem
2445 3361 2631 3418 millia
2650 3362 2914 3434 equitum
2928 3362 3210 3431 habebat;
3234 3362 3578 3434 eujusmili-

1929 3454 2021 3508 tiae
2053 3452 2250 3507 Sisara
2280 3452 2398 3506 dux
2427 3451 2668 3506 exstitit.
2701 3455 2799 3504 Ha:
2831 3451 3007 3506 urbes
3038 3452 3228 3523 Tyrus
3257 3455 3316 3507 et
3342 3452 3489 3508 Azor
3516 3451 3576 3507 in

1930 3546 2083 3597 terra
2114 3540 2451 3595 thnicum
2495 3541 2731 3595 fuerunt
2780 3539 3082 3595 institutas.
3116 3540 3246 3595 Haec
3294 3539 3578 3597 institori-

1930 3633 2043 3687 bus
2071 3635 2127 3686 et
2148 3629 2643 3703 negotiationibus
2670 3629 3070 3686 munitissima
3094 3648 3108 3699 ;
3144 3629 3247 3685 illa
3270 3646 3404 3686 vero
3444 3630 3578 3686 inﬁ-

1932 3721 2054 3775 nita
2085 3723 2255 3791 gente
2282 3717 2585 3791 populosa.
2606 3718 2736 3774 Hazc
2757 3718 2817 3773 in
2844 3718 3070 3774 marino
3101 3718 3292 3774 littore
3322 3719 3463 3788 sita;
3482 3718 3585 3777 illa

1930 3826 2064 3864 vero
2094 3807 2153 3862 in
2187 3808 2619 3880 campestribus
2652 3811 2739 3862 est
2764 3806 3063 3863 collocata.
3082 3808 3324 3874 Quando
3350 3808 3583 3864 Gedeon

1931 3896 2263 3952 vindicabat
2295 3895 2491 3961 Israel,
2524 3899 2663 3950 tunc
2692 3895 2973 3968 temporis
3000 3895 3186 3968 Tyrus
3217 3896 3452 3952 condita
3472 3897 3586 3953 fuit

1934 3985 2107 4060 paulo
2138 3989 2272 4040 ante
2299 3983 2605 4040 Herculem
2641 4002 2675 4039 a
2704 3984 3092 4040 thnieibus.
3131 3984 3278 4041 Urbs
3322 3985 3482 4041 enim
3522 3986 3583 4041 in

1935 4079 2087 4130 terra
2144 4073 2482 4128 Phcenicum
2540 4077 2647 4128 est.
2691 4073 2821 4128 Haec
2867 4078 2974 4141 est,
3034 4074 3106 4128 ad
3158 4091 3337 4146 quam
3400 4074 3585 4131 Isaias

1935 4162 2215 4235 loquitur,
2268 4162 2507 4216 minans
2566 4178 2695 4216 eam
2745 4165 2982 4233 propter
3027 4162 3365 4234 superbiam
3414 4180 3584 4219 suam

1938 4255 2064 4322 (Isa.
2114 4255 2295 4317 xxm),
2347 4250 2403 4305 in
2479 4267 2596 4321 qua
2664 4250 2887 4321 optima
2951 4268 3213 4322 purpura
3275 4251 3582 4324 tingitur;

1939 4341 2094 4396 unde
2140 4344 2196 4394 et
2241 4339 2309 4393 de
2357 4338 2531 4410 Tyria
2579 4337 2794 4393 dicitur
2831 4337 3044 4394 nobilis
3089 4352 3371 4411 purpura.
3395 4341 3586 4412 Tyrus

1942 4431 2355 4500 interpretatur
2387 4428 2663 4497 angustia,
2698 4443 2825 4498 qua:
2858 4427 2998 4482 Scor
3024 4426 3301 4483 Hebraice
3349 4427 3582 4483 dicitur.

1866 4537 1912 4602 D
1945 4519 2062 4574 Rex
2077 4520 2271 4572 autem
2289 4515 2661 4588 Assyriorum
2684 4514 3061 4571 Salmanasar
3084 4530 3355 4588 pugnans
3385 4520 3590 4572 contra

1947 4606 2170 4678 Syriam
2201 4609 2257 4660 et
2286 4602 2615 4659 Phoenicem
2669 4603 3022 4677 expugnavit
3065 4620 3216 4670 eam,
3246 4620 3381 4659 cum
3430 4605 3491 4659 in
3521 4621 3590 4661 ea

1947 4698 2217 4767 regnaret
2248 4692 2494 4748 Eliscus.
2529 4692 2813 4748 Nolebant
2858 4693 3016 4748 enim
3050 4694 3169 4766 regi
3218 4692 3589 4765 Assyriorum

1947 4784 2100 4856 Tyrii
2131 4799 2259 4839 esse
2290 4781 2558 4853 subjecti.
2574 4782 2690 4837 Hoc
2711 4781 2982 4853 equidem
2996 4798 3099 4853 per
3119 4781 3592 4854 quinquennium

1950 4878 2145 4928 actum
2176 4875 2284 4927 est.
2314 4872 2392 4927 De
2422 4870 2532 4926 hoc
2551 4871 2868 4926 Menander
2896 4870 3119 4940 scribit,
3141 4871 3433 4943 Josephus
3454 4889 3595 4944 quo-

1950 4979 2061 5034 que
2094 4961 2287 5017 latius.
2326 4962 2489 5016 Tunc
2521 4958 2804 5031 temporis
2852 4958 3097 5034 pelagus
3149 4960 3595 5017 transfretantes

1948 5050 2288 5123 Tyrii,duce
2306 5050 2545 5117 Didone,
2564 5047 2683 5104 Beli
2714 5048 2856 5108 ﬁlia.
2875 5048 3288 5122 Carthaginem
3320 5048 3378 5104 in
3404 5050 3596 5106 Africa

1952 5138 2363 5196 condiderunt.
2399 5138 2579 5209 Cujus
2612 5138 2763 5194 situs
2793 5138 3037 5211 triginta
3090 5136 3274 5194 millia
3307 5155 3595 5211 paasuum

1954 5245 2122 5282 muro
2155 5226 2587 5298 amplexantur,
2623 5232 2680 5282 et
2727 5244 2872 5299 pene
2921 5231 3041 5283 tota
3089 5227 3237 5282 mari
3286 5226 3477 5284 cincta
3524 5230 3597 5286 ab

1955 5316 2155 5371 Orosio
2188 5314 2463 5371 historico
2489 5315 2666 5371 fuisse
2688 5316 3042 5371 describitur
3062 5316 3285 5389 absque
3306 5315 3597 5387 faucibus,

1956 5422 2081 5476 quae
2104 5404 2293 5458 tribus
2316 5402 2579 5459 millibus
2600 5420 2883 5475 passuum
2906 5404 3335 5476 aperiebantur.
3358 5405 3412 5461 Is
3435 5405 3600 5464 locus

1956 5510 2190 5547 muru'n
2223 5494 2292 5545 3!)
2325 5493 2498 5563 pedes
2527 5492 2710 5547 latum
2745 5493 2971 5561 habuit,
3004 5511 3142 5550 saxo
3195 5495 3482 5566 quadrato
3525 5496 3599 5552 ad

1953 5581 2323 5638 altitudinem
2357 5580 2688 5636 cubitorum
2721 5583 2808 5636 40.
2842 5587 2976 5649 Arx,
3010 5582 3103 5638 cui
3137 5582 3299 5641 Bisse
3331 5585 3416 5656 [in
3466 5584 3599 5641 edit.
