3998 6088
361 206 480 274 919
875 206 978 270 AD
1022 205 1532 273 GODEFRIDUM
1574 204 1906 298 APPEND.
1948 198 2029 265 Π.

2184 198 2497 267 NONUM.
2540 199 2643 266 ΠΕ
2674 198 2935 268 ’ΒΕιῖιο
2977 198 3250 267 SACRO.
3642 194 3769 264 ΜΟ

364 346 549 418 Birse]
583 359 797 401 nomen
828 343 959 411 fuit,
978 358 1164 415 pauco
1197 341 1449 414 amplius
1481 356 1658 413 quam
1681 339 1798 394 duo
1820 335 2009 393 millia
2033 334 2090 403 Α
2118 335 2403 410 disposita
2432 336 2849 411 Hierosolyma,
2867 337 2940 394 ad
2971 335 3230 394 relinuas
3246 334 3515 393 civitates
3545 328 3767 392 exemi;

364 450 652 509 passuum
682 432 952 498 tenebat;
987 449 1115 504 quae
1147 429 1661 503 septingentesimo
1692 444 1846 482 anno
1876 429 2009 498 post
2113 430 2242 482 tum
2269 442 2441 483 suum
2473 427 2775 483 convertit.
2796 427 2932 484 Post
2959 440 3248 483 annorum
3275 424 3533 499 plurium
3551 426 3766 498 spatia,

366 522 760 581 conditionem
774 522 901 592 ejus
918 522 1075 577 omni
1094 519 1289 591 lapide
1304 519 1595 574 diminuto
1609 516 2005 572 confunditur.

363 613 500 679 Quae
514 613 647 665 ante
660 608 863 664 urbem
880 608 1122 663 Romam
1137 608 1283 662 duos
1298 605 1730 677 etseptuaginta
1741 620 1926 658 annos
1938 602 2011 657 ab
2071 608 2075 615 '

366 699 610 772 Helyssa
639 696 874 752 condita
902 696 1215 751 invenitur.
1255 696 1421 750 Hanc
1447 693 1690 749 Publius
1714 691 1907 764 Scipio
1920 708 2015 746 su-

365 786 614 860 perieris
644 784 781 840 anni
815 784 1018 839 consul
1037 798 1314 856 suprema
1330 787 1484 838 sorte
1498 781 1737 837 molitus
1750 785 1865 849 est;
1886 797 2014 852 quae

374 874 671 933 continuis
684 875 884 930 decem
900 878 955 929 et
971 878 1190 945 septem
1206 872 1413 928 diebus
1429 870 1840 926 miserabiliter
1850 869 2014 926 arsit.

974 980 1205 1036 CAPUT
1246 979 1399 1035 XXX.

371 1076 448 1132 De
499 1073 629 1146 Tyri
682 1072 995 1146 captivitate
1022 1070 1364 1146 _antiqua,et
1392 1085 1425 1123 α
1463 1067 1656 1140 quibus
1702 1066 2022 1139 antiquibus

940 1143 1050 1213 fuit
1078 1148 1411 1212 expugnata.

446 1234 637 1307 Tyrus
668 1234 863 1287 autem
897 1229 1167 1303 superius
1197 1233 1521 1285 memorata
1547 1230 1617 1285 70
1646 1227 1838 1294 annis,
1854 1227 2024 1298 juxta

378 1322 615 1389 Isaiam,
641 1319 995 1393 depOpulata
1038 1319 1318 1393 elanguit.
1359 1319 1405 1373 A
1454 1334 1573 1389 qua
1619 1314 2024 1372 recedentibus

380 1410 632 1479 Cetheis,
665 1410 898 1465 reduxit
925 1425 1025 1464 eos
1055 1407 1279 1463 Eliseus
1314 1424 1426 1463 rex.
1461 1409 1671 1462 Contra
1703 1421 1850 1476 quos
1899 1401 2024 1459 Sal-

381 1515 661 1556 manasar
698 1514 800 1553 rex
840 1492 2027 1570 Assyriorumdenuoinsurgit.Recessita

383 1590 536 1662 Tyro
566 1592 706 1644 tunc
735 1585 937 1641 civitas
969 1586 1170 1651 Sidon,
1204 1589 1261 1641 et
1286 1588 1523 1653 Arce,et
1553 1584 1795 1655 antiqua
1818 1582 2024 1654 Tyrus,

381 1682 440 1734 et
469 1677 669 1733 multae
701 1674 826 1730 aliae
857 1674 1036 1730 simul
1089 1675 1302 1742 urbes;
1336 1691 1463 1746 quas
1511 1671 1857 1744 semetipsas
1902 1669 2024 1743 regi
2057 1706 2107 1772 B

381 1766 766 1840 Assyriorum
776 1764 1072 1821 tradideru
1082 1768 1164 1819 nt.
1178 1765 1542 1836 Quapropter
1553 1760 1742 1835 Tyriis
1763 1777 1878 1815 non
1897 1760 2030 1815 sub-

374 1857 569 1930 jectis,
603 1855 815 1910 iterum
847 1855 1127 1910 adversus
1159 1870 1257 1909 eos
1289 1869 1560 1926 egressus
1600 1855 1707 1917 est,
1738 1848 2029 1906 thnici-

383 1946 496 2002 bus
526 1944 575 2000 ei
610 1956 786 1999 naves
812 1945 884 1997 70
913 1942 1346 2008 exhibentibus,
1380 1948 1438 1997 et
1460 1940 1710 2013 remiges
1740 1939 2029 1995 800.Con-

383 2042 474 2091 tra
506 2049 653 2106 quos
677 2031 833 2105 Tyrii
860 2032 1201 2104 navigantes
1234 2031 1290 2085 in
1332 2031 1401 2085 12
1450 2030 1716 2095 navibus,
1748 2026 2031 2100 dispersis

384 2121 644 2179 hostium
660 2117 1645 2191 navibus,ceperunteaptivosviros
1658 2118 2027 2190 quingentos.

388 2211 551 2268 Unde
579 2211 767 2266 honor
806 2208 1114 2281 Tyriorum
1162 2212 1401 2280 propter
1446 2208 1555 2262 hoc
1604 2206 1783 2263 crevit
1825 2221 2029 2278 quam-

387 2299 660 2357 maxime.
676 2299 990 2354 Revertens
1021 2299 1213 2354 autem
1227 2296 1597 2370 Assyriorum
1610 2312 1729 2361 rex,
1745 2292 2035 2366 disposuit
2066 2288 2075 2293 ⁷

391 2388 691 2445 custodias
723 2404 900 2459 super
930 2386 1171 2455 ﬂumen,
1208 2390 1265 2442 et
1281 2403 1444 2458 aqum
1459 2387 1639 2441 ductu
1669 2383 2034 2449 eircuivit,ut

390 2478 596 2552 Tyrios
644 2475 879 2532 haurire
930 2476 1140 2548 pocula
1191 2474 1585 2548 prohiberent.
1620 2475 1690 2529 Et
1738 2490 1875 2529 cum
1923 2471 2034 2528 hoc

390 2567 651 2641 quinque
667 2566 839 2622 annis
855 2565 1074 2621 factum
1105 2569 1279 2635 esset,
1293 2563 1703 2631 toleraverunt,
1717 2564 1788 2618 de
1807 2560 2036 2618 effossis

392 2656 585 2731 puteis
634 2655 899 2711 bibentes
939 2653 1611 2727 aquam.Hzecitaquein
1639 2649 2036 2723 archivisTyri

391 2747 464 2803 de
494 2745 874 2802 Salmanasar
911 2760 1043 2817 rege
1088 2742 1458 2816 Assyriorum
1503 2739 1834 2813 conscripta
1874 2742 2034 2795 sunt.

390 2834 495 2892 Hic
525 2839 631 2901 est,
666 2835 768 2907 qui
798 2832 1124 2890 Samariam
1155 2832 1404 2898 obsedit,
1433 2836 1489 2886 et
1522 2830 1674 2903 cepit
1704 2846 1834 2885 eam
1882 2845 2037 2884 anno

393 2923 549 2998 regis
578 2918 832 2979 Ezechiae
862 2926 1042 2993 sexto,
1057 2926 1113 2977 et
1142 2921 1445 2977 transtulit
1465 2919 1638 2976 Israel
1662 2920 1721 2974 in
1745 2918 2035 2992 Assyrios.

392 3015 540 3069 Ante
565 3029 741 3085 quem
770 3015 1005 3067 venerat
1028 3012 1205 3068 etiam
1231 3009 1380 3066 Pbul
1424 3026 1523 3064 rex
1558 3009 1952 3081 Assyriorum,
1984 3010 2040 3062 et

394 3106 528 3174 post
559 3073 694 3158 eum
716 3073 2037 3176 TegladphalassarrexAssur,qui-cepitCedes
2064 3073 2112 3141 (ἶ

397 3196 456 3248 et
475 3193 623 3247 Azor
644 3193 709 3247 in
741 3190 1097 3263 Nephtalim,
1132 3194 1191 3244 et
1220 3205 1399 3261 prope
1436 3188 1743 3254 Paneas,et
1770 3184 1952 3252 Jaloe,
1984 3188 2041 3239 et

397 3280 636 3347 Galaad,
668 3284 726 3336 et
754 3279 1083 3335 universam
1106 3277 1498 3343 Galilaeam,et
1527 3274 1831 3332 transtulit
1860 3290 1959 3330 eos
1980 3272 2039 3327 in

397 3368 870 3443 Assyrios.Venit
901 3384 1133 3440 quoque
1164 3368 1384 3440 Sargon
1416 3383 1515 3441 rex
1533 3360 2041 3438 Assyriorum,qui

402 3456 852 3514 misitTartham
868 3473 1129 3529 pugnare
1143 3460 1344 3512 contra
1356 3457 1535 3511 Azotu
1546 3471 1598 3508 m
1609 3497 1622 3523 ,
1638 3458 1696 3510 et
1724 3451 2038 3525 cepiteam.

402 3547 602 3618 Itaque
633 3549 870 3618 propter
898 3548 1135 3617 peccata
1163 3543 1364 3618 pepuli
1385 3546 1612 3599 vastata
1627 3545 1715 3597 est
1734 3546 1889 3596 terra
1909 3556 2043 3612 pro-

402 3634 725 3702 missionis,
757 3638 816 3690 et
846 3634 905 3689 iu
937 3634 1329 3708 captivitatem
1360 3633 1555 3699 ducta,
1584 3630 1747 3703 prius
1766 3628 2039 3702 Assyriis,

401 3723 612 3780 deinde
642 3722 947 3779 Chaldaeis.
981 3722 1517 3778 Nabuchodonosor
1545 3719 1702 3776 enim
1733 3722 1855 3773 tam
1881 3715 2045 3773 Chal-

401 3813 560 3870 daeus
588 3829 768 3885 quam
816 3811 1168 3885 Babylonius
1214 3828 1314 3867 rex
1360 3807 1584 3866 obsedit
1629 3811 1685 3863 et
1713 3806 1866 3879 cepit
1911 3806 2044 3863 Hie-

399 3901 678 3959 rusalem.
724 3901 888 3957 Unde
932 3900 1203 3957 Sedecias
1254 3916 1354 3955 rex
1427 3897 1658 3970 fugiens
1709 3899 1916 3968 captus
1958 3898 2047 3952 est

394 3994 566 4064 juxta
611 3989 863 4059 Jericho,
900 3993 957 4045 et
1001 3989 1216 4045 ductus
1259 3988 1332 4043 ad
1385 4002 1579 4061 regem
1630 3984 1941 4058 Babylonis
1986 3984 2045 4039 in

400 4079 718 4153 regionem,
752 4095 880 4151 quae
932 4076 1175 4134 Reblata
1216 4076 1449 4144 dicitur,
1500 4076 1562 4131 in
1610 4078 1765 4130 terra
1813 4073 2043 4129 Emath.

404 4169 790 4241 Hieronymus
838 4167 982 4223 dicit
1038 4166 1249 4222 Emath
1313 4180 1591 4237 magnam
1656 4179 1785 4219 esse
1847 4163 2047 4218 Antio-

403 4256 616 4325 chiam,
650 4256 935 4313 minorem
987 4273 1122 4311 vero
1174 4253 1582 4327 Epiphaniam.
1616 4252 1701 4308 Ibi
1754 4251 1888 4307 fecit
1934 4251 2043 4307 Na-

2119 515 2371 589 peccatis
2399 515 2736 571 Judaeorum
2757 515 3142 589 exigentibus,
3164 513 3488 571 Antiochus
3515 513 3771 587 Epipha-

2122 622 2224 660 nes
2270 604 2455 678 legem
2500 620 2703 660 eorum
2745 605 3124 679 impugnans,
3185 598 3536 660 Machabeos
3598 602 3771 659 valde

2123 694 2453 751 coarctavit.
2474 693 2610 749 Post
2639 694 2797 749 hunc
2822 683 2983 749 venit
3020 692 3350 766 Pompeius,
3371 693 3470 765 qui
3494 690 3773 749 Hierusa-

2123 782 2241 839 lem
2271 781 2579 839 infeliciter
2605 781 2932 855 dissipavit.
2964 783 3048 838 Ad
3077 780 3353 838 ultimum
3384 796 3518 839 vero
3546 778 3774 855 Vespa-

2127 872 2330 929 sianus
2359 888 2495 927 cum
2526 871 2655 927 Tito
2684 871 2804 928 ﬁlio
2852 886 2963 928 suo
3002 868 3178 940 venit,
3212 871 3315 944 qui
3358 866 3592 944 penitus
3638 886 3773 928 eam

2129 956 2433 1018 destruxit.
2450 961 2653 1034 Itaque
2682 977 2785 1033 per
2811 961 3003 1017 varios
3023 974 3217 1017 rerum
3234 965 3476 1017 eventus
3496 961 3772 1034 usquead

2128 1054 2394 1124 tempora
2422 1055 2640 1119 nostra,
2674 1054 2731 1108 et
2759 1050 2961 1107 civitas
2988 1052 3215 1116 sancta,
3246 1053 3305 1107 et
3334 1050 3524 1123 patria
3552 1050 3604 1106 ei
3635 1050 3777 1106 sub-

2130 1140 2255 1196 dita
2282 1140 2714 1213 praecipitanter
2753 1139 2981 1196 exstitit
3024 1143 3246 1196 vexata.
3281 1137 3632 1211 Plerumque
3659 1134 3776 1195 Pa—

2130 1228 2686 1298 laestina,interdum
2718 1228 3184 1302 Phoenicemqum
3213 1243 3249 1283 a
3278 1227 3548 1284 thnice
3568 1227 3777 1284 Cadm‘i

2134 1320 2313 1375 fratre
2341 1334 2555 1374 nomen
2603 1318 2845 1391 accepit,
2878 1322 2968 1375 est
3009 1321 3256 1373 vastata.
3278 1314 3436 1374 ‘Tum
3480 1317 3775 1385 Samaria,

2132 1412 2261 1464 tum
2291 1405 2543 1475 Galilzsa,
2572 1394 2701 1480 qua:
2729 1410 2928 1463 tamen
2971 1405 3250 1479 bipertita
3291 1402 3779 1464 determinatione

2135 1497 2538 1570 distinguitur.
2570 1497 2718 1552 Nam
2767 1495 2951 1552 altera
2992 1496 3281 1569 superior,
3312 1494 3496 1553 altera
3534 1495 3779 1570 quidem

2136 1586 2378 1643 inferior
2405 1584 2770 1658 appellatur;
2804 1598 2952 1658 quas
2982 1585 3353 1642 ambifariam
3406 1585 3673 1642 Phoenice
3716 1590 3782 1641 et

2136 1676 2303 1751 Syria
2331 1675 2594 1748 cingunt.
2626 1673 2732 1730 Illa
2752 1689 2984 1747 nempe,
3000 1688 3126 1748 quae
3146 1679 3235 1731 est
3254 1679 3419 1731 trans
3436 1675 3779 1743 Jordanem,

2139 1784 2173 1822 a
2202 1764 2576 1820 Macherouta
2600 1763 2664 1818 in
2706 1760 2925 1819 Pellam
2972 1758 3131 1836 capit
3172 1760 3626 1838 longitudinem,
3656 1768 3719 1821 et
3745 1776 3785 1819 a

2135 1853 2541 1926 Philadelphia
2566 1866 2757 1925 usque
2801 1852 3116 1910 Jordanem
3165 1853 3341 1910 habet
3384 1852 3783 1910 latitudinem.

2138 1943 2294 2000 Pella
2324 1944 2540 2016 quippe
2570 1940 3046 2014 septentrionalis
3072 1943 3205 2014 ejus
3233 1946 3326 2000 est
3370 1946 3620 2012 tractus,
3646 1943 3785 2000 σαι·-

2140 2033 2309 2089 danis
2339 2048 2473 2089 vero
2501 2032 2815 2088 occiduus:
2852 2032 3215 2089 meridianus
3242 2037 3437 2090 autem
3464 2026 3788 2089 'Moabitide

2140 2122 2493 2178 terminatur
2520 2121 2790 2195 regione;
2824 2121 2897 2177 ab
2928 2121 3148 2178 oriente
3176 2121 3388 2178 Arabia
3417 2127 3474 2179 et
3501 2114 3789 2179 Philadel-

2140 2211 2299 2285 phia,
2332 2212 2592 2284 itemque
2615 2211 2910 2267 Gerasidis
2938 2210 3249 2267 clauditur.
3264 2212 3656 2269 Sam‘ariensi‘s
3686 2226 3790 2269 au-

2140 2305 2256 2357 tem
2290 2300 2447 2373 regio
2478 2301 2635 2357 inter
2656 2301 2956 2357 Judaeeam
2987 2304 3047 2356 et
3076 2299 3375 2357 Galilaeam
3425 2301 3539 2359 sita
3574 2304 3684 2358 est.
3715 2302 3790 2358 At

2141 2390 2353 2447 Judaete
2368 2389 2618 2445 latitudo
2641 2393 2674 2446 a
2692 2390 2948 2446 Jordane
2966 2404 3158 2462 usque
3176 2388 3424 2463 Joppem
3439 2384 3783 2464 explicatur;

2143 2480 2338 2536 media
2359 2496 2492 2535 vero
2519 2478 2722 2535 civitas
2748 2480 2876 2551 ejus
2897 2482 2987 2536 est
3012 2478 3578 2553 Hierusalem,quasi
3598 2480 3792 2536 umbi-

2142 2569 2294 2625 licus
2322 2570 2451 2641 ejus
2480 2573 2646 2625 terraa
2673 2569 2769 2625 sit.
2805 2570 2979 2625 Porro
3007 2569 3248 2626 inferior
3273 2568 3527 2637 Galilaea,
3560 2582 3689 2643 qum
3718 2582 3792 2626 ex

2129 2657 2452 2718 .Tiberiadc
2483 2674 2670 2730 usque
2717 2654 2997 2727 Zabulon,
3028 2662 3086 2715 et
3132 2670 3321 2731 usque
3364 2658 3790 2716 Ptolemaidam

2146 2748 2427 2815 tenditur,
2444 2751 2501 2804 et
2530 2746 2864 2803 Carmelum
2895 2751 3158 2804 montem
3184 2740 3794 2821 ’I‘yriorum,eontinet

2146 2837 2301 2893 intra
2332 2854 2394 2894 se
2423 2835 2729 2904 Nazareth,
2763 2840 2821 2892 et
2849 2833 3177 2910 Sephoram
3198 2830 3489 2893 civitatem
3505 2830 3796 2893 validissi-

2148 2940 2327 2991 mam,
2360 2924 2591 2979 Thabor
2618 2923 2816 2991 etiam,
2845 2927 2903 2979 et
2930 2923 3105 2992 Cana,
3138 2938 3273 2980 cum
3322 2924 3596 2998 pluribus
3634 2920 3790 2983 aliis.

2148 3015 2278 3070 Haec
2309 3012 2599 3086 siquidem
2633 3011 2854 3069 Libano
2879 3012 3225 3086 accingitur,
3240 3018 3297 3070 et
3316 3012 3575 3071 fontibus
3593 3014 3795 3072 Iorda-

2146 3103 2262 3171 nis,
2287 3103 2388 3159 ubi
2419 3119 2575 3158 nunc
2596 3106 2685 3159 est
2704 3102 2945 3171 Paneas,
2974 3101 3093 3158 sive
3114 3101 3239 3159 Dan
3258 3102 3376 3159 alio
3402 3103 3794 3171 nomine,sive

2147 3192 2409 3248 Casarea
2435 3189 2710 3264 Philippi,
2731 3190 2887 3247 circa
2915 3206 3092 3263 quam
3120 3191 3516 3248 Turoonitidis
3549 3193 3633 3265 [in
3659 3191 3792 3248 edit.

2147 3278 2555 3347 Traconitidis]
2580 3284 2669 3336 est
2696 3279 2875 3353 regio,
2894 3283 2951 3335 et
2969 3279 3244 3336 Nabatea.
3261 3285 3302 3335 A
3320 3279 3561 3337 meridie
3578 3284 3670 3336 est
3686 3280 3795 3336 Sa-

2150 3368 2355 3434 maria,
2389 3372 2448 3424 et
2475 3367 2802 3439 Scitopolis,
2822 3367 2931 3425 hoc
2961 3370 3052 3423 est
3081 3367 3582 3425 BethsanJudaaaa
3595 3372 3795 3425 autem

2151 3456 2433 3513 Bersabee
2491 3456 2696 3512 civitas
2746 3457 2848 3512 dat
2908 3455 3181 3524 limitem,
3232 3456 3387 3513 intra
3433 3473 3611 3530 quam
3652 3462 3799 3514 sunt

2151 3547 2378 3602 Tamna
2423 3550 2482 3603 et
2552 3544 2756 3614 Lidda,
2807 3545 2992 3619 Joppe
3034 3549 3092 3601 et
3127 3545 3382 3614 Jamnia,
3440 3546 3675 3603 Theeue
3735 3550 3799 3603 et

2150 3633 2402 3701 Hebron,
2432 3632 2629 3691 Astaol
2660 3638 2718 3690 et
2748 3634 2946 3703 Saraa,
2979 3638 3038 3690 et
3083 3634 3280 3691 multis
3337 3634 3484 3691 aliis.
3516 3635 3683 3691 Nune
3718 3635 3797 3692 ad

2152 3722 2359 3780 callem
2389 3723 2583 3788 redeo,
2616 3722 2716 3795 qui
2746 3723 3012 3780 diversas
3041 3723 3285 3780 semitas
3316 3723 3417 3780 diu
3446 3723 3721 3782 discurri.

2750 3812 2976 3869 CAPUT
3013 3812 3202 3869 XXXI.

2151 3905 2229 3960 De
2257 3902 2390 3958 bello
2418 3909 2469 3958 et
2496 3902 2729 3958 victoria
2758 3903 3216 3959 Antiochenomm
3243 3911 3295 3960 et
3321 3903 3386 3961 de
3404 3911 3576 3960 morte
3602 3904 3794 3961 Baiae.

2225 3992 2369 4047 Cum
2401 3989 2582 4064 igitur
2611 3989 2766 4047 circa
2790 3992 3013 4062 Tyrum
3047 3990 3107 4046 in
3132 3990 3437 4049 obsidione
3467 3992 3542 4048 ad
3573 3991 3801 4050 machi-

2156 4096 2263 4135 nas
2296 4078 2705 4152 przeparandas
2736 4078 3157 4149 laboraremus,
3206 4078 3596 4137 nihilominus
3638 4079 3807 4137 Balac

2157 4172 2359 4224 contra
2388 4184 2495 4223 nos
2525 4184 2705 4224 cornu
2739 4184 2918 4224 suum
2942 4184 3078 4223 eum
3100 4168 3487 4242 complicibus
3499 4170 3625 4227 suis
3637 4169 3813 4227 extol-

2156 4255 2273 4313 lere
2304 4273 2419 4312 non
2451 4257 2784 4313 cessabant.
2812 4256 2921 4323 Qui
2952 4273 3022 4313 ex
3051 4257 3215 4313 urhe'
3237 4257 3461 4331 Galipto
3511 4274 3810 4333 egressus,

402 4346 853 4403 buchodonosor
893 4346 1094 4403 oculos
1124 4343 1396 4418 iSedeciae
1439 4340 1586 4411 erui,
1620 4345 1677 4397 et
1723 4340 1872 4397 filios
1921 4341 2049 4413 ejus
2159 4344 3131 4429 qumvulgoHalapianuncupatur,
3151 4363 3353 4403 mense
3369 4345 3814 4417 Maiointrante,

403 4452 598 4492 coram
631 4435 1159 4510 sejugulari.Tuuc
1175 4430 1745 4489 venitNabuzardam
1765 4429 2036 4502 princeps
2068 4445 2113 4509 D
2144 4451 2281 4492 cum
2312 4433 2571 4506 quinque
2600 4432 2862 4490 millibus
2878 4434 3147 4506 equitum
3176 4440 3517 4509 septemque
3548 4434 3820 4492 millibus

405 4525 627 4582 militiae
659 4527 881 4598 ejus,et
909 4524 1171 4581 incendit
1198 4523 1439 4578 domum
1473 4519 1703 4576 Domini
1728 4524 1785 4574 et
1813 4519 2057 4579 domum
2168 4521 2430 4596 peditum
2446 4522 3275 4597 perrexitHierapolim,quam
3294 4524 3497 4581 urbem
3511 4523 3820 4581 Mombech

404 4614 581 4689 regis,
631 4619 689 4670 et
728 4618 919 4670 totum
969 4628 1205 4668 murum
1255 4608 1543 4666 destruxit
1590 4626 1692 4681 per
1739 4608 2048 4667 cicuitum.
2160 4611 2373 4685 vulgus
2399 4610 2629 4668 vocitat.
2652 4612 2724 4668 Et
2751 4629 2885 4668 cum
2908 4629 3212 4685 possessor
3260 4614 3389 4685 ejus
3419 4630 3547 4669 eam
3574 4611 3661 4669 illi
3691 4614 3822 4670 red-

405 4703 560 4772 Post,
587 4707 919 4775 temporum
960 4706 1157 4757 autem
1191 4698 1497 4755 intervalla
1531 4698 1690 4754 venit
1709 4697 2056 4769 Alexander,
2163 4698 2299 4755 dere
2330 4698 2524 4767 nollet,
2556 4703 2720 4755 extra
2748 4701 2956 4757 urbem
2977 4717 3113 4757 eum
3147 4701 3220 4757 ad
3241 4718 3315 4758 se
3342 4705 3483 4757 tunc
3510 4705 3814 4759 evocatum

402 4792 505 4865 qui
534 4793 753 4864 Tyrum
766 4787 1280 4862 obsedit,eteaapit,
1298 4786 1863 4861 subjugataSidone,
1882 4787 2053 4859 prius
2162 4787 2446 4842 nefariam
2476 4786 2938 4856 decollavil.Qua
2963 4788 3111 4845 urbe
3139 4786 3312 4846 Baiae
3333 4789 3813 4863 protinusde

405 4886 603 4938 autem
634 4880 1107 4936 Damasco.Gaza
1121 4894 1353 4950 quoque
1370 4877 1443 4932 ab
1472 4893 1538 4933 eo
1553 4880 1724 4949 capta
1744 4893 1847 4948 per
1866 4877 2052 4932 duum
2161 4893 2247 4941 sa,
2280 4893 2395 4931 non
2423 4875 2596 4932 latuit
2624 4877 2995 4934 Goscelinum
3028 4877 3347 4935 Antiochia
3388 4883 3528 4935 tunc
3568 4895 3808 4935 moran-

405 4968 697 5027 mensium
729 4968 1065 5041 spatia;qui
1086 4966 1466 5039 circa'l‘yrum
1488 4971 1713 5037 septem
1748 4965 2052 5022 mensibus
2157 4966 2277 5019 tem
2307 4968 2365 5019 et
2392 4963 2591 5020 habita
2621 4965 2753 5021 inde
2799 4965 3107 5040 legatione,
3152 4964 3489 5024 acceleravit
3534 4966 3676 5024 illuc
3710 4967 3805 5026 ire

405 5060 613 5125 fuerat,
646 5058 715 5114 ad
751 5056 1040 5112 civitatem
1056 5054 1510 5128 Hierosolymam
1526 5053 1839 5109 festinavit.
1860 5055 2051 5109 Hono-

404 5148 565 5203 rifice
588 5148 917 5217 susceptus,
936 5143 1256 5216 principem
1272 5143 1641 5199 sacerdotum
1663 5142 1901 5198 nomine
1920 5143 2054 5198 Jad-

406 5237 528 5293 dim
551 5233 824 5306 plurimis
844 5233 1169 5289 honoribus
1192 5231 1912 5305 prosequitur,habentem
1929 5230 2053 5304 thy-

405 5323 594 5378 darim
627 5339 805 5395 super
815 5328 989 5395 caput
1003 5323 1151 5394 ejus,
1165 5326 1219 5378 et
1232 5321 1444 5377 stolam
1459 5336 1695 5375 auream
1710 5318 2051 5374 hiacincthi-

405 5426 564 5478 nam,
597 5416 655 5467 et
683 5427 862 5483 super
887 5412 1169 5469 laminam
1200 5408 1534 5479 auream,in
1566 5424 1685 5480 qua
1712 5423 1923 5463 nomen
1948 5406 2049 5462 Dei

405 5495 690 5568 scriptum
721 5504 863 5571 erat,
890 5500 1050 5559 solus
1081 5499 1283 5557 adiens
1332 5496 1639 5571 diligenter
1667 5493 1948 5550 adoravit.
1978 5494 2050 5550 Et

2159 5069 2292 5108 cum
2325 5052 2723 5110 Antiochenis.
2740 5055 2903 5112 Licet
2929 5055 3086 5111 enim
3106 5054 3465 5128 ‘paueiseima
3484 5060 3810 5129 gens-esset

2159 5139 2662 5212 Christicolarum,
2691 5158 2807 5200 non
2862 5144 3141 5217 pavitavit
3180 5142 3524 5201 Goscelinus
3554 5144 3807 5220 aggredi

2159 5229 2597 5287 multitudinem
2630 5232 3137 5304 perﬁdorum.Nec
3170 5240 3334 5290 mora
3360 5232 3460 5289 diu
3492 5234 3809 5307 protracta,

2163 5317 2483 5376 commissa
2512 5325 2601 5375 est
2640 5320 2907 5377 ferociter
2972 5336 3191 5396 pugna.
3239 5322 3357 5379 Deo
3419 5326 3617 5379 autem
3689 5322 3816 5381 suf-

2158 5406 2444 5479 fragante,
2494 5415 2807 5482 postquam
2874 5411 3051 5468 Turci
3098 5416 3188 5468 ter
3226 5416 3374 5468 sunt
3416 5410 3669 5481 confusi,
3716 5414 3816 5473 ter

2157 5494 2231 5549 ad
2262 5510 2524 5569 pugnam
2551 5498 2849 5556 audaciter
2874 5500 3187 5574 regregati,
3221 5499 3392 5560 Balac
3422 5501 3483 5558 in
3521 5514 3592 5559 ea
3640 5502 3813 5576 pres-
