3998 6088
223 258 338 328 924

953 261 1376 328 FULCHERII
1417 261 1760 326 CARNOT.
1805 259 2009 323 HIST.
2055 258 2468 322 HIEROSOL.
2503 291 2578 304 —
2603 259 2757 321 LIB.
2799 258 2908 320 III.

3511 258 3631 322 922
3651 263 3670 270 “

221 409 365 458 sura
421 397 724 456 sauciatus
781 399 854 455 ad
912 402 1183 464 mortem,
1245 413 1348 470 pro
1413 413 1586 470 posse
1643 395 1879 452 divertit
1908 394 1964 461 Α
1991 409 2229 448 murum
2262 391 2425 448 urbis
2470 395 2827 464 repererunt,
2864 390 3254 464 diripuerunt,
3285 391 3518 448 duobus
3547 391 3633 448 ibi

225 489 624 548 moribundus
657 489 716 544 in
769 492 1016 560 partem.
1059 489 1219 554 Quod
1273 503 1408 542 cum
1469 484 1760 558 extemplo
1793 485 1885 540 sui

231 578 787 651 comperissent,qui
820 582 1138 649 potuerunt
1161 578 1358 649 fugere
1381 593 1494 631 non
1517 578 1882 647 torpuerunt.

232 670 558 725 Potuerunt
586 667 825 738 quidem
857 665 1120 738 plerique
1153 666 1479 738 fugere,sed
1512 679 1884 736 nequaquam

224 759 502 830 effugere.
537 757 896 812 Referuntur
924 755 1080 809 enim
1127 755 1241 809 tria
1273 754 1462 810 millia
1490 771 1558 809 ex
1589 755 1673 810 eis
1705 753 1886 809 fuisse

221 845 845 919 interemptorum,qui
859 843 1088 916 equites
1102 843 1676 914 erant.Depeditibus
1689 847 1884 898 autem

224 935 535 1010 ignoratur
564 951 866 990 numerus.
903 935 983 988 De
1015 932 1233 989 nostris
1262 950 1395 989 vero
1427 935 1496 987 30
1555 929 1772 988 milites
1805 933 1882 989 ibi

227 1025 520 1099 perempti
552 1023 954 1080 occubuerunt
979 1024 1070 1089 ;de
1105 1023 1359 1094 pedestri
1390 1028 1586 1077 autem
1620 1021 1886 1077 clientela

227 1117 300 1171 60
329 1113 696 1169 fere.Volens
727 1116 921 1168 autem
955 1111 1366 1166 certitudinem
1391 1112 1469 1165 rei
1506 1111 1652 1166 scire
1672 1115 1884 1166 Gosce-

229 1203 412 1269 linus,
444 1221 519 1258 an
554 1201 726 1258 Balac
757 1205 912 1257 esset
933 1204 1307 1266 mortuus,an
1341 1199 1712 1272 aliquatenus
1734 1205 1888 1256 esset

228 1293 419 1360 vivus,
449 1308 586 1347 cum
618 1290 864 1347 sollicite
911 1293 1424 1362 perscrutarentur
1467 1290 1564 1362 qui
1595 1289 1704 1344 hoc
1736 1289 1885 1345 inter

231 1386 469 1439 necatos
499 1381 902 1453 exquirebant,
935 1395 1231 1434 armorum
1267 1377 1501 1434 indiciis
1519 1379 1884 1450 cognitorum

233 1470 540 1545 acognitis
569 1469 842 1542 cognitus
871 1469 1166 1540 est.Cujus
1199 1473 1375 1540 caput
1405 1467 1504 1540 qui
1539 1468 1884 1541 amputavit,

237 1560 548 1620 Gos'selino
563 1558 1036 1632 gratulabundus
1057 1557 1270 1613 detulit
1294 1575 1347 1624 ;a
1368 1574 1483 1629 quo
1505 1557 1884 1624 numismata,

235 1651 391 1708 sicut
421 1667 483 1706 se
515 1649 600 1704 illi
632 1649 909 1703 daturum
930 1646 1609 1720 spoponderat,lucratus
1640 1647 1882 1719 accepit.

1997 481 2287 553 capitibus
2320 482 2772 556 amputatisQui
2795 486 2935 538 tunc
2951 483 3077 538 sine
3103 481 3472 537 cunctatione
3496 499 3632 537 cum

1995 569 2204 626 lucello
2235 588 2340 626 suo
2363 570 2776 642 gratulabundi
2806 571 2960 626 foras
2984 574 3404 626 remeaverunt.
3425 573 3635 626 Actum

1997 663 2083 714 est
2113 659 2220 714 hoc
2249 677 2304 714 x1
2340 659 2462 714 Kal.
2497 658 2655 714 Julii.
2699 661 2806 715 Sed
2838 660 3037 714 minus
3065 658 3265 726 valuit,
3301 675 3434 713 cum
3461 656 3634 730 paulo

1996 754 2129 804 ante
2161 748 2315 821 Tyrii
2348 748 2639 803 liburnam
2673 766 2852 804 unam
2885 754 3060 804 noctu
3094 747 3426 820 clepserint,
3458 752 3516 802 et
3547 748 3636 802 in-

1997 841 2086 892 tra
2116 838 2320 892 urbem
2344 854 2446 910 per
2474 843 2707 910 portum
2726 837 3093 894 traxerian
3115 836 3454 908 hujusmodi
3478 836 3633 892 enim

1996 926 2415 981 certaminibus
2445 926 2587 981 talia
2617 927 2739 982 fieri
2767 943 2916 998 smpe
2947 925 3250 998 contingit.

1996 1015 2098 1069 Hic
2129 1015 2301 1082 cadit,
2337 1014 2430 1069 hic
2461 1015 2650 1088 surgit
2677 1034 2689 1082 ;
2714 1015 2809 1070 hic
2839 1015 3046 1087 plorat,
3081 1015 3296 1086 gaudet
3315 1019 3374 1070 et
3395 1013 3534 1070 ille.‘

2561 1121 2790 1177 CAPUT
2829 1122 3069 1178 XXXIII.

2198 1214 2272 1267 De
2299 1214 2533 1284 pessima
2565 1212 2940 1283 inquietudine
2968 1210 3431 1267 Ascalonitarum.

2067 1309 2328 1366 Scientes
2360 1313 2553 1364 autem
2586 1309 2929 1365 Ascalonita;
2978 1309 3169 1383 gentis
3198 1313 3407 1366 nostrae
3440 1309 3640 1382 pauci-

1995 1403 2195 1464 tatem,
2231 1399 2328 1453 ubi
2363 1399 2552 1471 magis
2585 1398 3020 1454 :estimaverunt
3051 1415 3156 1454 nos
3197 1398 3519 1464 debilitare,
3551 1395 3640 1454 vel

1996 1489 2280 1544 damnum
2311 1487 2542 1554 inferre,
2577 1505 2692 1543 non
2725 1487 3068 1560 pigruerunt
3118 1486 3445 1543 molestare.
3494 1487 3640 1544 Nam

1996 1595 2174 1650 prope
2206 1577 2565 1633 Hierusalem
2589 1577 2848 1632 viculum
2873 1577 3186 1648 quemdam
3213 1577 3441 1632 Birrum
3464 1577 3643 1633 nomi-

1998 1671 2201 1722 natum
2233 1671 2604 1722 vastaverunt
2633 1671 2690 1722 et
2711 1669 3310 1732 concremaverunt,et
3334 1664 3644 1738 asportatis

234 1741 423 1813 Caput
452 1737 745 1810 siquidem
777 1735 1053 1792 continuo
1088 1735 1456 1790 Antiochiam
1492 1735 1563 1790 ad
1595 1735 1884 1791 declama-

2003 1756 2272 1811 omnibus
2311 1755 2525 1810 reculis
2552 1755 2669 1810 illic
2698 1755 2965 1823 inventis,
2991 1771 3126 1810 cum
3159 1753 3644 1826 aliquantismor-

235 1831 458 1886 tionem
486 1826 572 1884 rei
593 1830 768 1900 gesta}
790 1825 1132 1882 Goscelinus
1155 1825 1365 1880 deferri
1391 1825 1712 1892 fecit.Quod
1741 1827 1882 1897 ipse,

235 1918 335 1991 qui
365 1918 424 1972 in
451 1915 668 1972 starcia
695 1930 805 1971 sua
843 1913 1053 1970 detulit
1112 1929 1301 1985 usque
1360 1915 1602 1986 Tyrum,
1629 1913 1887 1986 itemque

235 2005 802 2072 Hierusalem,nobis
835 2003 1122 2059 universis
1143 2009 1200 2058 et
1230 2003 1522 2058 enarravit
1551 2008 1608 2058 et
1639 2003 1890 2058 declara-

235 2097 337 2164 vit,
369 2095 470 2169 qui
494 2093 670 2150 etiam
695 2094 751 2148 in
772 2093 968 2165 praelio
993 2096 1460 2147 memoratocum
1485 2091 1888 2163 praeliantibus

237 2202 497 2260 presens
527 2184 656 2240 fuit.
689 2183 958 2256 Armiger
997 2199 1231 2254 quoque
1264 2181 1554 2237 Goscelini
1587 2187 1709 2237 erat
1741 2182 1884 2254 ipse.

237 2277 308 2332 Et
338 2275 478 2348 quia
510 2273 784 2328 nuntium
809 2271 1004 2327 attulit
1035 2270 1714 2326 desideranlissimum'in
1737 2289 1892 2326 exer-

238 2366 357 2423 citu
389 2369 591 2420 nostro
623 2367 754 2417 ante
773 2363 995 2434 Tyrum
1019 2361 1412 2426 assistentem,
1434 2361 1687 2432 acceptis
1709 2361 1890 2416 armis

239 2454 312 2510 ab
345 2453 634 2524 armigero
657 2450 718 2504 in
743 2447 990 2504 militem
1014 2453 1323 2520 provectus
1337 2447 1657 2503 est.Comes
1680 2464 1890 2520 nempe

239 2539 642 2615 Tripolitanus
691 2539 763 2593 ad
811 2538 971 2592 hunc
1027 2537 1280 2609 gradum
1337 2551 1473 2591 eum
1529 2536 1887 2592 sublimavit.

238 2633 311 2688 Et
369 2629 738 2686 laudavimus
815 2631 872 2682 et
928 2625 1341 2682 benediximus
1415 2641 1617 2681 omnes
1693 2627 1890 2681 Domi-

240 2737 408 2786 num,
441 2719 582 2791 quia
611 2717 932 2774 sull‘ocatns
979 2719 1070 2771 est
1118 2713 1214 2770 ille
1273 2715 1449 2769 draco
1509 2713 1887 2783 sevissimus,

135 2837 142 2842 ο
240 2809 344 2882 qui
373 2805 886 2864 Christianismum
918 2803 1018 2860 diu
1049 2803 1430 2859 tribulaverat
1459 2807 1516 2858 et
1548 2805 1890 2876 pessumda-

242 2900 432 2954 derat.

240 2995 336 3046 Sol
365 2995 540 3044 decies
568 2993 753 3042 novies
780 2991 1032 3042 lustrarat
1058 2990 1259 3040 lumine
1288 2991 1550 3050 Taurum;

239 3067 467 3126 Quando
496 3065 649 3115 Balac
677 3063 884 3122 cecidit,
915 3063 999 3112 vel
1029 3076 1150 3112 eum
1184 3063 1399 3111 fortuna
1429 3062 1625 3112 fefellit.

243 3165 388 3220 Ecce
419 3161 502 3218 sic
525 3161 924 3233 interpretatio
948 3159 1161 3215 somnii
1188 3160 1460 3231 superius
1484 3160 1896 3215 memoratide-
1925 3135 1969 3202 α

242 3253 465 3310 clarata
496 3250 766 3324 est,quod
797 3249 969 3322 quasi
1000 3248 1326 3304 vaticinans
1369 3249 1494 3321 ipse
1517 3248 1689 3304 Balac
1711 3249 1780 3303 de
1803 3265 1896 3304 se-

243 3342 378 3416 ipso
405 3339 627 3395 dixerat
668 3342 927 3411 tempore
973 3337 1095 3404 illo,
1131 3353 1246 3409 quo
1303 3337 1646 3393 Goscelinus
1699 3339 1772 3394 de
1799 3355 1894 3394 ca-

243 3429 444 3504 ptione
473 3425 822 3483 mirabiliter
873 3426 1073 3482 evasit.
1134 3425 1384 3481 Videbat
1440 3426 1596 3481 enim
1657 3427 1714 3480 in
1764 3428 1895 3483 visu

244 3537 280 3575 a
363 3517 668 3574 Goscelino
764 3515 876 3572 sibi
943 3514 1144 3570 oculos
1210 3513 1354 3569 erui.
1452 3519 1596 3570 Vere
1663 3515 1896 3587 penitus

244 3607 424 3672 eruit,
453 3606 731 3678 quoniam
764 3609 940 3678 caput
959 3608 1016 3660 et
1060 3604 1324 3659 membra
1364 3603 1448 3658 illi
1499 3605 1732 3676 penitus
1763 3607 1896 3661 abs-

245 3695 406 3753 tulit.

243 3793 360 3844 Nec
386 3791 549 3853 videt,
581 3795 674 3842 aut
697 3790 862 3851 audit,
894 3805 993 3841 nec
1021 3791 1178 3849 fatur,
1209 3803 1308 3840 nec
1337 3789 1501 3849 sedet,
1533 3794 1625 3840 aut
1652 3791 1694 3840 it
1725 3805 1739 3841 :

244 3868 360 3917 Nec
387 3866 535 3925 caelo,
569 3877 669 3914 nec
697 3863 882 3922 huulo,
903 3876 1002 3911 nec
1033 3876 1171 3925 aqua
1199 3861 1349 3911 locus
1381 3861 1496 3924 ejus
1524 3861 1769 3912 habetur.

828 3959 1057 4016 CAPUT
1093 3957 1304 4015 XXXII.

426 4053 501 4107 De
529 4051 612 4106 his
639 4063 768 4122 quae
795 4051 856 4105 in
900 4049 1183 4105 obsidione
1215 4050 1342 4121 Tyri
1369 4051 1714 4119 gerebantur.

317 4139 581 4206 Quadam
594 4151 727 4194 vero
738 4137 1067 4206 d‘ie,dumin
1081 4137 1383 4194 obsidione
1402 4142 1723 4194 memorata
1735 4153 1896 4194 scen-

235 4229 288 4286 ri
333 4229 706 4302 quiescerent
756 4228 856 4300 qui
897 4227 1426 4292 circumsedebant,
1460 4226 1894 4298 opportunitate

231 4317 629 4383 considerata,
655 4315 1110 4389 egressisuntde
1151 4315 1680 4388 civitateTyriit-am
1717 4317 1891 4372 Turci

231 4421 423 4480 quam
453 4404 781 4472 Sarraceni,
813 4403 1118 4476 patefactis
1151 4403 1422 4475 portis,et
1452 4404 1522 4458 ad
1556 4401 1890 4458 machinam

1995 1845 2114 1900 tuis
2162 1849 2219 1900 et
2267 1845 2534 1916 pluribus
2586 1843 2907 1900 vulneratis
2957 1844 3247 1900 abierunt.
3293 1843 3644 1900 Mulierculas

1994 1934 2150 1989 enim
2182 1937 2238 1988 et
2266 1933 2519 1988 infantes
2553 1932 2611 1987 in
2631 1933 2775 1987 turri
2793 1935 3047 2004 quadam
3071 1937 3332 2004 tempore
3355 1938 3553 1988 nostro
3577 1932 3640 1987 il-

1996 2022 2070 2077 lic
2102 2022 2387 2078 aedificata
2415 2037 2477 2077 se
2509 2019 2974 2092 intromiseruut,
3007 2027 3063 2077 et
3120 2021 3204 2076 sic
3249 2019 3453 2076 salvati
3483 2025 3642 2076 sunt.

1996 2113 2199 2184 Itaque
2231 2128 2333 2184 per
2379 2118 2595 2166 terram
2646 2116 3041 2178 excurrentcs,
3078 2109 3446 2183 diripiebant,
3474 2127 3646 2166 neca-

1997 2203 2158 2266 bant,
2191 2200 2602 2273 captivabant;
2657 2201 3047 2271 quodcunque
3106 2199 3329 2254 malum
3376 2201 3646 2271 poterant

2000 2291 2308 2356 faciebant,
2343 2307 2446 2344 nec
2479 2293 2602 2344 erat
2634 2288 2730 2360 qui
2763 2287 2848 2343 eis
2897 2288 3210 2343 resisteret.
3241 2288 3456 2343 Intenti
3488 2287 3643 2344 enim

1999 2396 2234 2434 eramus
2257 2395 2462 2434 omnes
2512 2377 2583 2432 ad
2630 2377 3018 2439 obsidionem,
3052 2375 3511 2432 miscricordiam
3543 2393 3644 2433 ex-

2000 2472 2334 2540 spectantes
2367 2483 2704 2539 supernam,
2736 2470 3025 2538 quatenus
3071 2465 3330 2521 laborem
3375 2470 3643 2522 nostrum

1999 2562 2112 2612 Deo
2136 2557 2350 2612 factore
2363 2561 2418 2611 et
2441 2557 2708 2626 adjutore
2727 2553 3052 2610 valeremus
3071 2553 3645 2611 consummare.Erat

1999 2646 2155 2702 enim
2189 2645 2516 2718 impatibile
2563 2648 2620 2700 et
2670 2649 2836 2699 nocte
2888 2643 3215 2712 lucubrare,
3249 2647 3306 2699 et
3334 2643 3426 2699 die
3475 2643 3643 2701 labo-

2000 2751 2146 2790 rare.

2570 2821 2801 2878 CAPUT
2837 2821 3074 2877 XXXIV.

2411 2914 2484 2968 De
2512 2912 2818 2968 redditione
2846 2913 3000 2967 urbis
3035 2913 3234 2983 Tyriae.

2074 3001 2291 3058 Videns
2323 3007 2519 3057 autem
2554 3018 2651 3056 rex
2699 3000 2967 3056 Damasci
3016 3001 3237 3056 Turcos
3267 3017 3406 3056 suos
3435 3003 3491 3056 et
3519 3001 3648 3056 Sar-

2007 3091 2372 3164 racenos,qui
2405 3096 2571 3146 erant
2597 3089 2658 3145 in
2688 3091 2832 3146 urbe
2861 3089 3256 3155 circumclusi,
3292 3087 3450 3145 nullo
3471 3089 3646 3145 modo

2009 3198 2178 3255 posse
2211 3182 2280 3236 de
2313 3179 2588 3236 manibus
2613 3179 2831 3234 nostris
2858 3179 3116 3246 evadere,
3153 3177 3360 3234 maluit
3382 3194 3514 3233 cum
3542 3175 3646 3233 ali-

2006 3287 2121 3342 quo
2153 3270 2431 3325 dedecore
2479 3267 2638 3324 vivos
2696 3285 2794 3323 eos
2848 3267 3132 3322 redimere
3176 3283 3353 3338 quam
3385 3272 3647 3322 mortuos

2005 3359 2250 3431 plorare.
2307 3356 2576 3423 Quaesivit
2627 3372 2762 3429 ergo
2820 3372 2922 3428 per
2980 3355 3423 3410 interlocutores
3454 3355 3648 3428 sagaci
3745 3371 3752 3374 ·

2005 3447 2268 3522 consilio,
2301 3451 2588 3518 quatenus
2628 3445 2894 3500 homines
2927 3461 3065 3500 suos
3086 3459 3220 3499 cum
3245 3444 3420 3500 rebus
3444 3459 3646 3500 eorum

2005 3537 2281 3592 omnibus
2313 3535 2465 3589 foras
2497 3533 2800 3606 exciperet,
2824 3537 2879 3588 et
2909 3534 3112 3588 urbem
3143 3536 3445 3588 vacuatam
3479 3530 3648 3588 nobis

2006 3625 2376 3697 relinqueret.
2413 3628 2474 3678 In
2507 3640 2619 3695 quo
2650 3639 2785 3677 cum
2835 3622 3110 3694 utrinque
3139 3621 3236 3677 diu
3269 3621 3647 3691 luctaremur,

2005 3713 2311 3770 obsidibus
2373 3712 2742 3768 ambifariam
2802 3711 2976 3776 datis,
3041 3710 3123 3765 illi
3179 3711 3248 3766 de
3311 3711 3455 3766 urbe
3514 3715 3653 3767 sunt

2005 3803 2242 3876 egressi,
2277 3807 2334 3857 et
2365 3801 2674 3857 Christiani
2720 3801 2958 3874 paciﬁca
3009 3799 3370 3874 introgressi.
3404 3799 3652 3867 Quicun-

2005 3909 2116 3965 que
2149 3896 2345 3948 autem
2377 3907 2444 3946 ex
2471 3889 2809 3946 Sarracenis
2841 3891 2898 3944 in
2933 3891 3075 3946 urbe
3125 3905 3424 3946 remanere
3461 3889 3652 3947 volue-

2005 3985 2161 4050 runt,
2195 3981 2304 4036 sub
2337 3979 2689 4034 conditionis
2741 3979 3048 4035 ratiocinio
3098 3979 3156 4034 in
3220 3993 3362 4052 pace
3414 3993 3646 4034 reman-

2005 4074 2226 4127 serunt.

2003 4177 2111 4227 Sub
2136 4177 2334 4225 Cancro
2367 4175 2594 4224 Pbuabus
2625 4174 2799 4224 fuerat
2827 4189 2919 4224 sex
2950 4175 3128 4226 decies
3155 4179 3323 4235 ortus,

2003 4248 2226 4306 Quando
2256 4247 2424 4309 Tyrus
2454 4245 2677 4308 capitur,
2710 4250 2762 4295 et
2789 4247 3051 4305 redditur,
3082 4261 3143 4296 ac
3172 4249 3471 4310 superatur,

2095 4319 2223 4368 Nam
2260 4317 2438 4364 Nonas
2464 4316 2586 4365 Julii
2609 4316 2829 4380 contigit
2857 4317 2958 4366 hoc
2987 4317 3118 4366 ﬁeri.

2001 4409 2126 4464 Non
2157 4409 2244 4462 est
2272 4405 2768 4471 cessandum,non
2800 4409 2888 4460 est
2909 4405 3085 4460 etiam
3121 4407 3473 4462 tardandum
3499 4421 3650 4478 quaa-

242 4501 510 4552 nostram
541 4493 693 4548 inter
723 4497 967 4548 caeteras
999 4491 1296 4547 fortiorem
1346 4496 1742 4557 occurrentes,
1775 4509 1888 4546 nu-
1919 4507 1964 4571 1)
1993 4513 2120 4553 rere
2149 4493 2464 4551 Dominum
2497 4497 2762 4548 nostrum
2817 4494 3151 4565 adjutorem
3174 4493 3233 4548 in
3266 4494 3653 4550 tribulationi-

229 4583 391 4641 datis
421 4581 661 4638 frameis
696 4581 1056 4637 unanimiter
1086 4584 1549 4647 accurrerunt,et
1571 4585 1887 4652 antequam

231 4689 405 4732 arma
433 4671 614 4728 nostri
647 4675 1099 4744 caperent,quos
1131 4669 1190 4725 in
1224 4667 1499 4726 machina
1515 4670 1788 4726 custodes
1809 4669 1892 4724 in-

229 4765 525 4819 venerunt
553 4761 710 4816 foras
740 4759 1060 4816 sanciendo
1089 4758 1462 4832 pepulerunt.
1519 4760 1588 4814 Et
1619 4757 1890 4815 incende-

237 4855 383 4908 runt
412 4867 541 4906 eam
573 4849 715 4922 igni,
750 4866 866 4922 qua
898 4847 1166 4906 solebant
1193 4854 1386 4904 turres
1419 4848 1785 4919 anteajactis
1807 4847 1890 4904 la-

237 4939 486 5014 pidibus
516 4938 896 5010 conquassari
929 4942 987 4993 et
1037 4937 1555 4993 vehementissime
1587 4937 1888 5009 perforari.

239 5029 309 5084 In
338 5026 918 5099 quaimpugnatione
948 5027 1018 5081 3O
1066 5025 1337 5082 homines
1377 5026 1761 5098 perdidimus.
1800 5025 1888 5082 Illi

235 5120 439 5174 autem
469 5113 683 5188 duplex
731 5119 1070 5188 repererunt
1121 5115 1424 5170 damnum.
1460 5114 1618 5169 Cives
1676 5116 1890 5187 quippe

234 5213 346 5280 per
363 5203 528 5261 muri
555 5203 749 5260 minas
769 5208 1136 5260 nostros-tam
1151 5204 1382 5276 sagittis
1405 5219 1580 5276 quam
1597 5201 1890 5276 lapidibus

234 5294 362 5353 sive
387 5293 636 5366 spiculis
663 5294 864 5350 crebro
894 5292 1059 5348 valde
1093 5292 1380 5348 laedebant
1399 5296 1457 5348 et
1484 5292 1886 5348 vulnerabant.

231 5383 480 5442 Interim
511 5386 709 5438 autem
740 5381 996 5438 Venetici
1029 5383 1211 5438 nostri
1243 5382 1507 5437 secunda
1537 5382 1628 5438 usi
1662 5383 1894 5439 fortuna

228 5471 408 5540 satis,
429 5472 720 5528 carebam
752 5483 928 5528 suum
978 5471 1249 5544 ingressi,
1283 5469 1384 5542 qui
1433 5485 1549 5524 non
1582 5475 1749 5528 erant
1778 5471 1893 5528 nisi

229 5561 504 5637 quisque
531 5565 788 5630 tantum,
819 5559 1239 5618 domunculam
1285 5571 1483 5626 unam,
1519 5575 1699 5631 quam
1723 5560 1898 5631 juxta

1998 4587 2131 4652 bus,
2165 4585 2350 4656 pium,
2376 4583 2721 4656 benignum,
2758 4587 2814 4638 et
2844 4582 3113 4656 precibus
3144 4583 3378 4654 pulsare
3399 4599 3554 4651 eum,
3584 4590 3650 4639 ut

2004 4674 2172 4730 nobis
2204 4673 2577 4745 pulsantibus
2592 4673 2754 4746 pium
2775 4673 3026 4745 przebeat
3050 4672 3461 4728 auditum.Hoc
3477 4673 3648 4743 equi-

2003 4765 2134 4819 dem
2170 4763 2226 4816 in
2262 4761 2623 4817 Hierusalem
2685 4761 3031 4827 feceramus,
3065 4777 3319 4834 persaepe
3376 4760 3649 4816 ecclesias

1997 4852 2308 4920 visitando,
2341 4851 2634 4924 lacrymas
2663 4849 3394 4923 fundendo,eleemosynas
3425 4851 3648 4922 imper-

1997 4942 2215 5007 tiendo,
2250 4958 2494 5013 corpora
2517 4940 2763 5012 jejuniis
2823 4939 3148 4996 efﬁciendo.
3183 4940 3343 5006 Quod
3376 4939 3550 5005 Deus,
3584 4945 3650 4996 ut

2001 5030 2192 5096 credo,
2223 5030 2292 5084 de
2323 5028 2596 5101 supernis
2640 5032 2965 5100 aspectans,
2995 5044 3112 5082 non
3161 5025 3398 5097 reliquit
3422 5031 3553 5098 post
3586 5043 3647 5082 se

2000 5117 2485 5182 benedictionem,
2519 5117 2618 5172 sed
2683 5116 2980 5170 exaudivit
3040 5115 3508 5186 deprecationem
3540 5133 3649 5171 no-

2001 5213 2204 5262 stram.
2241 5208 2404 5273 Quod
2436 5223 2569 5261 cum
2604 5205 2860 5277 aliquem
2909 5204 3210 5260 addiscere
3241 5203 3650 5262 rumusculum

2002 5295 2244 5350 auribus
2277 5294 2494 5369 apertis
2527 5293 3032 5367 exspectabamus,
3067 5307 3198 5348 ecce
3229 5293 3402 5367 legati
3433 5298 3548 5349 tres
3573 5295 3652 5350 fe-

2001 5383 2426 5440 stinantissime
2458 5389 2739 5440 venerunt
2769 5382 2940 5439 nobis
2971 5381 3312 5438 nuntiantes
3339 5387 3399 5437 et
3428 5379 3654 5437 litteras

2004 5491 2037 5529 a
2068 5472 2405 5547 patriarcha
2433 5479 2634 5530 nostro
2689 5471 3042 5540 deferentes,
3075 5474 3133 5526 et
3180 5471 3385 5526 urbem
3424 5471 3654 5540 captain

2006 5578 2135 5621 esse
2169 5561 2624 5622 innotescentes.
2655 5563 2786 5629 Quo
2803 5559 3276 5630 audito,elamor
3295 5556 3656 5631 jucundissi-
