3998 6088
330 267 451 334 923

845 270 948 334 AD
993 267 1507 336 GODEFRIDUM
1549 269 1880 333 APPEND.
1927 266 2006 330 ΙΙ.
2038 300 2117 314 -
2145 267 2455 334 MONUM.
2503 269 2606 333 DE
2647 269 2896 334 BELLO
2941 267 3218 334 SACRO.

3615 268 3740 331 924

331 424 466 463 mus
495 404 799 472 attollitur,
850 407 916 463 Te
971 407 1140 462 Deum
1197 406 1488 462 laudamus
1544 405 1698 461 illico
1729 405 1968 461 vocibus
1999 403 2052 470 Α
2083 403 2337 461 rusalem
2354 422 2588 479 quoque
2609 406 3156 464 duxGodefriduset
3177 405 3431 462 domnus
3447 405 3739 461 Boamun-

334 495 602 553 altisonis
633 496 1192 568 decantatur.Signa
1223 497 1552 568 pulsantur,
1589 494 1879 567 processio
1903 495 1975 550 ad

334 585 519 642 Deum
550 585 876 650 deducitur,
910 583 1115 639 vexilla
1147 584 1204 638 in
1267 585 1455 638 muris
1483 589 1539 639 et
1571 583 1834 639 turribus
1863 583 1977 638 ele-

331 679 560 741 vantur,
595 690 698 745 per
726 691 929 729 omnes
978 673 1132 728 vicos
1189 676 1531 728 ornamenta
1589 671 1979 727 multicoloria

333 761 1072 834 extenduntur,gratiarum
1101 761 1356 817 actiones
1382 763 1980 834 depromuntur,nun-

332 851 396 907 tii
430 870 532 924 pro
563 852 976 922 meritisdigne
990 855 1462 917 remunerantur,
1485 850 1755 922 pusilliet
1779 850 1977 923 magni

333 940 549 1013 pariter
578 939 1080 1012 congratulantur,
1115 938 1318 1010 puella
1342 939 1400 993 in
1423 939 1814 1006 cantilenis,in
1839 939 1974 994 cho-

331 1030 446 1086 reis
465 1029 1039 1085 ’delectantur.Rectc
1061 1033 1246 1082 mater
1275 1027 1638 1084 Hierusalem
1669 1029 1884 1100 gaudet
1907 1029 1976 1083 de

329 1119 476 1188 Tyro
500 1116 640 1182 ﬁlia,
674 1117 843 1187 cujus
878 1133 912 1170 a
944 1117 1178 1172 dextera
1232 1117 1382 1170 sedit
1439 1118 1647 1171 amodo
1679 1122 1971 1172 coronata.

332 1209 517 1279 Luget
545 1210 602 1260 et
634 1204 910 1276 Babylon,
944 1204 1343 1273 consolatione
1372 1205 1500 1276 ejus
1530 1205 1776 1276 perdita,
1803 1207 1974 1277 cujus

331 1293 689 1350 adminiculo
712 1295 934 1349 dudum
959 1293 1258 1348 exstiterat
1273 1294 1707 1366 suffulta,cujus
1725 1295 1974 1351 classem

330 1383 645 1456 quotannis
676 1383 844 1436 nobis
878 1381 1145 1437 lnstilcm
1177 1383 1516 1454 excipiebat.
1551 1384 1679 1438 Hac
1709 1400 1841 1438 vero
1863 1385 1972 1440 etsi

329 1473 657 1528 minoratur
687 1475 1342 1544 pompa,augmentatur
1371 1471 1565 1527 divina
1595 1472 1800 1544 gratia.
1827 1473 1972 1528 Nam

329 1579 457 1634 qua
489 1561 643 1633 apud
670 1560 948 1616 Ethnicos
995 1559 1200 1615 civitas
1233 1560 1519 1616 habuerat
1549 1559 1606 1614 in
1639 1560 1973 1634 magisterio

328 1649 831 1724 primiﬂaminem,
864 1648 951 1704 vel
1001 1647 1482 1716 archiflaminem,
1517 1651 1840 1704 secundum
1869 1651 1972 1706 Pa-

327 1744 486 1796 trum
520 1738 948 1838 institutionem
981 1737 1217 1838 habebit
1267 1737 1575 1837 primatem
1608 1739 1694 1794 vel
1729 1739 1970 1811 patriar-
2003 1773 2051 1838 B

327 1829 499 1885 cham
531 1828 587 1883 in
621 1827 747 1900 lege
787 1826 1136 1882 Christiana.
1197 1826 1306 1882 Ubi
1353 1826 1509 1882 enim
1542 1828 1974 1885 archiflamines

326 1923 514 1983 erant,
545 1915 967 1988 archiepiscopi
997 1915 1056 1970 in
1088 1915 1212 1988 lege
1233 1914 1697 1971 Christianorum
1722 1921 1861 1972 sunt
1891 1917 1974 1971 in-

326 2005 649 2078 stituti,qui
681 2003 932 2076 singulis
964 2005 1278 2075 provinciis
1328 2003 1586 2076 prasint.
1622 2005 1728 2060 Ubi
1757 2011 1972 2062 metro-

325 2094 475 2169 polis
506 2099 650 2161 erat,
685 2110 811 2166 qua
844 2093 1259 2164 interpretatur
1286 2100 1463 2148 mater
1505 2094 1720 2164 civitas,
1753 2100 1972 2150 metro-

326 2183 568 2257 politani
601 2180 898 2253 erant,qui
920 2181 991 2237 de
1021 2181 1212 2236 tribus
1243 2185 1344 2236 aut
1365 2185 1619 2253 quatuor
1639 2181 1971 2239 civitatibus

325 2272 480 2329 intra
511 2270 769 2343 aliquam
804 2269 1161 2341 provinciam
1193 2269 1364 2325 matri
1396 2275 1451 2325 et
1481 2269 1689 2342 majori
1721 2271 1968 2328 aliarum

326 2361 541 2418 civitati
572 2359 981 2433 prasidebant.
1019 2358 1124 2414 Ubi
1175 2363 1369 2414 autem
1422 2359 1678 2415 minores
1708 2360 1969 2417 civitates

325 2450 660 2506 habuerunt
689 2447 1058 2504 solummodo
1109 2447 1374 2504 flamines
1403 2449 1490 2504 vel
1549 2449 1810 2518 comites,
1842 2451 1968 2523 epi-

326 2539 487 2611 scopi
519 2542 657 2594 sunt
687 2536 1013 2592 constituti.
1049 2537 1222 2592 Porro
1255 2537 1474 2593 tribuni
1511 2537 1697 2610 plebis
1730 2556 1843 2594 non
1875 2540 1970 2594 ab-

325 2629 500 2685 surde
523 2626 928 2698 intelliguntur
945 2625 1285 2698 presbyteri,
1301 2627 1421 2681 sive
1444 2625 1653 2698 reliqui
1679 2627 1968 2684 inferioris

325 2716 547 2774 ordinis
578 2714 793 2770 clerici.
841 2714 935 2770 Sic
985 2715 1178 2770 omnis
1234 2716 1535 2770 mundana
1584 2720 1843 2787 potestas
1876 2716 1968 2774 his

324 2805 606 2880 gradibus
627 2803 983 2876 dignitatum
1015 2820 1049 2858 a
1076 2820 1138 2858 se
1159 2802 1408 2858 invicem
1440 2803 1637 2872 distat,
1667 2803 1723 2859 id
1785 2808 1875 2860 est
1904 2811 1969 2861 ut

324 2894 552 2968 primus
583 2892 659 2948 sit
690 2896 1014 2964 Augustus,
1045 2891 1134 2947 vel
1167 2892 1503 2965 imperator.
1529 2893 1749 2949 Deinde
1779 2893 1967 2950 Casa-

323 3000 438 3053 res,
469 2982 678 3038 deinde
709 2998 893 3054 reges,
923 2981 1121 3049 duces,
1169 2982 1432 3038 comites.
1488 2981 1582 3038 Sic
1639 2982 1781 3038 dicit
1836 2982 1965 3038 Cle—

322 3088 490 3128 mens
519 3088 689 3143 papa,
722 3069 1056 3136 Anacletus,
1089 3069 1350 3137 Anicius,
1383 3073 1439 3125 et
1478 3070 1674 3142 plures
1701 3069 1820 3126 alii.
1856 3072 1963 3127 De-

2088 495 2198 549 dus
2229 500 2576 566 acceperunt
2606 500 2818 551 terram
2851 511 3020 550 suam
3044 512 3078 549 a
3100 494 3430 567 patriarcha
3460 494 3735 550 Dalherto

2086 586 2323 653 propter
2359 599 2618 637 amorem
2670 581 2791 636 Dei.
2855 581 3174 636 ldentidem
3238 580 3536 637 Paschalis
3583 599 3737 654 papa

2087 670 2402 743 privilegiis
2435 671 2560 726 suis
2592 671 3004 735 corroboravit,
3038 675 3094 726 et
3121 688 3188 725 ea
3237 669 3504 726 Ecclesia
3541 670 3734 726 lliero-

2086 758 2320 830 solyma
2353 759 2924 831 transmisit,quibus
2952 758 3212 814 Ecclesia
3234 759 3497 814 Romana
3529 760 3611 814 sic
3637 778 3736 814 au-

2086 847 2400 903 ctorisante
2424 849 2558 918 jure
2608 853 2886 920 perpetuo
2939 847 3386 904 communietur.
3422 848 3484 904 In
3515 849 3736 920 quibus

2086 935 2402 1009 privilegiis
2434 936 2554 992 hac
2585 936 2869 1008 inscripta
2897 937 3290 992 continentur.

2667 1025 2898 1081 CAPUT
2937 1025 3145 1082 XXXV.

2473 1116 2574 1170 Pri
2581 1115 2837 1186 uilegz'um
2861 1116 3140 1170 Paschalis
3169 1132 3346 1186 papae.

2156 1227 2182 1252 «
2220 1204 2552 1271 PASCHALIS,
2578 1221 2780 1260 servus
2802 1221 3102 1260 servorum
3128 1203 3732 1270 Dei,reverentissin:o

2085 1292 2248 1346 fratri
2281 1292 2802 1364 Hierosolymitano
2836 1291 3178 1364 patriarcha
3212 1292 3489 1347 GIBELINO
3511 1297 3567 1346 et
3597 1310 3731 1347 suc-

2084 1381 2416 1437 cessoribus
2449 1383 2577 1452 ejus
2608 1379 2885 1436 canonice
2930 1381 3361 1454 promovendis.
3395 1382 3730 1437 Secundum

2084 1470 2438 1526 mutationes
2478 1475 2808 1542 temporum
2858 1471 3295 1525 transferuntur
3342 1470 3520 1526 etiam
3554 1489 3735 1544 regna

2082 1564 2392 1614 terrarum.
2427 1559 2588 1615 Unde
2619 1559 2796 1614 etiam
2855 1558 3382 1615 ecclesiasticarum
3429 1560 3733 1632 parochia-

2083 1665 2214 1703 rum
2249 1648 2393 1703 ﬁnes
2425 1648 2482 1701 in
2517 1647 2811 1720 plerisque
2843 1647 3155 1718 provinciis
3187 1647 3400 1702 mutari
3424 1647 3654 1720 expedit
3674 1653 3734 1704 et

2083 1737 2407 1793 transferri.
2444 1735 2784 1792 Asianarum
2817 1735 3107 1807 siquidem
3159 1736 3549 1792 Eeclesiarum
3583 1738 3732 1794 fines

2084 1826 2341 1898 antiquis
2370 1827 2603 1880 fuerunt
2632 1824 3084 1882 difﬁnitionihus
3107 1824 3592 1892 distributi.Quas
3614 1827 3730 1881 dis-

2081 1914 2430 1971 tributiones
2459 1914 2819 1970 diversarum
2851 1914 3092 1969 diversa
3125 1915 3257 1969 fidei
3288 1915 3552 1988 gentium
3587 1933 3726 1970 con-

2081 2004 2230 2059 fudit
2259 2003 2524 2076 irruptio.
2558 2002 2785 2058 Gratias
2851 2007 3048 2058 autem
3107 2003 3243 2071 Deo,
3296 2005 3451 2076 quod
3511 2003 3731 2060 nostris

2079 2092 2440 2165 temporibus
2473 2096 2528 2148 et
2555 2091 2871 2146 Antiochia
2903 2095 2960 2146 et
3019 2091 3424 2164 Hierosolyma
3454 2092 3719 2150 civitates

2079 2199 2213 2238 cum
2246 2179 2606 2237 suburbanis
2636 2180 2760 2236 suis
2790 2185 2848 2236 et
2881 2181 3288 2252 adjacentihus
3321 2180 3634 2254 provinciis
3668 2183 3728 2237 in

2079 2269 2539 2326 Christianorum
2573 2268 2905 2342 principum
2931 2269 3176 2325 redacta
3199 2275 3338 2325 sunt
3355 2273 3725 2342 potestatem.

2078 2359 2240 2414 Unde
2271 2363 2498 2431 oportet
2527 2375 2635 2413 nos
2667 2357 2874 2413 divina
2924 2358 3238 2434 mutationi
3264 2364 3321 2414 et
3351 2357 3724 2415 translationi

2078 2465 2318 2503 manum
2347 2464 2657 2520 apponere,
2690 2451 2747 2502 et
2793 2447 3118 2502 secundum
3151 2452 3386 2520 tempus
3427 2465 3554 2521 qua
3587 2453 3728 2504 sunt

2077 2537 2440 2609 disponenda
2469 2537 2870 2609 disponere,ut
2897 2534 3432 2608 Hierosolymitana
3457 2537 3724 2593 Ecclesia

2077 2627 2252 2682 urbes
2281 2625 2410 2681 illas
2439 2631 2496 2681 et
2522 2624 2849 2697 provincias
2880 2626 3290 2693 concedamus,
3327 2644 3452 2698 qua
3475 2643 3578 2698 per
3596 2626 3722 2699 glo-

2078 2714 2216 2770 riosi
2248 2714 2399 2787 regis
2428 2713 2694 2770 Balduini
2719 2713 3185 2786 prudentiam,ac
3206 2714 3564 2770 exercituum
3586 2732 3722 2771 eum

2076 2802 2448 2875 sequentium
2480 2801 2763 2875 sanguine
2803 2819 2904 2875 per
2957 2802 3058 2857 Dei
3116 2803 3364 2875 gratiam
3425 2805 3723 2876 acquisita

2076 2897 2232 2948 sunt.
2264 2891 2570 2948 Prasentis
2601 2890 2815 2947 decreti
2847 2891 3060 2963 pagina
3117 2891 3244 2960 tibi,
3283 2892 3462 2948 frater
3491 2892 3720 2948 charis-

2075 2980 2223 3037 sime
2253 2984 2309 3036 et
2338 2979 2676 3052 coepiscope
2695 2978 3221 3052 Giheline,tuisque
3252 2981 3714 3052 successoribus,

2077 3075 2134 3126 et
2165 3087 2266 3143 per
2307 3087 2408 3125 vos
2463 3075 2677 3125 sancta
2736 3068 3270 3142 Hierosolymitana
3319 3070 3586 3128 Ecclesia
3621 3090 3720 3145 pa-

323 3178 455 3217 mus
485 3139 620 3232 ergo
650 3159 855 3214 laudes
888 3159 1002 3214 Deo
1032 3139 1624 3230 altissimo,quianon
1654 3159 1962 3216 hominum
1996 3139 2038 3206 C
2077 3139 2374 3214 triarchali
2405 3157 2872 3230 metropolitano,
2896 3139 3032 3229 jure
3081 3159 3366 3232 regendas
3397 3139 3712 3232 disponen-

319 3248 663 3317 virtute,sed
697 3265 806 3304 sua
835 3247 1197 3319 beneplacita
1225 3247 1544 3316 voluntate,
1577 3248 1703 3303 sine
1734 3249 1968 3321 sangui-

323 3337 416 3394 nis
444 3337 725 3394 efl'usione
758 3336 927 3392 nobis
975 3337 1191 3408 Tyrum
1240 3335 1510 3404 reddidit,
1546 3338 1750 3392 urbem
1785 3337 1966 3410 incly-

319 3431 460 3492 tam,
487 3426 692 3481 urbem
724 3424 1106 3480 fortissimam
1138 3430 1195 3480 et
1225 3425 1296 3480 ad
1355 3425 1703 3497 capiendum
1735 3426 1965 3481 difficil-

320 3513 546 3581 limam,
582 3513 692 3568 nisi
727 3513 880 3568 Deus
913 3529 1156 3568 manum
1207 3519 1524 3586 apponeret
1549 3514 1865 3570 dexteram.
1902 3519 1965 3569 In

320 3602 430 3658 hoc
463 3601 698 3674 quidem
725 3601 1060 3657 Antiocheni
1093 3601 1588 3674 deliquerunt,qui
1615 3602 1838 3658 nullum
1870 3621 1968 3659 au-

319 3690 526 3747 xilium
561 3691 729 3746 nobis
768 3691 1163 3763 prabuerunt,
1192 3707 1298 3746 nec
1351 3690 1535 3746 labori
1593 3690 1729 3747 huic
1759 3693 1966 3748 adesse

321 3779 1044 3836 voluerunt.Benedicatur
1063 3782 1259 3835 autem
1275 3778 1514 3834 Pontius
1544 3779 1964 3852 Tripolitanus,

321 3868 598 3942 quoniam
631 3869 864 3940 adjutor
894 3867 1062 3923 nobis
1090 3867 1492 3924 ﬁdelissimus.
1519 3868 1786 3924 Pacificet
1812 3870 1965 3925 Deus

319 3957 736 4014 Antiochenam
769 3955 1086 4012 Ecclesium
1133 3973 1270 4013 cum
1315 3956 1839 4030 Hierosolymitana
1866 3959 1966 4014 Ec-

321 4046 518 4114 clesia,
554 4064 679 4118 qua
711 4046 837 4100 dua
869 4046 1156 4102 dissident
1187 4047 1257 4102 de
1287 4045 1456 4118 Tyria
1486 4045 1796 4102 tertia.llla
1825 4047 1967 4102 dicit

320 4136 473 4192 hanc
505 4135 616 4190 sibi
647 4135 828 4191 fuisse
859 4134 1155 4191 subditam
1183 4136 1293 4190 sub
1318 4139 1649 4190 Gracorum
1681 4139 1962 4208 tempore.

321 4225 452 4280 Hac
483 4223 623 4280 dicit
653 4242 714 4280 se
771 4241 898 4280 esse
949 4225 1375 4280 communitam
1427 4224 1747 4298 privilegiis
1789 4242 1823 4280 a
1854 4225 1964 4281 Ro-

321 4329 496 4368 mano
527 4313 818 4384 pontifice.
863 4312 1009 4367 Nam
1059 4312 1120 4367 in
1170 4311 1412 4367 concilio
1468 4312 1815 4368 Arvernensi
1845 4318 1964 4368 tam

321 4401 658 4458 authentico
691 4406 748 4457 et
778 4400 1250 4457 nominatissimo
1281 4400 1666 4456 constitutum
1701 4401 1965 4457 unanimi

2077 3248 2300 3319 dasque
2332 3247 2632 3303 saucimus
2659 3246 2920 3303 civitates
2951 3253 3356 3321 omnes,atque
3368 3249 3717 3322 provincias,

2076 3354 2224 3409 quas
2255 3337 2366 3392 sub
2397 3336 2656 3410 pradicti
2690 3336 2843 3409 regis
2873 3336 3092 3392 ditione
3138 3342 3241 3392 aut
3272 3339 3400 3408 jam
3432 3338 3708 3406 restituit,

2076 3429 2178 3480 aut
2207 3425 2264 3480 in
2298 3427 2564 3481 futurum
2599 3426 2902 3481 restituere
2931 3425 3128 3480 divina
3148 3426 3338 3499 gratia
3359 3427 3719 3500 dignabitur.

2074 3515 2326 3587 Dignum
2360 3519 2448 3569 est
2477 3514 2633 3569 enim
2667 3518 2732 3569 ut
2762 3514 3014 3586 sepulcri
3036 3515 3324 3570 Dominici
3358 3515 3615 3572 Ecclesia
3639 3533 3723 3572 se-

2075 3604 2334 3658 cundum
2365 3601 2626 3658 fidelium
2660 3602 2914 3658 militum
2966 3603 3256 3660 desideria
3288 3610 3716 3676 competentem

2073 3692 2356 3748 honorem
2380 3691 2660 3762 obtineat,
2695 3696 2753 3746 et
2787 3693 3112 3748 Turcorum
3144 3692 3230 3748 vel
3264 3694 3720 3750 Sarracenorum

2067 3782 2212 3854 jugo
2243 3780 2447 3846 libera,
2481 3779 2540 3835 in
2581 3780 3043 3836 Christianorum
3109 3799 3290 3838 manu
3321 3783 3720 3839 abundantius

2075 3868 2378 3926 exaltetur.
2419 3892 2444 3917 ››

2642 3959 2873 4015 CAPUT
2911 3960 3147 4016 XXXVI.

2286 4049 2360 4102 De
2384 4049 2728 4119 porttonibus
2755 4050 2908 4104 cirva
2943 4051 3142 4120 Tyrum
3170 4051 3504 4106 constitutis.

2145 4134 2402 4208 Expletis
2433 4139 2626 4192 autem
2661 4137 2814 4209 apud
2849 4138 3090 4210 Tyrum,
3125 4143 3297 4210 prout
3325 4139 3604 4210 oportuit,
3629 4155 3722 4195 ne-

2074 4225 2342 4298 gotiis,et
2371 4224 2662 4298 tripertita
2691 4224 2977 4281 divisione
3025 4226 3347 4298 dispositis,
3381 4231 3437 4282 et
3464 4229 3721 4301 aquipa-

2076 4313 2296 4369 ratione
2326 4330 2582 4387 congrua
2614 4314 2844 4370 duabus
2876 4314 3243 4386 portionibus
3285 4316 3452 4388 regia
3501 4317 3721 4374 scilicet

2075 4401 2368 4476 dignitati,
2401 4408 2457 4459 et
2473 4402 2648 4458 tertia
2666 4403 3032 4459 hareditario
3047 4405 3182 4475 jure
3203 4404 3494 4461 Veneticis
3513 4409 3634 4461 tam
3663 4407 3724 4462 in

323 4508 567 4548 assensu
599 4491 728 4558 fuit,
763 4495 846 4561 ut,
879 4505 1244 4562 quacunque
1301 4489 1502 4545 civitas
1558 4490 1700 4545 mari
1754 4507 1965 4563 magno
1997 4507 2042 4571 D
2074 4493 2217 4548 urbe
2247 4508 2427 4563 quam
2448 4491 2506 4546 in
2531 4496 2700 4563 porta
2721 4491 3064 4564 singillatim
3097 4493 3723 4562 contraditis,recesse-

323 4581 572 4636 transito
604 4597 637 4634 a
667 4595 1030 4652 paganorum
1058 4583 1256 4650 posset
1286 4579 1474 4634 excuti
1500 4579 1799 4651 jugo,sine
1829 4596 1964 4636 con-

324 4668 671 4724 tradictione
720 4667 1051 4740 perenniter
1097 4667 1477 4722 oblineretur.
1528 4667 1644 4722 Hoc
1691 4668 1864 4722 etiam
1905 4668 1964 4723 in

324 4758 683 4815 Antiocheno
715 4756 958 4814 concilio
989 4755 1259 4829 episcopo
1292 4756 1557 4811 Podiensi
1585 4757 1966 4830 magistrante

326 4847 671 4920 replicatum
695 4851 752 4903 et
776 4861 1120 4903 concessum
1151 4845 1223 4900 ab
1255 4845 1530 4901 omnibus
1587 4851 1698 4902 est.
1743 4846 1803 4902 In
1836 4846 1966 4902 Hie-

2075 4584 2211 4636 runt
2241 4597 2445 4636 omnes
2475 4581 2546 4636 ad
2578 4581 3056 4638 sua.Revertente
3087 4587 3281 4638 autem
3314 4583 3727 4656 Hierosolymi-

2076 4674 2212 4725 tano
2242 4668 2574 4741 patriarcha
2604 4669 2964 4726 Hierusalem
2989 4687 3123 4727 cum
3156 4671 3722 4745 Hierosolymitanis,

2075 4776 2306 4814 crucem
2339 4759 2568 4814 Domini
2619 4765 3052 4816 sacrosanctam
3086 4760 3264 4834 digna
3321 4777 3454 4816 cum
3483 4779 3724 4818 venera-

2073 4848 2232 4904 tione
2262 4848 2523 4921 suscepit
2553 4846 2744 4904 clerus
2775 4852 2832 4904 et
2859 4848 3137 4922 populus.

807 5041 967 5124 (Huc
995 5059 1177 5123 usque
1203 5040 1380 5103 editio
1411 5041 1450 5103 Ι
1468 5041 1810 5122 Bongarsiz‘.
1842 5043 1982 5118 Qua
2003 5053 2331 5126 sequuntur
2359 5042 2572 5106 addita
2598 5053 2736 5105 sunt
2757 5063 2832 5106 es:
2859 5064 2965 5106 ms.
3000 5044 3243 5124 codice.)

881 5200 1116 5256 CAPUT
1153 5201 1420 5257 XXXVII.

773 5295 851 5346 De
878 5292 1036 5359 signa
1065 5298 1195 5345 tunc
1218 5298 1528 5362 apparente.

400 5375 617 5434 Deinde
649 5379 920 5449 apparuit
948 5378 1117 5435 nobis
1149 5378 1234 5435 sol
1267 5396 1370 5451 per
1409 5397 1588 5435 unam
1623 5381 1738 5436 fere
1771 5380 1972 5436 horam

332 5464 558 5534 fulgore
589 5465 913 5535 colorifero,
943 5467 1003 5523 in
1035 5484 1244 5523 novam
1277 5467 1362 5522 vel
1413 5468 1692 5540 jactivam
1725 5469 1974 5524 formam

329 5555 886 5622 commutatus,etin
917 5557 1110 5632 specie
1129 5556 1280 5614 luna
1299 5561 1582 5629 tanquam
1604 5557 1806 5631 eclipsi
1829 5575 1973 5630 qua-

2084 5204 2218 5260 dam
2251 5204 2518 5260 biformis
2549 5208 2998 5264 transmutatus.
3031 5204 3148 5260 Hoc
3180 5204 3392 5261 accidit
3421 5204 3639 5278 quippe
3668 5223 3728 5262 Ill

2085 5293 2222 5350 Idus
2250 5293 2520 5367 Augusti,
2555 5293 2698 5349 hora
2717 5292 2830 5349 diei
2855 5295 2981 5365 jam
3005 5297 3389 5366 pratereunte
3419 5291 3730 5349 nona.Noli

2083 5397 2220 5453 ergo
2253 5379 2454 5436 mirari
2487 5397 2621 5436 cum
2649 5380 2813 5436 vides
2847 5380 3015 5454 signa
3048 5381 3107 5436 in
3137 5380 3322 5452 caelis,
3353 5381 3491 5454 quia
3523 5379 3733 5436 nihilo-

2085 5469 2282 5525 minus
2313 5474 2586 5541 operatur
2613 5470 2765 5526 Deus
2797 5470 2858 5525 in
2887 5471 3250 5528 terris.Sicut
3277 5471 3436 5528 enim
3467 5469 3527 5525 in
3561 5469 3732 5526 cale-

2087 5557 2302 5628 stihus,
2332 5557 2416 5615 ita
2445 5563 2502 5616 et
2531 5559 2591 5616 in
2639 5559 2890 5616 terrenis
2938 5561 3323 5618 transformat
3351 5565 3409 5617 et
3433 5558 3735 5632 componit
