3998 6088
286 274 407 336 925

1008 271 1428 336 FULCHERII
1474 271 1807 336 CABNOT.
1854 271 2062 336 HIST.
2109 274 2523 339 HIEROSOL.
2558 309 2633 323 —
2663 275 2810 338 LIB.
2855 275 2963 338 III.

3575 253 3694 342 926

285 423 652 482 quacunque
680 410 738 463 et
765 407 1058 479 quomodo
1072 405 1386 474 vult.Quod
1419 407 1468 463 si
1490 408 1640 463 mira
1655 412 1788 464 sunt
1802 424 1928 480 quae
1960 408 2015 474 Α
2044 408 2293 465 faciebat
2321 409 2609 483 opiliones
2639 427 2776 467 suos
2810 426 3068 484 pascere,
3095 409 3338 482 insuper
3367 411 3457 468 lac
3487 429 3689 471 eorum

288 498 507 563 fecerit,
524 495 846 552 mirabilior
874 499 962 551 est
992 494 1091 568 qui
1104 512 1171 551 ea
1183 495 1657 552 fecit.Considera
1671 500 1934 553 etmente

286 587 542 660 recogita
593 585 887 658 quomodo
943 588 1203 656 temp’ore
1248 585 1308 640 in
1353 591 1550 642 nostro
1598 587 1936 642 transvertit

286 677 445 733 Deus
475 674 848 732 Occidentem
871 674 933 729 in
954 673 1206 730 Oriente.
1241 675 1387 730 Nam
1438 675 1538 748 qui
1587 675 1809 732 fuimus
1839 693 1933 732 oc-

287 762 626 833 cidentales,
659 780 816 820 nunc
858 763 995 820 facti
1047 781 1254 820 sumus
1303 763 1632 821 orientales.
1668 765 1775 832 Qui
1825 767 1936 822 fuit

286 855 590 911 Romanus
619 858 721 910 aut
752 853 1146 920 Francus,hac
1175 852 1235 908 in
1265 857 1419 909 terra
1449 854 1638 911 factus
1667 859 1757 912 est
1787 855 1937 911 Gali-

286 944 562 1010 laaus,aut
590 942 954 1000 Palaestinus.
976 935 1217 1008 Qui'fuit
1249 943 1554 1000 Bernensis
1586 948 1687 998 aut
1717 944 1934 1000 Carno-

286 1033 494 1101 tensis,
528 1048 684 1087 nunc
713 1031 968 1088 efficitur
996 1031 1206 1104 Tyrius
1235 1035 1334 1087 aut
1361 1031 1776 1088 Antiochenus.
1801 1034 1933 1089 Jam

287 1121 454 1178 obliti
481 1138 690 1176 sumus
721 1119 1046 1176 nativitatis
1068 1124 1280 1176 nostrae
1309 1120 1590 1192 loca,jam
1621 1123 1790 1178 nobis
1811 1122 1935 1195 plu-

287 1211 452 1268 ribus
483 1210 570 1267 vel
600 1215 740 1266 sunt
767 1209 987 1284 ignota,
1017 1209 1107 1265 vel
1156 1209 1334 1266 etiam
1367 1210 1650 1268 inaudita.
1684 1211 1787 1268 Hic
1807 1213 1934 1284 jam

288 1300 551 1375 possedit
583 1300 789 1355 domos
820 1298 1086 1372 proprias
1107 1303 1164 1354 et
1185 1299 1436 1355 familias
1467 1300 1634 1372 quasi
1659 1303 1794 1372 jure
1825 1301 1936 1357 hae-

288 1390 563 1447 reditario
595 1393 652 1445 et
680 1394 941 1462 paterno,
965 1388 1062 1445 ille
1081 1406 1215 1445 vero
1228 1389 1354 1461 jam
1379 1389 1546 1445 duxit
1561 1407 1801 1446 uxorem
1819 1409 1935 1447 non

287 1484 487 1536 tamen
518 1478 988 1550 compatriotam,
1014 1478 1114 1534 sed
1144 1483 1201 1534 et
1231 1479 1435 1551 Syram
1467 1483 1569 1534 aut
1598 1481 1933 1550 Armenam,

289 1573 350 1624 et
379 1568 677 1624 interdum
710 1568 1115 1632 Sarracenam,
1149 1565 1429 1640 baptismi
1460 1570 1654 1623 autem
1687 1569 1936 1641 gratiam

2043 499 2104 554 in
2164 498 2432 554 mulctris
2489 499 2738 555 faciebat
2792 499 3061 572 mulgeri,
3117 501 3327 556 deinde
3374 503 3688 576 coagulari,

2044 587 2536 660 coagulatumque
2569 589 2627 643 in
2659 589 2881 645 ﬁscinis
2903 589 3232 660 exprimi,et
3261 591 3546 664 formagia
3562 609 3697 648 con-

2045 677 2158 732 fici.
2192 676 2362 732 Dives
2393 678 2550 732 enim
2581 683 2705 733 erat
2733 677 2900 733 valde
2932 678 3312 751 omnigenum
3336 695 3530 736 rerum
3562 698 3692 754 pos-

2044 766 2323 822 sessione.
2356 766 2614 822 Calixtus
2647 784 2796 839 papa
2827 767 2970 823 obiit
3001 785 3079 822 xu
3129 768 3368 823 Kalend.
3400 769 3688 827 Januarii.

2600 874 2828 929 CAPUT
2878 873 3128 929 XXXIX.

2081 967 2158 1017 De
2182 970 2518 1032 congregato.
2533 965 2777 1088 exercitbu
2803 964 3106 1089 generum
3144 964 3213 1018 ad
3241 964 3659 1036 dispergendam

2693 1051 2722 1089 ο
2761 1051 2808 1089 ,ςι
2851 1051 3046 1089 ionem.

2693 1051 3046 1090 ooszawnem.

2113 1124 2278 1178 Anno
2307 1140 2339 1177 a
2370 1122 2665 1178 Salvatore
2690 1123 2893 1178 mundi
2915 1127 3047 1179 nato
3072 1125 3230 1190 1125,
3256 1124 3575 1181 indictione
3608 1145 3691 1196 In,

2045 1229 2180 1268 cum
2229 1211 2532 1268 mensibus
2577 1214 2632 1268 5.
2670 1212 3203 1285 [lierosolymitanis
3255 1231 3374 1269 una
3403 1231 3534 1270 cum
3569 1216 3694 1272 suis

2045 1300 2347 1373 Halapiam
2381 1302 2585 1356 urbem
2639 1318 2737 1356 rex
2786 1300 3166 1367 cohibuisset,
3215 1319 3320 1358 nec
3371 1303 3694 1376 quidquam

2044 1389 2405 1463 profecisset,
2459 1390 2654 1454 Turci,
2706 1393 2770 1444 ut
2818 1389 3026 1457 solent,
3061 1407 3178 1446 non
3230 1391 3467 1464 torpidi,
3501 1397 3693 1450 trans-

2045 1496 2245 1553 gresso
2277 1479 2520 1534 flumine
2550 1477 2915 1551 paradisiaco
2933 1479 3230 1550 Euphrate
3245 1481 3696 1552 magno,itinere

2047 1569 2338 1624 citissimo
2371 1573 2829 1640 properaverunt
2857 1568 2930 1622 ad
2977 1568 3181 1623 urbem
3231 1569 3590 1641 praedictam,
3623 1573 3696 1628 ad

288 1658 586 1730 adeptam.
619 1655 784 1712 Alius
812 1655 989 1712 habet
1017 1656 1172 1728 apud
1203 1672 1264 1712 se
1295 1660 1414 1712 tam
1448 1673 1715 1712 socerum
1760 1674 1938 1729 quam
2048 1657 2499 1728 disperdendam
2526 1655 2913 1723 obsidionem,
2949 1673 3126 1728 quam
3159 1673 3301 1730 gens
3350 1661 3695 1732 nostrajam

289 1764 530 1815 nurum,
564 1761 669 1802 seu
700 1762 981 1820 generum
1012 1762 1210 1811 suum,
1243 1744 1362 1800 sive
1391 1745 1940 1817 privignum,necne
1970 1778 2018 1843 B
2050 1746 2150 1800 diu
2182 1749 2535 1818 apposuerat
2563 1745 2718 1800 circa
2746 1745 2930 1801 illam.
2974 1745 3338 1802 Verebantur
3367 1748 3546 1815 enim,
3582 1748 3695 1805 nisi

291 1837 589 1892 vitricum.
622 1835 737 1892 Nec
768 1835 932 1892 deest
960 1833 1097 1890 huic
1127 1851 1329 1906 nepos,
1365 1851 1466 1891 seu
1497 1852 1804 1908 pronepos.
1841 1835 1942 1892 Hic
1970 1833 2016 1843 ”
2052 1834 2334 1890 citissime
2365 1833 2826 1900 subvenirent,in
2859 1835 3122 1906 proximo
3153 1851 3281 1891 eam
3312 1837 3434 1892 fore
3467 1837 3697 1909 capien-

294 1926 519 1999 potitur
548 1924 752 1994 vineis,
784 1923 883 1980 ille
915 1922 1181 1979 culturis.
1202 1923 1573 1980 Diversarum
1605 1923 1940 1996 linguarum

292 2019 617 2072 coutuntur
645 2012 979 2070 alternatim
1014 2011 1244 2085 eloquio
1276 2017 1333 2068 et
1353 2012 1634 2086 obsequio
1652 2013 1939 2069 alterutri.

290 2105 518 2177 Lingua
545 2102 772 2159 diversa
790 2103 917 2173 jam
939 2101 1270 2157 communis
1292 2101 1441 2158 facta
1463 2101 1695 2174 utrique
1720 2101 1942 2158 nationi

289 2194 360 2249 ﬁt
386 2196 606 2259 nota,et
627 2192 830 2265 jungit
859 2191 1006 2246 fides
1039 2189 1256 2262 quibus
1287 2195 1375 2246 est
1399 2189 1597 2262 ignota
1614 2192 1938 2263 progenies.

289 2282 590 2354 Scriptum
624 2279 840 2353 quippe
870 2284 996 2335 est:
1026 2281 1128 2334 Leo
1158 2286 1210 2334 et
1238 2279 1328 2334 bos
1351 2279 1577 2335 comedit
1591 2280 1780 2351 paleas
1811 2282 1938 2348 (Isa.

284 2390 366 2441 x1,
396 2375 476 2440 7).
501 2369 607 2436 Qui
637 2373 764 2426 erat
793 2367 1303 2440 alienigena,nunc
1334 2369 1606 2440 estquasi
1641 2369 1940 2441 indigena,

285 2467 346 2518 et
387 2460 488 2532 qui
520 2458 847 2532 inquilinus
888 2460 994 2523 est,
1029 2456 1231 2528 utique
1275 2457 1443 2528 quasi
1493 2456 1683 2512 incola
1732 2457 1939 2514 factus.

286 2551 408 2608 Nos
447 2548 631 2605 nostri
665 2550 998 2619 sequuntur
1027 2545 1096 2600 de
1127 2545 1220 2600 die
1249 2544 1309 2600 in
1355 2545 1509 2600 diem
1545 2547 1858 2618 propinqui
1887 2550 1942 2601 et

271 2642 582 2714 ‘parentes,
628 2651 992 2708 quaecunque
1043 2635 1426 2707 possederant
1476 2634 1714 2689 omnino
1763 2635 1939 2690 relin-

287 2732 562 2802 quentes,
594 2742 700 2781 nec
730 2725 909 2780 etiam
939 2722 1219 2779 volentes.
1253 2721 1360 2788 Qui
1405 2722 1560 2778 enim
1610 2723 1728 2778 illic
1775 2729 1942 2780 erant

289 2815 620 2888 inopes,hic
655 2813 791 2869 facit
822 2829 922 2868 eos
953 2813 1107 2868 Deus
1140 2810 1594 2884 locupletes.Qui
1616 2811 1942 2867 habuerant

291 2922 572 2963 nummos
601 2919 843 2976 paucos,
874 2901 968 2957 hic
999 2900 1299 2974 possident
1326 2901 1626 2973 bysantios
1670 2901 1938 2956 innume-

277 2996 474 3060 ros,et
501 2990 600 3064 qui
626 3007 741 3046 non
773 2989 1098 3044 habuerant
1125 2987 1348 3053 villam,
1369 2987 1484 3053 hic,
1509 2987 1625 3042 Deo
1664 2989 1938 3056 donante,

280 3083 412 3154 jam
445 3078 749 3153 possident
779 3078 1006 3133 urbem.
1040 3079 1227 3143 Quare
1259 3091 1395 3148 ergo
1445 3079 1830 3133 reverteretur
1879 3078 1938 3132 in

2051 1925 2478 1980 dam.Fuerunt
2507 1928 2700 1978 autem
2736 1927 2960 1996 septem
2994 1923 3181 1980 millia
3210 1925 3698 1996 equitum,came-

2048 2011 2240 2069 lorum
2274 2029 2506 2086 quoque
2539 2029 2770 2067 annona
2800 2017 2856 2067 et
2887 2011 3182 2069 alimentis
3221 2019 3590 2087 onustorum,
3624 2017 3696 2072 ad

2052 2106 2304 2174 quatuor
2333 2101 2448 2156 fere
2479 2100 2804 2156 millia.Sed
2838 2100 3114 2173 quoniam
3135 2102 3414 2159 adversus
3434 2121 3531 2159 eos
3555 2122 3698 2177 prae-

2049 2191 2241 2246 valere
2271 2190 2456 2246 nostri
2488 2207 2602 2245 non
2637 2193 2974 2261 potuerunt,
3006 2191 3336 2247 necessario
3370 2197 3694 2262 cesserunt,

2050 2285 2107 2336 et
2127 2281 2197 2335 ad
2222 2279 2502 2352 oppidum
2524 2277 2607 2334 eis
2621 2279 2952 2350 proximum
2975 2277 3194 2350 Careph
3219 2279 3588 2338 nominatum
3607 2282 3700 2339 die

2052 2368 2318 2440 sequenti
2345 2367 2868 2423 diverterunt.Erat
2888 2367 3042 2422 enim
3072 2366 3214 2422 illud
3242 2373 3532 2426 nostrum.
3550 2373 3699 2428 Tur—

2051 2475 2250 2524 corum
2283 2457 2439 2512 enim
2463 2474 2598 2528 pars
2625 2473 2742 2510 una
2763 2459 2992 2510 nostros
3016 2455 3592 2530 aliquantispercum
3610 2461 3699 2516 in-

2051 2547 2610 2618 sequerentur,duos
2637 2546 2707 2600 de
2721 2545 2845 2600 suis
2867 2543 3238 2616 probioribus
3261 2546 3428 2618 equis
3446 2548 3700 2620 dejectos

2049 2640 2222 2708 atque
2253 2639 2584 2708 peremptos
2616 2632 2732 2688 illic
2763 2632 3242 2690 amiserunt.Nos
3271 2651 3403 2692 vero
3429 2635 3698 2695 clientem

2048 2741 2361 2792 unum,sex
2393 2739 2624 2795 quoque
2655 2722 3154 2778 tentoria.Accidit
3182 2724 3466 2781 adventus
3496 2743 3698 2783 eorum

2047 2829 2109 2869 ιιι
2141 2813 2377 2868 Kalend.
2404 2809 2720 2867 Februarii.
2747 2811 2857 2866 Sed
2889 2811 3030 2883 quia
3061 2816 3233 2866 noctu
3263 2813 3548 2885 repentini
3584 2816 3687 2870 ad-

2046 2905 2346 2966 venerunt,
2382 2904 2685 2972 propterea
2713 2899 3035 2971 imparatos
3059 2917 3165 2955 nos
3197 2901 3427 2958 facilius
3459 2903 3689 2958 invene-

2047 2994 2187 3045 runt
2209 2993 2263 3044 et
2276 2989 2683 3044 confuderunt.
2705 2987 3073 3044 Vilissimum
3089 3005 3225 3062 ergo
3245 2989 3424 3058 dictu,
3463 2991 3703 3048 inhone-

2048 3083 2204 3134 stum
2237 3078 2408 3146 scitu,
2443 3077 2682 3132 taedium
2715 3075 2922 3142 relatu,
2956 3077 3146 3149 pudor
3185 3077 3410 3134 auditu.
3447 3080 3561 3136 Sed
3597 3082 3698 3152 qui

288 3146 684 3235 Dccidentem,
719 3165 818 3240 qui
849 3166 945 3222 hic
974 3165 1194 3221 invenit
1222 3146 1418 3220 taliter
1448 3164 1742 3221 Orientem
1762 3167 1790 3221 ‘?
1821 3167 1935 3222 Nec
1967 3146 2010 3214 α
2049 3167 2156 3223 hoc
2187 3184 2380 3236 narro,
2415 3184 2449 3221 a
2476 3165 2713 3221 veritate
2745 3182 2860 3220 non
2893 3146 3077 3221 deivio.
3113 3167 3262 3231 Quid
3293 3167 3469 3240 ergo?
3489 3146 3697 3225 volu-n-

285 3258 415 3316 vult
445 3275 543 3314 eos
568 3255 813 3330 penuria
843 3255 996 3311 Deus
1028 3254 1206 3322 afﬁci,
1232 3254 1332 3326 qui
1359 3269 1494 3309 cum
1517 3254 1792 3310 crucibus
1815 3256 1940 3311 suis

285 3349 644 3404 devoverunt
672 3362 806 3402 eum
838 3343 1025 3416 sequi,
1057 3344 1176 3398 imo
1216 3344 1467 3415 denique
1514 3343 1769 3415 assequi.
1808 3345 1940 3400 Per-

286 3436 485 3510 cipitis
516 3435 696 3508 igitur
731 3450 860 3491 esse
907 3433 1016 3489 hoc
1061 3431 1414 3488 miraculum
1465 3433 1844 3500 immensum,
1880 3433 1938 3488 in

287 3527 562 3584 universo
595 3523 814 3579 mundo
842 3521 1008 3578 valde
1039 3519 1574 3594 stupendum.Quis
1605 3521 1942 3578 audivitha—

286 3621 499 3673 etenus
527 3613 673 3670 tale?
687 3612 824 3669 Vult
854 3628 990 3684 ergo
1023 3628 1128 3666 nos
1163 3613 1312 3666 Deus
1342 3626 1546 3664 omnes
1578 3609 1936 3680 lucrifacere,

287 3709 353 3761 et
383 3712 446 3760 ut
479 3703 698 3760 amicos
730 3699 1109 3757 charissimos
1141 3699 1212 3754 ad
1246 3715 1307 3754 se
1356 3696 1669 3753 attrahere.
1704 3700 1772 3754 Et
1802 3699 1942 3771 quia

285 3793 437 3862 vult,
467 3810 574 3849 nos
607 3807 840 3864 quoque
875 3787 1200 3844 voluntarie
1245 3786 1514 3857 velimus,
1547 3791 1603 3842 et
1651 3788 1806 3858 quod
1851 3787 1940 3866 illi

284 3883 481 3957 placet
509 3879 760 3954 benigno
789 3878 962 3934 corde
992 3881 1048 3932 et
1077 3875 1286 3932 humili
1319 3875 1623 3947 faciamus,
1645 3881 1707 3930 ut
1721 3892 1855 3932 cum
1873 3894 1940 3934 eo

289 3971 540 4028 feliciter
566 3984 898 4042 regnemus.

835 4072 1066 4129 CAPUT
1103 4071 1393 4127 XXXVIII.

367 4171 445 4223 De
471 4166 615 4237 regis
645 4180 680 4218 a
708 4163 946 4218 vinculis
981 4161 1383 4288 ilibcirationeﬁt
1408 4158 1688 4215 obsidione
1715 4161 1868 4216 urbis

1040 4250 1073 4287 a
1097 4249 1247 4288 ama.

1040 4249 1247 4304 ampla.

363 4324 773 4397 Omnipotente
803 4321 919 4378 Deo
951 4321 1196 4386 favente,
1219 4321 1288 4386 de
1320 4320 1645 4375 Turcorum
1677 4321 1941 4377 custodia

282 4413 826 4488 Hierosolymorum
859 4428 957 4467 rex
987 4428 1043 4466 1v
1075 4409 1197 4466 Kal.
1234 4409 1592 4481 Septembris
1621 4409 1777 4474 exiit,
1804 4427 1938 4466 cum

2049 3257 2152 3311 tati
2186 3255 2286 3312 Dei
2319 3255 2450 3328 quis
2488 3253 2952 3310 resistit?Verum
2971 3259 3060 3309 est
3089 3258 3282 3310 autem
3297 3257 3692 3328 proverbium,

2049 3346 2207 3418 quod
2239 3345 2479 3418 quidam
2507 3343 2754 3415 Sapiens
2783 3343 2985 3398 dixitzu
3007 3344 3225 3398 Futura
3255 3361 3368 3399 non
3403 3351 3690 3419 pugnant,

2050 3451 2157 3490 nec
2187 3450 2248 3490 se
2282 3433 2541 3504 superari
2579 3431 2840 3486 sinunt.»
2864 3431 3002 3486 Erat
3033 3431 3141 3487 hoc
3171 3449 3374 3488 verum
3406 3435 3700 3505 futurum,

2051 3524 2150 3579 sed
2186 3522 2405 3577 nemini
2441 3519 2794 3593 praescitum.
2821 3520 2880 3576 Si
2915 3521 3072 3575 enim
3103 3521 3312 3577 fuisset
3342 3523 3700 3594 praescitum,

2052 3628 2356 3683 nunquam
2389 3613 2584 3682 posset
2618 3609 2737 3665 fore
2768 3609 3202 3680 futurum,quia
3224 3611 3294 3666 de
3327 3612 3704 3670 meditatione

2049 3700 2268 3756 veniret
2300 3700 2370 3753 ad
2404 3697 2656 3753 nihilum
2673 3698 2816 3759 .sine
2847 3696 3316 3754 voluntate.Nam
3333 3703 3702 3775 cassaretqui

2051 3787 2364 3862 praesciret,
2418 3803 2488 3842 ne
2533 3787 2605 3842 ad
2654 3788 2873 3842 factum
2925 3802 3018 3842 res
3066 3787 3265 3842 exiret.
3328 3789 3448 3845 Rex
3504 3795 3704 3847 autem

2050 3878 2259 3935 deinde
2289 3877 2531 3932 secessit
2559 3875 2952 3944 Antiochiam,
2979 3875 3440 3948 Goscelinusque
3461 3896 3594 3934 cum
3614 3896 3700 3936 eo.

2051 3967 2298 4022 Obsides
2329 3981 2641 4036 vero,quos
2669 3963 2865 4036 posuit
2896 3981 3000 4036 pro
3022 3981 3084 4020 se
3117 3982 3215 4020 rex
3231 3967 3467 4046 quando
3491 3968 3562 4023 de
3578 3969 3704 4024 vin-

2050 4055 2200 4112 culis
2231 4053 2586 4126 exiit,neque
2622 4057 2761 4108 sunt
2791 4053 3024 4121 redditi,
3047 4071 3236 4126 neque
3266 4055 3572 4129 redempti.
3599 4058 3705 4114 Ita-

2050 4161 2163 4217 que
2185 4148 2307 4199 tam
2325 4141 2841 4214 Hierosolymitani
2857 4159 3034 4213 quam
3053 4142 3400 4214 Tripolitani
3415 4161 3617 4202 omnes
3631 4147 3702 4202 ad

2051 4251 2158 4290 sua
2188 4234 2610 4287 remeaverunt.
2645 4229 2852 4285 Obviat
2881 4235 3074 4285 autem
3108 4231 3304 4287 divina
3334 4233 3702 4306 dispensatio

2050 4323 2124 4390 ei,
2159 4337 2331 4393 quem
2363 4318 2791 4392 prosperiorem
2825 4318 2962 4373 facit
3001 4319 3264 4376 humana
3317 4322 3596 4394 probitas,
3631 4341 3703 4379 ne

2050 4410 2144 4468 cui
2175 4409 2444 4466 convenit
2475 4406 2744 4479 ampliari
2774 4408 3049 4479 patiatur.
3071 4409 3211 4476 Quis
3245 4410 3400 4465 enim
3435 4410 3587 4468 alius
3609 4411 3698 4468 vel

280 4503 596 4562 mensibus
630 4503 696 4558 12
726 4498 1018 4574 pauloque
1041 4497 1350 4572 magissub
1373 4515 1573 4554 eorum
1587 4497 1834 4555 vinculis
1848 4500 1942 4556 de-
1968 4516 2016 4580 D
2047 4502 2336 4558 bonorum
2370 4498 2554 4564 dator,
2580 4495 2940 4552 malorumve
2972 4497 3267 4569 depulsor,
3301 4516 3479 4571 quam
3513 4506 3701 4558 rector

279 4597 488 4651 tentus
519 4595 692 4648 esset.
724 4590 835 4646 Sed
863 4589 1002 4660 quia
1031 4605 1134 4661 pro
1163 4587 1564 4660 redemptione
1592 4587 1683 4642 sui
1706 4588 1940 4645 obsides

280 4682 375 4740 eis
396 4680 610 4738 electos
632 4678 907 4753 primitus
927 4677 1267 4734 contradere
1282 4675 1679 4749 oportuit,non
1695 4679 1936 4732 omnino

279 4771 438 4829 liber
467 4769 627 4837 exiit,
659 4785 794 4825 cum
822 4785 885 4824 se
912 4772 971 4823 et
999 4766 1131 4822 illos
1162 4765 1384 4822 incerta
1420 4770 1478 4821 et
1529 4765 1787 4839 pendula
1835 4783 1938 4839 spe

282 4859 500 4917 anxius
530 4856 1062 4932 obligaverit.Unde
1078 4853 1323 4911 consilio
1336 4854 1670 4911 necessitati
1685 4859 1940 4927 postmo-

281 4949 434 5005 dum
465 4945 746 5017 adhibito,
763 4945 968 5001 urbem
989 4943 1280 5017 Caliptum
1297 4943 1564 4999 obsidere
1577 4943 1934 5012 acceleravit,

281 5040 582 5110 quatenus
611 5035 740 5108 ipsa
770 5033 1046 5102 cohibita,
1077 5032 1164 5089 vel
1196 5031 1429 5088 obsides
1461 5049 1600 5089 suos
1648 5050 1681 5088 a
1711 5033 1936 5090 civibus

279 5122 770 5198 extorqueret,vel
803 5124 948 5179 forte
980 5123 1133 5178 fame
1153 5125 1414 5177 vexatam
1446 5121 1937 5194 comprehendere

275 5213 809 5292 posset.Didicerat
837 5212 994 5268 enim
1020 5210 1190 5283 panis
1220 5209 1418 5281 inopia
1437 5226 1565 5266 eam
1577 5209 1742 5266 valde
1756 5228 1938 5284 angu-

275 5304 450 5363 stari.
484 5305 568 5360 Ab
600 5301 904 5360 Antiochia
931 5316 1145 5374 magna
1175 5301 1244 5354 40
1290 5298 1552 5355 millibus
1579 5299 1782 5355 civitas
1813 5301 1934 5358 haec

272 5393 722 5466 discrepat;quo
754 5391 814 5448 in
846 5390 972 5447 loco
1003 5389 1076 5445 ab
1105 5387 1420 5454 Abraham,
1442 5388 1677 5458 quando
1695 5389 1767 5444 de
1796 5388 1933 5445 Car-

269 5499 410 5541 ram
440 5482 500 5538 in
530 5487 688 5538 terra
716 5479 1196 5554 peregrinabatur
1226 5475 1542 5541 Chanaam,
1577 5493 1788 5548 pecora
1825 5495 1937 5538 sua

267 5578 402 5632 tam
435 5569 676 5630 fetentia
702 5585 883 5642 quam
914 5569 1091 5624 fetata
1119 5565 1177 5622 in
1205 5564 1443 5638 pascuis
1473 5562 1594 5622 illis
1616 5566 1935 5629 uberrimis

2050 4595 2152 4648 aut
2182 4588 2503 4644 medicator
2533 4585 2822 4640 mentium
2854 4585 3028 4652 Deus,
3064 4587 3164 4658 qui
3197 4603 3266 4642 ex
3306 4604 3540 4644 summa
3571 4591 3698 4646 coeli

2053 4677 2291 4752 specula
2323 4675 2592 4731 universa
2622 4673 2906 4747 conspicit
2939 4678 2995 4730 et
3026 4675 3448 4742 discernit?Qui
3481 4679 3699 4750 Tyrum

2047 4769 2254 4824 urbem
2287 4763 2670 4821 fortissimam
2701 4768 2758 4820 et
2788 4762 3276 4837 gloriosissimam
3319 4765 3489 4821 nobis
3537 4767 3698 4823 Chri-

2049 4855 2256 4914 stianis
2287 4853 2412 4910 suis
2440 4851 2613 4926 paulo
2644 4851 3058 4926 ante_benigne
3088 4853 3352 4920 tradidit,
3383 4858 3439 4909 et
3470 4871 3700 4927 posses-

2047 4945 2280 5002 soribus
2309 4943 2438 5014 ejus
2472 4941 2734 5010 abstulit,
2772 4958 2928 4997 nunc
2954 4941 3004 4997 ei
3036 4958 3276 4997 manum
3308 4943 3601 5000 retrahere
3633 4944 3699 5000 li-

2046 5035 2193 5090 buit.
2228 5031 2516 5088 Fortassis
2548 5029 2923 5086 liberioribus
2956 5029 3230 5104 agricolis
3260 5030 3493 5088 vineam
3526 5049 3696 5090 suam

2045 5122 2302 5180 excolere
2332 5119 2780 5192 reservavit,qui
2814 5119 3070 5175 fructum
3101 5119 3152 5175 ei
3184 5119 3435 5176 ubertim
3455 5122 3698 5179 reddere

2044 5212 2223 5269 velint
2251 5209 2337 5266 vel
2366 5209 2596 5265 valeant
2645 5213 2973 5282 opportuno
3023 5209 3081 5264 in
3129 5213 3411 5282 tempore.
3447 5211 3696 5277 Quidam

2045 5301 2282 5374 quidem
2315 5316 2448 5356 cum
2483 5298 2615 5370 plus
2647 5298 2863 5353 habent
2896 5299 3096 5354 minus
3124 5296 3337 5364 valent,
3371 5316 3475 5355 nec
3516 5299 3698 5374 largi-

2044 5391 2155 5448 tori
2186 5391 2472 5446 bonorum
2505 5388 2722 5462 gratias
2749 5391 3003 5458 quantas
3027 5388 3239 5442 debent
3269 5387 3546 5442 exhibent
3571 5407 3583 5457 ;
3607 5406 3698 5445 ve-

2044 5496 2177 5537 rum
2211 5478 2384 5534 etiam
2439 5475 2556 5534 Deo
2604 5477 2664 5532 in
2697 5474 2809 5542 his,
2845 5489 2977 5546 qua:
3005 5475 3154 5531 votis
3183 5474 3268 5530 illi
3320 5475 3694 5548 promittunt,

2046 5585 2174 5628 sese
2207 5567 2498 5636 fallentes,
2535 5569 2673 5626 item
2703 5564 2974 5633 itemque
3002 5563 3229 5622 fallunt.
