3998 6088
233 355 354 414 929

231 487 433 538 Οιδτιιὶι
460 486 564 535 hoc
591 485 812 546 bellum,
845 485 1071 536 Domino
1099 490 1384 549 prastante
1413 487 1747 550 triumphum

233 559 418 616 Idibus
445 558 501 606 in
533 557 698 606 ternis
727 570 848 606 cum
875 557 1069 606 Junius
1098 562 1290 608 aestuat
1319 559 1478 618 auris,

235 631 350 680 Hoc
377 629 580 693 geritur
607 627 806 680 bellum
838 627 1048 678 Domini
1078 627 1240 678 decus
1269 629 1336 678 ad
1366 629 1792 680 memorandum.

833 749 1070 809 CAPUT
1106 751 1296 808 XLIII.

627 842 832 910 Quanti
863 844 922 896 in
948 843 1152 913 praelia
1179 843 1292 898 sint
1321 843 1500 898 occisi.

308 933 388 988 De
436 948 682 987 numero
733 935 928 986 autem
979 930 1307 986 occisorum
1355 930 1441 985 vel
1492 931 1887 987 sauciatorum

232 1020 650 1093 comprehendi
681 1017 894 1075 veritas
913 1036 1020 1074 nec
1042 1018 1101 1073 in
1134 1019 1243 1074 hoc
1276 1036 1381 1076 nec
1404 1019 1460 1073 in
1484 1018 1596 1074 alio
1627 1019 1889 1092 quolibet

235 1110 389 1166 bello
422 1115 636 1182 potest,
670 1125 802 1164 cum
827 1109 938 1164 nisi
963 1109 1075 1164 sub
1092 1109 1472 1164 testimatione
1496 1109 1629 1165 talis
1654 1127 1890 1165 summa

233 1215 268 1255 a
293 1199 793 1266 neminetaxetur.
818 1197 930 1252 Sed
959 1197 1514 1254 multotiesvarietas
1537 1199 1886 1272 scriptorum

235 1290 442 1361 utique
456 1287 923 1358 fallaciaestquaa
938 1287 1174 1358 quidem
1191 1288 1430 1342 fallacia
1443 1304 1621 1344 causa
1635 1289 1888 1360 profecto

236 1378 498 1433 adulatio
515 1381 624 1442 est,
640 1377 780 1431 dum
793 1376 1073 1431 victorum
1094 1376 1295 1431 laudes
1318 1377 1890 1445 accumulare,virtu-

239 1471 480 1537 temque
498 1465 697 1537 patriai
726 1464 998 1520 extollere
1017 1463 1104 1520 vel
1128 1465 1512 1537 praesentibus
1531 1465 1619 1521 vel
1641 1467 1890 1537 posteris

237 1556 499 1610 student.
537 1553 699 1610 Unde
718 1553 1083 1609 lucidissime
1106 1558 1262 1627 patet
1285 1555 1562 1626 quoniam
1581 1555 1677 1610 tali
1697 1556 1888 1628 impu-

238 1644 441 1698 dentia
494 1641 812 1698 mentiendi
856 1647 912 1697 et
963 1643 1290 1698 occisorum
1340 1643 1598 1698 hostium
1646 1661 1888 1699 numero

238 1732 547 1803 adjiciunt,
573 1737 628 1787 et
645 1731 967 1786 amicorum
989 1731 1205 1788 damna
1233 1731 1524 1800 minuunt,
1542 1732 1627 1788 vel
1651 1733 1888 1788 omnino

237 1825 502 1892 reticent.
539 1820 881 1876 Retulerunt
905 1825 1103 1875 autem
1127 1819 1294 1876 nobis
1318 1821 1414 1892 qui
1446 1820 1594 1876 bello
1619 1822 1888 1877 interfue-

239 1917 378 1965 runt
407 1911 523 1966 duo
573 1909 758 1965 millia
790 1910 1043 1965 militum
1098 1911 1422 1966 Turcorum
1467 1910 1758 1966 exstitisse
1791 1928 1889 1983 pe-

239 2005 635 2072 rnmptorum,
668 1999 812 2072 ipsis
843 1999 940 2072 qui
992 2004 1296 2054 evaserant
1340 1999 1546 2055 Turcis
1575 2000 1891 2056 testifican-

238 2089 420 2144 tibus.
455 2089 565 2144 Sed
599 2089 670 2143 de
699 2088 865 2161 equis
916 2092 1300 2160 utrarumque
1340 2089 1593 2160 partium
1627 2088 1891 2144 infinitus

244 2195 528 2234 numerus
559 2177 668 2232 fuit
698 2194 911 2250 angore
942 2183 998 2232 et
1029 2176 1368 2249 fatigatione
1401 2177 1497 2232 siti
1529 2177 1850 2233 exstinctis.

243 2303 419 2352 Estus
448 2306 577 2362 erat,
610 2315 941 2366 magnusque
972 2301 1118 2351 calor
1145 2301 1511 2366 geminaverat
1541 2307 1746 2352 aestum.

245 2376 427 2437 Pugna
457 2375 634 2436 gravis
665 2375 882 2437 geritur,
915 2373 1045 2422 furit
1070 2373 1173 2432 hic,
1208 2373 1398 2423 occidit
1426 2378 1478 2422 et
1507 2374 1611 2424 ille.

247 2447 296 2494 Is
326 2447 494 2509 fugat,
529 2445 614 2494 ille
645 2445 806 2508 fugit;
839 2448 959 2507 post
988 2457 1169 2493 casum
1199 2458 1359 2493 nemo
1384 2445 1593 2507 refugit.

246 2517 522 2579 Sanguine
553 2529 813 2566 ctesorum
843 2516 1123 2577 campique
1154 2515 1358 2577 vimque
1389 2515 1697 2575 rubescunt,

243 2587 486 2638 Candent
513 2586 708 2646 loricas,
736 2587 918 2636 lucent
945 2586 1098 2648 galea
1127 2587 1450 2648 frameaque

243 2657 488 2708 Claritica
516 2658 710 2720 specie,
745 2671 840 2720 per
869 2671 1084 2720 campos
1116 2656 1353 2718 undique
1380 2657 1553 2720 jactaa.

245 2729 459 2793 Projicit
488 2729 572 2778 hic
605 2733 833 2786 scutum,
855 2729 1159 2792 pharetram
1188 2727 1316 2791 jacit
1343 2728 1456 2787 ille,
1487 2728 1568 2777 vel
1600 2743 1798 2778 arcum.

243 2855 436 2911 Nollet
465 2854 860 2926 Borsequinus
887 2853 1111 2908 scutica
1140 2856 1279 2910 tunc
1332 2870 1547 2921 carere,
1609 2859 1667 2909 et
1697 2854 1898 2910 mallet

245 2943 656 3015 Tuldequinus
687 2944 830 2999 urbe
881 2943 1244 2998 Damascena
1291 2941 1537 3016 nudipes
1587 2943 1798 3011 inesse,
1841 2949 1898 3000 et

245 3048 420 3088 suam
497 3029 858 3104 toparchiam
929 3029 1172 3085 sollicite
1243 3046 1492 3085 servare.
1560 3031 1898 3086 Amiserunt

245 3127 514 3194 satrapas
545 3119 719 3176 Turci
776 3122 838 3175 15
886 3120 944 3174 in
997 3136 1316 3192 congressu
1361 3118 1480 3174 illo.
1525 3119 1720 3176 Nostri
1766 3137 1898 3176 vero

539 3207 654 3264 lius
685 3225 863 3274 quam
911 3210 981 3262 20
1011 3207 1299 3274 homines,
1346 3224 1597 3274 quorum
1638 3209 1780 3274 quin

246 3227 366 3265 non
399 3224 654 3280 amplius
685 3225 863 3281 quam
911 3224 981 3262 zu
1012 3224 1299 3274 nomines,
1346 3224 1597 3279 quorum
1638 3225 1898 3280 qumque
1929 3227 1970 3295 ρ
2011 3224 2160 3262 riore
2191 3224 2355 3277 parte
2387 3224 2672 3259 souicuus
2713 3224 2776 3260 se
2806 3224 3157 3273 retardabar,
3193 3224 3256 3260 ut
3283 3224 3404 3262 suis
3447 3224 3650 3264 cautae

249 3298 471 3354 milites
518 3301 702 3354 erant.
755 3296 911 3354 Mille
971 3297 1208 3367 quidem
1261 3300 1618 3367 centumque
1684 3296 1903 3354 milites
2011 3293 2393 3367 fugientibus,
2427 3291 2476 3348 si
2497 3292 2812 3348 necessitas
2834 3297 3084 3367 urgeret,
3110 3295 3342 3365 adjutor-
3361 3295 3650 3366 existeret,

249 3298 471 3354 milites
518 3301 702 3354 erant.
755 3296 911 3354 Mille
971 3297 1208 3368 quidem
1261 3300 1618 3369 centumque
1684 3296 1903 3354 milites

249 3387 438 3444 nostri
469 3387 724 3454 fuerunt,
777 3387 1010 3458 quando
1061 3384 1326 3458 praelium
1371 3387 1756 3442 commissum
1787 3390 1896 3442 est.

251 3475 431 3532 Turci
463 3479 659 3530 autem
704 3474 774 3529 15
821 3474 1004 3528 millia
1052 3473 1328 3528 militum.
1382 3475 1460 3529 De
1511 3475 1726 3532 nostris
1764 3492 1900 3534 vero

248 3565 365 3618 duo
399 3563 584 3618 millia
614 3563 899 3635 peditum.

846 3687 1073 3745 CAPUT
1112 3685 1300 3744 XLIV.

244 3780 620 3851 Borsequinus
680 3779 760 3851 ἰηΔ
788 3795 891 3832 sua
951 3779 1215 3851 repatriat
1241 3796 1260 3832 :
1319 3793 1417 3832 rex
1474 3778 1538 3832 de
1593 3780 1902 3851 _receptionc

315 3849 457 3920 [me
499 3853 558 3904 in
606 3849 860 3905 obsidam
911 3850 1046 3904 olim
1085 3849 1251 3916 dates,
1305 3865 1402 3903 nec
1430 3866 1538 3906 non
1567 3849 1632 3905 de
1671 3849 1900 3906 victoria

313 3925 422 3978 Dco
449 3923 656 3990 gratias
687 3923 820 3991 agit.

312 4029 460 4084 Cum
491 4034 686 4084 autem
721 4026 838 4083 nisi
890 4026 1093 4098 paucis
1139 4027 1347 4084 diebus
1378 4027 1532 4098 apud
1566 4043 1672 4083 nos
1697 4031 1898 4098 postea

239 4121 508 4174 moratus
531 4121 688 4172 esset
717 4115 1144 4187 Borsequinus,
1165 4120 1577 4188 praetergresso
1608 4116 1900 4187 Euphrate

241 4207 509 4274 ﬂumine,
542 4206 601 4261 in
636 4223 743 4262 sua
773 4205 1131 4278 repatriavit,
1165 4204 1312 4260 nihil
1333 4205 1592 4270 honoris,
1621 4205 1720 4261 sed
1743 4204 1896 4262 dolo-

239 4298 322 4352 ris
355 4301 415 4350 et
445 4295 765 4368 plangoris,
799 4293 1006 4350 amicis
1031 4293 1156 4350 suis
1187 4294 1245 4348 in
1291 4292 1544 4365 patriam
1576 4292 1892 4350 relaturus.

239 4385 308 4440 Et
337 4384 440 4456 qui
470 4383 585 4440 huc
615 4387 851 4440 venerat
902 4381 1100 4438 minax
1127 4387 1185 4438 et
1215 4386 1517 4450 cornutus,
1563 4381 1664 4440 Dei
1707 4382 1896 4453 gratia

239 4474 420 4530 rediit
462 4472 791 4540 mutilatus,
839 4475 896 4528 et
953 4470 1349 4530 consolatione
1394 4470 1628 4527 viduus.
1679 4470 1897 4528 Deinde

240 4580 382 4620 cum
414 4579 514 4620 rex
542 4566 742 4618 noster
780 4560 959 4616 filiam
1010 4577 1179 4616 suam
1213 4564 1378 4618 astate
1428 4559 1891 4632 quinquennem,

240 4669 376 4724 quae
407 4652 466 4708 in
498 4651 770 4712 obsidatu
801 4651 1035 4706 detenta
1065 4651 1276 4715 fuerat,
1298 4654 1355 4704 et
1377 4647 1712 4721 aliquantos
1734 4649 1900 4706 fami-

239 4741 422 4798 liares
452 4757 592 4797 suos
624 4739 896 4798 similiter
921 4737 1290 4811 compeditos
1335 4738 1734 4810 redemptione
1786 4756 1900 4794 nu—

241 4831 594 4890 mismatum
627 4830 874 4901 adeptus
903 4829 1130 4895 fuisset,
1165 4827 1316 4886 sicut
1348 4827 1624 4900 utrinque
1666 4832 1904 4899 pactum

239 4921 456 4987 fuerat,
519 4917 882 4976 Hierusalem
935 4917 1237 4978 contendit
1276 4917 1601 4989 gratiarum
1645 4917 1904 4973 actiones

241 5009 364 5066 Deo
395 5013 655 5076 acturus,
689 5012 746 5064 et
778 5008 850 5064 de
879 5007 1078 5080 praelio
1120 5006 1274 5062 circa
1317 5005 1744 5078 Borsequinum
1778 5023 1901 5062 ma-

240 5098 458 5171 gnifice
493 5102 718 5170 patrato
748 5113 880 5153 eum
914 5097 1125 5154 obnixe
1173 5095 1540 5152 laudaturus.
1594 5095 1665 5151 Et
1693 5096 1902 5151 merito

239 5187 600 5244 laudaturus
633 5189 689 5242 et
717 5186 937 5259 gratias
969 5190 1229 5252 acturus,
1263 5184 1422 5256 quia,
1458 5181 1593 5240 cum
1615 5185 1744 5254 jam
1775 5185 1899 5240 diu-

240 5282 423 5333 turno
456 5280 722 5348 tempore
757 5275 1174 5348 pessundatus,
1207 5278 1263 5330 et
1292 5273 1351 5328 in
1383 5277 1548 5344 parte
1577 5272 1900 5330 subteriore

243 5371 392 5424 rotaa
420 5365 670 5435 locatus,
701 5377 756 5424 et
786 5363 1070 5420 vilissime
1105 5368 1162 5418 et
1208 5360 1536 5418 miserrime
1568 5362 1686 5420 fere
1715 5362 1904 5418 fuerat

243 5455 532 5524 tradit-ue,
561 5469 740 5523 nunc,
773 5451 1104 5525 Opitulante
1130 5451 1266 5518 Deo,
1290 5453 1350 5506 in
1375 5451 1552 5506 decus
1584 5449 1902 5522 pristinum

246 5547 562 5604 restitutus
591 5549 701 5610 est,
733 5547 792 5600 et
818 5543 1245 5600 corroboratus.

243 5653 392 5706 Sena
415 5653 682 5706 decennis
706 5651 833 5703 bina
860 5649 1123 5702 tricennia
1148 5647 1542 5716 praeterierunt,

969 349 1386 414 FULCHERII
1431 351 1769 415 CARNOT.
1820 346 2020 414 HIST‘.
2071 353 2483 417 HIEIlOSOL.
2518 389 2594 398 —-
2625 351 2770 415 LIB.
2820 353 2920 415 IIl.

3525 347 3644 417 030

1913 488 1967 555 Α
1997 488 2070 536 Ex
2101 501 2208 552 quo
2240 492 2395 538 natus
2427 502 2562 547 sum,
2595 488 2770 551 quoad
2800 488 2945 538 hunc
2965 488 3307 551 pervenimus
3335 500 3557 538 annum.

1996 559 2147 616 Quod
2179 563 2423 623 superest
2450 560 2572 610 vita:
2603 561 2742 610 Deus
2771 559 2980 610 ordinet
3009 562 3062 610 et
3088 564 3238 622 regat
3265 573 3434 623 aeque.

2610 665 2838 721 CAPUT
2877 664 3038 720 XLV.

2389 755 2463 810 De
2492 753 2713 809 castello
2746 771 2780 809 α
2805 770 2928 823 rege
2957 754 3249 824 aedificato.

2069 860 2186 915 Hoc
2216 859 2273 914 in
2306 878 2459 915 anno
2492 877 2690 916 mense
2719 861 2983 916 Octobris
3006 860 3423 917 aaditicavitrex
3446 863 3644 919 castel-

1996 947 2119 1003 lum
2155 949 2212 1003 in
2263 950 2557 1004 montanis
2608 949 2846 1013 Berithi,
2897 955 2952 1004 et
2983 954 3136 1005 terra
3171 951 3455 1006 bonorum
3502 952 3646 1012 satis

1999 1037 2194 1092 feraci.
2250 1042 2373 1092 Huc
2445 1042 2703 1093 montem
2755 1038 3059 1094 Glavinum
3107 1043 3332 1108 vocant,
3386 1057 3419 1095 a
3457 1041 3643 1114 digla-

1999 1126 2230 1194 diando,
2267 1126 2403 1199 quia
2434 1126 2508 1181 ibi
2545 1126 2624 1181 rei
2659 1126 3152 1199 digladiabantur,
3179 1128 3277 1201 qui
3301 1130 3454 1201 apud
3486 1130 3646 1185 Beri-

1997 1215 2164 1270 thum
2181 1216 2498 1270 damnandi
2514 1217 2956 1286 judicabantur.
2977 1216 3153 1272 Abest
3175 1221 3388 1273 autem.
3411 1219 3482 1274 ab
3505 1220 3646 1276 urbe

1995 1303 2126 1376 ipsa
2156 1322 2253 1360 sex
2281 1303 2592 1360 miiliariis.
2627 1306 2697 1360 Et
2737 1305 2876 1376 quia
2915 1305 3176 1360 ruricolae
3209 1307 3508 1366 Sarraceni
3540 1308 3645 1364 tri-

1996 1394 2139 1448 buta
2192 1393 2450 1448 locorum
2505 1394 2743 1449 reddere
2793 1398 2964 1449 antea
3012 1394 3308 1461 nolebant,
3363 1402 3566 1470 postea
3590 1396 3646 1454 vi

1998 1482 2237 1538 cohibiti
2268 1482 2583 1538 reddibiles
2615 1483 2889 1538 exsliteru
2901 1488 2979 1538 nt.
3381 1471 3384 1474 ’

2599 1589 2830 1644 CAPUT
2861 1589 3048 1645 XLVI.

2155 1679 2230 1734 De
2257 1678 2596 1749 expeditione
2622 1680 2786 1749 regis,
2819 1687 2870 1733 et
2891 1680 3090 1750 praelia
3119 1697 3242 1735 cum
3280 1682 3482 1736 Turcis.

2069 1784 2287 1842 Deinde
2318 1785 2542 1857 paravit
2572 1802 2665 1840 rex
2697 1785 3112 1856 profectionem
3138 1803 3304 1842 suam
3339 1787 3397 1842 in
3421 1787 3645 1860 Syriam

1920 1862 1966 1926 Β
1995 1891 2199 1930 versus
2217 1875 2591 1940 Damascum,
2615 1879 2789 1946 rupta
2811 1891 2949 1946 pace
2971 1874 3124 1930 inter
3141 1893 3334 1948 regem
3359 1882 3416 1932 et
3439 1877 3648 1934 Tulde-

1999 1963 2268 2035 quinum,
2307 1963 2402 2017 ubi
2435 1967 2552 2017 tres
2573 1962 2730 2018 vicos
2779 1963 3032 2034 optimos
3075 1963 3244 2036 cepit,
3296 1965 3643 2038 profligavit.

1999 2051 2400 2124 praecipitavit.
2437 2055 2494 2106 et
2538 2051 2733 2123 praeda
2781 2056 2946 2124 rapta
2993 2057 3281 2124 quantum
3332 2055 3540 2126 potuit,
3573 2055 3645 2110 ad

2001 2158 2108 2196 sua
2139 2140 2328 2195 rediit.
2363 2140 2546 2204 Quam
2598 2140 2836 2214 quidem
2885 2140 3152 2211 rapinam
3187 2159 3320 2197 cum
3352 2143 3648 2214 equitibus

2002 2230 2125 2285 suis
2157 2229 2246 2284 vel
2269 2228 2654 2302 participibus
2685 2246 2846 2302 teque
2876 2229 3192 2294 divisisset,
3214 2230 3301 2286 vel
3323 2232 3492 2288 solito
3513 2233 3650 2303 jure

2003 2317 2418 2384 distribuisset,
2448 2316 2730 2389 postridie
2763 2316 2820 2371 in
2847 2320 3059 2373 terram
3093 2317 3448 2375 Philisthiim
3479 2337 3648 2393 expe-

2003 2405 2282 2461 ditionem
2325 2423 2494 2461 suam
2537 2406 2841 2461 convertit.
2893 2407 3057 2462 Tunc
3103 2408 3258 2480 apud
3304 2409 3652 2472 Ascalonem

2004 2495 2136 2550 novi
2179 2498 2559 2566 recentesque
2607 2499 3024 2562 convenerant,
3075 2496 3174 2568 qui
3218 2497 3289 2554 de
3337 2498 3656 2568 Babylonia

2003 2583 2144 2638 illuc
2198 2577 2370 2638 missi
2419 2583 2666 2640 fuerant.
2719 2585 2949 2640 Cuneus
2997 2584 3252 2642 militum
3304 2587 3652 2658 probitatem

2005 2690 2173 2728 suam
2230 2673 2289 2727 in
2341 2676 2496 2728 terra
2542 2677 2740 2729 nostra
2787 2678 3116 2730 monstrare
3163 2673 3479 2747 cupientes,
3526 2677 3654 2748 jam

2002 2761 2249 2816 victores
2280 2778 2340 2818 se
2372 2762 2490 2817 fore
2529 2761 2986 2818 arbitrabantur.
3022 2765 3178 2830 Quos
3226 2781 3362 2820 cum
3389 2765 3656 2826 viderent

2005 2849 2223 2906 civitati
2293 2851 2578 2922 praedicta:
2627 2850 2834 2906 levatis
2905 2851 3093 2924 signis
3163 2853 3650 2927 appropinquare,

2005 2939 2270 2996 exierunt
2318 2943 2519 2994 contra
2559 2955 2658 2994 eos
2701 2957 2835 2994 cum
2887 2957 3101 3013 magna
3146 2941 3554 2998 vociferatione
3598 2948 3655 3002 et

2007 3028 2352 3083 audacitate.
2388 3028 2452 3082 Et
2503 3027 2826 3099 quamlibet
2870 3045 2967 3084 rex
3016 3031 3278 3086 nondum
3309 3030 3368 3086 in
3401 3031 3652 3103 primam

2007 3117 2267 3173 acierum
2300 3133 2540 3172 suarum
2561 3117 2810 3173 frontem
2827 3117 3176 3174 advenisset.
3203 3120 3343 3190 quia
3371 3119 3429 3174 in
3460 3125 3653 3192 poste-

2011 3206 2160 3262 riore
2191 3209 2355 3277 parte
2387 3203 2672 3259 sollicitus
2713 3220 2776 3260 se
2806 3205 3157 3273 retardabat,
3193 3209 3256 3260 ut
3283 3207 3404 3262 suis
3447 3207 3656 3264 callide

2009 3381 2326 3438 anteriores
2341 3381 2521 3438 nostri
2539 3398 2806 3438 cursores
2823 3381 3003 3438 animi
3021 3399 3136 3438 non
3157 3383 3360 3456 inopes
3375 3385 3658 3444 adversus

2007 3489 2106 3528 eos
2154 3470 2440 3527 indicibili
2479 3472 2722 3543 impetu,
2770 3471 2999 3544 Adjuva,
3048 3475 3188 3528 Deus
3245 3473 3652 3546 inclamantes,

2007 3561 2324 3616 irruerunt.
2359 3561 2512 3625 Quos
2558 3577 2690 3616 cum
2741 3565 2905 3616 tanta
2933 3561 3150 3617 virtute
3197 3567 3256 3618 et
3287 3563 3658 3628 animositate

2007 3648 2369 3706 inculcantes
2411 3649 2566 3706 intra
2617 3653 2814 3721 portas
2858 3650 3043 3718 urbis,
3095 3651 3374 3723 feriendo,
3410 3657 3658 3726 proster-

2006 3740 2197 3794 nendo
2228 3744 2285 3794 et
2315 3739 2630 3794 occidendo
2659 3738 3039 3811 impulerunt,
3077 3746 3158 3808 ut,
3184 3746 3471 3814 quantum
3502 3743 3655 3798 aesti-

2008 3845 2168 3884 mare
2200 3827 2351 3895 licet,
2386 3828 2434 3884 si
2469 3827 2768 3900 aliquanto
2801 3829 2991 3902 magis
3014 3831 3084 3886 de
3115 3835 3286 3902 gente
3315 3836 3516 3902 parata
3535 3831 3658 3888 illic

2011 3917 2385 3983 haberemus,
2415 3915 2614 3988 procul
2647 3917 2825 3973 dubio
2856 3935 2989 3974 cum
3022 3917 3140 3976 illis
3156 3919 3545 3977 communiter
3573 3921 3659 3976 in-

2005 4007 2182 4062 troire
2215 4011 2454 4079 possent
2497 4005 2598 4078 qui
2649 4007 3173 4078 persequebantur.
3227 4012 3659 4065 Bemanserunt

2005 4094 2204 4166 itaque
2232 4095 2578 4151 Ascalonita:
2611 4099 2874 4152 mortuos
2904 4113 3042 4154 suos
3074 4096 3228 4152 ultra
3257 4099 3325 4152 40
3354 4099 3424 4154 de
3453 4098 3656 4156 melio-
3719 4117 3726 4124 '

2005 4183 2162 4240 iibus
2193 4183 2457 4256 lugentes
2489 4189 2544 4239 et
2574 4183 2982 4254 lamentantes,
3015 4190 3071 4242 et
3101 4187 3171 4242 de
3203 4187 3312 4244 hoc
3359 4187 3656 4260 insperato

2006 4273 2322 4328 infortunio
2341 4272 2709 4328 vehementer
2738 4273 3250 4332 admirantethex
3271 4280 3464 4334 autem
3497 4277 3658 4334 tubis

2006 4361 2476 4434 significantibus
2505 4360 2660 4418 ultra
2689 4366 2747 4417 et
2775 4379 2955 4435 prope
2985 4364 3210 4432 urbem,
3229 4370 3392 4422 nocte
3415 4366 3515 4422 illa
3544 4366 3662 4422 sub.

2004 4449 2271 4507 tentoriis
2298 4450 2648 4522 conquievit.
2683 4451 2843 4518 Quod
2878 4452 2926 4507 si
2958 4451 3291 4512 habuerunt
3335 4455 3525 4526 gratia
3554 4455 3654 4510 Dei

2007 4539 2282 4612 quietem,
2316 4539 2517 4596 hostes
2549 4539 2731 4596 nostri
2757 4545 2984 4596 noctem
3017 4543 3655 4600 duxeruntinsomnem

2008 4633 2065 4684 et
2092 4629 2339 4684 tristem.
2373 4629 2541 4694 Nam,
2575 4633 2642 4684 ut
2671 4629 2753 4684 ait
2783 4629 3098 4701 Josephus,
3149 4631 3328 4686 nimis
3357 4633 3658 4689 confidens

2013 4719 2284 4774 incautus
2332 4723 2438 4785 est,
2493 4722 2685 4773 metus
2735 4723 2929 4774 autem
2981 4719 3404 4790 providentiam
3467 4721 3653 4776 docet.

2012 4808 2326 4864 Sciendum
2371 4809 2525 4879 quod
2577 4808 2670 4864 die
2739 4807 2841 4864 illa
2889 4808 3111 4866 nullam
3161 4810 3418 4880 praedam
3469 4810 3656 4866 nostri

2013 4913 2280 4952 cursores
2312 4896 2464 4952 circa
2498 4897 2700 4952 urbem
2730 4897 3090 4954 invenerunt.
3126 4899 3270 4954 Nam
3303 4898 3372 4953 de
3403 4899 3656 4954 adventu

2013 4986 2167 5059 regis
2199 4986 2444 5058 praescii.
2474 4986 2600 5057 jam
2632 5003 2840 5058 pecora
2871 5004 2972 5042 sua
3019 4987 3292 5043 universa
3336 4987 3658 5044 absconde-

2013 5079 2150 5130 runt
2180 5075 2569 5148 providenter.

2592 5165 2823 5221 CAPUT
2861 5165 3076 5222 XLVII.

2010 5253 2168 5327 Quod
2178 5254 2475 5312 Sarracem’
2490 5271 2590 5324 per
2609 5255 2884 5311 columbas
2903 5256 3248 5312 suastitteras
3264 5257 3656 5314 transmittant.

2083 5376 2299 5434 Morale
2330 5382 2418 5434 est
2448 5378 2786 5434 Sarracenis
2807 5377 2865 5432 in
2896 5377 3205 5435 Palaestina
3224 5378 3664 5452 degentibus,ut

2012 5484 2116 5540 per
2147 5465 2452 5524 columbas
2485 5467 2556 5522 ad
2587 5467 2695 5523 hoc
2728 5465 2990 5523 officium
3023 5469 3222 5524 doctas
3254 5467 3324 5522 de
3351 5467 3579 5524 civitate
3601 5465 3659 5520 in

2017 5556 2312 5615 civitatem
2343 5556 2569 5612 litteras
2600 5556 2886 5630 sagaciter
2912 5557 3319 5614 transmittant
3343 5574 3357 5624 ;
3378 5573 3504 5628 qua:
3527 5553 3664 5610 scri-

2018 5651 2256 5724 ptorum
2283 5644 2565 5708 vectrices
2597 5649 2672 5708 ad
2690 5643 3061 5707 domicilium
3101 5649 3228 5726 jam
3276 5643 3392 5705 sibi
3440 5643 3663 5702 dudum
