  <div class='ocr_page' id='page_1' title='image "/cluster/home/n/w/nwhite01/storage/ocr_20150623/155/hvd.32044054760137/469.png"; bbox 0 0 3994 6066; ppageno 0'>
   <div class='ocr_carea' id='block_1_1' title="bbox 326 286 3748 363">
    <p class='ocr_par' dir='ltr' id='par_1_1' title="bbox 326 286 3748 363">
     <span class='ocr_line' id='line_1_1' title="bbox 326 286 3748 363; baseline -0.003 -4"><span class='ocrx_word' id='word_1_1' title='bbox 326 295 451 363; x_wconf 66' lang='grc'><strong>,931</strong></span> <span class='ocrx_word' id='word_1_2' title='bbox 845 290 948 354; x_wconf 85' lang='lat' dir='ltr'><strong>AD</strong></span> <span class='ocrx_word' id='word_1_3' title='bbox 992 290 1502 355; x_wconf 82' lang='lat' dir='ltr'><strong>GODEFRIDUM</strong></span> <span class='ocrx_word' id='word_1_4' title='bbox 1549 288 1881 352; x_wconf 88' lang='lat' dir='ltr'><strong>APPEND.</strong></span> <span class='ocrx_word' id='word_1_5' title='bbox 1926 288 2007 354; x_wconf 88' lang='lat' dir='ltr'><strong>ll.</strong></span> <span class='ocrx_word' id='word_1_6' title='bbox 2046 318 2124 335; x_wconf 83' lang='lat'><strong>--</strong></span> <span class='ocrx_word' id='word_1_7' title='bbox 2162 286 2476 352; x_wconf 84' lang='lat' dir='ltr'><strong>MONUM.</strong></span> <span class='ocrx_word' id='word_1_8' title='bbox 2521 286 2622 351; x_wconf 87' lang='lat' dir='ltr'><strong>DE</strong></span> <span class='ocrx_word' id='word_1_9' title='bbox 2665 289 2914 352; x_wconf 89' lang='lat' dir='ltr'><strong>BELLO</strong></span> <span class='ocrx_word' id='word_1_10' title='bbox 2955 288 3226 351; x_wconf 82' lang='lat' dir='ltr'><strong>SACRO.</strong></span> <span class='ocrx_word' id='word_1_11' title='bbox 3618 289 3748 351; x_wconf 76' lang='lat'><strong>932</strong></span> 
     </span>
    </p>
   </div>
   <div class='ocr_carea' id='block_1_2' title="bbox 339 398 3744 499">
    <p class='ocr_par' dir='ltr' id='par_1_2' title="bbox 339 398 3744 499">
     <span class='ocr_line' id='line_1_2' title="bbox 339 398 3744 499; baseline -0.003 -16"><span class='ocrx_word' id='word_1_12' title='bbox 339 426 639 499; x_wconf 71' lang='lat' dir='ltr'><strong>cognitum</strong></span> <span class='ocrx_word' id='word_1_13' title='bbox 670 425 996 498; x_wconf 92' lang='lat' dir='ltr'><strong>deportent.</strong></span> <span class='ocrx_word' id='word_1_14' title='bbox 1042 426 1176 491; x_wconf 67' lang='lat' dir='ltr'><strong>Qum</strong></span> <span class='ocrx_word' id='word_1_15' title='bbox 1220 424 1437 497; x_wconf 88' lang='lat' dir='ltr'><strong>scripta</strong></span> <span class='ocrx_word' id='word_1_16' title='bbox 1482 424 1542 479; x_wconf 90' lang='lat' dir='ltr'><strong>in</strong></span> <span class='ocrx_word' id='word_1_17' title='bbox 1593 421 1890 479; x_wconf 88' lang='lat' dir='ltr'><strong>schedulis</strong></span> <span class='ocrx_word' id='word_1_18' title='bbox 1921 426 1980 478; x_wconf 91' lang='lat' dir='ltr'><strong>et</strong></span> <span class='ocrx_word' id='word_1_19' title='bbox 2008 426 2061 490; x_wconf 83' lang='grc' dir='ltr'>Α</span> <span class='ocrx_word' id='word_1_20' title='bbox 2091 422 2419 495; x_wconf 84' lang='lat' dir='ltr'><strong>citaturquc</strong></span> <span class='ocrx_word' id='word_1_21' title='bbox 2449 426 2681 495; x_wconf 83' lang='lat' dir='ltr'><strong>propter</strong></span> <span class='ocrx_word' id='word_1_22' title='bbox 2710 398 2845 478; x_wconf 84' lang='lat' dir='ltr'><strong>eum</strong></span> <span class='ocrx_word' id='word_1_23' title='bbox 2880 422 3108 479; x_wconf 89' lang='lat' dir='ltr'><strong>aer.Est</strong></span> <span class='ocrx_word' id='word_1_24' title='bbox 3137 424 3332 477; x_wconf 87' lang='lat' dir='ltr'><strong>autem</strong></span> <span class='ocrx_word' id='word_1_25' title='bbox 3364 418 3659 476; x_wconf 88' lang='lat' dir='ltr'><strong>cristatus.</strong></span> <span class='ocrx_word' id='word_1_26' title='bbox 3674 419 3744 476; x_wconf 77' lang='lat' dir='ltr'><strong>Si</strong></span> 
     </span>
    </p>
   </div>
   <div class='ocr_carea' id='block_1_3' title="bbox 339 508 3749 588">
    <p class='ocr_par' dir='ltr' id='par_1_3' title="bbox 339 508 3749 588">
     <span class='ocr_line' id='line_1_3' title="bbox 339 508 3749 588; baseline -0.002 -17"><span class='ocrx_word' id='word_1_27' title='bbox 339 532 516 588; x_wconf 80' lang='lat' dir='ltr'><strong>super</strong></span> <span class='ocrx_word' id='word_1_28' title='bbox 544 513 746 570; x_wconf 87' lang='lat' dir='ltr'><strong>clunes</strong></span> <span class='ocrx_word' id='word_1_29' title='bbox 779 512 1185 569; x_wconf 85' lang='lat' dir='ltr'><strong>columbarum</strong></span> <span class='ocrx_word' id='word_1_30' title='bbox 1206 516 1451 570; x_wconf 75' lang='lat' dir='ltr'><strong>consuto.</strong></span> <span class='ocrx_word' id='word_1_31' title='bbox 1474 510 1724 568; x_wconf 86' lang='lat' dir='ltr'><strong>inventis</strong></span> <span class='ocrx_word' id='word_1_32' title='bbox 1744 510 1988 584; x_wconf 89' lang='lat' dir='ltr'><strong>legendo</strong></span> <span class='ocrx_word' id='word_1_33' title='bbox 2099 529 2274 585; x_wconf 88' lang='lat' dir='ltr'><strong>quem</strong></span> <span class='ocrx_word' id='word_1_34' title='bbox 2304 511 2797 585; x_wconf 88' lang='lat' dir='ltr'><strong>ligarit,occidit,a</strong></span> <span class='ocrx_word' id='word_1_35' title='bbox 2825 528 2942 584; x_wconf 93' lang='lat' dir='ltr'><strong>quo</strong></span> <span class='ocrx_word' id='word_1_36' title='bbox 2971 527 3131 567; x_wconf 90' lang='lat' dir='ltr'><strong>nunc</strong></span> <span class='ocrx_word' id='word_1_37' title='bbox 3157 508 3436 582; x_wconf 76' lang='lat' dir='ltr'><strong>elephans</strong></span> <span class='ocrx_word' id='word_1_38' title='bbox 3456 513 3620 565; x_wconf 90' lang='lat' dir='ltr'><strong>tutus</strong></span> <span class='ocrx_word' id='word_1_39' title='bbox 3650 512 3749 565; x_wconf 87' lang='lat' dir='ltr'><strong>est</strong></span> 
     </span>
    </p>
   </div>
   <div class='ocr_carea' id='block_1_4' title="bbox 339 596 3745 676">
    <p class='ocr_par' dir='ltr' id='par_1_4' title="bbox 339 596 3745 676">
     <span class='ocr_line' id='line_1_4' title="bbox 339 596 3745 676; baseline -0.002 -16"><span class='ocrx_word' id='word_1_40' title='bbox 339 604 640 661; x_wconf 87' lang='lat' dir='ltr'><strong>insinuent</strong></span> <span class='ocrx_word' id='word_1_41' title='bbox 669 602 807 676; x_wconf 91' lang='lat' dir='ltr'><strong>quid</strong></span> <span class='ocrx_word' id='word_1_42' title='bbox 841 604 1043 674; x_wconf 89' lang='lat' dir='ltr'><strong>postea</strong></span> <span class='ocrx_word' id='word_1_43' title='bbox 1089 601 1213 657; x_wconf 85' lang='lat' dir='ltr'><strong>ﬁeri</strong></span> <span class='ocrx_word' id='word_1_44' title='bbox 1264 601 1491 657; x_wconf 87' lang='lat' dir='ltr'><strong>debeat.</strong></span> <span class='ocrx_word' id='word_1_45' title='bbox 1525 600 1687 669; x_wconf 87' lang='lat' dir='ltr'><strong>Quod</strong></span> <span class='ocrx_word' id='word_1_46' title='bbox 1720 605 1861 655; x_wconf 90' lang='lat' dir='ltr'><strong>tunc</strong></span> <span class='ocrx_word' id='word_1_47' title='bbox 1907 598 1988 655; x_wconf 88' lang='lat' dir='ltr'><strong>ita</strong></span> <span class='ocrx_word' id='word_1_48' title='bbox 2097 601 2191 656; x_wconf 89' lang='lat' dir='ltr'><strong>sui</strong></span> <span class='ocrx_word' id='word_1_49' title='bbox 2224 600 2484 673; x_wconf 90' lang='lat' dir='ltr'><strong>corporis</strong></span> <span class='ocrx_word' id='word_1_50' title='bbox 2514 600 2941 674; x_wconf 83' lang='lat' dir='ltr'><strong>magnitudine.</strong></span> <span class='ocrx_word' id='word_1_51' title='bbox 2976 598 3248 672; x_wconf 87' lang='lat' dir='ltr'><strong>Gignitur</strong></span> <span class='ocrx_word' id='word_1_52' title='bbox 3271 597 3332 653; x_wconf 91' lang='lat' dir='ltr'><strong>in</strong></span> <span class='ocrx_word' id='word_1_53' title='bbox 3377 596 3560 665; x_wconf 88' lang='lat' dir='ltr'><strong>India,</strong></span> <span class='ocrx_word' id='word_1_54' title='bbox 3593 596 3745 654; x_wconf 84' lang='lat' dir='ltr'><strong>etin</strong></span> 
     </span>
    </p>
   </div>
   <div class='ocr_carea' id='block_1_5' title="bbox 336 690 1439 762">
    <p class='ocr_par' dir='ltr' id='par_1_5' title="bbox 336 690 1439 762">
     <span class='ocr_line' id='line_1_5' title="bbox 336 690 1439 762; baseline -0.005 -12"><span class='ocrx_word' id='word_1_55' title='bbox 336 694 558 750; x_wconf 84' lang='lat' dir='ltr'><strong>factum</strong></span> <span class='ocrx_word' id='word_1_56' title='bbox 589 690 911 748; x_wconf 88' lang='lat' dir='ltr'><strong>clarissime</strong></span> <span class='ocrx_word' id='word_1_57' title='bbox 939 694 1029 747; x_wconf 88' lang='lat' dir='ltr'><strong>est</strong></span> <span class='ocrx_word' id='word_1_58' title='bbox 1055 694 1439 762; x_wconf 88' lang='lat' dir='ltr'><strong>compertum.</strong></span> 
     </span>
    </p>
   </div>
   <div class='ocr_carea' id='block_1_6' title="bbox 906 778 1415 836">
    <p class='ocr_par' dir='ltr' id='par_1_6' title="bbox 906 778 1415 836">
     <span class='ocr_line' id='line_1_6' title="bbox 906 778 1415 836; baseline -0.004 0"><span class='ocrx_word' id='word_1_59' title='bbox 906 778 1137 836; x_wconf 86' lang='lat' dir='ltr'><strong>CAPUT</strong></span> <span class='ocrx_word' id='word_1_60' title='bbox 1174 779 1415 835; x_wconf 80' lang='lat' dir='ltr'><strong>XLVIII.</strong></span> 
     </span>
    </p>
   </div>
   <div class='ocr_carea' id='block_1_7' title="bbox 718 867 1599 926">
    <p class='ocr_par' dir='ltr' id='par_1_7' title="bbox 718 867 1599 926">
     <span class='ocr_line' id='line_1_7' title="bbox 718 867 1599 926; baseline -0.005 0"><span class='ocrx_word' id='word_1_61' title='bbox 718 871 793 926; x_wconf 87' lang='lat' dir='ltr'><strong>De</strong></span> <span class='ocrx_word' id='word_1_62' title='bbox 822 871 1091 925; x_wconf 78' lang='lat' dir='ltr'><strong>varietate</strong></span> <span class='ocrx_word' id='word_1_63' title='bbox 1122 867 1599 925; x_wconf 83' lang='lat' dir='ltr'><strong>consuetudinum.</strong></span> 
     </span>
    </p>
   </div>
   <div class='ocr_carea' id='block_1_8' title="bbox 339 954 1983 1033">
    <p class='ocr_par' dir='ltr' id='par_1_8' title="bbox 339 954 1983 1033">
     <span class='ocr_line' id='line_1_8' title="bbox 339 954 1983 1033; baseline -0.003 -17"><span class='ocrx_word' id='word_1_64' title='bbox 339 959 523 1033; x_wconf 87' lang='lat' dir='ltr'><strong>Igitur</strong></span> <span class='ocrx_word' id='word_1_65' title='bbox 578 959 901 1015; x_wconf 88' lang='lat' dir='ltr'><strong>secundum</strong></span> <span class='ocrx_word' id='word_1_66' title='bbox 951 957 1267 1013; x_wconf 84' lang='lat' dir='ltr'><strong>divisiones</strong></span> <span class='ocrx_word' id='word_1_67' title='bbox 1324 961 1613 1013; x_wconf 88' lang='lat' dir='ltr'><strong>terrarum</strong></span> <span class='ocrx_word' id='word_1_68' title='bbox 1671 954 1983 1012; x_wconf 81' lang='lat' dir='ltr'><strong>varietates</strong></span> 
     </span>
    </p>
   </div>
   <div class='ocr_carea' id='block_1_9' title="bbox 336 1043 1984 1120">
    <p class='ocr_par' dir='ltr' id='par_1_9' title="bbox 336 1043 1984 1120">
     <span class='ocr_line' id='line_1_9' title="bbox 336 1043 1984 1120; baseline -0.003 -14"><span class='ocrx_word' id='word_1_69' title='bbox 336 1048 591 1106; x_wconf 84' lang='lat' dir='ltr'><strong>existunt</strong></span> <span class='ocrx_word' id='word_1_70' title='bbox 640 1047 842 1120; x_wconf 85' lang='lat' dir='ltr'><strong>utique</strong></span> <span class='ocrx_word' id='word_1_71' title='bbox 906 1064 1102 1102; x_wconf 91' lang='lat' dir='ltr'><strong>rerum</strong></span> <span class='ocrx_word' id='word_1_72' title='bbox 1154 1051 1211 1102; x_wconf 88' lang='lat' dir='ltr'><strong>et</strong></span> <span class='ocrx_word' id='word_1_73' title='bbox 1261 1046 1775 1102; x_wconf 85' lang='lat' dir='ltr'><strong>consuetudinum.</strong></span> <span class='ocrx_word' id='word_1_74' title='bbox 1825 1043 1984 1101; x_wconf 87' lang='lat' dir='ltr'><strong>Alios</strong></span> 
     </span>
    </p>
   </div>
   <div class='ocr_carea' id='block_1_10' title="bbox 335 1132 1978 1207">
    <p class='ocr_par' dir='ltr' id='par_1_10' title="bbox 335 1132 1978 1207">
     <span class='ocr_line' id='line_1_10' title="bbox 335 1132 1978 1207; baseline -0.004 -13"><span class='ocrx_word' id='word_1_75' title='bbox 335 1136 490 1194; x_wconf 87' lang='lat' dir='ltr'><strong>enim</strong></span> <span class='ocrx_word' id='word_1_76' title='bbox 522 1154 667 1193; x_wconf 88' lang='lat' dir='ltr'><strong>usus</strong></span> <span class='ocrx_word' id='word_1_77' title='bbox 710 1135 887 1192; x_wconf 86' lang='lat' dir='ltr'><strong>habet</strong></span> <span class='ocrx_word' id='word_1_78' title='bbox 928 1135 1190 1202; x_wconf 86' lang='lat' dir='ltr'><strong>Francia,</strong></span> <span class='ocrx_word' id='word_1_79' title='bbox 1239 1134 1384 1191; x_wconf 91' lang='lat' dir='ltr'><strong>alios</strong></span> <span class='ocrx_word' id='word_1_80' title='bbox 1433 1134 1703 1207; x_wconf 87' lang='lat' dir='ltr'><strong>equidem</strong></span> <span class='ocrx_word' id='word_1_81' title='bbox 1750 1132 1978 1206; x_wconf 83' lang='lat' dir='ltr'><strong>Anglia,</strong></span> 
     </span>
    </p>
   </div>
   <div class='ocr_carea' id='block_1_11' title="bbox 334 1221 1980 1299">
    <p class='ocr_par' dir='ltr' id='par_1_11' title="bbox 334 1221 1980 1299">
     <span class='ocr_line' id='line_1_11' title="bbox 334 1221 1980 1299; baseline -0.003 -17"><span class='ocrx_word' id='word_1_82' title='bbox 334 1226 478 1283; x_wconf 81' lang='lat' dir='ltr'><strong>alios</strong></span> <span class='ocrx_word' id='word_1_83' title='bbox 505 1227 810 1299; x_wconf 67' lang='lat' dir='ltr'><strong>Egyptus,</strong></span> <span class='ocrx_word' id='word_1_84' title='bbox 836 1224 982 1280; x_wconf 88' lang='lat' dir='ltr'><strong>alios</strong></span> <span class='ocrx_word' id='word_1_85' title='bbox 1012 1241 1143 1281; x_wconf 90' lang='lat' dir='ltr'><strong>vero</strong></span> <span class='ocrx_word' id='word_1_86' title='bbox 1174 1224 1359 1279; x_wconf 89' lang='lat' dir='ltr'><strong>India.</strong></span> <span class='ocrx_word' id='word_1_87' title='bbox 1392 1223 1681 1279; x_wconf 79' lang='lat' dir='ltr'><strong>Diﬂ‘erunt</strong></span> <span class='ocrx_word' id='word_1_88' title='bbox 1711 1222 1887 1278; x_wconf 90' lang='lat' dir='ltr'><strong>etiam</strong></span> <span class='ocrx_word' id='word_1_89' title='bbox 1920 1221 1980 1277; x_wconf 88' lang='lat' dir='ltr'><strong>in</strong></span> 
     </span>
    </p>
   </div>
   <div class='ocr_carea' id='block_1_12' title="bbox 330 1310 1976 1385">
    <p class='ocr_par' dir='ltr' id='par_1_12' title="bbox 330 1310 1976 1385">
     <span class='ocr_line' id='line_1_12' title="bbox 330 1310 1976 1385; baseline -0.002 -15"><span class='ocrx_word' id='word_1_90' title='bbox 330 1314 686 1381; x_wconf 85' lang='lat' dir='ltr'><strong>volucribus,</strong></span> <span class='ocrx_word' id='word_1_91' title='bbox 721 1314 998 1370; x_wconf 73' lang='lat' dir='ltr'><strong>differunt</strong></span> <span class='ocrx_word' id='word_1_92' title='bbox 1042 1313 1099 1368; x_wconf 91' lang='lat' dir='ltr'><strong>in</strong></span> <span class='ocrx_word' id='word_1_93' title='bbox 1132 1312 1397 1385; x_wconf 88' lang='lat' dir='ltr'><strong>piscibus</strong></span> <span class='ocrx_word' id='word_1_94' title='bbox 1441 1316 1615 1384; x_wconf 90' lang='lat' dir='ltr'><strong>atque</strong></span> <span class='ocrx_word' id='word_1_95' title='bbox 1651 1310 1976 1368; x_wconf 87' lang='lat' dir='ltr'><strong>arboribus.</strong></span> 
     </span>
    </p>
   </div>
   <div class='ocr_carea' id='block_1_13' title="bbox 330 1400 1981 1476">
    <p class='ocr_par' dir='ltr' id='par_1_13' title="bbox 330 1400 1981 1476">
     <span class='ocr_line' id='line_1_13' title="bbox 330 1400 1981 1476; baseline -0.003 -17"><span class='ocrx_word' id='word_1_96' title='bbox 330 1404 645 1476; x_wconf 85' lang='lat' dir='ltr'><strong>Nunquam</strong></span> <span class='ocrx_word' id='word_1_97' title='bbox 677 1402 737 1458; x_wconf 91' lang='lat' dir='ltr'><strong>in</strong></span> <span class='ocrx_word' id='word_1_98' title='bbox 785 1401 1093 1458; x_wconf 76' lang='lat' dir='ltr'><strong>Palaestina</strong></span> <span class='ocrx_word' id='word_1_99' title='bbox 1121 1401 1236 1457; x_wconf 93' lang='lat' dir='ltr'><strong>vidi</strong></span> <span class='ocrx_word' id='word_1_100' title='bbox 1268 1400 1561 1469; x_wconf 90' lang='lat' dir='ltr'><strong>balenam,</strong></span> <span class='ocrx_word' id='word_1_101' title='bbox 1596 1417 1784 1473; x_wconf 89' lang='lat' dir='ltr'><strong>neque</strong></span> <span class='ocrx_word' id='word_1_102' title='bbox 1828 1400 1981 1455; x_wconf 85' lang='lat' dir='ltr'><strong>lam-</strong></span> 
     </span>
    </p>
   </div>
   <div class='ocr_carea' id='block_1_14' title="bbox 332 1489 1976 1566">
    <p class='ocr_par' dir='ltr' id='par_1_14' title="bbox 332 1489 1976 1566">
     <span class='ocr_line' id='line_1_14' title="bbox 332 1489 1976 1566; baseline -0.004 -17"><span class='ocrx_word' id='word_1_103' title='bbox 332 1493 594 1566; x_wconf 87' lang='lat' dir='ltr'><strong>predam,</strong></span> <span class='ocrx_word' id='word_1_104' title='bbox 630 1508 733 1547; x_wconf 87' lang='lat' dir='ltr'><strong>nec</strong></span> <span class='ocrx_word' id='word_1_105' title='bbox 763 1490 822 1545; x_wconf 90' lang='lat' dir='ltr'><strong>in</strong></span> <span class='ocrx_word' id='word_1_106' title='bbox 875 1490 1207 1546; x_wconf 81' lang='lat' dir='ltr'><strong>volucribus</strong></span> <span class='ocrx_word' id='word_1_107' title='bbox 1256 1490 1473 1562; x_wconf 80' lang='lat' dir='ltr'><strong>picam,</strong></span> <span class='ocrx_word' id='word_1_108' title='bbox 1526 1489 1647 1545; x_wconf 88' lang='lat' dir='ltr'><strong>sive</strong></span> <span class='ocrx_word' id='word_1_109' title='bbox 1677 1505 1976 1545; x_wconf 89' lang='lat' dir='ltr'><strong>curucam.</strong></span> 
     </span>
    </p>
   </div>
   <div class='ocr_carea' id='block_1_15' title="bbox 331 1578 1981 1653">
    <p class='ocr_par' dir='ltr' id='par_1_15' title="bbox 331 1578 1981 1653">
     <span class='ocr_line' id='line_1_15' title="bbox 331 1578 1981 1653; baseline -0.004 -14"><span class='ocrx_word' id='word_1_110' title='bbox 331 1582 455 1639; x_wconf 93' lang='lat' dir='ltr'><strong>lllic</strong></span> <span class='ocrx_word' id='word_1_111' title='bbox 485 1585 679 1638; x_wconf 87' lang='lat' dir='ltr'><strong>autem</strong></span> <span class='ocrx_word' id='word_1_112' title='bbox 710 1580 1003 1636; x_wconf 88' lang='lat' dir='ltr'><strong>habentur</strong></span> <span class='ocrx_word' id='word_1_113' title='bbox 1032 1580 1256 1653; x_wconf 83' lang='lat' dir='ltr'><strong>onagri,</strong></span> <span class='ocrx_word' id='word_1_114' title='bbox 1301 1578 1598 1652; x_wconf 89' lang='lat' dir='ltr'><strong>cirogrilli,</strong></span> <span class='ocrx_word' id='word_1_115' title='bbox 1641 1595 1745 1635; x_wconf 90' lang='lat' dir='ltr'><strong>nec</strong></span> <span class='ocrx_word' id='word_1_116' title='bbox 1775 1594 1892 1633; x_wconf 90' lang='lat' dir='ltr'><strong>non</strong></span> <span class='ocrx_word' id='word_1_117' title='bbox 1922 1583 1981 1633; x_wconf 88' lang='lat' dir='ltr'><strong>et</strong></span> 
     </span>
    </p>
   </div>
   <div class='ocr_carea' id='block_1_16' title="bbox 329 1667 1977 1745">
    <p class='ocr_par' dir='ltr' id='par_1_16' title="bbox 329 1667 1977 1745">
     <span class='ocr_line' id='line_1_16' title="bbox 329 1667 1977 1745; baseline -0.004 -16"><span class='ocrx_word' id='word_1_118' title='bbox 329 1672 539 1745; x_wconf 85' lang='lat' dir='ltr'><strong>hyena,</strong></span> <span class='ocrx_word' id='word_1_119' title='bbox 573 1688 701 1744; x_wconf 72' lang='lat' dir='ltr'><strong>quae</strong></span> <span class='ocrx_word' id='word_1_120' title='bbox 725 1675 1090 1725; x_wconf 86' lang='lat' dir='ltr'><strong>mortuorum</strong></span> <span class='ocrx_word' id='word_1_121' title='bbox 1122 1668 1323 1724; x_wconf 72' lang='lat' dir='ltr'><strong>effodit</strong></span> <span class='ocrx_word' id='word_1_122' title='bbox 1351 1668 1542 1723; x_wconf 88' lang='lat' dir='ltr'><strong>busta.</strong></span> <span class='ocrx_word' id='word_1_123' title='bbox 1573 1668 1635 1723; x_wconf 91' lang='lat' dir='ltr'><strong>In</strong></span> <span class='ocrx_word' id='word_1_124' title='bbox 1669 1667 1977 1723; x_wconf 88' lang='lat' dir='ltr'><strong>arboribus</strong></span> 
     </span>
    </p>
   </div>
   <div class='ocr_carea' id='block_1_17' title="bbox 2096 687 3746 762">
    <p class='ocr_par' dir='ltr' id='par_1_17' title="bbox 2096 687 3746 762">
     <span class='ocr_line' id='line_1_17' title="bbox 2096 687 3746 762; baseline -0.001 -17"><span class='ocrx_word' id='word_1_125' title='bbox 2096 688 2387 762; x_wconf 68' lang='lat' dir='ltr'><strong>Ethiopia</strong></span> <span class='ocrx_word' id='word_1_126' title='bbox 2409 689 2469 744; x_wconf 93' lang='lat' dir='ltr'><strong>in</strong></span> <span class='ocrx_word' id='word_1_127' title='bbox 2490 688 2618 762; x_wconf 90' lang='lat' dir='ltr'><strong>ipso</strong></span> <span class='ocrx_word' id='word_1_128' title='bbox 2638 687 2909 745; x_wconf 90' lang='lat' dir='ltr'><strong>incendio</strong></span> <span class='ocrx_word' id='word_1_129' title='bbox 2922 688 2989 760; x_wconf 92' lang='lat' dir='ltr'><strong>ju</strong></span> <span class='ocrx_word' id='word_1_130' title='bbox 2997 688 3088 762; x_wconf 90' lang='lat' dir='ltr'><strong>gis</strong></span> <span class='ocrx_word' id='word_1_131' title='bbox 3108 692 3304 744; x_wconf 71' lang='lat' dir='ltr'><strong>aestus.</strong></span> <span class='ocrx_word' id='word_1_132' title='bbox 3318 687 3482 745; x_wconf 90' lang='lat' dir='ltr'><strong>Circa</strong></span> <span class='ocrx_word' id='word_1_133' title='bbox 3497 687 3746 743; x_wconf 81' lang='lat' dir='ltr'><strong>semitas</strong></span> 
     </span>
    </p>
   </div>
   <div class='ocr_carea' id='block_1_18' title="bbox 2094 776 3748 851">
    <p class='ocr_par' dir='ltr' id='par_1_18' title="bbox 2094 776 3748 851">
     <span class='ocr_line' id='line_1_18' title="bbox 2094 776 3748 851; baseline 0 -18"><span class='ocrx_word' id='word_1_134' title='bbox 2094 777 2314 846; x_wconf 90' lang='lat' dir='ltr'><strong>delitet,</strong></span> <span class='ocrx_word' id='word_1_135' title='bbox 2348 796 2451 851; x_wconf 88' lang='lat' dir='ltr'><strong>per</strong></span> <span class='ocrx_word' id='word_1_136' title='bbox 2500 794 2649 851; x_wconf 90' lang='lat' dir='ltr'><strong>quas</strong></span> <span class='ocrx_word' id='word_1_137' title='bbox 2688 778 2967 851; x_wconf 88' lang='lat' dir='ltr'><strong>elephans</strong></span> <span class='ocrx_word' id='word_1_138' title='bbox 3003 777 3300 851; x_wconf 83' lang='lat' dir='ltr'><strong>graditur;</strong></span> <span class='ocrx_word' id='word_1_139' title='bbox 3332 776 3520 843; x_wconf 78' lang='lat' dir='ltr'><strong>solitis</strong></span> <span class='ocrx_word' id='word_1_140' title='bbox 3566 794 3748 833; x_wconf 82' lang='lat' dir='ltr'><strong>crura</strong></span> 
     </span>
    </p>
   </div>
   <div class='ocr_carea' id='block_1_19' title="bbox 2095 866 3739 940">
    <p class='ocr_par' dir='ltr' id='par_1_19' title="bbox 2095 866 3739 940">
     <span class='ocr_line' id='line_1_19' title="bbox 2095 866 3739 940; baseline -0.001 -17"><span class='ocrx_word' id='word_1_141' title='bbox 2095 867 2224 938; x_wconf 86' lang='lat' dir='ltr'><strong>ejus</strong></span> <span class='ocrx_word' id='word_1_142' title='bbox 2249 866 2419 923; x_wconf 91' lang='lat' dir='ltr'><strong>nodis</strong></span> <span class='ocrx_word' id='word_1_143' title='bbox 2447 866 2654 940; x_wconf 87' lang='lat' dir='ltr'><strong>illigat,</strong></span> <span class='ocrx_word' id='word_1_144' title='bbox 2687 870 2745 922; x_wconf 89' lang='lat' dir='ltr'><strong>et</strong></span> <span class='ocrx_word' id='word_1_145' title='bbox 2774 867 3124 924; x_wconf 78' lang='lat' dir='ltr'><strong>suﬂ&#39;ocatum</strong></span> <span class='ocrx_word' id='word_1_146' title='bbox 3155 866 3598 939; x_wconf 81' lang='lat' dir='ltr'><strong>perimit.Pedes</strong></span> <span class='ocrx_word' id='word_1_147' title='bbox 3620 882 3739 922; x_wconf 87' lang='lat' dir='ltr'><strong>non</strong></span> 
     </span>
    </p>
   </div>
   <div class='ocr_carea' id='block_1_20' title="bbox 2094 955 3743 1030">
    <p class='ocr_par' dir='ltr' id='par_1_20' title="bbox 2094 955 3743 1030">
     <span class='ocr_line' id='line_1_20' title="bbox 2094 955 3743 1030; baseline -0.001 -17"><span class='ocrx_word' id='word_1_148' title='bbox 2094 956 2403 1013; x_wconf 89' lang='lat' dir='ltr'><strong>habent.In</strong></span> <span class='ocrx_word' id='word_1_149' title='bbox 2423 957 2561 1013; x_wconf 87' lang='lat' dir='ltr'><strong>Asia</strong></span> <span class='ocrx_word' id='word_1_150' title='bbox 2590 956 2859 1030; x_wconf 84' lang='lat' dir='ltr'><strong>Scythica</strong></span> <span class='ocrx_word' id='word_1_151' title='bbox 2872 960 3013 1013; x_wconf 90' lang='lat' dir='ltr'><strong>sunt</strong></span> <span class='ocrx_word' id='word_1_152' title='bbox 3019 957 3316 1029; x_wconf 72' lang='lat' dir='ltr'><strong>frigriphes</strong></span> <span class='ocrx_word' id='word_1_153' title='bbox 3329 955 3495 1012; x_wconf 85' lang='lat' dir='ltr'><strong>alites</strong></span> <span class='ocrx_word' id='word_1_154' title='bbox 3508 955 3743 1012; x_wconf 82' lang='lat' dir='ltr'><strong>ferocis-</strong></span> 
     </span>
    </p>
   </div>
   <div class='ocr_carea' id='block_1_21' title="bbox 2093 1045 3738 1103">
    <p class='ocr_par' dir='ltr' id='par_1_21' title="bbox 2093 1045 3738 1103">
     <span class='ocr_line' id='line_1_21' title="bbox 2093 1045 3738 1103; baseline 0 -1"><span class='ocrx_word' id='word_1_155' title='bbox 2093 1045 2225 1102; x_wconf 87' lang='lat' dir='ltr'><strong>simi</strong></span> <span class='ocrx_word' id='word_1_156' title='bbox 2259 1047 2413 1103; x_wconf 90' lang='lat' dir='ltr'><strong>ultra</strong></span> <span class='ocrx_word' id='word_1_157' title='bbox 2441 1063 2675 1103; x_wconf 90' lang='lat' dir='ltr'><strong>omnem</strong></span> <span class='ocrx_word' id='word_1_158' title='bbox 2704 1045 2924 1102; x_wconf 91' lang='lat' dir='ltr'><strong>rabiem</strong></span> <span class='ocrx_word' id='word_1_159' title='bbox 2955 1045 3441 1102; x_wconf 66' lang='lat' dir='ltr'><strong>saevientes.Sunt</strong></span> <span class='ocrx_word' id='word_1_160' title='bbox 3468 1050 3525 1100; x_wconf 88' lang='lat' dir='ltr'><strong>et</strong></span> <span class='ocrx_word' id='word_1_161' title='bbox 3552 1046 3738 1102; x_wconf 73' lang='lat' dir='ltr'><strong>hircu-</strong></span> 
     </span>
    </p>
   </div>
   <div class='ocr_carea' id='block_1_22' title="bbox 2090 1133 3739 1209">
    <p class='ocr_par' dir='ltr' id='par_1_22' title="bbox 2090 1133 3739 1209">
     <span class='ocr_line' id='line_1_22' title="bbox 2090 1133 3739 1209; baseline 0.001 -19"><span class='ocrx_word' id='word_1_162' title='bbox 2090 1137 2180 1191; x_wconf 88' lang='lat' dir='ltr'><strong>nii</strong></span> <span class='ocrx_word' id='word_1_163' title='bbox 2205 1152 2350 1207; x_wconf 89' lang='lat' dir='ltr'><strong>gens</strong></span> <span class='ocrx_word' id='word_1_164' title='bbox 2385 1134 2547 1192; x_wconf 87' lang='lat' dir='ltr'><strong>silvis</strong></span> <span class='ocrx_word' id='word_1_165' title='bbox 2577 1152 2802 1208; x_wconf 90' lang='lat' dir='ltr'><strong>aspera,</strong></span> <span class='ocrx_word' id='word_1_166' title='bbox 2827 1136 3062 1209; x_wconf 88' lang='lat' dir='ltr'><strong>copiosa</strong></span> <span class='ocrx_word' id='word_1_167' title='bbox 3076 1134 3438 1191; x_wconf 89' lang='lat' dir='ltr'><strong>immanibus</strong></span> <span class='ocrx_word' id='word_1_168' title='bbox 3457 1133 3739 1204; x_wconf 83' lang='lat' dir='ltr'><strong>feris,feta</strong></span> 
     </span>
    </p>
   </div>
   <div class='ocr_carea' id='block_1_23' title="bbox 2090 1223 3736 1299">
    <p class='ocr_par' dir='ltr' id='par_1_23' title="bbox 2090 1223 3736 1299">
     <span class='ocr_line' id='line_1_23' title="bbox 2090 1223 3736 1299; baseline -0.001 -18"><span class='ocrx_word' id='word_1_169' title='bbox 2090 1225 2343 1297; x_wconf 67' lang='lat' dir='ltr'><strong>tigribus.</strong></span> <span class='ocrx_word' id='word_1_170' title='bbox 2378 1225 2541 1291; x_wconf 88' lang='lat' dir='ltr'><strong>Quod</strong></span> <span class='ocrx_word' id='word_1_171' title='bbox 2570 1224 2893 1281; x_wconf 89' lang='lat' dir='ltr'><strong>bestiarum</strong></span> <span class='ocrx_word' id='word_1_172' title='bbox 2940 1241 3146 1299; x_wconf 88' lang='lat' dir='ltr'><strong>genus,</strong></span> <span class='ocrx_word' id='word_1_173' title='bbox 3178 1223 3441 1297; x_wconf 87' lang='lat' dir='ltr'><strong>insignes</strong></span> <span class='ocrx_word' id='word_1_174' title='bbox 3487 1223 3736 1280; x_wconf 89' lang='lat' dir='ltr'><strong>maculis</strong></span> 
     </span>
    </p>
   </div>
   <div class='ocr_carea' id='block_1_24' title="bbox 2089 1311 3734 1370">
    <p class='ocr_par' dir='ltr' id='par_1_24' title="bbox 2089 1311 3734 1370">
     <span class='ocr_line' id='line_1_24' title="bbox 2089 1311 3734 1370; baseline -0.001 -1"><span class='ocrx_word' id='word_1_175' title='bbox 2089 1317 2237 1369; x_wconf 68' lang='lat' dir='ltr'><strong>notae</strong></span> <span class='ocrx_word' id='word_1_176' title='bbox 2261 1312 2414 1370; x_wconf 86' lang='lat' dir='ltr'><strong>fulvo</strong></span> <span class='ocrx_word' id='word_1_177' title='bbox 2445 1313 2878 1369; x_wconf 91' lang='lat' dir='ltr'><strong>nitent.Pcdum</strong></span> <span class='ocrx_word' id='word_1_178' title='bbox 2911 1317 3138 1369; x_wconf 90' lang='lat' dir='ltr'><strong>motum</strong></span> <span class='ocrx_word' id='word_1_179' title='bbox 3157 1312 3355 1369; x_wconf 89' lang='lat' dir='ltr'><strong>nescio</strong></span> <span class='ocrx_word' id='word_1_180' title='bbox 3369 1311 3645 1369; x_wconf 87' lang='lat' dir='ltr'><strong>velocitas</strong></span> <span class='ocrx_word' id='word_1_181' title='bbox 3658 1330 3734 1369; x_wconf 87' lang='lat' dir='ltr'><strong>an</strong></span> 
     </span>
    </p>
   </div>
   <div class='ocr_carea' id='block_1_25' title="bbox 2087 1401 3734 1476">
    <p class='ocr_par' dir='ltr' id='par_1_25' title="bbox 2087 1401 3734 1476">
     <span class='ocr_line' id='line_1_25' title="bbox 2087 1401 3734 1476; baseline 0.001 -19"><span class='ocrx_word' id='word_1_182' title='bbox 2087 1402 2412 1475; x_wconf 88' lang='lat' dir='ltr'><strong>pervicacia</strong></span> <span class='ocrx_word' id='word_1_183' title='bbox 2441 1401 2630 1476; x_wconf 88' lang='lat' dir='ltr'><strong>magis</strong></span> <span class='ocrx_word' id='word_1_184' title='bbox 2661 1403 2915 1475; x_wconf 86' lang='lat' dir='ltr'><strong>adjuvet.</strong></span> <span class='ocrx_word' id='word_1_185' title='bbox 2948 1401 3106 1458; x_wconf 91' lang='lat' dir='ltr'><strong>Nihil</strong></span> <span class='ocrx_word' id='word_1_186' title='bbox 3140 1406 3261 1458; x_wconf 89' lang='lat' dir='ltr'><strong>tam</strong></span> <span class='ocrx_word' id='word_1_187' title='bbox 3305 1402 3546 1475; x_wconf 88' lang='lat' dir='ltr'><strong>longum</strong></span> <span class='ocrx_word' id='word_1_188' title='bbox 3577 1402 3734 1474; x_wconf 91' lang='lat' dir='ltr'><strong>quod</strong></span> 
     </span>
    </p>
   </div>
   <div class='ocr_carea' id='block_1_26' title="bbox 2090 1490 3734 1564">
    <p class='ocr_par' dir='ltr' id='par_1_26' title="bbox 2090 1490 3734 1564">
     <span class='ocr_line' id='line_1_26' title="bbox 2090 1490 3734 1564; baseline 0 -18"><span class='ocrx_word' id='word_1_189' title='bbox 2090 1509 2207 1547; x_wconf 90' lang='lat' dir='ltr'><strong>non</strong></span> <span class='ocrx_word' id='word_1_190' title='bbox 2238 1491 2395 1548; x_wconf 88' lang='lat' dir='ltr'><strong>brevi</strong></span> <span class='ocrx_word' id='word_1_191' title='bbox 2427 1495 2772 1564; x_wconf 81' lang='lat' dir='ltr'><strong>penetrant;</strong></span> <span class='ocrx_word' id='word_1_192' title='bbox 2806 1491 2949 1547; x_wconf 89' lang='lat' dir='ltr'><strong>nihil</strong></span> <span class='ocrx_word' id='word_1_193' title='bbox 2984 1491 3127 1548; x_wconf 90' lang='lat' dir='ltr'><strong>adeo</strong></span> <span class='ocrx_word' id='word_1_194' title='bbox 3171 1490 3463 1548; x_wconf 85' lang='lat' dir='ltr'><strong>antecedit</strong></span> <span class='ocrx_word' id='word_1_195' title='bbox 3508 1494 3573 1546; x_wconf 89' lang='lat' dir='ltr'><strong>ut</strong></span> <span class='ocrx_word' id='word_1_196' title='bbox 3617 1508 3734 1547; x_wconf 89' lang='lat' dir='ltr'><strong>non</strong></span> 
     </span>
    </p>
   </div>
   <div class='ocr_carea' id='block_1_27' title="bbox 2089 1577 3741 1653">
    <p class='ocr_par' dir='ltr' id='par_1_27' title="bbox 2089 1577 3741 1653">
     <span class='ocr_line' id='line_1_27' title="bbox 2089 1577 3741 1653; baseline 0 -19"><span class='ocrx_word' id='word_1_197' title='bbox 2089 1579 2244 1636; x_wconf 88' lang='lat' dir='ltr'><strong>illico</strong></span> <span class='ocrx_word' id='word_1_198' title='bbox 2290 1584 2700 1653; x_wconf 76' lang='lat' dir='ltr'><strong>assequentur.</strong></span> <span class='ocrx_word' id='word_1_199' title='bbox 2734 1581 2885 1637; x_wconf 90' lang='lat' dir='ltr'><strong>Sunt</strong></span> <span class='ocrx_word' id='word_1_200' title='bbox 2930 1584 2987 1635; x_wconf 87' lang='lat' dir='ltr'><strong>et</strong></span> <span class='ocrx_word' id='word_1_201' title='bbox 3023 1579 3312 1652; x_wconf 55' lang='lat' dir='ltr'><strong>panthera</strong></span> <span class='ocrx_word' id='word_1_202' title='bbox 3358 1578 3419 1633; x_wconf 93' lang='lat' dir='ltr'><strong>in</strong></span> <span class='ocrx_word' id='word_1_203' title='bbox 3470 1577 3741 1634; x_wconf 87' lang='lat' dir='ltr'><strong>Hircania</strong></span> 
     </span>
    </p>
   </div>
   <div class='ocr_carea' id='block_1_28' title="bbox 2090 1668 3739 1741">
    <p class='ocr_par' dir='ltr' id='par_1_28' title="bbox 2090 1668 3739 1741">
     <span class='ocr_line' id='line_1_28' title="bbox 2090 1668 3739 1741; baseline -0.001 -17"><span class='ocrx_word' id='word_1_204' title='bbox 2090 1668 2338 1725; x_wconf 88' lang='lat' dir='ltr'><strong>minutis</strong></span> <span class='ocrx_word' id='word_1_205' title='bbox 2369 1668 2649 1725; x_wconf 90' lang='lat' dir='ltr'><strong>orbiculis</strong></span> <span class='ocrx_word' id='word_1_206' title='bbox 2680 1668 3315 1741; x_wconf 81' lang='lat' dir='ltr'><strong>superpictae.Tradunt</strong></span> <span class='ocrx_word' id='word_1_207' title='bbox 3342 1668 3518 1724; x_wconf 88' lang='lat' dir='ltr'><strong>odore</strong></span> <span class='ocrx_word' id='word_1_208' title='bbox 3534 1683 3739 1723; x_wconf 89' lang='lat' dir='ltr'><strong>earum</strong></span> 
     </span>
    </p>
   </div>
   <div class='ocr_carea' id='block_1_29' title="bbox 329 1754 3741 1867">
    <p class='ocr_par' dir='ltr' id='par_1_29' title="bbox 329 1754 3741 1867">
     <span class='ocr_line' id='line_1_29' title="bbox 329 1754 3741 1867; baseline -0.001 -51"><span class='ocrx_word' id='word_1_209' title='bbox 329 1761 452 1816; x_wconf 91' lang='lat' dir='ltr'><strong>illic</strong></span> <span class='ocrx_word' id='word_1_210' title='bbox 480 1777 594 1817; x_wconf 89' lang='lat' dir='ltr'><strong>non</strong></span> <span class='ocrx_word' id='word_1_211' title='bbox 625 1758 743 1814; x_wconf 87' lang='lat' dir='ltr'><strong>vidi</strong></span> <span class='ocrx_word' id='word_1_212' title='bbox 771 1757 1077 1830; x_wconf 90' lang='lat' dir='ltr'><strong>p0pulum,</strong></span> <span class='ocrx_word' id='word_1_213' title='bbox 1114 1773 1219 1813; x_wconf 90' lang='lat' dir='ltr'><strong>nec</strong></span> <span class='ocrx_word' id='word_1_214' title='bbox 1249 1759 1473 1827; x_wconf 83' lang='lat' dir='ltr'><strong>taxum,</strong></span> <span class='ocrx_word' id='word_1_215' title='bbox 1496 1773 1684 1829; x_wconf 81' lang='lat' dir='ltr'><strong>neque</strong></span> <span class='ocrx_word' id='word_1_216' title='bbox 1706 1754 1976 1821; x_wconf 89' lang='lat' dir='ltr'><strong>corilum,</strong></span> <span class='ocrx_word' id='word_1_217' title='bbox 2008 1800 2058 1867; x_wconf 84' lang='lat' dir='ltr'><strong>B</strong></span> <span class='ocrx_word' id='word_1_218' title='bbox 2089 1762 2146 1815; x_wconf 90' lang='lat' dir='ltr'><strong>et</strong></span> <span class='ocrx_word' id='word_1_219' title='bbox 2174 1757 2664 1831; x_wconf 80' lang='lat' dir='ltr'><strong>contemplatione</strong></span> <span class='ocrx_word' id='word_1_220' title='bbox 2695 1762 2962 1815; x_wconf 87' lang='lat' dir='ltr'><strong>armenta</strong></span> <span class='ocrx_word' id='word_1_221' title='bbox 2983 1756 3129 1814; x_wconf 91' lang='lat' dir='ltr'><strong>mire</strong></span> <span class='ocrx_word' id='word_1_222' title='bbox 3149 1756 3741 1829; x_wconf 83' lang='lat' dir='ltr'><strong>affici,atqueubique</strong></span> 
     </span>
     <span class='ocr_line' id='line_1_30' title="bbox 411 1843 3735 1867; baseline 0 0"><span class='ocrx_word' id='word_1_223' title='bbox 411 1855 421 1867; x_wconf 80' lang='grc' dir='ltr'>ι</span> <span class='ocrx_word' id='word_1_224' title='bbox 548 1866 551 1867; x_wconf 67' lang='lat'>,</span> <span class='ocrx_word' id='word_1_225' title='bbox 592 1849 605 1867; x_wconf 79' lang='grc' dir='ltr'>ι</span> <span class='ocrx_word' id='word_1_226' title='bbox 685 1863 803 1867; x_wconf 34' lang='lat' dir='ltr'><strong>Ad..-</strong></span> <span class='ocrx_word' id='word_1_227' title='bbox 873 1850 964 1867; x_wconf 62' lang='lat' dir='ltr'><strong>-_L</strong></span> <span class='ocrx_word' id='word_1_228' title='bbox 996 1862 1228 1867; x_wconf 61' lang='lat'><strong>_-______.-</strong></span> <span class='ocrx_word' id='word_1_229' title='bbox 1296 1849 1388 1867; x_wconf 66' lang='grc' dir='ltr'><strong>Δ.-ι</strong></span> <span class='ocrx_word' id='word_1_230' title='bbox 1426 1861 1643 1867; x_wconf 53' lang='grc' dir='ltr'><strong>--Α-,μ</strong></span> <span class='ocrx_word' id='word_1_231' title='bbox 1681 1843 1857 1867; x_wconf 51' lang='lat' dir='ltr'><strong>ull-“</strong></span> <span class='ocrx_word' id='word_1_232' title='bbox 2094 1864 2181 1867; x_wconf 32' lang='lat'><strong>-4-</strong></span> <span class='ocrx_word' id='word_1_233' title='bbox 2218 1865 2242 1867; x_wconf 44' lang='grc' dir='ltr'>μ</span> <span class='ocrx_word' id='word_1_234' title='bbox 2266 1847 2579 1867; x_wconf 45' lang='grc' dir='ltr'><strong>-ημ--Α2μμι</strong></span> <span class='ocrx_word' id='word_1_235' title='bbox 2615 1851 2915 1867; x_wconf 32' lang='grc' dir='ltr'><strong>μ-γ-μΑη-ι,</strong></span> <span class='ocrx_word' id='word_1_236' title='bbox 2958 1846 3253 1867; x_wconf 50' lang='grc' dir='ltr'><strong>ΑΑ-----2..-</strong></span> <span class='ocrx_word' id='word_1_237' title='bbox 3285 1843 3735 1867; x_wconf 61' lang='grc' dir='ltr'><strong>..--Α-....-..Ξ..Ξ-Ξ</strong></span> 
     </span>
    </p>
   </div>
   <div class='ocr_carea' id='block_1_30' title="bbox 329 1843 1884 1917">
    <p class='ocr_par' dir='ltr' id='par_1_30' title="bbox 329 1843 1884 1917">
     <span class='ocr_line' id='line_1_31' title="bbox 329 1843 1884 1917; baseline -0.005 -10"><span class='ocrx_word' id='word_1_238' title='bbox 329 1855 430 1907; x_wconf 89' lang='lat' dir='ltr'><strong>aut</strong></span> <span class='ocrx_word' id='word_1_239' title='bbox 460 1849 832 1915; x_wconf 90' lang='lat' dir='ltr'><strong>sambucum,</strong></span> <span class='ocrx_word' id='word_1_240' title='bbox 867 1850 969 1903; x_wconf 89' lang='lat' dir='ltr'><strong>aut</strong></span> <span class='ocrx_word' id='word_1_241' title='bbox 996 1862 1257 1917; x_wconf 90' lang='lat' dir='ltr'><strong>ruscum,</strong></span> <span class='ocrx_word' id='word_1_242' title='bbox 1292 1849 1394 1901; x_wconf 88' lang='lat' dir='ltr'><strong>aut</strong></span> <span class='ocrx_word' id='word_1_243' title='bbox 1424 1861 1649 1901; x_wconf 89' lang='lat' dir='ltr'><strong>acerem</strong></span> <span class='ocrx_word' id='word_1_244' title='bbox 1681 1843 1884 1900; x_wconf 90' lang='lat' dir='ltr'><strong>ullam.</strong></span> 
     </span>
    </p>
   </div>
   <div class='ocr_carea' id='block_1_31' title="bbox 920 1952 1376 2009">
    <p class='ocr_par' dir='ltr' id='par_1_31' title="bbox 920 1952 1376 2009">
     <span class='ocr_line' id='line_1_32' title="bbox 920 1952 1376 2009; baseline -0.004 0"><span class='ocrx_word' id='word_1_245' title='bbox 920 1952 1152 2009; x_wconf 85' lang='lat' dir='ltr'><strong>CAPUT</strong></span> <span class='ocrx_word' id='word_1_246' title='bbox 1189 1953 1376 2008; x_wconf 87' lang='lat' dir='ltr'><strong>XLIX.</strong></span> 
     </span>
    </p>
   </div>
   <div class='ocr_carea' id='block_1_32' title="bbox 396 2041 1902 2114">
    <p class='ocr_par' dir='ltr' id='par_1_32' title="bbox 396 2041 1902 2114">
     <span class='ocr_line' id='line_1_33' title="bbox 396 2041 1902 2114; baseline -0.006 -11"><span class='ocrx_word' id='word_1_247' title='bbox 396 2048 473 2103; x_wconf 84' lang='lat' dir='ltr'><strong>De</strong></span> <span class='ocrx_word' id='word_1_248' title='bbox 501 2046 729 2101; x_wconf 80' lang='lat' dir='ltr'><strong>diversis</strong></span> <span class='ocrx_word' id='word_1_249' title='bbox 758 2044 1047 2114; x_wconf 68' lang='lat' dir='ltr'><strong>generibus</strong></span> <span class='ocrx_word' id='word_1_250' title='bbox 1080 2044 1372 2097; x_wconf 79' lang='lat' dir='ltr'><strong>bestiarum</strong></span> <span class='ocrx_word' id='word_1_251' title='bbox 1401 2049 1454 2097; x_wconf 91' lang='lat' dir='ltr'><strong>et</strong></span> <span class='ocrx_word' id='word_1_252' title='bbox 1477 2042 1809 2112; x_wconf 85' lang='lat' dir='ltr'><strong>serpentium</strong></span> <span class='ocrx_word' id='word_1_253' title='bbox 1842 2041 1902 2095; x_wconf 84' lang='lat' dir='ltr'><strong>in</strong></span> 
     </span>
    </p>
   </div>
   <div class='ocr_carea' id='block_1_33' title="bbox 839 2112 1465 2170">
    <p class='ocr_par' dir='ltr' id='par_1_33' title="bbox 839 2112 1465 2170">
     <span class='ocr_line' id='line_1_34' title="bbox 839 2112 1465 2170; baseline -0.005 0"><span class='ocrx_word' id='word_1_254' title='bbox 839 2123 987 2170; x_wconf 77' lang='lat' dir='ltr'><strong>terra</strong></span> <span class='ocrx_word' id='word_1_255' title='bbox 1016 2112 1465 2168; x_wconf 85' lang='lat' dir='ltr'><strong>Sarracenorum.</strong></span> 
     </span>
    </p>
   </div>
   <div class='ocr_carea' id='block_1_34' title="bbox 398 2198 1971 2278">
    <p class='ocr_par' dir='ltr' id='par_1_34' title="bbox 398 2198 1971 2278">
     <span class='ocr_line' id='line_1_35' title="bbox 398 2198 1971 2278; baseline -0.006 -15"><span class='ocrx_word' id='word_1_256' title='bbox 398 2206 594 2278; x_wconf 90' lang='lat' dir='ltr'><strong>Nuper</strong></span> <span class='ocrx_word' id='word_1_257' title='bbox 621 2204 878 2259; x_wconf 86' lang='lat' dir='ltr'><strong>vidimus</strong></span> <span class='ocrx_word' id='word_1_258' title='bbox 909 2218 1112 2258; x_wconf 88' lang='lat' dir='ltr'><strong>omnes</strong></span> <span class='ocrx_word' id='word_1_259' title='bbox 1162 2202 1317 2273; x_wconf 92' lang='lat' dir='ltr'><strong>apud</strong></span> <span class='ocrx_word' id='word_1_260' title='bbox 1368 2199 1672 2272; x_wconf 89' lang='lat' dir='ltr'><strong>Neapolim</strong></span> <span class='ocrx_word' id='word_1_261' title='bbox 1722 2198 1971 2256; x_wconf 86' lang='lat' dir='ltr'><strong>bestiam</strong></span> 
     </span>
    </p>
   </div>
   <div class='ocr_carea' id='block_1_35' title="bbox 326 2288 1971 2369">
    <p class='ocr_par' dir='ltr' id='par_1_35' title="bbox 326 2288 1971 2369">
     <span class='ocr_line' id='line_1_36' title="bbox 326 2288 1971 2369; baseline -0.005 -17"><span class='ocrx_word' id='word_1_262' title='bbox 326 2296 667 2369; x_wconf 84' lang='lat' dir='ltr'><strong>quamdam,</strong></span> <span class='ocrx_word' id='word_1_263' title='bbox 697 2292 868 2363; x_wconf 86' lang='lat' dir='ltr'><strong>cujus</strong></span> <span class='ocrx_word' id='word_1_264' title='bbox 889 2307 1099 2346; x_wconf 90' lang='lat' dir='ltr'><strong>nomen</strong></span> <span class='ocrx_word' id='word_1_265' title='bbox 1131 2289 1328 2345; x_wconf 88' lang='lat' dir='ltr'><strong>nullus</strong></span> <span class='ocrx_word' id='word_1_266' title='bbox 1341 2288 1649 2344; x_wconf 89' lang='lat' dir='ltr'><strong>hominum</strong></span> <span class='ocrx_word' id='word_1_267' title='bbox 1672 2288 1971 2355; x_wconf 90' lang='lat' dir='ltr'><strong>novit,nec</strong></span> 
     </span>
    </p>
   </div>
   <div class='ocr_carea' id='block_1_36' title="bbox 326 2376 1973 2453">
    <p class='ocr_par' dir='ltr' id='par_1_36' title="bbox 326 2376 1973 2453">
     <span class='ocr_line' id='line_1_37' title="bbox 326 2376 1973 2453; baseline -0.006 -13"><span class='ocrx_word' id='word_1_268' title='bbox 326 2383 582 2451; x_wconf 87' lang='lat' dir='ltr'><strong>audivit;</strong></span> <span class='ocrx_word' id='word_1_269' title='bbox 612 2381 757 2437; x_wconf 85' lang='lat' dir='ltr'><strong>facie</strong></span> <span class='ocrx_word' id='word_1_270' title='bbox 777 2398 894 2453; x_wconf 90' lang='lat' dir='ltr'><strong>qua</strong></span> <span class='ocrx_word' id='word_1_271' title='bbox 921 2379 1142 2444; x_wconf 90' lang='lat' dir='ltr'><strong>hircus,</strong></span> <span class='ocrx_word' id='word_1_272' title='bbox 1167 2378 1313 2434; x_wconf 93' lang='lat' dir='ltr'><strong>collo</strong></span> <span class='ocrx_word' id='word_1_273' title='bbox 1340 2383 1405 2433; x_wconf 90' lang='lat' dir='ltr'><strong>ut</strong></span> <span class='ocrx_word' id='word_1_274' title='bbox 1436 2377 1596 2433; x_wconf 89' lang='lat' dir='ltr'><strong>aselli</strong></span> <span class='ocrx_word' id='word_1_275' title='bbox 1622 2376 1849 2444; x_wconf 87' lang='lat' dir='ltr'><strong>crinito,</strong></span> <span class='ocrx_word' id='word_1_276' title='bbox 1868 2394 1973 2431; x_wconf 91' lang='lat' dir='ltr'><strong>un-</strong></span> 
     </span>
    </p>
   </div>
   <div class='ocr_carea' id='block_1_37' title="bbox 325 2466 1966 2547">
    <p class='ocr_par' dir='ltr' id='par_1_37' title="bbox 325 2466 1966 2547">
     <span class='ocr_line' id='line_1_38' title="bbox 325 2466 1966 2547; baseline -0.004 -19"><span class='ocrx_word' id='word_1_277' title='bbox 325 2472 500 2547; x_wconf 90' lang='lat' dir='ltr'><strong>gulis,</strong></span> <span class='ocrx_word' id='word_1_278' title='bbox 552 2469 769 2540; x_wconf 81' lang='lat' dir='ltr'><strong>bifidis,</strong></span> <span class='ocrx_word' id='word_1_279' title='bbox 821 2469 1008 2525; x_wconf 88' lang='lat' dir='ltr'><strong>cauda</strong></span> <span class='ocrx_word' id='word_1_280' title='bbox 1052 2466 1316 2533; x_wconf 89' lang='lat' dir='ltr'><strong>vitulina,</strong></span> <span class='ocrx_word' id='word_1_281' title='bbox 1363 2466 1539 2523; x_wconf 87' lang='lat' dir='ltr'><strong>ariete</strong></span> <span class='ocrx_word' id='word_1_282' title='bbox 1569 2467 1870 2538; x_wconf 88' lang='lat' dir='ltr'><strong>majorem.</strong></span> <span class='ocrx_word' id='word_1_283' title='bbox 1907 2466 1966 2521; x_wconf 91' lang='lat' dir='ltr'><strong>In</strong></span> 
     </span>
    </p>
   </div>
   <div class='ocr_carea' id='block_1_38' title="bbox 326 2556 1970 2634">
    <p class='ocr_par' dir='ltr' id='par_1_38' title="bbox 326 2556 1970 2634">
     <span class='ocr_line' id='line_1_39' title="bbox 326 2556 1970 2634; baseline -0.006 -15"><span class='ocrx_word' id='word_1_284' title='bbox 326 2561 642 2634; x_wconf 80' lang='lat' dir='ltr'><strong>Babylonia</strong></span> <span class='ocrx_word' id='word_1_285' title='bbox 671 2574 903 2633; x_wconf 92' lang='lat' dir='ltr'><strong>quoque</strong></span> <span class='ocrx_word' id='word_1_286' title='bbox 931 2561 1021 2614; x_wconf 89' lang='lat' dir='ltr'><strong>est</strong></span> <span class='ocrx_word' id='word_1_287' title='bbox 1050 2557 1164 2612; x_wconf 89' lang='lat' dir='ltr'><strong>alia</strong></span> <span class='ocrx_word' id='word_1_288' title='bbox 1192 2556 1401 2622; x_wconf 88' lang='lat' dir='ltr'><strong>bestia,</strong></span> <span class='ocrx_word' id='word_1_289' title='bbox 1431 2573 1609 2629; x_wconf 89' lang='lat' dir='ltr'><strong>quam</strong></span> <span class='ocrx_word' id='word_1_290' title='bbox 1663 2556 1970 2610; x_wconf 84' lang='lat' dir='ltr'><strong>Chimemm</strong></span> 
     </span>
    </p>
   </div>
   <div class='ocr_carea' id='block_1_39' title="bbox 323 2644 1967 2722">
    <p class='ocr_par' dir='ltr' id='par_1_39' title="bbox 323 2644 1967 2722">
     <span class='ocr_line' id='line_1_40' title="bbox 323 2644 1967 2722; baseline -0.006 -14"><span class='ocrx_word' id='word_1_291' title='bbox 323 2653 551 2721; x_wconf 91' lang='lat' dir='ltr'><strong>vocant,</strong></span> <span class='ocrx_word' id='word_1_292' title='bbox 575 2667 700 2722; x_wconf 70' lang='lat' dir='ltr'><strong>quae</strong></span> <span class='ocrx_word' id='word_1_293' title='bbox 723 2665 838 2704; x_wconf 89' lang='lat' dir='ltr'><strong>non</strong></span> <span class='ocrx_word' id='word_1_294' title='bbox 855 2654 1024 2714; x_wconf 88' lang='lat' dir='ltr'><strong>retro,</strong></span> <span class='ocrx_word' id='word_1_295' title='bbox 1048 2646 1145 2702; x_wconf 89' lang='lat' dir='ltr'><strong>sed</strong></span> <span class='ocrx_word' id='word_1_296' title='bbox 1170 2649 1302 2701; x_wconf 88' lang='lat' dir='ltr'><strong>ante</strong></span> <span class='ocrx_word' id='word_1_297' title='bbox 1324 2644 1442 2700; x_wconf 88' lang='lat' dir='ltr'><strong>alta</strong></span> <span class='ocrx_word' id='word_1_298' title='bbox 1462 2649 1569 2711; x_wconf 86' lang='lat' dir='ltr'><strong>est,</strong></span> <span class='ocrx_word' id='word_1_299' title='bbox 1595 2661 1770 2717; x_wconf 89' lang='lat' dir='ltr'><strong>super</strong></span> <span class='ocrx_word' id='word_1_300' title='bbox 1791 2660 1967 2716; x_wconf 92' lang='lat' dir='ltr'><strong>quam</strong></span> 
     </span>
    </p>
   </div>
   <div class='ocr_carea' id='block_1_40' title="bbox 325 2732 1966 2809">
    <p class='ocr_par' dir='ltr' id='par_1_40' title="bbox 325 2732 1966 2809">
     <span class='ocr_line' id='line_1_41' title="bbox 325 2732 1966 2809; baseline -0.004 -15"><span class='ocrx_word' id='word_1_301' title='bbox 325 2739 385 2796; x_wconf 90' lang='lat' dir='ltr'><strong>in</strong></span> <span class='ocrx_word' id='word_1_302' title='bbox 434 2739 643 2795; x_wconf 90' lang='lat' dir='ltr'><strong>diebus</strong></span> <span class='ocrx_word' id='word_1_303' title='bbox 673 2736 997 2809; x_wconf 89' lang='lat' dir='ltr'><strong>majoribus</strong></span> <span class='ocrx_word' id='word_1_304' title='bbox 1028 2733 1273 2807; x_wconf 89' lang='lat' dir='ltr'><strong>pallium</strong></span> <span class='ocrx_word' id='word_1_305' title='bbox 1305 2734 1626 2789; x_wconf 82' lang='lat' dir='ltr'><strong>extendunt</strong></span> <span class='ocrx_word' id='word_1_306' title='bbox 1656 2732 1966 2806; x_wconf 90' lang='lat' dir='ltr'><strong>optimum,</strong></span> 
     </span>
    </p>
   </div>
   <div class='ocr_carea' id='block_1_41' title="bbox 324 2822 1965 2902">
    <p class='ocr_par' dir='ltr' id='par_1_41' title="bbox 324 2822 1965 2902">
     <span class='ocr_line' id='line_1_42' title="bbox 324 2822 1965 2902; baseline -0.005 -17"><span class='ocrx_word' id='word_1_307' title='bbox 324 2827 570 2902; x_wconf 90' lang='lat' dir='ltr'><strong>principi</strong></span> <span class='ocrx_word' id='word_1_308' title='bbox 603 2843 710 2883; x_wconf 91' lang='lat' dir='ltr'><strong>suo</strong></span> <span class='ocrx_word' id='word_1_309' title='bbox 733 2842 869 2881; x_wconf 92' lang='lat' dir='ltr'><strong>cum</strong></span> <span class='ocrx_word' id='word_1_310' title='bbox 892 2823 1121 2897; x_wconf 89' lang='lat' dir='ltr'><strong>magnis</strong></span> <span class='ocrx_word' id='word_1_311' title='bbox 1144 2823 1252 2879; x_wconf 89' lang='lat' dir='ltr'><strong>alis</strong></span> <span class='ocrx_word' id='word_1_312' title='bbox 1274 2823 1654 2895; x_wconf 88' lang='lat' dir='ltr'><strong>apparatibus</strong></span> <span class='ocrx_word' id='word_1_313' title='bbox 1675 2822 1965 2878; x_wconf 91' lang='lat' dir='ltr'><strong>servituri.</strong></span> 
     </span>
    </p>
   </div>
   <div class='ocr_carea' id='block_1_42' title="bbox 324 2911 1966 2984">
    <p class='ocr_par' dir='ltr' id='par_1_42' title="bbox 324 2911 1966 2984">
     <span class='ocr_line' id='line_1_43' title="bbox 324 2911 1966 2984; baseline -0.005 -10"><span class='ocrx_word' id='word_1_314' title='bbox 324 2918 425 2974; x_wconf 89' lang='lat' dir='ltr'><strong>Est</strong></span> <span class='ocrx_word' id='word_1_315' title='bbox 471 2915 794 2973; x_wconf 77' lang='lat' dir='ltr'><strong>crocodillus</strong></span> <span class='ocrx_word' id='word_1_316' title='bbox 842 2912 1059 2970; x_wconf 89' lang='lat' dir='ltr'><strong>animal</strong></span> <span class='ocrx_word' id='word_1_317' title='bbox 1109 2912 1465 2984; x_wconf 87' lang='lat' dir='ltr'><strong>quadrupes.</strong></span> <span class='ocrx_word' id='word_1_318' title='bbox 1519 2916 1581 2967; x_wconf 86' lang='lat' dir='ltr'><strong>In</strong></span> <span class='ocrx_word' id='word_1_319' title='bbox 1612 2915 1770 2967; x_wconf 86' lang='lat' dir='ltr'><strong>terra</strong></span> <span class='ocrx_word' id='word_1_320' title='bbox 1813 2915 1869 2967; x_wconf 91' lang='lat' dir='ltr'><strong>et</strong></span> <span class='ocrx_word' id='word_1_321' title='bbox 1906 2911 1966 2967; x_wconf 93' lang='lat' dir='ltr'><strong>in</strong></span> 
     </span>
    </p>
   </div>
   <div class='ocr_carea' id='block_1_43' title="bbox 325 3000 1966 3077">
    <p class='ocr_par' dir='ltr' id='par_1_43' title="bbox 325 3000 1966 3077">
     <span class='ocr_line' id='line_1_44' title="bbox 325 3000 1966 3077; baseline -0.004 -16"><span class='ocrx_word' id='word_1_322' title='bbox 325 3005 566 3061; x_wconf 83' lang='lat' dir='ltr'><strong>ﬂumine</strong></span> <span class='ocrx_word' id='word_1_323' title='bbox 583 3003 800 3077; x_wconf 89' lang='lat' dir='ltr'><strong>pariter</strong></span> <span class='ocrx_word' id='word_1_324' title='bbox 813 3001 984 3059; x_wconf 89' lang='lat' dir='ltr'><strong>valet.</strong></span> <span class='ocrx_word' id='word_1_325' title='bbox 1012 3001 1297 3074; x_wconf 86' lang='lat' dir='ltr'><strong>Linguam</strong></span> <span class='ocrx_word' id='word_1_326' title='bbox 1322 3017 1436 3056; x_wconf 90' lang='lat' dir='ltr'><strong>non</strong></span> <span class='ocrx_word' id='word_1_327' title='bbox 1458 3000 1652 3069; x_wconf 86' lang='lat' dir='ltr'><strong>habet,</strong></span> <span class='ocrx_word' id='word_1_328' title='bbox 1669 3000 1966 3057; x_wconf 85' lang='lat' dir='ltr'><strong>maxillam</strong></span> 
     </span>
    </p>
   </div>
   <div class='ocr_carea' id='block_1_44' title="bbox 323 3088 1967 3166">
    <p class='ocr_par' dir='ltr' id='par_1_44' title="bbox 323 3088 1967 3166">
     <span class='ocr_line' id='line_1_45' title="bbox 323 3088 1967 3166; baseline -0.004 -16"><span class='ocrx_word' id='word_1_329' title='bbox 323 3098 514 3152; x_wconf 89' lang='lat' dir='ltr'><strong>movet</strong></span> <span class='ocrx_word' id='word_1_330' title='bbox 544 3092 925 3166; x_wconf 86' lang='lat' dir='ltr'><strong>superiorem,</strong></span> <span class='ocrx_word' id='word_1_331' title='bbox 957 3107 1189 3147; x_wconf 89' lang='lat' dir='ltr'><strong>morsus</strong></span> <span class='ocrx_word' id='word_1_332' title='bbox 1211 3090 1338 3161; x_wconf 89' lang='lat' dir='ltr'><strong>ejus</strong></span> <span class='ocrx_word' id='word_1_333' title='bbox 1370 3088 1633 3145; x_wconf 87' lang='lat' dir='ltr'><strong>horribili</strong></span> <span class='ocrx_word' id='word_1_334' title='bbox 1655 3088 1967 3145; x_wconf 89' lang='lat' dir='ltr'><strong>tenacitate</strong></span> 
     </span>
    </p>
   </div>
   <div class='ocr_carea' id='block_1_45' title="bbox 2087 1843 3741 1920">
    <p class='ocr_par' dir='ltr' id='par_1_45' title="bbox 2087 1843 3741 1920">
     <span class='ocr_line' id='line_1_46' title="bbox 2087 1843 3741 1920; baseline -0.002 -17"><span class='ocrx_word' id='word_1_335' title='bbox 2087 1864 2185 1903; x_wconf 90' lang='lat' dir='ltr'><strong>eas</strong></span> <span class='ocrx_word' id='word_1_336' title='bbox 2217 1847 2585 1920; x_wconf 87' lang='lat' dir='ltr'><strong>persentiunt</strong></span> <span class='ocrx_word' id='word_1_337' title='bbox 2614 1851 2922 1920; x_wconf 90' lang='lat' dir='ltr'><strong>properato</strong></span> <span class='ocrx_word' id='word_1_338' title='bbox 2951 1846 3390 1915; x_wconf 87' lang='lat' dir='ltr'><strong>convenire,nec</strong></span> <span class='ocrx_word' id='word_1_339' title='bbox 3407 1845 3608 1902; x_wconf 89' lang='lat' dir='ltr'><strong>terreri</strong></span> <span class='ocrx_word' id='word_1_340' title='bbox 3625 1843 3741 1900; x_wconf 88' lang='lat' dir='ltr'><strong>nisi</strong></span> 
     </span>
    </p>
   </div>
   <div class='ocr_carea' id='block_1_46' title="bbox 2087 1933 3736 2008">
    <p class='ocr_par' dir='ltr' id='par_1_46' title="bbox 2087 1933 3736 2008">
     <span class='ocr_line' id='line_1_47' title="bbox 2087 1933 3736 2008; baseline -0.002 -16"><span class='ocrx_word' id='word_1_341' title='bbox 2087 1936 2212 1992; x_wconf 91' lang='lat' dir='ltr'><strong>sola</strong></span> <span class='ocrx_word' id='word_1_342' title='bbox 2242 1936 2361 1993; x_wconf 90' lang='lat' dir='ltr'><strong>oris</strong></span> <span class='ocrx_word' id='word_1_343' title='bbox 2390 1936 2680 1992; x_wconf 89' lang='lat' dir='ltr'><strong>torvitate.</strong></span> <span class='ocrx_word' id='word_1_344' title='bbox 2716 1937 2828 1992; x_wconf 90' lang='lat' dir='ltr'><strong>Eas</strong></span> <span class='ocrx_word' id='word_1_345' title='bbox 2872 1951 3096 1992; x_wconf 89' lang='lat' dir='ltr'><strong>veneno</strong></span> <span class='ocrx_word' id='word_1_346' title='bbox 3146 1933 3509 2008; x_wconf 83' lang='lat' dir='ltr'><strong>frequentius</strong></span> <span class='ocrx_word' id='word_1_347' title='bbox 3556 1950 3736 2007; x_wconf 89' lang='lat' dir='ltr'><strong>quam</strong></span> 
     </span>
    </p>
   </div>
   <div class='ocr_carea' id='block_1_47' title="bbox 2085 2021 3737 2093">
    <p class='ocr_par' dir='ltr' id='par_1_47' title="bbox 2085 2021 3737 2093">
     <span class='ocr_line' id='line_1_48' title="bbox 2085 2021 3737 2093; baseline -0.001 -13"><span class='ocrx_word' id='word_1_348' title='bbox 2085 2026 2236 2080; x_wconf 87' lang='lat' dir='ltr'><strong>ferro</strong></span> <span class='ocrx_word' id='word_1_349' title='bbox 2269 2028 2516 2093; x_wconf 89' lang='lat' dir='ltr'><strong>necant;</strong></span> <span class='ocrx_word' id='word_1_350' title='bbox 2547 2023 2706 2080; x_wconf 89' lang='lat' dir='ltr'><strong>lenta</strong></span> <span class='ocrx_word' id='word_1_351' title='bbox 2747 2023 2864 2081; x_wconf 87' lang='lat' dir='ltr'><strong>illis</strong></span> <span class='ocrx_word' id='word_1_352' title='bbox 2910 2023 3209 2080; x_wconf 89' lang='lat' dir='ltr'><strong>vivacitas.</strong></span> <span class='ocrx_word' id='word_1_353' title='bbox 3246 2023 3348 2079; x_wconf 88' lang='lat' dir='ltr'><strong>Est</strong></span> <span class='ocrx_word' id='word_1_354' title='bbox 3391 2023 3525 2093; x_wconf 80' lang='lat' dir='ltr'><strong>aloe,</strong></span> <span class='ocrx_word' id='word_1_355' title='bbox 3559 2021 3737 2078; x_wconf 88' lang='lat' dir='ltr'><strong>mulis</strong></span> 
     </span>
    </p>
   </div>
   <div class='ocr_carea' id='block_1_48' title="bbox 2082 2110 3739 2187">
    <p class='ocr_par' dir='ltr' id='par_1_48' title="bbox 2082 2110 3739 2187">
     <span class='ocr_line' id='line_1_49' title="bbox 2082 2110 3739 2187; baseline -0.002 -18"><span class='ocrx_word' id='word_1_356' title='bbox 2082 2114 2645 2187; x_wconf 90' lang='lat' dir='ltr'><strong>comparanda;adeo</strong></span> <span class='ocrx_word' id='word_1_357' title='bbox 2675 2113 2987 2187; x_wconf 88' lang='lat' dir='ltr'><strong>propensio</strong></span> <span class='ocrx_word' id='word_1_358' title='bbox 3018 2113 3182 2169; x_wconf 89' lang='lat' dir='ltr'><strong>labro</strong></span> <span class='ocrx_word' id='word_1_359' title='bbox 3213 2111 3601 2185; x_wconf 89' lang='lat' dir='ltr'><strong>superiore,ut</strong></span> <span class='ocrx_word' id='word_1_360' title='bbox 3620 2110 3739 2168; x_wconf 87' lang='lat' dir='ltr'><strong>nisi</strong></span> 
     </span>
    </p>
   </div>
   <div class='ocr_carea' id='block_1_49' title="bbox 2082 2201 3733 2275">
    <p class='ocr_par' dir='ltr' id='par_1_49' title="bbox 2082 2201 3733 2275">
     <span class='ocr_line' id='line_1_50' title="bbox 2082 2201 3733 2275; baseline 0 -17"><span class='ocrx_word' id='word_1_361' title='bbox 2082 2204 2357 2260; x_wconf 89' lang='lat' dir='ltr'><strong>recedens</strong></span> <span class='ocrx_word' id='word_1_362' title='bbox 2387 2202 2447 2258; x_wconf 89' lang='lat' dir='ltr'><strong>in</strong></span> <span class='ocrx_word' id='word_1_363' title='bbox 2477 2202 2798 2275; x_wconf 89' lang='lat' dir='ltr'><strong>posteriora</strong></span> <span class='ocrx_word' id='word_1_364' title='bbox 2815 2201 3062 2275; x_wconf 83' lang='lat' dir='ltr'><strong>vestigia</strong></span> <span class='ocrx_word' id='word_1_365' title='bbox 3087 2201 3246 2274; x_wconf 91' lang='lat' dir='ltr'><strong>pasci</strong></span> <span class='ocrx_word' id='word_1_366' title='bbox 3261 2204 3530 2274; x_wconf 87' lang='lat' dir='ltr'><strong>nequeat.</strong></span> <span class='ocrx_word' id='word_1_367' title='bbox 3549 2201 3733 2258; x_wconf 79' lang='lat' dir='ltr'><strong>Came-</strong></span> 
     </span>
    </p>
   </div>
   <div class='ocr_carea' id='block_1_50' title="bbox 2082 2289 3725 2365">
    <p class='ocr_par' dir='ltr' id='par_1_50' title="bbox 2082 2289 3725 2365">
     <span class='ocr_line' id='line_1_51' title="bbox 2082 2289 3725 2365; baseline -0.002 -16"><span class='ocrx_word' id='word_1_368' title='bbox 2082 2295 2197 2349; x_wconf 71' lang='lat' dir='ltr'><strong>t&#39;eon</strong></span> <span class='ocrx_word' id='word_1_369' title='bbox 2228 2293 2490 2349; x_wconf 89' lang='lat' dir='ltr'><strong>nascitur</strong></span> <span class='ocrx_word' id='word_1_370' title='bbox 2516 2291 2576 2346; x_wconf 91' lang='lat' dir='ltr'><strong>in</strong></span> <span class='ocrx_word' id='word_1_371' title='bbox 2608 2292 2747 2348; x_wconf 84' lang='lat' dir='ltr'><strong>Asia</strong></span> <span class='ocrx_word' id='word_1_372' title='bbox 2776 2290 3089 2365; x_wconf 91' lang='lat' dir='ltr'><strong>plurimus,</strong></span> <span class='ocrx_word' id='word_1_373' title='bbox 3116 2289 3334 2346; x_wconf 88' lang='lat' dir='ltr'><strong>animal</strong></span> <span class='ocrx_word' id='word_1_374' title='bbox 3367 2290 3725 2363; x_wconf 88' lang='lat' dir='ltr'><strong>quadrupes,</strong></span> 
     </span>
    </p>
   </div>
   <div class='ocr_carea' id='block_1_51' title="bbox 2080 2378 3723 2453">
    <p class='ocr_par' dir='ltr' id='par_1_51' title="bbox 2080 2378 3723 2453">
     <span class='ocr_line' id='line_1_52' title="bbox 2080 2378 3723 2453; baseline -0.002 -16"><span class='ocrx_word' id='word_1_375' title='bbox 2080 2381 2257 2438; x_wconf 86' lang='lat' dir='ltr'><strong>facies</strong></span> <span class='ocrx_word' id='word_1_376' title='bbox 2306 2398 2421 2453; x_wconf 91' lang='lat' dir='ltr'><strong>qua</strong></span> <span class='ocrx_word' id='word_1_377' title='bbox 2465 2380 2712 2447; x_wconf 58' lang='lat' dir='ltr'><strong>lacertae,</strong></span> <span class='ocrx_word' id='word_1_378' title='bbox 2759 2380 2871 2435; x_wconf 87' lang='lat' dir='ltr'><strong>nisi</strong></span> <span class='ocrx_word' id='word_1_379' title='bbox 2924 2397 3094 2435; x_wconf 87' lang='lat' dir='ltr'><strong>crura</strong></span> <span class='ocrx_word' id='word_1_380' title='bbox 3150 2382 3315 2434; x_wconf 84' lang='lat' dir='ltr'><strong>curta</strong></span> <span class='ocrx_word' id='word_1_381' title='bbox 3357 2383 3413 2435; x_wconf 89' lang='lat' dir='ltr'><strong>et</strong></span> <span class='ocrx_word' id='word_1_382' title='bbox 3458 2378 3723 2452; x_wconf 87' lang='lat' dir='ltr'><strong>longiora</strong></span> 
     </span>
    </p>
   </div>
   <div class='ocr_carea' id='block_1_52' title="bbox 2076 2467 3719 2542">
    <p class='ocr_par' dir='ltr' id='par_1_52' title="bbox 2076 2467 3719 2542">
     <span class='ocr_line' id='line_1_53' title="bbox 2076 2467 3719 2542; baseline -0.002 -17"><span class='ocrx_word' id='word_1_383' title='bbox 2076 2468 2266 2527; x_wconf 90' lang='lat' dir='ltr'><strong>ventri</strong></span> <span class='ocrx_word' id='word_1_384' title='bbox 2306 2471 2715 2542; x_wconf 89' lang='lat' dir='ltr'><strong>jungerentur.</strong></span> <span class='ocrx_word' id='word_1_385' title='bbox 2764 2467 2991 2525; x_wconf 82' lang='lat' dir='ltr'><strong>Prolixa</strong></span> <span class='ocrx_word' id='word_1_386' title='bbox 3036 2468 3241 2536; x_wconf 89' lang='lat' dir='ltr'><strong>cauda,</strong></span> <span class='ocrx_word' id='word_1_387' title='bbox 3294 2469 3613 2541; x_wconf 90' lang='lat' dir='ltr'><strong>eademque</strong></span> <span class='ocrx_word' id='word_1_388' title='bbox 3659 2468 3719 2523; x_wconf 89' lang='lat' dir='ltr'><strong>in</strong></span> 
     </span>
    </p>
   </div>
   <div class='ocr_carea' id='block_1_53' title="bbox 2077 2556 3721 2632">
    <p class='ocr_par' dir='ltr' id='par_1_53' title="bbox 2077 2556 3721 2632">
     <span class='ocr_line' id='line_1_54' title="bbox 2077 2556 3721 2632; baseline -0.002 -17"><span class='ocrx_word' id='word_1_389' title='bbox 2077 2558 2421 2632; x_wconf 85' lang='lat' dir='ltr'><strong>vertiginem</strong></span> <span class='ocrx_word' id='word_1_390' title='bbox 2453 2558 2853 2626; x_wconf 85' lang='lat' dir='ltr'><strong>torta,hamati</strong></span> <span class='ocrx_word' id='word_1_391' title='bbox 2885 2573 3111 2630; x_wconf 90' lang='lat' dir='ltr'><strong>ungues</strong></span> <span class='ocrx_word' id='word_1_392' title='bbox 3133 2556 3334 2613; x_wconf 89' lang='lat' dir='ltr'><strong>subtili</strong></span> <span class='ocrx_word' id='word_1_393' title='bbox 3367 2557 3721 2628; x_wconf 87' lang='lat' dir='ltr'><strong>aduncitate,</strong></span> 
     </span>
    </p>
   </div>
   <div class='ocr_carea' id='block_1_54' title="bbox 2078 2645 3725 2721">
    <p class='ocr_par' dir='ltr' id='par_1_54' title="bbox 2078 2645 3725 2721">
     <span class='ocr_line' id='line_1_55' title="bbox 2078 2645 3725 2721; baseline -0.001 -18"><span class='ocrx_word' id='word_1_394' title='bbox 2078 2647 2344 2704; x_wconf 80' lang='lat' dir='ltr'><strong>incessus</strong></span> <span class='ocrx_word' id='word_1_395' title='bbox 2376 2648 2781 2721; x_wconf 88' lang='lat' dir='ltr'><strong>piger,eorpus</strong></span> <span class='ocrx_word' id='word_1_396' title='bbox 2804 2646 3257 2720; x_wconf 88' lang='lat' dir='ltr'><strong>asperum,cutis</strong></span> <span class='ocrx_word' id='word_1_397' title='bbox 3278 2646 3509 2719; x_wconf 88' lang='lat' dir='ltr'><strong>qualem</strong></span> <span class='ocrx_word' id='word_1_398' title='bbox 3525 2645 3586 2701; x_wconf 92' lang='lat' dir='ltr'><strong>in</strong></span> <span class='ocrx_word' id='word_1_399' title='bbox 3604 2662 3725 2702; x_wconf 87' lang='lat' dir='ltr'><strong>cro-</strong></span> 
     </span>
    </p>
   </div>
   <div class='ocr_carea' id='block_1_55' title="bbox 2076 2735 3723 2808">
    <p class='ocr_par' dir='ltr' id='par_1_55' title="bbox 2076 2735 3723 2808">
     <span class='ocr_line' id='line_1_56' title="bbox 2076 2735 3723 2808; baseline -0.001 -15"><span class='ocrx_word' id='word_1_400' title='bbox 2076 2736 2304 2794; x_wconf 91' lang='lat' dir='ltr'><strong>codillis</strong></span> <span class='ocrx_word' id='word_1_401' title='bbox 2355 2735 2868 2808; x_wconf 88' lang='lat' dir='ltr'><strong>deprehendimus,</strong></span> <span class='ocrx_word' id='word_1_402' title='bbox 2918 2735 3117 2792; x_wconf 87' lang='lat' dir='ltr'><strong>hiatus</strong></span> <span class='ocrx_word' id='word_1_403' title='bbox 3164 2737 3294 2807; x_wconf 90' lang='lat' dir='ltr'><strong>ejus</strong></span> <span class='ocrx_word' id='word_1_404' title='bbox 3349 2739 3623 2802; x_wconf 72' lang='lat' dir='ltr'><strong>aeternus,</strong></span> <span class='ocrx_word' id='word_1_405' title='bbox 3657 2752 3723 2791; x_wconf 90' lang='lat' dir='ltr'><strong>ac</strong></span> 
     </span>
    </p>
   </div>
   <div class='ocr_carea' id='block_1_56' title="bbox 2076 2823 3724 2897">
    <p class='ocr_par' dir='ltr' id='par_1_56' title="bbox 2076 2823 3724 2897">
     <span class='ocr_line' id='line_1_57' title="bbox 2076 2823 3724 2897; baseline -0.002 -14"><span class='ocrx_word' id='word_1_406' title='bbox 2076 2826 2201 2884; x_wconf 89' lang='lat' dir='ltr'><strong>sine</strong></span> <span class='ocrx_word' id='word_1_407' title='bbox 2233 2825 2411 2882; x_wconf 90' lang='lat' dir='ltr'><strong>ullius</strong></span> <span class='ocrx_word' id='word_1_408' title='bbox 2441 2842 2587 2882; x_wconf 88' lang='lat' dir='ltr'><strong>usus</strong></span> <span class='ocrx_word' id='word_1_409' title='bbox 2614 2823 3313 2897; x_wconf 89' lang='lat' dir='ltr'><strong>ministerio.Impetibilis</strong></span> <span class='ocrx_word' id='word_1_410' title='bbox 3344 2828 3433 2881; x_wconf 89' lang='lat' dir='ltr'><strong>est</strong></span> <span class='ocrx_word' id='word_1_411' title='bbox 3461 2823 3724 2881; x_wconf 84' lang='lat' dir='ltr'><strong>coraci.A</strong></span> 
     </span>
    </p>
   </div>
   <div class='ocr_carea' id='block_1_57' title="bbox 2076 2912 3724 2989">
    <p class='ocr_par' dir='ltr' id='par_1_57' title="bbox 2076 2912 3724 2989">
     <span class='ocr_line' id='line_1_58' title="bbox 2076 2912 3724 2989; baseline -0.001 -18"><span class='ocrx_word' id='word_1_412' title='bbox 2076 2932 2428 2989; x_wconf 91' lang='lat' dir='ltr'><strong>quocunque</strong></span> <span class='ocrx_word' id='word_1_413' title='bbox 2461 2915 2802 2970; x_wconf 79' lang='lat' dir='ltr'><strong>interiectus</strong></span> <span class='ocrx_word' id='word_1_414' title='bbox 2828 2917 2942 2982; x_wconf 81' lang='lat' dir='ltr'><strong>est,</strong></span> <span class='ocrx_word' id='word_1_415' title='bbox 2974 2914 3255 2970; x_wconf 92' lang='lat' dir='ltr'><strong>victorem</strong></span> <span class='ocrx_word' id='word_1_416' title='bbox 3288 2930 3462 2969; x_wconf 88' lang='lat' dir='ltr'><strong>suum</strong></span> <span class='ocrx_word' id='word_1_417' title='bbox 3484 2912 3724 2987; x_wconf 88' lang='lat' dir='ltr'><strong>perimit</strong></span> 
     </span>
    </p>
   </div>
   <div class='ocr_carea' id='block_1_58' title="bbox 2075 3002 3722 3069">
    <p class='ocr_par' dir='ltr' id='par_1_58' title="bbox 2075 3002 3722 3069">
     <span class='ocr_line' id='line_1_59' title="bbox 2075 3002 3722 3069; baseline -0.002 -8"><span class='ocrx_word' id='word_1_418' title='bbox 2075 3004 2435 3061; x_wconf 80' lang='lat' dir='ltr'><strong>interfectus.</strong></span> <span class='ocrx_word' id='word_1_419' title='bbox 2466 3004 2612 3059; x_wconf 89' lang='lat' dir='ltr'><strong>Nam</strong></span> <span class='ocrx_word' id='word_1_420' title='bbox 2645 3003 2693 3059; x_wconf 90' lang='lat' dir='ltr'><strong>si</strong></span> <span class='ocrx_word' id='word_1_421' title='bbox 2725 3002 2812 3059; x_wconf 90' lang='lat' dir='ltr'><strong>vel</strong></span> <span class='ocrx_word' id='word_1_422' title='bbox 2846 3002 3140 3059; x_wconf 90' lang='lat' dir='ltr'><strong>modicum</strong></span> <span class='ocrx_word' id='word_1_423' title='bbox 3172 3002 3292 3059; x_wconf 91' lang='lat' dir='ltr'><strong>ales</strong></span> <span class='ocrx_word' id='word_1_424' title='bbox 3323 3020 3391 3059; x_wconf 84' lang='lat' dir='ltr'><strong>ex</strong></span> <span class='ocrx_word' id='word_1_425' title='bbox 3412 3019 3478 3059; x_wconf 92' lang='lat' dir='ltr'><strong>eo</strong></span> <span class='ocrx_word' id='word_1_426' title='bbox 3517 3002 3722 3069; x_wconf 87' lang='lat' dir='ltr'><strong>ederit,</strong></span> 
     </span>
    </p>
   </div>
   <div class='ocr_carea' id='block_1_59' title="bbox 2077 3091 3724 3165">
    <p class='ocr_par' dir='ltr' id='par_1_59' title="bbox 2077 3091 3724 3165">
     <span class='ocr_line' id='line_1_60' title="bbox 2077 3091 3724 3165; baseline -0.001 -16"><span class='ocrx_word' id='word_1_427' title='bbox 2077 3093 2233 3150; x_wconf 90' lang='lat' dir='ltr'><strong>illico</strong></span> <span class='ocrx_word' id='word_1_428' title='bbox 2265 3093 2529 3149; x_wconf 89' lang='lat' dir='ltr'><strong>moritur.</strong></span> <span class='ocrx_word' id='word_1_429' title='bbox 2567 3093 2678 3149; x_wconf 85' lang='lat' dir='ltr'><strong>Sed</strong></span> <span class='ocrx_word' id='word_1_430' title='bbox 2713 3108 2885 3148; x_wconf 83' lang='lat' dir='ltr'><strong>corax</strong></span> <span class='ocrx_word' id='word_1_431' title='bbox 2913 3091 3091 3148; x_wconf 87' lang='lat' dir='ltr'><strong>habet</strong></span> <span class='ocrx_word' id='word_1_432' title='bbox 3129 3092 3465 3165; x_wconf 73' lang='lat' dir='ltr'><strong>praesidium</strong></span> <span class='ocrx_word' id='word_1_433' title='bbox 3498 3092 3569 3147; x_wconf 91' lang='lat' dir='ltr'><strong>ad</strong></span> <span class='ocrx_word' id='word_1_434' title='bbox 3601 3108 3724 3148; x_wconf 89' lang='lat' dir='ltr'><strong>me-</strong></span> 
     </span>
    </p>
   </div>
   <div class='ocr_carea' id='block_1_60' title="bbox 323 3166 3718 3255">
    <p class='ocr_par' dir='ltr' id='par_1_60' title="bbox 323 3166 3718 3255">
     <span class='ocr_line' id='line_1_61' title="bbox 323 3166 3718 3255; baseline -0.001 -16"><span class='ocrx_word' id='word_1_435' title='bbox 323 3183 692 3240; x_wconf 89' lang='lat' dir='ltr'><strong>conveniunt.</strong></span> <span class='ocrx_word' id='word_1_436' title='bbox 747 3180 1099 3252; x_wconf 90' lang='lat' dir='ltr'><strong>Plerumque</strong></span> <span class='ocrx_word' id='word_1_437' title='bbox 1146 3180 1217 3235; x_wconf 89' lang='lat' dir='ltr'><strong>ad</strong></span> <span class='ocrx_word' id='word_1_438' title='bbox 1259 3180 1330 3235; x_wconf 87' lang='lat'><strong>28</strong></span> <span class='ocrx_word' id='word_1_439' title='bbox 1370 3178 1541 3235; x_wconf 89' lang='lat' dir='ltr'><strong>ulnas</strong></span> <span class='ocrx_word' id='word_1_440' title='bbox 1582 3177 1968 3251; x_wconf 89' lang='lat' dir='ltr'><strong>longitudinis</strong></span> <span class='ocrx_word' id='word_1_441' title='bbox 1996 3166 2041 3234; x_wconf 83' lang='lat' dir='ltr'>C</span> <span class='ocrx_word' id='word_1_442' title='bbox 2080 3182 2293 3251; x_wconf 89' lang='lat' dir='ltr'><strong>delam,</strong></span> <span class='ocrx_word' id='word_1_443' title='bbox 2329 3186 2566 3255; x_wconf 89' lang='lat' dir='ltr'><strong>sumpta</strong></span> <span class='ocrx_word' id='word_1_444' title='bbox 2593 3180 2798 3237; x_wconf 80' lang='lat' dir='ltr'><strong>frondo</strong></span> <span class='ocrx_word' id='word_1_445' title='bbox 2826 3180 3029 3236; x_wconf 91' lang='lat' dir='ltr'><strong>laurea</strong></span> <span class='ocrx_word' id='word_1_446' title='bbox 3055 3190 3360 3254; x_wconf 87' lang='lat' dir='ltr'><strong>recuperat</strong></span> <span class='ocrx_word' id='word_1_447' title='bbox 3389 3180 3718 3237; x_wconf 89' lang='lat' dir='ltr'><strong>sanitatem.</strong></span> 
     </span>
    </p>
   </div>
   <div class='ocr_carea' id='block_1_61' title="bbox 323 3265 1969 3337">
    <p class='ocr_par' dir='ltr' id='par_1_61' title="bbox 323 3265 1969 3337">
     <span class='ocr_line' id='line_1_62' title="bbox 323 3265 1969 3337; baseline -0.004 -8"><span class='ocrx_word' id='word_1_448' title='bbox 323 3272 613 3329; x_wconf 89' lang='lat' dir='ltr'><strong>evalescit.</strong></span> <span class='ocrx_word' id='word_1_449' title='bbox 647 3269 853 3337; x_wconf 89' lang='lat' dir='ltr'><strong>Qualia</strong></span> <span class='ocrx_word' id='word_1_450' title='bbox 881 3274 1110 3325; x_wconf 88' lang='lat' dir='ltr'><strong>anteres</strong></span> <span class='ocrx_word' id='word_1_451' title='bbox 1139 3267 1258 3324; x_wconf 91' lang='lat' dir='ltr'><strong>edit</strong></span> <span class='ocrx_word' id='word_1_452' title='bbox 1306 3285 1449 3336; x_wconf 89' lang='lat' dir='ltr'><strong>ova;</strong></span> <span class='ocrx_word' id='word_1_453' title='bbox 1498 3284 1603 3324; x_wconf 90' lang='lat' dir='ltr'><strong>nec</strong></span> <span class='ocrx_word' id='word_1_454' title='bbox 1633 3265 1773 3323; x_wconf 91' lang='lat' dir='ltr'><strong>alibi</strong></span> <span class='ocrx_word' id='word_1_455' title='bbox 1818 3267 1969 3323; x_wconf 85' lang='lat' dir='ltr'><strong>fetus</strong></span> 
     </span>
    </p>
   </div>
   <div class='ocr_carea' id='block_1_62' title="bbox 2078 3269 3722 3345">
    <p class='ocr_par' dir='ltr' id='par_1_62' title="bbox 2078 3269 3722 3345">
     <span class='ocr_line' id='line_1_63' title="bbox 2078 3269 3722 3345; baseline -0.002 -18"><span class='ocrx_word' id='word_1_456' title='bbox 2078 3275 2298 3345; x_wconf 90' lang='lat' dir='ltr'><strong>Corpus</strong></span> <span class='ocrx_word' id='word_1_457' title='bbox 2329 3271 2454 3328; x_wconf 90' lang='lat' dir='ltr'><strong>sine</strong></span> <span class='ocrx_word' id='word_1_458' title='bbox 2484 3287 2677 3335; x_wconf 89' lang='lat' dir='ltr'><strong>carne,</strong></span> <span class='ocrx_word' id='word_1_459' title='bbox 2707 3269 2908 3325; x_wconf 78' lang='lat' dir='ltr'><strong>vitalia</strong></span> <span class='ocrx_word' id='word_1_460' title='bbox 2933 3270 3059 3325; x_wconf 89' lang='lat' dir='ltr'><strong>sine</strong></span> <span class='ocrx_word' id='word_1_461' title='bbox 3087 3269 3269 3336; x_wconf 89' lang='lat' dir='ltr'><strong>linea;</strong></span> <span class='ocrx_word' id='word_1_462' title='bbox 3302 3270 3630 3342; x_wconf 90' lang='lat' dir='ltr'><strong>cuicunque</strong></span> <span class='ocrx_word' id='word_1_463' title='bbox 3660 3284 3722 3324; x_wconf 87' lang='lat' dir='ltr'><strong>se</strong></span> 
     </span>
    </p>
   </div>
   <div class='ocr_carea' id='block_1_63' title="bbox 323 3355 1967 3433">
    <p class='ocr_par' dir='ltr' id='par_1_63' title="bbox 323 3355 1967 3433">
     <span class='ocr_line' id='line_1_64' title="bbox 323 3355 1967 3433; baseline -0.004 -17"><span class='ocrx_word' id='word_1_464' title='bbox 323 3361 738 3433; x_wconf 89' lang='lat' dir='ltr'><strong>premit,quam</strong></span> <span class='ocrx_word' id='word_1_465' title='bbox 774 3358 870 3413; x_wconf 91' lang='lat' dir='ltr'><strong>ubi</strong></span> <span class='ocrx_word' id='word_1_466' title='bbox 896 3357 1212 3414; x_wconf 83' lang='lat' dir='ltr'><strong>crescentis</strong></span> <span class='ocrx_word' id='word_1_467' title='bbox 1241 3355 1355 3411; x_wconf 89' lang='lat' dir='ltr'><strong>Nili</strong></span> <span class='ocrx_word' id='word_1_468' title='bbox 1387 3373 1550 3429; x_wconf 65' lang='lat' dir='ltr'><strong>aquas</strong></span> <span class='ocrx_word' id='word_1_469' title='bbox 1580 3373 1694 3412; x_wconf 90' lang='lat' dir='ltr'><strong>non</strong></span> <span class='ocrx_word' id='word_1_470' title='bbox 1722 3359 1967 3427; x_wconf 89' lang='lat' dir='ltr'><strong>possunt</strong></span> 
     </span>
    </p>
   </div>
   <div class='ocr_carea' id='block_1_64' title="bbox 2081 3355 3718 3433">
    <p class='ocr_par' dir='ltr' id='par_1_64' title="bbox 2081 3358 3718 3432">
     <span class='ocr_line' id='line_1_65' title="bbox 2081 3358 3718 3432; baseline -0.003 -15"><span class='ocrx_word' id='word_1_471' title='bbox 2081 3358 2633 3432; x_wconf 80' lang='lat' dir='ltr'><strong>iunxerit,concolor</strong></span> <span class='ocrx_word' id='word_1_472' title='bbox 2661 3359 2710 3415; x_wconf 87' lang='lat' dir='ltr'><strong>ei</strong></span> <span class='ocrx_word' id='word_1_473' title='bbox 2745 3360 2828 3414; x_wconf 84' lang='lat' dir='ltr'><strong>ﬁt.</strong></span> <span class='ocrx_word' id='word_1_474' title='bbox 2847 3359 3216 3416; x_wconf 85' lang='lat' dir='ltr'><strong>Salamandra</strong></span> <span class='ocrx_word' id='word_1_475' title='bbox 3237 3358 3430 3416; x_wconf 65' lang='lat' dir='ltr'><strong>Graece</strong></span> <span class='ocrx_word' id='word_1_476' title='bbox 3459 3363 3718 3428; x_wconf 88' lang='lat' dir='ltr'><strong>vocatur,</strong></span> 
     </span>
    </p>
   </div>
   <div class='ocr_carea' id='block_1_65' title="bbox 323 3443 1964 3521">
    <p class='ocr_par' dir='ltr' id='par_1_65' title="bbox 323 3443 1964 3521">
     <span class='ocr_line' id='line_1_66' title="bbox 323 3443 1964 3521; baseline -0.004 -16"><span class='ocrx_word' id='word_1_477' title='bbox 323 3449 640 3521; x_wconf 87' lang='lat' dir='ltr'><strong>pervenire.</strong></span> <span class='ocrx_word' id='word_1_478' title='bbox 670 3449 946 3502; x_wconf 87' lang='lat' dir='ltr'><strong>Armatus</strong></span> <span class='ocrx_word' id='word_1_479' title='bbox 977 3450 1067 3501; x_wconf 89' lang='lat' dir='ltr'><strong>est</strong></span> <span class='ocrx_word' id='word_1_480' title='bbox 1087 3446 1241 3501; x_wconf 88' lang='lat' dir='ltr'><strong>cnim</strong></span> <span class='ocrx_word' id='word_1_481' title='bbox 1268 3443 1555 3517; x_wconf 90' lang='lat' dir='ltr'><strong>unguium</strong></span> <span class='ocrx_word' id='word_1_482' title='bbox 1578 3443 1964 3500; x_wconf 88' lang='lat' dir='ltr'><strong>immanitate.</strong></span> 
     </span>
    </p>
   </div>
   <div class='ocr_carea' id='block_1_66' title="bbox 320 3532 1962 3607">
    <p class='ocr_par' dir='ltr' id='par_1_66' title="bbox 320 3532 1962 3607">
     <span class='ocr_line' id='line_1_67' title="bbox 320 3532 1962 3607; baseline -0.002 -14"><span class='ocrx_word' id='word_1_483' title='bbox 320 3538 601 3593; x_wconf 89' lang='lat' dir='ltr'><strong>Noctibus</strong></span> <span class='ocrx_word' id='word_1_484' title='bbox 631 3536 689 3590; x_wconf 90' lang='lat' dir='ltr'><strong>in</strong></span> <span class='ocrx_word' id='word_1_485' title='bbox 719 3552 874 3607; x_wconf 89' lang='lat' dir='ltr'><strong>aqua</strong></span> <span class='ocrx_word' id='word_1_486' title='bbox 899 3534 1074 3607; x_wconf 88' lang='lat' dir='ltr'><strong>degit,</strong></span> <span class='ocrx_word' id='word_1_487' title='bbox 1103 3551 1206 3606; x_wconf 89' lang='lat' dir='ltr'><strong>per</strong></span> <span class='ocrx_word' id='word_1_488' title='bbox 1234 3534 1391 3590; x_wconf 90' lang='lat' dir='ltr'><strong>diem</strong></span> <span class='ocrx_word' id='word_1_489' title='bbox 1422 3533 1587 3589; x_wconf 91' lang='lat' dir='ltr'><strong>humi</strong></span> <span class='ocrx_word' id='word_1_490' title='bbox 1621 3532 1962 3605; x_wconf 66' lang='lat' dir='ltr'><strong>acquiescit.</strong></span> 
     </span>
    </p>
   </div>
   <div class='ocr_carea' id='block_1_67' title="bbox 320 3622 1968 3681">
    <p class='ocr_par' dir='ltr' id='par_1_67' title="bbox 320 3622 1968 3681">
     <span class='ocr_line' id='line_1_68' title="bbox 320 3622 1968 3681; baseline -0.001 -1"><span class='ocrx_word' id='word_1_491' title='bbox 320 3624 731 3681; x_wconf 88' lang='lat' dir='ltr'><strong>Circumdatur</strong></span> <span class='ocrx_word' id='word_1_492' title='bbox 774 3622 1029 3678; x_wconf 80' lang='lat' dir='ltr'><strong>maxima</strong></span> <span class='ocrx_word' id='word_1_493' title='bbox 1078 3622 1228 3677; x_wconf 91' lang='lat' dir='ltr'><strong>cutis</strong></span> <span class='ocrx_word' id='word_1_494' title='bbox 1289 3622 1583 3677; x_wconf 81' lang='lat' dir='ltr'><strong>ﬁrmitate.</strong></span> <span class='ocrx_word' id='word_1_495' title='bbox 1631 3624 1692 3676; x_wconf 87' lang='lat' dir='ltr'><strong>In</strong></span> <span class='ocrx_word' id='word_1_496' title='bbox 1727 3622 1968 3678; x_wconf 78' lang='lat' dir='ltr'><strong>flumine</strong></span> 
     </span>
    </p>
   </div>
   <div class='ocr_carea' id='block_1_68' title="bbox 321 3710 1967 3786">
    <p class='ocr_par' dir='ltr' id='par_1_68' title="bbox 321 3710 1967 3786">
     <span class='ocr_line' id='line_1_69' title="bbox 321 3710 1967 3786; baseline -0.002 -17"><span class='ocrx_word' id='word_1_497' title='bbox 321 3714 576 3786; x_wconf 86' lang='lat' dir='ltr'><strong>quadam</strong></span> <span class='ocrx_word' id='word_1_498' title='bbox 607 3710 977 3768; x_wconf 66' lang='lat' dir='ltr'><strong>Caesariensis</strong></span> <span class='ocrx_word' id='word_1_499' title='bbox 1012 3710 1323 3766; x_wconf 69' lang='lat' dir='ltr'><strong>Paelestinza</strong></span> <span class='ocrx_word' id='word_1_500' title='bbox 1355 3712 1525 3766; x_wconf 92' lang='lat' dir='ltr'><strong>modo</strong></span> <span class='ocrx_word' id='word_1_501' title='bbox 1557 3711 1678 3766; x_wconf 63' lang='lat' dir='ltr'><strong>haec</strong></span> <span class='ocrx_word' id='word_1_502' title='bbox 1710 3711 1967 3783; x_wconf 90' lang='lat' dir='ltr'><strong>quadru-</strong></span> 
     </span>
    </p>
   </div>
   <div class='ocr_carea' id='block_1_69' title="bbox 322 3798 1969 3876">
    <p class='ocr_par' dir='ltr' id='par_1_69' title="bbox 322 3798 1969 3876">
     <span class='ocr_line' id='line_1_70' title="bbox 322 3798 1969 3876; baseline -0.001 -19"><span class='ocrx_word' id='word_1_503' title='bbox 322 3801 492 3876; x_wconf 89' lang='lat' dir='ltr'><strong>pedia</strong></span> <span class='ocrx_word' id='word_1_504' title='bbox 520 3800 791 3857; x_wconf 89' lang='lat' dir='ltr'><strong>similiter</strong></span> <span class='ocrx_word' id='word_1_505' title='bbox 810 3799 1120 3870; x_wconf 87' lang='lat' dir='ltr'><strong>habentur,</strong></span> <span class='ocrx_word' id='word_1_506' title='bbox 1151 3800 1252 3855; x_wconf 89' lang='lat' dir='ltr'><strong>sed</strong></span> <span class='ocrx_word' id='word_1_507' title='bbox 1283 3816 1398 3855; x_wconf 89' lang='lat' dir='ltr'><strong>non</strong></span> <span class='ocrx_word' id='word_1_508' title='bbox 1422 3816 1491 3855; x_wconf 80' lang='lat' dir='ltr'><strong>ex</strong></span> <span class='ocrx_word' id='word_1_509' title='bbox 1511 3798 1684 3872; x_wconf 88' lang='lat' dir='ltr'><strong>longo</strong></span> <span class='ocrx_word' id='word_1_510' title='bbox 1706 3803 1969 3872; x_wconf 87' lang='lat' dir='ltr'><strong>tompore</strong></span> 
     </span>
    </p>
   </div>
   <div class='ocr_carea' id='block_1_70' title="bbox 321 3887 1971 3961">
    <p class='ocr_par' dir='ltr' id='par_1_70' title="bbox 321 3887 1971 3961">
     <span class='ocr_line' id='line_1_71' title="bbox 321 3887 1971 3961; baseline -0.001 -15"><span class='ocrx_word' id='word_1_511' title='bbox 321 3891 527 3946; x_wconf 88' lang='lat' dir='ltr'><strong>dicunt</strong></span> <span class='ocrx_word' id='word_1_512' title='bbox 553 3888 693 3945; x_wconf 93' lang='lat' dir='ltr'><strong>illuc</strong></span> <span class='ocrx_word' id='word_1_513' title='bbox 722 3889 902 3945; x_wconf 80' lang='lat' dir='ltr'><strong>fuisse</strong></span> <span class='ocrx_word' id='word_1_514' title='bbox 926 3888 1101 3944; x_wconf 86' lang='lat' dir='ltr'><strong>allata</strong></span> <span class='ocrx_word' id='word_1_515' title='bbox 1121 3889 1191 3944; x_wconf 89' lang='lat' dir='ltr'><strong>de</strong></span> <span class='ocrx_word' id='word_1_516' title='bbox 1221 3887 1349 3961; x_wconf 90' lang='lat' dir='ltr'><strong>ipso</strong></span> <span class='ocrx_word' id='word_1_517' title='bbox 1369 3888 1497 3944; x_wconf 91' lang='lat' dir='ltr'><strong>Nilo</strong></span> <span class='ocrx_word' id='word_1_518' title='bbox 1515 3887 1821 3944; x_wconf 89' lang='lat' dir='ltr'><strong>dolositate</strong></span> <span class='ocrx_word' id='word_1_519' title='bbox 1851 3905 1971 3944; x_wconf 90' lang='lat' dir='ltr'><strong>ma-</strong></span> 
     </span>
    </p>
   </div>
   <div class='ocr_carea' id='block_1_71' title="bbox 320 3975 1967 4053">
    <p class='ocr_par' dir='ltr' id='par_1_71' title="bbox 320 3975 1967 4053">
     <span class='ocr_line' id='line_1_72' title="bbox 320 3975 1967 4053; baseline -0.001 -19"><span class='ocrx_word' id='word_1_520' title='bbox 320 3979 510 4053; x_wconf 91' lang='lat' dir='ltr'><strong>ligna;</strong></span> <span class='ocrx_word' id='word_1_521' title='bbox 527 3978 624 4034; x_wconf 92' lang='lat' dir='ltr'><strong>ubi</strong></span> <span class='ocrx_word' id='word_1_522' title='bbox 642 3979 768 4050; x_wconf 91' lang='lat' dir='ltr'><strong>jam</strong></span> <span class='ocrx_word' id='word_1_523' title='bbox 783 3978 999 4033; x_wconf 88' lang='lat' dir='ltr'><strong>damna</strong></span> <span class='ocrx_word' id='word_1_524' title='bbox 1020 3975 1454 4049; x_wconf 73' lang='lat' dir='ltr'><strong>quamplurima</strong></span> <span class='ocrx_word' id='word_1_525' title='bbox 1475 3977 1534 4032; x_wconf 89' lang='lat' dir='ltr'><strong>in</strong></span> <span class='ocrx_word' id='word_1_526' title='bbox 1556 3976 1846 4033; x_wconf 90' lang='lat' dir='ltr'><strong>territorio</strong></span> <span class='ocrx_word' id='word_1_527' title='bbox 1868 3977 1967 4033; x_wconf 93' lang='lat' dir='ltr'><strong>illo</strong></span> 
     </span>
    </p>
   </div>
   <div class='ocr_carea' id='block_1_72' title="bbox 321 4064 1966 4140">
    <p class='ocr_par' dir='ltr' id='par_1_72' title="bbox 321 4064 1966 4140">
     <span class='ocr_line' id='line_1_73' title="bbox 321 4064 1966 4140; baseline -0.001 -17"><span class='ocrx_word' id='word_1_528' title='bbox 321 4084 472 4140; x_wconf 60' lang='lat' dir='ltr'><strong>saepe</strong></span> <span class='ocrx_word' id='word_1_529' title='bbox 502 4070 859 4140; x_wconf 89' lang='lat' dir='ltr'><strong>perpetrant,</strong></span> <span class='ocrx_word' id='word_1_530' title='bbox 891 4064 1172 4122; x_wconf 86' lang='lat' dir='ltr'><strong>animalia</strong></span> <span class='ocrx_word' id='word_1_531' title='bbox 1201 4065 1498 4122; x_wconf 88' lang='lat' dir='ltr'><strong>devorant.</strong></span> <span class='ocrx_word' id='word_1_532' title='bbox 1539 4067 1865 4138; x_wconf 78' lang='lat' dir='ltr'><strong>Appotamus</strong></span> <span class='ocrx_word' id='word_1_533' title='bbox 1904 4065 1966 4122; x_wconf 93' lang='lat' dir='ltr'><strong>in</strong></span> 
     </span>
    </p>
   </div>
   <div class='ocr_carea' id='block_1_73' title="bbox 320 4153 1964 4221">
    <p class='ocr_par' dir='ltr' id='par_1_73' title="bbox 320 4153 1964 4221">
     <span class='ocr_line' id='line_1_74' title="bbox 320 4153 1964 4221; baseline -0.001 -7"><span class='ocrx_word' id='word_1_534' title='bbox 320 4157 523 4214; x_wconf 91' lang='lat' dir='ltr'><strong>eodem</strong></span> <span class='ocrx_word' id='word_1_535' title='bbox 556 4156 797 4211; x_wconf 84' lang='lat' dir='ltr'><strong>ﬂumine</strong></span> <span class='ocrx_word' id='word_1_536' title='bbox 827 4155 953 4211; x_wconf 91' lang='lat' dir='ltr'><strong>Nilo</strong></span> <span class='ocrx_word' id='word_1_537' title='bbox 986 4171 1052 4211; x_wconf 92' lang='lat' dir='ltr'><strong>ac</strong></span> <span class='ocrx_word' id='word_1_538' title='bbox 1094 4153 1217 4210; x_wconf 92' lang='lat' dir='ltr'><strong>solo</strong></span> <span class='ocrx_word' id='word_1_539' title='bbox 1257 4154 1538 4221; x_wconf 87' lang='lat' dir='ltr'><strong>nascitur,</strong></span> <span class='ocrx_word' id='word_1_540' title='bbox 1588 4159 1645 4211; x_wconf 89' lang='lat' dir='ltr'><strong>et</strong></span> <span class='ocrx_word' id='word_1_541' title='bbox 1673 4155 1733 4210; x_wconf 90' lang='lat' dir='ltr'><strong>in</strong></span> <span class='ocrx_word' id='word_1_542' title='bbox 1779 4155 1964 4220; x_wconf 90' lang='lat' dir='ltr'><strong>India,</strong></span> 
     </span>
    </p>
   </div>
   <div class='ocr_carea' id='block_1_74' title="bbox 323 4242 1963 4316">
    <p class='ocr_par' dir='ltr' id='par_1_74' title="bbox 323 4242 1963 4316">
     <span class='ocr_line' id='line_1_75' title="bbox 323 4242 1963 4316; baseline -0.001 -14"><span class='ocrx_word' id='word_1_543' title='bbox 323 4245 575 4302; x_wconf 85' lang='lat' dir='ltr'><strong>maxime</strong></span> <span class='ocrx_word' id='word_1_544' title='bbox 604 4261 754 4316; x_wconf 91' lang='lat' dir='ltr'><strong>equo</strong></span> <span class='ocrx_word' id='word_1_545' title='bbox 785 4242 1020 4309; x_wconf 88' lang='lat' dir='ltr'><strong>similis,</strong></span> <span class='ocrx_word' id='word_1_546' title='bbox 1053 4247 1109 4299; x_wconf 91' lang='lat' dir='ltr'><strong>et</strong></span> <span class='ocrx_word' id='word_1_547' title='bbox 1139 4243 1331 4311; x_wconf 91' lang='lat' dir='ltr'><strong>dorso,</strong></span> <span class='ocrx_word' id='word_1_548' title='bbox 1365 4243 1608 4315; x_wconf 90' lang='lat' dir='ltr'><strong>etjuba,</strong></span> <span class='ocrx_word' id='word_1_549' title='bbox 1634 4244 1963 4313; x_wconf 89' lang='lat' dir='ltr'><strong>ethinnitu,</strong></span> 
     </span>
    </p>
   </div>
   <div class='ocr_carea' id='block_1_75' title="bbox 321 4332 1962 4407">
    <p class='ocr_par' dir='ltr' id='par_1_75' title="bbox 321 4332 1962 4407">
     <span class='ocr_line' id='line_1_76' title="bbox 321 4332 1962 4407; baseline -0.001 -15"><span class='ocrx_word' id='word_1_550' title='bbox 321 4339 508 4392; x_wconf 89' lang='lat' dir='ltr'><strong>rostro</strong></span> <span class='ocrx_word' id='word_1_551' title='bbox 540 4333 834 4406; x_wconf 89' lang='lat' dir='ltr'><strong>resupino,</strong></span> <span class='ocrx_word' id='word_1_552' title='bbox 877 4332 1115 4407; x_wconf 85' lang='lat' dir='ltr'><strong>ungulis</strong></span> <span class='ocrx_word' id='word_1_553' title='bbox 1164 4332 1380 4402; x_wconf 81' lang='lat' dir='ltr'><strong>biﬁdis,</strong></span> <span class='ocrx_word' id='word_1_554' title='bbox 1414 4333 1635 4406; x_wconf 89' lang='lat' dir='ltr'><strong>aprinis</strong></span> <span class='ocrx_word' id='word_1_555' title='bbox 1668 4333 1962 4402; x_wconf 90' lang='lat' dir='ltr'><strong>dentibus,</strong></span> 
     </span>
    </p>
   </div>
   <div class='ocr_carea' id='block_1_76' title="bbox 321 4422 1967 4495">
    <p class='ocr_par' dir='ltr' id='par_1_76' title="bbox 321 4422 1967 4495">
     <span class='ocr_line' id='line_1_77' title="bbox 321 4422 1967 4495; baseline -0.001 -15"><span class='ocrx_word' id='word_1_556' title='bbox 321 4424 798 4480; x_wconf 87' lang='lat' dir='ltr'><strong>caudatortuosa.</strong></span> <span class='ocrx_word' id='word_1_557' title='bbox 823 4422 1104 4479; x_wconf 90' lang='lat' dir='ltr'><strong>Noctibus</strong></span> <span class='ocrx_word' id='word_1_558' title='bbox 1116 4425 1341 4495; x_wconf 87' lang='lat' dir='ltr'><strong>segetes</strong></span> <span class='ocrx_word' id='word_1_559' title='bbox 1362 4422 1716 4494; x_wconf 89' lang='lat' dir='ltr'><strong>depascitur,</strong></span> <span class='ocrx_word' id='word_1_560' title='bbox 1732 4422 1803 4478; x_wconf 91' lang='lat' dir='ltr'><strong>ad</strong></span> <span class='ocrx_word' id='word_1_561' title='bbox 1818 4439 1967 4495; x_wconf 88' lang='lat' dir='ltr'><strong>quas</strong></span> 
     </span>
    </p>
   </div>
   <div class='ocr_carea' id='block_1_77' title="bbox 2075 3448 2520 3518">
    <p class='ocr_par' dir='ltr' id='par_1_77' title="bbox 2075 3448 2520 3518">
     <span class='ocr_line' id='line_1_78' title="bbox 2075 3448 2520 3518; baseline 0 -13"><span class='ocrx_word' id='word_1_562' title='bbox 2075 3448 2266 3506; x_wconf 81' lang='lat' dir='ltr'><strong>Stellio</strong></span> <span class='ocrx_word' id='word_1_563' title='bbox 2298 3448 2520 3518; x_wconf 89' lang='lat' dir='ltr'><strong>Latine,</strong></span> 
     </span>
    </p>
   </div>
   <div class='ocr_carea' id='block_1_78' title="bbox 2077 3589 3680 3654">
    <p class='ocr_par' dir='ltr' id='par_1_78' title="bbox 2077 3589 3680 3654">
     <span class='ocr_line' id='line_1_79' title="bbox 2077 3589 3680 3654; baseline -0.001 -13"><span class='ocrx_word' id='word_1_564' title='bbox 2077 3590 2258 3641; x_wconf 89' lang='lat' dir='ltr'><strong>Stellio</strong></span> <span class='ocrx_word' id='word_1_565' title='bbox 2290 3589 2698 3654; x_wconf 83' lang='lat' dir='ltr'><strong>ﬂammipotens,</strong></span> <span class='ocrx_word' id='word_1_566' title='bbox 2731 3590 3100 3652; x_wconf 86' lang='lat' dir='ltr'><strong>Salamandra,</strong></span> <span class='ocrx_word' id='word_1_567' title='bbox 3126 3589 3410 3641; x_wconf 88' lang='lat' dir='ltr'><strong>Cameleon</strong></span> <span class='ocrx_word' id='word_1_568' title='bbox 3436 3589 3680 3649; x_wconf 87' lang='lat' dir='ltr'><strong>horrens,</strong></span> 
     </span>
    </p>
   </div>
   <div class='ocr_carea' id='block_1_79' title="bbox 2074 3661 3587 3726">
    <p class='ocr_par' dir='ltr' id='par_1_79' title="bbox 2074 3661 3587 3726">
     <span class='ocr_line' id='line_1_80' title="bbox 2074 3661 3587 3726; baseline 0 -16"><span class='ocrx_word' id='word_1_569' title='bbox 2074 3663 2278 3711; x_wconf 90' lang='lat' dir='ltr'><strong>Nomen</strong></span> <span class='ocrx_word' id='word_1_570' title='bbox 2308 3661 2447 3711; x_wconf 86' lang='lat' dir='ltr'><strong>inest</strong></span> <span class='ocrx_word' id='word_1_571' title='bbox 2474 3662 2691 3720; x_wconf 84' lang='lat' dir='ltr'><strong>trinum,</strong></span> <span class='ocrx_word' id='word_1_572' title='bbox 2724 3661 2817 3711; x_wconf 87' lang='lat' dir='ltr'><strong>sed</strong></span> <span class='ocrx_word' id='word_1_573' title='bbox 2846 3661 3069 3725; x_wconf 80' lang='lat' dir='ltr'><strong>simplex</strong></span> <span class='ocrx_word' id='word_1_574' title='bbox 3097 3674 3292 3726; x_wconf 87' lang='lat' dir='ltr'><strong>corpus</strong></span> <span class='ocrx_word' id='word_1_575' title='bbox 3320 3664 3373 3711; x_wconf 90' lang='lat' dir='ltr'><strong>et</strong></span> <span class='ocrx_word' id='word_1_576' title='bbox 3399 3674 3587 3711; x_wconf 89' lang='lat' dir='ltr'><strong>unum.</strong></span> 
     </span>
    </p>
   </div>
   <div class='ocr_carea' id='block_1_80' title="bbox 2073 3803 3725 3877">
    <p class='ocr_par' dir='ltr' id='par_1_80' title="bbox 2073 3803 3725 3877">
     <span class='ocr_line' id='line_1_81' title="bbox 2073 3803 3725 3877; baseline -0.001 -17"><span class='ocrx_word' id='word_1_577' title='bbox 2073 3803 2207 3860; x_wconf 90' lang='lat' dir='ltr'><strong>Ales</strong></span> <span class='ocrx_word' id='word_1_578' title='bbox 2237 3807 2326 3860; x_wconf 90' lang='lat' dir='ltr'><strong>est</strong></span> <span class='ocrx_word' id='word_1_579' title='bbox 2350 3820 2602 3876; x_wconf 71' lang='lat' dir='ltr'><strong>pegasus,</strong></span> <span class='ocrx_word' id='word_1_580' title='bbox 2637 3821 2763 3876; x_wconf 79' lang='lat' dir='ltr'><strong>quae</strong></span> <span class='ocrx_word' id='word_1_581' title='bbox 2815 3804 2963 3860; x_wconf 92' lang='lat' dir='ltr'><strong>nihil</strong></span> <span class='ocrx_word' id='word_1_582' title='bbox 2994 3804 3273 3877; x_wconf 90' lang='lat' dir='ltr'><strong>equinum</strong></span> <span class='ocrx_word' id='word_1_583' title='bbox 3314 3807 3522 3876; x_wconf 63' lang='lat' dir='ltr'><strong>praeter</strong></span> <span class='ocrx_word' id='word_1_584' title='bbox 3551 3819 3725 3859; x_wconf 87' lang='lat' dir='ltr'><strong>aures</strong></span> 
     </span>
    </p>
   </div>
   <div class='ocr_carea' id='block_1_81' title="bbox 2075 3890 3729 3966">
    <p class='ocr_par' dir='ltr' id='par_1_81' title="bbox 2075 3890 3729 3966">
     <span class='ocr_line' id='line_1_82' title="bbox 2075 3890 3729 3966; baseline -0.001 -17"><span class='ocrx_word' id='word_1_585' title='bbox 2075 3892 2525 3959; x_wconf 89' lang='lat' dir='ltr'><strong>habet.Quidam</strong></span> <span class='ocrx_word' id='word_1_586' title='bbox 2557 3892 2756 3966; x_wconf 91' lang='lat' dir='ltr'><strong>populi</strong></span> <span class='ocrx_word' id='word_1_587' title='bbox 2791 3894 2935 3949; x_wconf 90' lang='lat' dir='ltr'><strong>adeo</strong></span> <span class='ocrx_word' id='word_1_588' title='bbox 2967 3898 3107 3950; x_wconf 91' lang='lat' dir='ltr'><strong>sunt</strong></span> <span class='ocrx_word' id='word_1_589' title='bbox 3136 3892 3359 3966; x_wconf 89' lang='lat' dir='ltr'><strong>proceri</strong></span> <span class='ocrx_word' id='word_1_590' title='bbox 3378 3890 3729 3964; x_wconf 87' lang='lat' dir='ltr'><strong>utelephan-</strong></span> 
     </span>
    </p>
   </div>
   <div class='ocr_carea' id='block_1_82' title="bbox 2073 3980 3724 4053">
    <p class='ocr_par' dir='ltr' id='par_1_82' title="bbox 2073 3980 3724 4053">
     <span class='ocr_line' id='line_1_83' title="bbox 2073 3980 3724 4053; baseline -0.001 -15"><span class='ocrx_word' id='word_1_591' title='bbox 2073 3985 2166 4038; x_wconf 88' lang='lat' dir='ltr'><strong>tos</strong></span> <span class='ocrx_word' id='word_1_592' title='bbox 2194 3981 2353 4037; x_wconf 92' lang='lat' dir='ltr'><strong>velut</strong></span> <span class='ocrx_word' id='word_1_593' title='bbox 2381 3998 2564 4053; x_wconf 90' lang='lat' dir='ltr'><strong>equos</strong></span> <span class='ocrx_word' id='word_1_594' title='bbox 2606 3980 2888 4038; x_wconf 77' lang='lat' dir='ltr'><strong>facillima</strong></span> <span class='ocrx_word' id='word_1_595' title='bbox 2939 3981 3320 4039; x_wconf 88' lang='lat' dir='ltr'><strong>insultatione</strong></span> <span class='ocrx_word' id='word_1_596' title='bbox 3366 3980 3724 4037; x_wconf 89' lang='lat' dir='ltr'><strong>transiliant.</strong></span> 
     </span>
    </p>
   </div>
   <div class='ocr_carea' id='block_1_83' title="bbox 2074 4069 3723 4144">
    <p class='ocr_par' dir='ltr' id='par_1_83' title="bbox 2074 4069 3723 4144">
     <span class='ocr_line' id='line_1_84' title="bbox 2074 4069 3723 4144; baseline -0.001 -17"><span class='ocrx_word' id='word_1_597' title='bbox 2074 4072 2178 4127; x_wconf 89' lang='lat' dir='ltr'><strong>Est</strong></span> <span class='ocrx_word' id='word_1_598' title='bbox 2207 4076 2265 4127; x_wconf 90' lang='lat' dir='ltr'><strong>et</strong></span> <span class='ocrx_word' id='word_1_599' title='bbox 2291 4087 2455 4144; x_wconf 89' lang='lat' dir='ltr'><strong>gens,</strong></span> <span class='ocrx_word' id='word_1_600' title='bbox 2481 4087 2610 4143; x_wconf 80' lang='lat' dir='ltr'><strong>quae</strong></span> <span class='ocrx_word' id='word_1_601' title='bbox 2637 4070 2698 4126; x_wconf 90' lang='lat' dir='ltr'><strong>in</strong></span> <span class='ocrx_word' id='word_1_602' title='bbox 2721 4071 3028 4142; x_wconf 89' lang='lat' dir='ltr'><strong>juventute</strong></span> <span class='ocrx_word' id='word_1_603' title='bbox 3057 4088 3203 4127; x_wconf 90' lang='lat' dir='ltr'><strong>cana</strong></span> <span class='ocrx_word' id='word_1_604' title='bbox 3235 4070 3330 4137; x_wconf 88' lang='lat' dir='ltr'><strong>sit,</strong></span> <span class='ocrx_word' id='word_1_605' title='bbox 3346 4070 3639 4143; x_wconf 88' lang='lat' dir='ltr'><strong>nigrescat</strong></span> <span class='ocrx_word' id='word_1_606' title='bbox 3661 4069 3723 4125; x_wconf 89' lang='lat' dir='ltr'><strong>in</strong></span> 
     </span>
    </p>
   </div>
   <div class='ocr_carea' id='block_1_84' title="bbox 2074 4157 3724 4233">
    <p class='ocr_par' dir='ltr' id='par_1_84' title="bbox 2074 4157 3724 4233">
     <span class='ocr_line' id='line_1_85' title="bbox 2074 4157 3724 4233; baseline -0.002 -17"><span class='ocrx_word' id='word_1_607' title='bbox 2074 4160 2723 4216; x_wconf 71' lang='lat' dir='ltr'><strong>senectute.Leucorrota</strong></span> <span class='ocrx_word' id='word_1_608' title='bbox 2751 4163 2841 4216; x_wconf 88' lang='lat' dir='ltr'><strong>est</strong></span> <span class='ocrx_word' id='word_1_609' title='bbox 2868 4160 3211 4233; x_wconf 75' lang='lat' dir='ltr'><strong>bestia,quze</strong></span> <span class='ocrx_word' id='word_1_610' title='bbox 3242 4157 3542 4217; x_wconf 87' lang='lat' dir='ltr'><strong>velocitate</strong></span> <span class='ocrx_word' id='word_1_611' title='bbox 3571 4175 3724 4232; x_wconf 66' lang='lat' dir='ltr'><strong>pras-</strong></span> 
     </span>
    </p>
   </div>
   <div class='ocr_carea' id='block_1_85' title="bbox 2075 4246 3724 4321">
    <p class='ocr_par' dir='ltr' id='par_1_85' title="bbox 2075 4246 3724 4321">
     <span class='ocr_line' id='line_1_86' title="bbox 2075 4246 3724 4321; baseline 0 -18"><span class='ocrx_word' id='word_1_612' title='bbox 2075 4248 2227 4304; x_wconf 90' lang='lat' dir='ltr'><strong>cedit</strong></span> <span class='ocrx_word' id='word_1_613' title='bbox 2256 4248 2408 4305; x_wconf 85' lang='lat' dir='ltr'><strong>feras</strong></span> <span class='ocrx_word' id='word_1_614' title='bbox 2433 4248 2761 4316; x_wconf 87' lang='lat' dir='ltr'><strong>universas,</strong></span> <span class='ocrx_word' id='word_1_615' title='bbox 2794 4247 2945 4304; x_wconf 89' lang='lat' dir='ltr'><strong>asini</strong></span> <span class='ocrx_word' id='word_1_616' title='bbox 2976 4248 3081 4304; x_wconf 83' lang='lat' dir='ltr'><strong>feri</strong></span> <span class='ocrx_word' id='word_1_617' title='bbox 3116 4246 3544 4321; x_wconf 89' lang='lat' dir='ltr'><strong>magnitudine,</strong></span> <span class='ocrx_word' id='word_1_618' title='bbox 3569 4246 3724 4303; x_wconf 89' lang='lat' dir='ltr'><strong>cervi</strong></span> 
     </span>
    </p>
   </div>
   <div class='ocr_carea' id='block_1_86' title="bbox 2075 4336 3722 4409">
    <p class='ocr_par' dir='ltr' id='par_1_86' title="bbox 2075 4336 3722 4409">
     <span class='ocr_line' id='line_1_87' title="bbox 2075 4336 3722 4409; baseline 0 -17"><span class='ocrx_word' id='word_1_619' title='bbox 2075 4336 2368 4403; x_wconf 86' lang='lat' dir='ltr'><strong>clunibus,</strong></span> <span class='ocrx_word' id='word_1_620' title='bbox 2396 4342 2627 4409; x_wconf 87' lang='lat' dir='ltr'><strong>pectore</strong></span> <span class='ocrx_word' id='word_1_621' title='bbox 2675 4354 2741 4394; x_wconf 88' lang='lat' dir='ltr'><strong>ac</strong></span> <span class='ocrx_word' id='word_1_622' title='bbox 2772 4337 3045 4394; x_wconf 90' lang='lat' dir='ltr'><strong>cruribus</strong></span> <span class='ocrx_word' id='word_1_623' title='bbox 3081 4336 3352 4403; x_wconf 89' lang='lat' dir='ltr'><strong>leoninis,</strong></span> <span class='ocrx_word' id='word_1_624' title='bbox 3386 4336 3575 4409; x_wconf 91' lang='lat' dir='ltr'><strong>capite</strong></span> <span class='ocrx_word' id='word_1_625' title='bbox 3625 4352 3722 4392; x_wconf 90' lang='lat' dir='ltr'><strong>ca-</strong></span> 
     </span>
    </p>
   </div>
   <div class='ocr_carea' id='block_1_87' title="bbox 2075 4423 3727 4499">
    <p class='ocr_par' dir='ltr' id='par_1_87' title="bbox 2075 4423 3727 4499">
     <span class='ocr_line' id='line_1_88' title="bbox 2075 4423 3727 4499; baseline -0.001 -18"><span class='ocrx_word' id='word_1_626' title='bbox 2075 4425 2467 4494; x_wconf 90' lang='lat' dir='ltr'><strong>meli,bisulca</strong></span> <span class='ocrx_word' id='word_1_627' title='bbox 2496 4426 2736 4499; x_wconf 88' lang='lat' dir='ltr'><strong>ungula,</strong></span> <span class='ocrx_word' id='word_1_628' title='bbox 2768 4443 2867 4483; x_wconf 91' lang='lat' dir='ltr'><strong>ore</strong></span> <span class='ocrx_word' id='word_1_629' title='bbox 2898 4443 3085 4499; x_wconf 89' lang='lat' dir='ltr'><strong>usque</strong></span> <span class='ocrx_word' id='word_1_630' title='bbox 3116 4427 3188 4482; x_wconf 91' lang='lat' dir='ltr'><strong>ad</strong></span> <span class='ocrx_word' id='word_1_631' title='bbox 3221 4442 3394 4483; x_wconf 87' lang='lat' dir='ltr'><strong>aures</strong></span> <span class='ocrx_word' id='word_1_632' title='bbox 3423 4423 3727 4482; x_wconf 88' lang='lat' dir='ltr'><strong>dehiscen-</strong></span> 
     </span>
    </p>
   </div>
   <div class='ocr_carea' id='block_1_88' title="bbox 322 4509 3720 4601">
    <p class='ocr_par' dir='ltr' id='par_1_88' title="bbox 322 4509 3720 4601">
     <span class='ocr_line' id='line_1_89' title="bbox 322 4509 3720 4601; baseline 0 -32"><span class='ocrx_word' id='word_1_633' title='bbox 322 4512 510 4587; x_wconf 89' lang='lat' dir='ltr'><strong>pergit</strong></span> <span class='ocrx_word' id='word_1_634' title='bbox 530 4528 789 4601; x_wconf 87' lang='lat' dir='ltr'><strong>aversus,</strong></span> <span class='ocrx_word' id='word_1_635' title='bbox 809 4511 1209 4601; x_wconf 10' lang='lat' dir='ltr'><strong>rasturdoloso,</strong></span> <span class='ocrx_word' id='word_1_636' title='bbox 1245 4515 1308 4565; x_wconf 91' lang='lat' dir='ltr'><strong>ut</strong></span> <span class='ocrx_word' id='word_1_637' title='bbox 1337 4509 1572 4601; x_wconf 81' lang='lat' dir='ltr'><strong>fallente</strong></span> <span class='ocrx_word' id='word_1_638' title='bbox 1599 4510 1842 4601; x_wconf 88' lang='lat' dir='ltr'><strong>vestigio</strong></span> <span class='ocrx_word' id='word_1_639' title='bbox 1872 4528 1965 4567; x_wconf 91' lang='lat' dir='ltr'><strong>re-</strong></span> <span class='ocrx_word' id='word_1_640' title='bbox 1996 4536 2044 4601; x_wconf 82' lang='lat' dir='ltr'><strong>D</strong></span> <span class='ocrx_word' id='word_1_641' title='bbox 2075 4514 2422 4580; x_wconf 88' lang='lat' dir='ltr'><strong>te,dentium</strong></span> <span class='ocrx_word' id='word_1_642' title='bbox 2450 4513 2597 4571; x_wconf 91' lang='lat' dir='ltr'><strong>locis</strong></span> <span class='ocrx_word' id='word_1_643' title='bbox 2627 4532 2757 4571; x_wconf 91' lang='lat' dir='ltr'><strong>osse</strong></span> <span class='ocrx_word' id='word_1_644' title='bbox 2787 4516 3224 4588; x_wconf 57' lang='lat' dir='ltr'><strong>perpetuo.ch</strong></span> <span class='ocrx_word' id='word_1_645' title='bbox 3245 4514 3435 4588; x_wconf 89' lang='lat' dir='ltr'><strong>quoad</strong></span> <span class='ocrx_word' id='word_1_646' title='bbox 3448 4514 3720 4581; x_wconf 80' lang='lat' dir='ltr'><strong>formam;</strong></span> 
     </span>
    </p>
   </div>
   <div class='ocr_carea' id='block_1_89' title="bbox 320 4600 1967 4673">
    <p class='ocr_par' dir='ltr' id='par_1_89' title="bbox 320 4600 1967 4673">
     <span class='ocr_line' id='line_1_90' title="bbox 320 4600 1967 4673; baseline -0.001 -16"><span class='ocrx_word' id='word_1_647' title='bbox 320 4600 563 4657; x_wconf 89' lang='lat' dir='ltr'><strong>vertenti</strong></span> <span class='ocrx_word' id='word_1_648' title='bbox 595 4600 770 4656; x_wconf 70' lang='lat' dir='ltr'><strong>nulla:</strong></span> <span class='ocrx_word' id='word_1_649' title='bbox 802 4600 1488 4673; x_wconf 46' lang='lat' dir='ltr'><strong>insidiamprzeparentur.</strong></span> <span class='ocrx_word' id='word_1_650' title='bbox 1541 4600 1690 4655; x_wconf 90' lang='lat' dir='ltr'><strong>Sunt</strong></span> <span class='ocrx_word' id='word_1_651' title='bbox 1731 4600 1967 4672; x_wconf 90' lang='lat' dir='ltr'><strong>quidem</strong></span> 
     </span>
    </p>
   </div>
   <div class='ocr_carea' id='block_1_90' title="bbox 323 4686 1973 4763">
    <p class='ocr_par' dir='ltr' id='par_1_90' title="bbox 323 4686 1973 4763">
     <span class='ocr_line' id='line_1_91' title="bbox 323 4686 1973 4763; baseline -0.001 -17"><span class='ocrx_word' id='word_1_652' title='bbox 323 4706 562 4763; x_wconf 91' lang='lat' dir='ltr'><strong>corpore</strong></span> <span class='ocrx_word' id='word_1_653' title='bbox 584 4691 834 4762; x_wconf 87' lang='lat' dir='ltr'><strong>majores</strong></span> <span class='ocrx_word' id='word_1_654' title='bbox 850 4706 1027 4762; x_wconf 92' lang='lat' dir='ltr'><strong>quam</strong></span> <span class='ocrx_word' id='word_1_655' title='bbox 1042 4688 1355 4761; x_wconf 89' lang='lat' dir='ltr'><strong>elephanti.</strong></span> <span class='ocrx_word' id='word_1_656' title='bbox 1375 4689 1502 4743; x_wconf 72' lang='lat' dir='ltr'><strong>Haac</strong></span> <span class='ocrx_word' id='word_1_657' title='bbox 1522 4692 1578 4743; x_wconf 91' lang='lat' dir='ltr'><strong>et</strong></span> <span class='ocrx_word' id='word_1_658' title='bbox 1602 4686 1736 4756; x_wconf 89' lang='lat' dir='ltr'><strong>alia,</strong></span> <span class='ocrx_word' id='word_1_659' title='bbox 1757 4688 1973 4762; x_wconf 89' lang='lat' dir='ltr'><strong>pusilla</strong></span> 
     </span>
    </p>
   </div>
   <div class='ocr_carea' id='block_1_91' title="bbox 325 4776 1968 4852">
    <p class='ocr_par' dir='ltr' id='par_1_91' title="bbox 325 4776 1968 4852">
     <span class='ocr_line' id='line_1_92' title="bbox 325 4776 1968 4852; baseline -0.001 -17"><span class='ocrx_word' id='word_1_660' title='bbox 325 4782 381 4835; x_wconf 90' lang='lat' dir='ltr'><strong>et</strong></span> <span class='ocrx_word' id='word_1_661' title='bbox 411 4796 643 4852; x_wconf 89' lang='lat' dir='ltr'><strong>magna,</strong></span> <span class='ocrx_word' id='word_1_662' title='bbox 683 4781 830 4835; x_wconf 90' lang='lat' dir='ltr'><strong>Deus</strong></span> <span class='ocrx_word' id='word_1_663' title='bbox 879 4781 1037 4834; x_wconf 90' lang='lat' dir='ltr'><strong>creat</strong></span> <span class='ocrx_word' id='word_1_664' title='bbox 1080 4777 1367 4833; x_wconf 87' lang='lat' dir='ltr'><strong>universa.</strong></span> <span class='ocrx_word' id='word_1_665' title='bbox 1422 4778 1492 4832; x_wconf 88' lang='lat' dir='ltr'><strong>Et</strong></span> <span class='ocrx_word' id='word_1_666' title='bbox 1520 4777 1661 4849; x_wconf 89' lang='lat' dir='ltr'><strong>quia</strong></span> <span class='ocrx_word' id='word_1_667' title='bbox 1698 4776 1889 4849; x_wconf 87' lang='lat' dir='ltr'><strong>placet</strong></span> <span class='ocrx_word' id='word_1_668' title='bbox 1918 4777 1968 4833; x_wconf 90' lang='lat' dir='ltr'><strong>ei</strong></span> 
     </span>
    </p>
   </div>
   <div class='ocr_carea' id='block_1_92' title="bbox 325 4865 1970 4938">
    <p class='ocr_par' dir='ltr' id='par_1_92' title="bbox 325 4865 1970 4938">
     <span class='ocr_line' id='line_1_93' title="bbox 325 4865 1970 4938; baseline -0.002 -15"><span class='ocrx_word' id='word_1_669' title='bbox 325 4884 541 4935; x_wconf 88' lang='lat' dir='ltr'><strong>creare,</strong></span> <span class='ocrx_word' id='word_1_670' title='bbox 574 4871 630 4923; x_wconf 88' lang='lat' dir='ltr'><strong>et</strong></span> <span class='ocrx_word' id='word_1_671' title='bbox 661 4867 831 4923; x_wconf 88' lang='lat' dir='ltr'><strong>nobis</strong></span> <span class='ocrx_word' id='word_1_672' title='bbox 853 4868 1067 4923; x_wconf 90' lang='lat' dir='ltr'><strong>debent</strong></span> <span class='ocrx_word' id='word_1_673' title='bbox 1087 4866 1402 4938; x_wconf 89' lang='lat' dir='ltr'><strong>placere,et</strong></span> <span class='ocrx_word' id='word_1_674' title='bbox 1432 4865 1674 4937; x_wconf 88' lang='lat' dir='ltr'><strong>proinde</strong></span> <span class='ocrx_word' id='word_1_675' title='bbox 1692 4865 1897 4922; x_wconf 88' lang='lat' dir='ltr'><strong>laudes</strong></span> <span class='ocrx_word' id='word_1_676' title='bbox 1918 4865 1970 4921; x_wconf 91' lang='lat' dir='ltr'><strong>ei</strong></span> 
     </span>
    </p>
   </div>
   <div class='ocr_carea' id='block_1_93' title="bbox 326 4955 1971 5027">
    <p class='ocr_par' dir='ltr' id='par_1_93' title="bbox 326 4955 1971 5027">
     <span class='ocr_line' id='line_1_94' title="bbox 326 4955 1971 5027; baseline -0.001 -14"><span class='ocrx_word' id='word_1_677' title='bbox 326 4957 484 5013; x_wconf 89' lang='lat' dir='ltr'><strong>dare.</strong></span> <span class='ocrx_word' id='word_1_678' title='bbox 516 4956 681 5012; x_wconf 88' lang='lat' dir='ltr'><strong>Veris</strong></span> <span class='ocrx_word' id='word_1_679' title='bbox 705 4956 1033 5012; x_wconf 80' lang='lat' dir='ltr'><strong>draconibus</strong></span> <span class='ocrx_word' id='word_1_680' title='bbox 1060 4971 1161 5010; x_wconf 90' lang='lat' dir='ltr'><strong>ora</strong></span> <span class='ocrx_word' id='word_1_681' title='bbox 1180 4960 1319 5010; x_wconf 88' lang='lat' dir='ltr'><strong>sunt</strong></span> <span class='ocrx_word' id='word_1_682' title='bbox 1330 4971 1525 5027; x_wconf 90' lang='lat' dir='ltr'><strong>parva,</strong></span> <span class='ocrx_word' id='word_1_683' title='bbox 1544 4958 1600 5010; x_wconf 89' lang='lat' dir='ltr'><strong>et</strong></span> <span class='ocrx_word' id='word_1_684' title='bbox 1622 4955 1693 5010; x_wconf 91' lang='lat' dir='ltr'><strong>ad</strong></span> <span class='ocrx_word' id='word_1_685' title='bbox 1707 4971 1971 5011; x_wconf 88' lang='lat' dir='ltr'><strong>morsum</strong></span> 
     </span>
    </p>
   </div>
   <div class='ocr_carea' id='block_1_94' title="bbox 328 5042 1970 5116">
    <p class='ocr_par' dir='ltr' id='par_1_94' title="bbox 328 5042 1970 5116">
     <span class='ocr_line' id='line_1_95' title="bbox 328 5042 1970 5116; baseline 0.001 -17"><span class='ocrx_word' id='word_1_686' title='bbox 328 5061 442 5101; x_wconf 91' lang='lat' dir='ltr'><strong>non</strong></span> <span class='ocrx_word' id='word_1_687' title='bbox 476 5043 871 5111; x_wconf 88' lang='lat' dir='ltr'><strong>dehiscentia;</strong></span> <span class='ocrx_word' id='word_1_688' title='bbox 925 5047 1064 5099; x_wconf 88' lang='lat' dir='ltr'><strong>sunt</strong></span> <span class='ocrx_word' id='word_1_689' title='bbox 1112 5048 1167 5098; x_wconf 92' lang='lat' dir='ltr'><strong>et</strong></span> <span class='ocrx_word' id='word_1_690' title='bbox 1199 5047 1368 5099; x_wconf 59' lang='grc' dir='ltr'><strong>ιιι-οἴω</strong></span> <span class='ocrx_word' id='word_1_691' title='bbox 1418 5042 1648 5110; x_wconf 69' lang='lat' dir='ltr'><strong>fistulae,</strong></span> <span class='ocrx_word' id='word_1_692' title='bbox 1690 5060 1793 5115; x_wconf 92' lang='lat' dir='ltr'><strong>per</strong></span> <span class='ocrx_word' id='word_1_693' title='bbox 1822 5061 1970 5116; x_wconf 90' lang='lat' dir='ltr'><strong>quas</strong></span> 
     </span>
    </p>
   </div>
   <div class='ocr_carea' id='block_1_95' title="bbox 327 5130 1969 5205">
    <p class='ocr_par' dir='ltr' id='par_1_95' title="bbox 327 5130 1969 5205">
     <span class='ocr_line' id='line_1_96' title="bbox 327 5130 1969 5205; baseline -0.001 -17"><span class='ocrx_word' id='word_1_694' title='bbox 327 5132 569 5189; x_wconf 88' lang='lat' dir='ltr'><strong>trahunt</strong></span> <span class='ocrx_word' id='word_1_695' title='bbox 596 5131 838 5204; x_wconf 88' lang='lat' dir='ltr'><strong>spiritus</strong></span> <span class='ocrx_word' id='word_1_696' title='bbox 868 5137 925 5187; x_wconf 91' lang='lat' dir='ltr'><strong>et</strong></span> <span class='ocrx_word' id='word_1_697' title='bbox 952 5131 1185 5204; x_wconf 90' lang='lat' dir='ltr'><strong>linguas</strong></span> <span class='ocrx_word' id='word_1_698' title='bbox 1218 5135 1474 5189; x_wconf 83' lang='lat' dir='ltr'><strong>exerunt.</strong></span> <span class='ocrx_word' id='word_1_699' title='bbox 1510 5130 1733 5205; x_wconf 88' lang='lat' dir='ltr'><strong>Quippe</strong></span> <span class='ocrx_word' id='word_1_700' title='bbox 1763 5149 1878 5188; x_wconf 91' lang='lat' dir='ltr'><strong>non</strong></span> <span class='ocrx_word' id='word_1_701' title='bbox 1909 5132 1969 5187; x_wconf 92' lang='lat' dir='ltr'><strong>in</strong></span> 
     </span>
    </p>
   </div>
   <div class='ocr_carea' id='block_1_96' title="bbox 328 5219 1972 5289">
    <p class='ocr_par' dir='ltr' id='par_1_96' title="bbox 328 5219 1972 5289">
     <span class='ocr_line' id='line_1_97' title="bbox 328 5219 1972 5289; baseline 0.001 -13"><span class='ocrx_word' id='word_1_702' title='bbox 328 5220 623 5287; x_wconf 90' lang='lat' dir='ltr'><strong>dentibus,</strong></span> <span class='ocrx_word' id='word_1_703' title='bbox 654 5221 755 5276; x_wconf 90' lang='lat' dir='ltr'><strong>sed</strong></span> <span class='ocrx_word' id='word_1_704' title='bbox 774 5219 832 5275; x_wconf 91' lang='lat' dir='ltr'><strong>in</strong></span> <span class='ocrx_word' id='word_1_705' title='bbox 860 5219 1062 5275; x_wconf 89' lang='lat' dir='ltr'><strong>caudis</strong></span> <span class='ocrx_word' id='word_1_706' title='bbox 1081 5236 1366 5276; x_wconf 90' lang='lat' dir='ltr'><strong>venenum</strong></span> <span class='ocrx_word' id='word_1_707' title='bbox 1390 5219 1628 5289; x_wconf 89' lang='lat' dir='ltr'><strong>habent,</strong></span> <span class='ocrx_word' id='word_1_708' title='bbox 1652 5224 1709 5276; x_wconf 91' lang='lat' dir='ltr'><strong>et</strong></span> <span class='ocrx_word' id='word_1_709' title='bbox 1737 5221 1972 5278; x_wconf 87' lang='lat' dir='ltr'><strong>verbere</strong></span> 
     </span>
    </p>
   </div>
   <div class='ocr_carea' id='block_1_97' title="bbox 328 5308 1973 5382">
    <p class='ocr_par' dir='ltr' id='par_1_97' title="bbox 328 5308 1973 5382">
     <span class='ocr_line' id='line_1_98' title="bbox 328 5308 1973 5382; baseline 0.001 -17"><span class='ocrx_word' id='word_1_710' title='bbox 328 5309 522 5382; x_wconf 88' lang='lat' dir='ltr'><strong>potius</strong></span> <span class='ocrx_word' id='word_1_711' title='bbox 543 5325 720 5382; x_wconf 89' lang='lat' dir='ltr'><strong>quam</strong></span> <span class='ocrx_word' id='word_1_712' title='bbox 752 5308 901 5365; x_wconf 90' lang='lat' dir='ltr'><strong>rictu</strong></span> <span class='ocrx_word' id='word_1_713' title='bbox 932 5312 1159 5364; x_wconf 88' lang='lat' dir='ltr'><strong>nocent.</strong></span> <span class='ocrx_word' id='word_1_714' title='bbox 1174 5308 1472 5364; x_wconf 84' lang='lat' dir='ltr'><strong>Exciditur</strong></span> <span class='ocrx_word' id='word_1_715' title='bbox 1490 5325 1558 5364; x_wconf 81' lang='lat' dir='ltr'><strong>ex</strong></span> <span class='ocrx_word' id='word_1_716' title='bbox 1579 5308 1829 5365; x_wconf 88' lang='lat' dir='ltr'><strong>cerebris</strong></span> <span class='ocrx_word' id='word_1_717' title='bbox 1846 5309 1973 5366; x_wconf 77' lang='lat' dir='ltr'><strong>dra-</strong></span> 
     </span>
    </p>
   </div>
   <div class='ocr_carea' id='block_1_98' title="bbox 326 5396 1971 5471">
    <p class='ocr_par' dir='ltr' id='par_1_98' title="bbox 326 5396 1971 5471">
     <span class='ocr_line' id='line_1_99' title="bbox 326 5396 1971 5471; baseline -0.001 -16"><span class='ocrx_word' id='word_1_718' title='bbox 326 5399 530 5455; x_wconf 81' lang='lat' dir='ltr'><strong>contias</strong></span> <span class='ocrx_word' id='word_1_719' title='bbox 559 5396 728 5470; x_wconf 88' lang='lat' dir='ltr'><strong>lapis.</strong></span> <span class='ocrx_word' id='word_1_720' title='bbox 780 5397 963 5453; x_wconf 88' lang='lat' dir='ltr'><strong>Draco</strong></span> <span class='ocrx_word' id='word_1_721' title='bbox 995 5396 1287 5453; x_wconf 86' lang='lat' dir='ltr'><strong>maximus</strong></span> <span class='ocrx_word' id='word_1_722' title='bbox 1317 5400 1406 5453; x_wconf 88' lang='lat' dir='ltr'><strong>est</strong></span> <span class='ocrx_word' id='word_1_723' title='bbox 1442 5397 1707 5453; x_wconf 91' lang='lat' dir='ltr'><strong>omnium</strong></span> <span class='ocrx_word' id='word_1_724' title='bbox 1734 5415 1971 5471; x_wconf 87' lang='lat' dir='ltr'><strong>serpen-</strong></span> 
     </span>
    </p>
   </div>
   <div class='ocr_carea' id='block_1_99' title="bbox 328 5485 1970 5561">
    <p class='ocr_par' dir='ltr' id='par_1_99' title="bbox 328 5485 1970 5561">
     <span class='ocr_line' id='line_1_100' title="bbox 328 5485 1970 5561; baseline 0 -17"><span class='ocrx_word' id='word_1_725' title='bbox 328 5486 498 5553; x_wconf 86' lang='lat' dir='ltr'><strong>tium,</strong></span> <span class='ocrx_word' id='word_1_726' title='bbox 539 5486 659 5543; x_wconf 90' lang='lat' dir='ltr'><strong>sive</strong></span> <span class='ocrx_word' id='word_1_727' title='bbox 679 5485 1067 5543; x_wconf 90' lang='lat' dir='ltr'><strong>animantium</strong></span> <span class='ocrx_word' id='word_1_728' title='bbox 1091 5503 1218 5558; x_wconf 64' lang='lat' dir='ltr'><strong>quae</strong></span> <span class='ocrx_word' id='word_1_729' title='bbox 1243 5490 1381 5542; x_wconf 73' lang='lat' dir='ltr'><strong>sunt</strong></span> <span class='ocrx_word' id='word_1_730' title='bbox 1405 5502 1584 5559; x_wconf 90' lang='lat' dir='ltr'><strong>super</strong></span> <span class='ocrx_word' id='word_1_731' title='bbox 1602 5490 1818 5542; x_wconf 89' lang='lat' dir='ltr'><strong>terram</strong></span> <span class='ocrx_word' id='word_1_732' title='bbox 1838 5486 1970 5561; x_wconf 88' lang='lat' dir='ltr'><strong>;qui</strong></span> 
     </span>
    </p>
   </div>
   <div class='ocr_carea' id='block_1_100' title="bbox 329 5574 1975 5659">
    <p class='ocr_par' dir='ltr' id='par_1_100' title="bbox 329 5574 1975 5659">
     <span class='ocr_line' id='line_1_101' title="bbox 329 5574 1975 5659; baseline 0.002 -24"><span class='ocrx_word' id='word_1_733' title='bbox 329 5592 479 5659; x_wconf 75' lang='lat' dir='ltr'><strong>saepe</strong></span> <span class='ocrx_word' id='word_1_734' title='bbox 507 5593 544 5638; x_wconf 86' lang='lat' dir='ltr'><strong>a</strong></span> <span class='ocrx_word' id='word_1_735' title='bbox 572 5574 871 5657; x_wconf 83' lang='lat' dir='ltr'><strong>speluncis</strong></span> <span class='ocrx_word' id='word_1_736' title='bbox 912 5576 1244 5639; x_wconf 83' lang='lat' dir='ltr'><strong>abstractus</strong></span> <span class='ocrx_word' id='word_1_737' title='bbox 1280 5575 1465 5636; x_wconf 87' lang='lat' dir='ltr'><strong>fertur</strong></span> <span class='ocrx_word' id='word_1_738' title='bbox 1494 5575 1554 5633; x_wconf 89' lang='lat' dir='ltr'><strong>in</strong></span> <span class='ocrx_word' id='word_1_739' title='bbox 1584 5592 1798 5651; x_wconf 85' lang='lat' dir='ltr'><strong>aerem,</strong></span> <span class='ocrx_word' id='word_1_740' title='bbox 1831 5593 1975 5638; x_wconf 84' lang='lat' dir='ltr'><strong>con-</strong></span> 
     </span>
    </p>
   </div>
   <div class='ocr_carea' id='block_1_101' title="bbox 2079 4601 3720 4676">
    <p class='ocr_par' dir='ltr' id='par_1_101' title="bbox 2079 4601 3720 4676">
     <span class='ocr_line' id='line_1_102' title="bbox 2079 4601 3720 4676; baseline 0 -18"><span class='ocrx_word' id='word_1_741' title='bbox 2079 4620 2216 4659; x_wconf 89' lang='lat' dir='ltr'><strong>nam</strong></span> <span class='ocrx_word' id='word_1_742' title='bbox 2245 4621 2383 4660; x_wconf 89' lang='lat' dir='ltr'><strong>voce</strong></span> <span class='ocrx_word' id='word_1_743' title='bbox 2411 4602 2777 4676; x_wconf 84' lang='lat' dir='ltr'><strong>loquentium</strong></span> <span class='ocrx_word' id='word_1_744' title='bbox 2807 4604 3121 4661; x_wconf 91' lang='lat' dir='ltr'><strong>hominum</strong></span> <span class='ocrx_word' id='word_1_745' title='bbox 3164 4620 3339 4661; x_wconf 90' lang='lat' dir='ltr'><strong>sonos</strong></span> <span class='ocrx_word' id='word_1_746' title='bbox 3389 4601 3720 4659; x_wconf 69' lang='lat' dir='ltr'><strong>aemulatur.</strong></span> 
     </span>
    </p>
   </div>
   <div class='ocr_carea' id='block_1_102' title="bbox 2077 4690 3723 4765">
    <p class='ocr_par' dir='ltr' id='par_1_102' title="bbox 2077 4690 3723 4765">
     <span class='ocr_line' id='line_1_103' title="bbox 2077 4690 3723 4765; baseline -0.001 -17"><span class='ocrx_word' id='word_1_747' title='bbox 2077 4691 2413 4748; x_wconf 76' lang='lat' dir='ltr'><strong>Mantichora</strong></span> <span class='ocrx_word' id='word_1_748' title='bbox 2442 4691 2679 4748; x_wconf 90' lang='lat' dir='ltr'><strong>nomine</strong></span> <span class='ocrx_word' id='word_1_749' title='bbox 2710 4693 2862 4748; x_wconf 89' lang='lat' dir='ltr'><strong>inter</strong></span> <span class='ocrx_word' id='word_1_750' title='bbox 2888 4692 3012 4748; x_wconf 67' lang='lat' dir='ltr'><strong>haec</strong></span> <span class='ocrx_word' id='word_1_751' title='bbox 3041 4692 3322 4760; x_wconf 89' lang='lat' dir='ltr'><strong>nascitur,</strong></span> <span class='ocrx_word' id='word_1_752' title='bbox 3342 4690 3558 4765; x_wconf 88' lang='lat' dir='ltr'><strong>triplici</strong></span> <span class='ocrx_word' id='word_1_753' title='bbox 3575 4691 3723 4747; x_wconf 89' lang='lat' dir='ltr'><strong>den-</strong></span> 
     </span>
    </p>
   </div>
   <div class='ocr_carea' id='block_1_103' title="bbox 2079 4779 3719 4851">
    <p class='ocr_par' dir='ltr' id='par_1_103' title="bbox 2079 4779 3719 4851">
     <span class='ocr_line' id='line_1_104' title="bbox 2079 4779 3719 4851; baseline 0 -16"><span class='ocrx_word' id='word_1_754' title='bbox 2079 4780 2224 4836; x_wconf 90' lang='lat' dir='ltr'><strong>tium</strong></span> <span class='ocrx_word' id='word_1_755' title='bbox 2259 4780 2461 4837; x_wconf 89' lang='lat' dir='ltr'><strong>ordine</strong></span> <span class='ocrx_word' id='word_1_756' title='bbox 2491 4780 2987 4849; x_wconf 89' lang='lat' dir='ltr'><strong>coeunte,vicibus</strong></span> <span class='ocrx_word' id='word_1_757' title='bbox 3009 4780 3421 4851; x_wconf 83' lang='lat' dir='ltr'><strong>alternis,facie</strong></span> <span class='ocrx_word' id='word_1_758' title='bbox 3440 4779 3719 4847; x_wconf 87' lang='lat' dir='ltr'><strong>hominis,</strong></span> 
     </span>
    </p>
   </div>
   <div class='ocr_carea' id='block_1_104' title="bbox 2078 4867 3720 4942">
    <p class='ocr_par' dir='ltr' id='par_1_104' title="bbox 2078 4867 3720 4942">
     <span class='ocr_line' id='line_1_105' title="bbox 2078 4867 3720 4942; baseline 0 -19"><span class='ocrx_word' id='word_1_759' title='bbox 2078 4868 2303 4942; x_wconf 89' lang='lat' dir='ltr'><strong>glaucis</strong></span> <span class='ocrx_word' id='word_1_760' title='bbox 2335 4868 2540 4937; x_wconf 92' lang='lat' dir='ltr'><strong>oculis,</strong></span> <span class='ocrx_word' id='word_1_761' title='bbox 2575 4868 2897 4942; x_wconf 88' lang='lat' dir='ltr'><strong>sanguineo</strong></span> <span class='ocrx_word' id='word_1_762' title='bbox 2943 4868 3155 4937; x_wconf 92' lang='lat' dir='ltr'><strong>colore,</strong></span> <span class='ocrx_word' id='word_1_763' title='bbox 3186 4884 3425 4941; x_wconf 90' lang='lat' dir='ltr'><strong>corpore</strong></span> <span class='ocrx_word' id='word_1_764' title='bbox 3466 4867 3720 4934; x_wconf 88' lang='lat' dir='ltr'><strong>leonino,</strong></span> 
     </span>
    </p>
   </div>
   <div class='ocr_carea' id='block_1_105' title="bbox 2078 4957 3723 5031">
    <p class='ocr_par' dir='ltr' id='par_1_105' title="bbox 2078 4957 3723 5031">
     <span class='ocr_line' id='line_1_106' title="bbox 2078 4957 3723 5031; baseline -0.001 -18"><span class='ocrx_word' id='word_1_765' title='bbox 2078 4958 2266 5013; x_wconf 90' lang='lat' dir='ltr'><strong>cauda</strong></span> <span class='ocrx_word' id='word_1_766' title='bbox 2293 4957 2452 5013; x_wconf 91' lang='lat' dir='ltr'><strong>velut</strong></span> <span class='ocrx_word' id='word_1_767' title='bbox 2481 4958 2825 5030; x_wconf 88' lang='lat' dir='ltr'><strong>scorpionis,</strong></span> <span class='ocrx_word' id='word_1_768' title='bbox 2850 4957 3050 5014; x_wconf 87' lang='lat' dir='ltr'><strong>aculeo</strong></span> <span class='ocrx_word' id='word_1_769' title='bbox 3080 4957 3390 5031; x_wconf 84' lang='lat' dir='ltr'><strong>spiculata,</strong></span> <span class='ocrx_word' id='word_1_770' title='bbox 3420 4972 3559 5013; x_wconf 90' lang='lat' dir='ltr'><strong>voce</strong></span> <span class='ocrx_word' id='word_1_771' title='bbox 3587 4960 3723 5012; x_wconf 86' lang='lat' dir='ltr'><strong>tan-</strong></span> 
     </span>
    </p>
   </div>
   <div class='ocr_carea' id='block_1_106' title="bbox 2078 5044 3721 5114">
    <p class='ocr_par' dir='ltr' id='par_1_106' title="bbox 2078 5044 3721 5114">
     <span class='ocr_line' id='line_1_107' title="bbox 2078 5044 3721 5114; baseline 0 -13"><span class='ocrx_word' id='word_1_772' title='bbox 2078 5050 2205 5101; x_wconf 87' lang='lat' dir='ltr'><strong>tum</strong></span> <span class='ocrx_word' id='word_1_773' title='bbox 2220 5044 2483 5114; x_wconf 90' lang='lat' dir='ltr'><strong>sibila,ut</strong></span> <span class='ocrx_word' id='word_1_774' title='bbox 2499 5045 2760 5103; x_wconf 91' lang='lat' dir='ltr'><strong>imitetur</strong></span> <span class='ocrx_word' id='word_1_775' title='bbox 2775 5045 3045 5103; x_wconf 90' lang='lat' dir='ltr'><strong>modulos</strong></span> <span class='ocrx_word' id='word_1_776' title='bbox 3062 5045 3721 5103; x_wconf 83' lang='lat' dir='ltr'><strong>fistularum.Humanas</strong></span> 
     </span>
    </p>
   </div>
   <div class='ocr_carea' id='block_1_107' title="bbox 2080 5132 3722 5208">
    <p class='ocr_par' dir='ltr' id='par_1_107' title="bbox 2080 5132 3722 5208">
     <span class='ocr_line' id='line_1_108' title="bbox 2080 5132 3722 5208; baseline 0 -18"><span class='ocrx_word' id='word_1_777' title='bbox 2080 5151 2284 5191; x_wconf 89' lang='lat' dir='ltr'><strong>carnes</strong></span> <span class='ocrx_word' id='word_1_778' title='bbox 2312 5134 2647 5192; x_wconf 90' lang='lat' dir='ltr'><strong>avidissime</strong></span> <span class='ocrx_word' id='word_1_779' title='bbox 2678 5136 2926 5204; x_wconf 74' lang='lat' dir='ltr'><strong>affectat,</strong></span> <span class='ocrx_word' id='word_1_780' title='bbox 2962 5135 3208 5208; x_wconf 90' lang='lat' dir='ltr'><strong>pedibus</strong></span> <span class='ocrx_word' id='word_1_781' title='bbox 3234 5134 3318 5192; x_wconf 91' lang='lat' dir='ltr'><strong>sic</strong></span> <span class='ocrx_word' id='word_1_782' title='bbox 3363 5133 3537 5208; x_wconf 87' lang='lat' dir='ltr'><strong>viget,</strong></span> <span class='ocrx_word' id='word_1_783' title='bbox 3569 5132 3722 5191; x_wconf 82' lang='lat' dir='ltr'><strong>saltu</strong></span> 
     </span>
    </p>
   </div>
   <div class='ocr_carea' id='block_1_108' title="bbox 2080 5222 3726 5296">
    <p class='ocr_par' dir='ltr' id='par_1_108' title="bbox 2080 5222 3726 5296">
     <span class='ocr_line' id='line_1_109' title="bbox 2080 5222 3726 5296; baseline 0 -17"><span class='ocrx_word' id='word_1_784' title='bbox 2080 5222 2164 5279; x_wconf 90' lang='lat' dir='ltr'><strong>sic</strong></span> <span class='ocrx_word' id='word_1_785' title='bbox 2194 5226 2403 5295; x_wconf 89' lang='lat' dir='ltr'><strong>potest,</strong></span> <span class='ocrx_word' id='word_1_786' title='bbox 2435 5226 2501 5278; x_wconf 91' lang='lat' dir='ltr'><strong>ut</strong></span> <span class='ocrx_word' id='word_1_787' title='bbox 2530 5224 2744 5280; x_wconf 90' lang='lat' dir='ltr'><strong>morari</strong></span> <span class='ocrx_word' id='word_1_788' title='bbox 2775 5240 2903 5280; x_wconf 89' lang='lat' dir='ltr'><strong>eam</strong></span> <span class='ocrx_word' id='word_1_789' title='bbox 2938 5240 3044 5279; x_wconf 90' lang='lat' dir='ltr'><strong>nec</strong></span> <span class='ocrx_word' id='word_1_790' title='bbox 3092 5223 3496 5279; x_wconf 83' lang='lat' dir='ltr'><strong>extentissima</strong></span> <span class='ocrx_word' id='word_1_791' title='bbox 3537 5223 3726 5296; x_wconf 83' lang='lat' dir='ltr'><strong>spatia</strong></span> 
     </span>
    </p>
   </div>
   <div class='ocr_carea' id='block_1_109' title="bbox 2080 5311 3724 5385">
    <p class='ocr_par' dir='ltr' id='par_1_109' title="bbox 2080 5311 3724 5385">
     <span class='ocr_line' id='line_1_110' title="bbox 2080 5311 3724 5385; baseline -0.001 -17"><span class='ocrx_word' id='word_1_792' title='bbox 2080 5313 2329 5385; x_wconf 83' lang='lat' dir='ltr'><strong>possint,</strong></span> <span class='ocrx_word' id='word_1_793' title='bbox 2353 5328 2459 5368; x_wconf 90' lang='lat' dir='ltr'><strong>nec</strong></span> <span class='ocrx_word' id='word_1_794' title='bbox 2485 5311 2791 5369; x_wconf 89' lang='lat' dir='ltr'><strong>obstacula</strong></span> <span class='ocrx_word' id='word_1_795' title='bbox 2818 5311 3125 5368; x_wconf 90' lang='lat' dir='ltr'><strong>latissima.</strong></span> <span class='ocrx_word' id='word_1_796' title='bbox 3141 5313 3252 5368; x_wconf 88' lang='lat' dir='ltr'><strong>Sed</strong></span> <span class='ocrx_word' id='word_1_797' title='bbox 3283 5312 3417 5385; x_wconf 88' lang='lat' dir='ltr'><strong>quis</strong></span> <span class='ocrx_word' id='word_1_798' title='bbox 3446 5315 3637 5385; x_wconf 87' lang='lat' dir='ltr'><strong>potest</strong></span> <span class='ocrx_word' id='word_1_799' title='bbox 3663 5312 3724 5367; x_wconf 89' lang='lat' dir='ltr'><strong>in</strong></span> 
     </span>
    </p>
   </div>
   <div class='ocr_carea' id='block_1_110' title="bbox 2078 5399 3727 5474">
    <p class='ocr_par' dir='ltr' id='par_1_110' title="bbox 2078 5399 3727 5474">
     <span class='ocr_line' id='line_1_111' title="bbox 2078 5399 3727 5474; baseline -0.001 -18"><span class='ocrx_word' id='word_1_800' title='bbox 2078 5399 2188 5456; x_wconf 91' lang='lat' dir='ltr'><strong>hoc</strong></span> <span class='ocrx_word' id='word_1_801' title='bbox 2219 5400 2366 5455; x_wconf 89' lang='lat' dir='ltr'><strong>mari</strong></span> <span class='ocrx_word' id='word_1_802' title='bbox 2398 5417 2610 5474; x_wconf 89' lang='lat' dir='ltr'><strong>magno</strong></span> <span class='ocrx_word' id='word_1_803' title='bbox 2642 5405 2698 5458; x_wconf 88' lang='lat' dir='ltr'><strong>et</strong></span> <span class='ocrx_word' id='word_1_804' title='bbox 2728 5402 2983 5474; x_wconf 89' lang='lat' dir='ltr'><strong>spatioso</strong></span> <span class='ocrx_word' id='word_1_805' title='bbox 3013 5404 3099 5457; x_wconf 92' lang='lat' dir='ltr'><strong>tot</strong></span> <span class='ocrx_word' id='word_1_806' title='bbox 3114 5404 3172 5457; x_wconf 90' lang='lat' dir='ltr'><strong>et</strong></span> <span class='ocrx_word' id='word_1_807' title='bbox 3185 5404 3351 5458; x_wconf 88' lang='lat' dir='ltr'><strong>tanta</strong></span> <span class='ocrx_word' id='word_1_808' title='bbox 3370 5400 3471 5458; x_wconf 88' lang='lat' dir='ltr'><strong>Dei</strong></span> <span class='ocrx_word' id='word_1_809' title='bbox 3488 5416 3727 5474; x_wconf 85' lang='lat' dir='ltr'><strong>magna-</strong></span> 
     </span>
    </p>
   </div>
   <div class='ocr_carea' id='block_1_111' title="bbox 2080 5487 3730 5561">
    <p class='ocr_par' dir='ltr' id='par_1_111' title="bbox 2080 5487 3730 5561">
     <span class='ocr_line' id='line_1_112' title="bbox 2080 5487 3730 5561; baseline -0.001 -18"><span class='ocrx_word' id='word_1_810' title='bbox 2080 5488 2159 5543; x_wconf 89' lang='lat' dir='ltr'><strong>lia</strong></span> <span class='ocrx_word' id='word_1_811' title='bbox 2187 5487 2279 5544; x_wconf 93' lang='lat' dir='ltr'><strong>vel</strong></span> <span class='ocrx_word' id='word_1_812' title='bbox 2327 5488 2498 5558; x_wconf 91' lang='lat' dir='ltr'><strong>scire,</strong></span> <span class='ocrx_word' id='word_1_813' title='bbox 2530 5488 2617 5545; x_wconf 88' lang='lat' dir='ltr'><strong>vel</strong></span> <span class='ocrx_word' id='word_1_814' title='bbox 2664 5489 2986 5561; x_wconf 84' lang='lat' dir='ltr'><strong>exquirere,</strong></span> <span class='ocrx_word' id='word_1_815' title='bbox 3019 5488 3081 5545; x_wconf 90' lang='lat' dir='ltr'><strong>in</strong></span> <span class='ocrx_word' id='word_1_816' title='bbox 3129 5505 3245 5561; x_wconf 91' lang='lat' dir='ltr'><strong>quo</strong></span> <span class='ocrx_word' id='word_1_817' title='bbox 3291 5491 3601 5546; x_wconf 87' lang='lat' dir='ltr'><strong>versantur</strong></span> <span class='ocrx_word' id='word_1_818' title='bbox 3641 5491 3730 5543; x_wconf 81' lang='lat' dir='ltr'><strong>tot</strong></span> 
     </span>
    </p>
   </div>
   <div class='ocr_carea' id='block_1_112' title="bbox 2086 5574 3730 5658">
    <p class='ocr_par' dir='ltr' id='par_1_112' title="bbox 2086 5574 3730 5658">
     <span class='ocr_line' id='line_1_113' title="bbox 2086 5574 3730 5658; baseline -0.001 -20"><span class='ocrx_word' id='word_1_819' title='bbox 2086 5576 2366 5638; x_wconf 88' lang='lat' dir='ltr'><strong>animalia</strong></span> <span class='ocrx_word' id='word_1_820' title='bbox 2411 5581 2469 5641; x_wconf 88' lang='lat' dir='ltr'><strong>et</strong></span> <span class='ocrx_word' id='word_1_821' title='bbox 2515 5576 2746 5658; x_wconf 84' lang='lat' dir='ltr'><strong>reptilia</strong></span> <span class='ocrx_word' id='word_1_822' title='bbox 2799 5594 3049 5658; x_wconf 85' lang='lat' dir='ltr'><strong>quorum</strong></span> <span class='ocrx_word' id='word_1_823' title='bbox 3099 5593 3217 5637; x_wconf 90' lang='lat' dir='ltr'><strong>non</strong></span> <span class='ocrx_word' id='word_1_824' title='bbox 3263 5580 3356 5639; x_wconf 81' lang='lat' dir='ltr'><strong>est</strong></span> <span class='ocrx_word' id='word_1_825' title='bbox 3398 5574 3730 5638; x_wconf 75' lang='lat' dir='ltr'><strong>numerus?</strong></span> 
     </span>
    </p>
   </div>
  </div>
