3998 6088
160 333 284 393 937

891 332 1316 395 FULCHERII
1359 332 1693 393 CARNOT.
1740 305 1943 391 HIST.
1989 329 2405 392 HIEROSOL.
2438 364 2516 374 -
2546 330 2694 391 LIB.
2739 331 2845 391 III.

3451 332 3569 394 938

157 465 418 523 ricordes
447 464 507 521 in
537 481 741 521 omnes
771 481 919 538 quos
939 482 1344 538 praeoccupare
1373 468 1660 539 poterant.
1705 465 1804 520 sed
1835 465 1890 531 Α
1920 462 2042 519 Nisi
2074 463 2293 519 videret
2323 463 2650 537 ungelieam
2681 463 2964 518 visionem
3017 463 3074 516 in
3124 463 3397 518 extremis
3437 465 3560 519 vitae

157 555 276 612 Deo
306 554 545 628 gratias,
580 553 724 609 nihil
756 553 849 609 hic
880 554 991 609 sibi
1021 556 1493 625 vendicaverunt,
1526 554 1805 626 quoniam

156 647 214 700 et
233 643 460 716 equites
481 643 668 699 nostri
684 660 818 699 cum
835 642 1073 712 lanceis,
1091 648 1147 699 et
1162 644 1412 700 arcuarii
1432 661 1564 700 cum
1579 642 1808 715 sagittis

154 731 217 788 in
249 731 444 789 salum
475 731 838 790 inculcantes
869 732 1306 805 inopinabiliter
1337 731 1804 807 fugaverunt.llli

155 827 358 878 autem
389 822 667 879 continuo
709 823 969 879 carbasis
1006 822 1210 880 levatis
1253 840 1356 895 per
1389 841 1548 879 mare
1595 821 1806 878 velivo-

152 909 281 967 lum
310 927 516 968 versus
560 911 842 985 Tripolim
891 929 954 968 se
1002 913 1354 980 direxerunt,
1406 916 1464 968 et
1508 911 1646 968 hinc
1695 912 1806 986 Cy-

151 1017 351 1074 prum.

763 1090 994 1146 CAPUT
1026 1091 1193 1146 LVII.

385 1181 460 1236 De
488 1181 835 1252 navigatione
871 1180 1223 1237 adolescentis
1266 1181 1574 1236 Boamumli

225 1269 464 1334 Quoties
493 1275 690 1325 autem
711 1269 886 1342 legati
909 1270 1017 1326 hoc
1040 1269 1317 1336 anno,vcl
1341 1269 1803 1343 peregrini,Boa-

151 1357 761 1428 mundiadolescentis
783 1359 1098 1415 adventum
1122 1360 1292 1415 nobis
1309 1360 1806 1415 annuntiaverunt

149 1451 208 1502 et
227 1445 630 1520 allegaverunt
644 1447 672 1502 ?
694 1448 797 1504 sed
821 1447 1229 1520 multiplicatis
1243 1448 1578 1504 rumoribus
1595 1447 1807 1505 fefelle-

149 1541 314 1592 runt.
339 1534 717 1592 Meticulosus
747 1537 904 1592 enim
936 1542 1061 1593 erat
1091 1542 1328 1611 prOpter
1356 1537 1604 1593 classem
1629 1538 1807 1611 Baby-

147 1624 409 1681 lonicam
437 1625 528 1682 vel
552 1624 881 1698 piraticam,
916 1643 1096 1699 quam
1117 1627 1176 1682 in
1201 1631 1375 1700 ponto
1397 1627 1672 1683 audiebat
1693 1626 1805 1682 late

149 1713 454 1770 diffusam.
487 1717 734 1786 Insuper
763 1715 834 1770 de
864 1719 1018 1770 terra
1048 1731 1155 1770 sua
1177 1714 1465 1771 sollicitus
1485 1714 1804 1770 admodum

147 1803 297 1867 erat,
330 1817 509 1872 quam
541 1799 654 1856 nisi
688 1801 834 1858 bene
850 1807 906 1858 et
921 1802 1196 1858 ﬁdelibus
1219 1802 1343 1858 suis
1367 1801 1602 1869 locaret,
1627 1819 1660 1857 a
1680 1819 1805 1857 ma-

148 1887 355 1945 levolis
366 1889 490 1945 suis
505 1889 950 1946 insidiatoribus
963 1891 1396 1947 circumventus
1409 1891 1810 1947 fraudulenter

147 1977 468 2034 amitteret.
503 1977 800 2050 Scriptum
841 1983 929 2034 est
978 1980 1036 2034 in
1086 1981 1406 2052 proverbiis
1450 1979 1806 2036 rusticanis:

151 2089 181 2115 «
219 2067 329 2133 Qui
361 2066 538 2124 habet
566 2067 789 2123 malum
819 2068 1077 2124 vicinum
1103 2069 1278 2125 habet
1309 2069 1529 2124 malum
1563 2067 1808 2124 matuti—

153 2172 324 2210 num.
358 2178 388 2205 »
419 2155 679 2228 Denique
711 2163 845 2212 cum
878 2157 989 2213 iter
1017 2173 1194 2213 suum
1225 2158 1440 2231 saepius
1485 2174 1809 2231 praeparas-

155 2248 249 2302 set
295 2245 451 2316 apud
501 2242 870 2318 Hydruntum
917 2245 1137 2318 Apuliae
1188 2247 1502 2316 civitatem,
1554 2246 1810 2303 collectis

159 2338 308 2407 quot
336 2333 524 2407 potuit
551 2335 799 2391 navibus
827 2335 1092 2391 videlicet
1105 2339 1195 2402 22,
1221 2353 1472 2408 quarum
1503 2337 1571 2392 lO
1599 2337 1808 2409 longe,

159 2426 221 2478 et
251 2422 433 2479 remis
463 2423 702 2478 munitae
741 2428 926 2490 erant,
974 2425 1084 2480 iter
1113 2425 1286 2498 cmpit
1313 2425 1582 2498 expedire
1631 2426 1808 2481 mari-

166 2512 670 2584 num.Postquam
701 2517 918 2568 terram
950 2517 1120 2569 suam
1149 2513 1368 2586 Apulizs
1399 2513 1532 2569 duci
1565 2515 1808 2570 commi-

159 2600 361 2668 sisset,
386 2617 562 2672 quem
588 2601 872 2657 heredem
899 2605 1063 2657 terrae
1087 2619 1206 2658 sua:
1237 2603 1484 2670 suffecit,
1512 2608 1570 2658 et
1595 2603 1811 2658 substi-

156 2689 298 2753 tuit,
326 2687 380 2744 si
411 2688 570 2760 prior
598 2706 633 2744 a
657 2690 778 2744 vita
809 2690 1148 2758 discederet,
1167 2690 1483 2748 identidem
1507 2691 1811 2748 conﬁrma-

155 2777 244 2833 vit
274 2776 328 2832 ei
359 2777 499 2844 dux,
527 2781 586 2833 et
613 2782 912 2850 gratanter
941 2779 1248 2851 concessit,
1282 2781 1330 2834 si
1364 2781 1637 2852 primitus
1684 2780 1809 2852 ipse

158 2865 372 2931 obiret,
393 2866 748 2923 testantibus
769 2867 1151 2940 optimatibus
1167 2874 1370 2926 eorum
1393 2870 1703 2941 utrobique
1725 2887 1812 2924 as-

157 2954 738 3030 sistentibus.ltaque
763 2957 1138 3014 Boamundus
1160 2958 1453 3013 mediante
1479 2959 1810 3031 Septembri

157 3059 368 3099 mense
388 3059 549 3100 mare
566 3043 822 3116 sulcans,
847 3046 1110 3102 transitis
1127 3045 1473 3117 Cycladibus
1494 3065 1596 3119 per
1615 3063 1814 3122 aequor

153 3132 408 3206 sparsis,
429 3132 953 3189 venitMothonem.
970 3135 1350 3191 Postmodum
1369 3152 1502 3192 vero
1517 3136 1808 3204 Rhodum,

1917 551 2376 621 consolatricem,
2404 553 2530 624 jam
2562 551 2798 607 subibat
2826 551 2952 606 vita:
2985 552 3468 624 desperationem.

2535 641 2762 696 CAPUT
2805 641 2941 696 LIX.

2499 732 2570 786 De
2595 732 2743 786 mari
2769 747 2988 801 magno.

1914 819 2078 876 Circa
2107 821 2399 894 gurgitem
2448 819 2624 876 Italiae
2675 819 2974 876 multoties
3025 837 3196 875 naves
3237 820 3563 875 assuefiunt

1914 907 2252 980 periclitari,
2286 914 2342 964 et
2372 909 2632 981 undique
2691 909 2877 965 ﬂabra
2926 909 3298 976 commoveri,
3332 926 3459 981 quae
3492 910 3562 965 de

1914 999 2213 1054 montanis
2245 1014 2348 1070 per
2375 998 2649 1054 valestria
2677 998 3103 1070 prazcipitanter
3133 1016 3236 1070 per
3265 998 3562 1053 anfractus

1914 1089 2325 1144 subterraneos
2348 1088 2456 1143 rite
2475 1092 2824 1144 assuescunt
2854 1088 3198 1160 intorqueri,
3225 1092 3282 1142 et
3310 1087 3368 1142 in
3398 1086 3566 1142 verti-

1913 1177 2108 1250 ginem
2127 1177 2418 1250 voraginis
2442 1177 2788 1233 mirabiliter
2806 1176 3086 1232 convolvi.
3103 1177 3264 1242 Quod
3289 1177 3336 1232 si
3357 1176 3561 1248 paroni

1914 1265 2229 1339 aliquando
2257 1271 2446 1322 nauta:
2475 1267 2852 1334 obviaverint,
2876 1272 2933 1322 et
2962 1266 3338 1338 diripiuntur,
3363 1269 3420 1321 et
3450 1265 3564 1320 im-

1913 1355 2007 1428 pie
2039 1357 2502 1412 confunduntur.
2530 1357 2662 1422 Sed,
2697 1356 2794 1428 qui
2834 1374 2936 1428 pro
2969 1356 3066 1410 Dei
3093 1372 3288 1410 amore
3331 1355 3439 1410 hoc
3469 1371 3572 1428 pa-_

1912 1445 1995 1500 tiu
2006 1445 2457 1514 ntur,donativis
2472 1445 2594 1502 suis
2608 1445 2875 1517 nunquid
2891 1445 3068 1517 impie
3081 1445 3524 1500 frustrabuntur
3537 1443 3564 1499 ?

1917 1536 1992 1591 De
2023 1534 2132 1591 hoc
2160 1535 2306 1590 mari
2341 1539 2538 1591 nostro
2564 1534 2862 1590 tantillum
2895 1535 2978 1590 sic
3009 1534 3316 1590 habemus.
3342 1534 3422 1588 De
3453 1533 3564 1588 Me-

1913 1623 2242 1679 diterraneo
2262 1629 2457 1679 autem
2491 1640 2605 1679 non
2638 1627 2726 1679 est
2755 1623 3166 1691 omittendum,
3201 1623 3356 1678 unde
3392 1626 3567 1694 caput

1914 1712 2169 1768 extollat.
2205 1712 2556 1768 Existimant
2575 1713 2731 1768 enim
2755 1713 2994 1784 quidam
3018 1713 3184 1768 sinus
3209 1713 3353 1767 istos
3384 1728 3418 1766 a
3448 1711 3563 1766 Ga-

1915 1801 2114 1857 ditano
2147 1803 2292 1858 freto
2317 1801 2499 1872 nasci,
2533 1819 2637 1857 nec
2668 1801 2844 1858 aliam
2893 1819 3020 1858 esse
3071 1800 3352 1875 originem
3386 1817 3562 1873 quam

1916 1889 2135 1962 eliquia
2151 1891 2512 1963 erumpentis
2535 1891 2768 1947 Oceani.
2791 1891 2897 1956 Qui
2922 1889 3278 1946 contrarium
3301 1891 3568 1946 sentiunt

1917 1997 2148 2036 omnem
2175 1979 2413 2036 ﬂuorem
2440 1979 2604 2035 aiunt
2624 1998 2653 2036 e
2678 1981 2930 2052 ponticis
2960 1979 3228 2035 faucibus
3255 1980 3562 2048 inundare,

1915 2067 2092 2140 idque
2123 2068 2373 2124 fulciunt
2402 2073 2750 2142 argumento
2781 2086 2896 2124 non
2930 2069 3112 2137 inani,
3143 2069 3297 2141 quod
3329 2072 3505 2124 aestus
3536 2084 3567 2123 e

1917 2162 2095 2231 ponto
2127 2158 2390 2230 profluus
2422 2175 2725 2231 nunquam
2757 2159 3168 2230 reciprocetur.
3204 2159 3356 2213 Laus
3389 2157 3568 2230 igitur

1917 2252 1975 2303 et
2005 2247 2192 2303 honor
2233 2248 2499 2303 omnium
2549 2249 2624 2303 sit
2672 2247 2988 2316 Conditori,
3025 2247 3122 2319 qui
3175 2246 3372 2319 posuit
3421 2247 3567 2301 ﬁnes

1919 2337 2088 2403 mari,
2121 2354 2420 2410 apponens
2450 2337 2706 2393 claustra
2746 2342 2802 2391 et
2833 2340 3049 2408 portas.
3085 2335 3239 2391 Dixit
3269 2336 3425 2390 enim
3465 2335 3514 2390 ei
3550 2351 3563 2390 :

1922 2447 1950 2477 «
1982 2425 2104 2480 Huc
2135 2443 2322 2498 usque
2343 2426 2558 2493 venies,
2582 2431 2637 2481 et
2658 2427 2714 2481 in
2746 2431 2802 2481 te
2832 2430 3208 2481 conterentur
3237 2425 3451 2480 fluctus
3483 2423 3564 2480 tui

1919 2515 2050 2584 (Job
2073 2533 2300 2584 XXXVIII,
2322 2517 2466 2589 11).»
2493 2515 2651 2580 Quod
2677 2515 2774 2570 ubi
2800 2515 3083 2586 impetum
3108 2531 3281 2569 suum
3305 2514 3376 2568 ad
3399 2512 3565 2568 littus

1917 2603 2168 2671 illiserit,
2202 2604 2263 2658 in
2296 2621 2538 2675 spumas
2571 2603 2894 2672 resolvitur,
2927 2608 2984 2659 et
3013 2603 3306 2676 repagulis
3328 2601 3565 2675 quibus-

1918 2694 2054 2748 dam
2086 2710 2272 2749 arenze
2305 2693 2545 2748 humilis
2577 2693 2982 2764 repercutitur.
3007 2697 3308 2760 Caeterum,
3333 2691 3564 2764 nisijus

1919 2781 2120 2837 statuti
2182 2782 2430 2838 ceclestis
2475 2781 2784 2846 Inhiberet,
2818 2781 2958 2853 quid
2991 2783 3248 2838 obstaret
3279 2781 3421 2853 quin
3464 2797 3568 2853 per

1919 2871 2094 2944 plana
2114 2871 2472 2944 Egypti,quzc
2493 2871 2743 2926 maxime
2763 2870 3178 2926 humilioribus
3192 2872 3390 2942 jacent
3408 2868 3568 2925 valli-

1919 2961 2052 3029 bus,
2078 2977 2237 3016 mare
2268 2961 2535 3015 Rubrum
2558 2959 2799 3033 Egyptio
2831 2959 3032 3032 pelago
3061 2959 3442 3015 misceretur?
3464 2959 3568 3013 De-

1919 3049 2096 3122 nique
2118 3050 2327 3105 docent
2345 3049 2471 3115 hoc,
2493 3049 2594 3120 qui
2614 3047 2925 3104 voluerunt
2961 3049 3082 3102 haec
3107 3049 3220 3103 duo
3240 3047 3350 3103 sibi
3383 3047 3572 3102 maria

1921 3143 2281 3207 connectere,
2341 3142 2514 3210 atque
2571 3137 2631 3191 in
2687 3154 2748 3192 se
2805 3137 3236 3192 transfundere.
3288 3135 3570 3192 Sesostris

158 3220 578 3294 Pamphiliam,
610 3226 668 3278 et
689 3221 901 3278 Liciam
935 3228 1195 3294 permeat
1224 3229 1282 3280 et
1313 3224 1490 3280 Italiae
1522 3226 1812 3298 gurgitem
1844 3214 1886 3281 C
1926 3226 2223 3301 Egyptius,
2259 3226 2358 3298 qui
2390 3225 2688 3298 antiquior
2717 3225 2845 3294 fuit,
2880 3231 2936 3280 et
2966 3225 3174 3281 Darius
3205 3225 3432 3292 Medus,
3466 3224 3569 3296 qui

163 3327 324 3383 saepe
358 3309 698 3384 navigantes
729 3313 1057 3376 conturbat.
1108 3313 1246 3368 Inde
1293 3313 1584 3370 transiens
1619 3313 1814 3397 Aptio-

157 3398 360 3456 chiam
382 3417 642 3472 parvam,
668 3400 825 3456 venit
847 3399 918 3456 ad
943 3418 1239 3474 magnam,
1272 3403 1630 3459 transeundo
1653 3403 1816 3459 Isau-

160 3488 340 3556 riam,
365 3494 422 3544 et
443 3489 649 3544 urbem
677 3489 1020 3546 Seleuciam.
1050 3491 1312 3556 Quicum
1335 3492 1586 3565 Cyprum
1610 3492 1814 3565 liquis-

159 3582 254 3633 set
284 3577 358 3633 ad
381 3578 698 3647 dexteram,
733 3578 1025 3635 Tharsum
1054 3581 1103 3635 si
1132 3581 1367 3652 quidem
1392 3581 1619 3637 dimisit
1640 3582 1711 3638 ad
1733 3581 1816 3637 si-

161 3666 438 3736 nistram,
469 3671 526 3723 et
557 3667 825 3723 Melotem
859 3667 1063 3724 urbem
1091 3668 1560 3742 opinatissimam
1584 3671 1817 3742 jamdiu

159 3760 480 3812 vastatam.
495 3757 574 3812 Eo
597 3760 736 3812 tunc
751 3761 1010 3830 tempore
1029 3756 1226 3831 plures
1243 3758 1432 3814 bifarii
1449 3765 1504 3816 et
1516 3759 1819 3816 helluones

161 3843 239 3901 de
278 3844 429 3900 mari
460 3849 720 3902 recenter
749 3850 1026 3904 exeuntes
1056 3847 1374 3920 vulgabant
1404 3849 1604 3921 procul
1639 3849 1818 3904 dubio

163 3933 340 3990 nobis
371 3933 431 3988 in
463 3934 900 4005 Hierosolymis,
930 3953 1066 3992 eum
1090 3937 1491 4009 proculdubio
1515 3939 1669 4011 apud
1704 3944 1819 3994 An-

161 4022 427 4079 tiocbam
449 4022 822 4096 appliCuisse,
848 4031 904 4080 et
925 4026 1380 4095 mentiebantur,
1403 4027 1822 4085 Verumtamen

165 4112 368 4168 dicere
397 4129 459 4168 se
489 4111 798 4185 putabant,
832 4113 969 4186 quia
996 4131 1131 4170 cum
1153 4115 1350 4188 aliqua
1379 4121 1542 4189 parte
1565 4118 1821 4173 militum

163 4217 418 4256 suorum
451 4217 640 4274 usque
671 4193 1087 4258 Pataram'una
1119 4209 1412 4275 venerant,
1439 4209 1494 4260 et
1522 4224 1655 4261 cum
1679 4206 1825 4261 acci-

165 4289 449 4362 pitribus,
478 4295 534 4345 et
549 4291 826 4362 capris,et
847 4292 1194 4366 aucupibus,
1215 4299 1388 4366 atque
1406 4296 1825 4366 canibus,quos

165 4383 308 4436 ante
338 4379 748 4452 pr‘mmittebat.

773 4470 998 4528 CAPUT
1046 4472 1231 4529 LVIII.

479 4560 554 4615 Dc
565 4560 835 4633 periculis
864 4563 925 4616 in
952 4563 1100 4618 mari
1124 4563 1513 4618 evenientibus.

245 4646 437 4703 Multa
468 4665 620 4721 saepe
638 4648 997 4722 turbulenta,
1055 4651 1143 4707 vel
1175 4651 1290 4708 Deo
1320 4651 1567 4723 volente,
1586 4647 1673 4708 vel
1705 4669 1830 4724 per—

171 4736 538 4805 mittente,in
567 4738 716 4794 mari
748 4739 1162 4812 navigantibus
1193 4745 1528 4811 occurrunt;
1562 4745 1687 4796 tum
1721 4741 1830 4798 sol-

167 4826 337 4882 vitur
364 4825 776 4896 anchora,tum
804 4828 1096 4901 frangitur
1124 4834 1399 4894 antenna,
1421 4829 1510 4886 vel
1540 4830 1825 4902 aplustra,

1925 3316 2164 3388 majoris
2195 3315 2458 3370 contuitu
2490 3315 2757 3387 potentia:
2788 3315 2844 3368 in
2871 3315 3140 3370 elfectum
3170 3314 3353 3370 voluit
3383 3315 3569 3369 addu-

1925 3423 2071 3473 cere,
2106 3406 2260 3478 quod
2294 3406 2366 3460 ab
2394 3404 2670 3476 indigena
2701 3404 2890 3459 fuerat
2928 3407 3060 3459 ante
3091 3407 3400 3459 tentatum.
3434 3405 3594 3468 Quae.

1927 3510 2018 3548 res
2041 3493 2254 3548 indicio
2287 3493 2550 3564 estquod
2585 3492 2857 3564 superius
2889 3498 2978 3548 est
3008 3510 3167 3548 mare
3198 3493 3485 3564 Indicum,
3511 3492 3570 3548 in

1927 3599 2040 3656 quo
2063 3599 2223 3637 mare
2254 3581 2689 3653 Rubrum,quia
2720 3599 2917 3654 aequor
2942 3583 3446 3656 Egyptium,quod
3478 3583 3572 3637 in-

1926 3671 2106 3727 ferius
2138 3669 2322 3726 alluit.
2352 3672 2420 3725 Et
2453 3671 2718 3726 fortassis
2745 3689 2816 3726 ne
2846 3671 3023 3726 latius
3051 3689 3112 3726 se
3141 3689 3300 3727 mare
3321 3671 3575 3727 elfunde-

1927 3764 2035 3826 ret,
2066 3761 2136 3816 de
2165 3760 2567 3832 superioribus
2598 3761 2668 3814 ad
2703 3760 2975 3816 inferiora
3019 3761 3411 3833 praecipitans,
3445 3761 3572 3816 ideo

1926 3848 2234 3904 molimina
2265 3865 2372 3905 sua
2403 3865 2500 3904 rex
2529 3852 2772 3923 uterque
2802 3849 3104 3905 revocavit.
3144 3850 3260 3904 Hoc
3290 3849 3350 3904 in
3386 3850 3575 3905 Hexa—

1928 3955 2130 3994 meron
2160 3937 2448 3994 Ambrosii
2475 3938 2558 3992 sic
2588 3937 2858 3993 habetur.
2891 3938 3063 3993 Aliud
3092 3956 3226 3994 vero
3269 3939 3329 3993 in
3379 3939 3575 3994 Solino

1930 4027 2240 4084 invenitur.
2276 4026 2566 4082 Mirabilia
2597 4027 2776 4099 igitur
2803 4045 2980 4099 opera
3008 4027 3134 4098 Dei,
3163 4027 3348 4084 multo
3381 4032 3576 4084 autem

1930 4116 2254 4172 mirabilior
2281 4117 2380 4188 qui
2421 4115 2556 4170 facit
2585 4121 2641 4170 et
2676 4116 2941 4187 disponit
2970 4133 3056 4171 ea.
3091 4118 3253 4182 Quod
3305 4117 3354 4172 si
3380 4117 3579 4189 aliqua

1932 4205 2148 4261 nostris
2179 4205 2513 4276 aspectibus
2541 4204 2813 4260 videntur
2856 4205 3159 4274 deformia,
3195 4205 3580 4261 nihilominus

1935 4299 2128 4350 tamen
2162 4298 2301 4348 sunt
2331 4292 2645 4360 laudanda,
2677 4293 2814 4365 quia
2843 4293 3122 4348 Conditor
3151 4295 3417 4350 omnium
3445 4294 3584 4350 facit

1936 4399 2022 4453 ea,
2058 4383 2176 4438 imo
2211 4399 2315 4437 nec
2345 4381 2542 4437 minus
2575 4386 2713 4437 sunt
2744 4381 2930 4436 utilia.
2950 4383 3138 4437 Etiam
3169 4381 3228 4436 in
3261 4383 3464 4438 cimice
3485 4383 3584 4438 dat

1937 4472 2090 4527 Deus
2117 4470 2486 4539 medelam,et
2504 4470 2563 4524 in
2587 4469 2795 4542 polypo
2818 4471 2976 4542 pisce
3002 4470 3266 4525 immittit
3282 4471 3581 4540 astutiam,

1859 4587 1906 4651 D
1936 4560 2025 4651 vel
2057 4560 2284 4617 echino.
2331 4559 2732 4651 Serpentibus
2761 4561 3140 4651 quoqueudat
3170 4561 3541 4651 prudentiam
3567 4579 3581 4629 ;

1938 4649 2252 4722 aliquando
2300 4650 2560 4721 praebent
2607 4648 2918 4714 medelam,
2953 4649 3266 4720 aliquando
3325 4649 3588 4705 inferunt

1935 4744 2182 4813 pestem,
2211 4737 2300 4794 vel
2332 4738 2508 4793 etiam
2559 4741 2828 4794 mortem.
2855 4738 3156 4793 Interdum
3200 4755 3332 4794 vero
3378 4741 3586 4812 parant

1935 4828 2304 4900 obsequium,
2337 4826 2633 4882 Interdum
2660 4844 2795 4882 vero
2836 4830 3276 4882 noeumentum.
3309 4828 3584 4892 Quando-

168 4914 264 4972 vel
298 4915 575 4972 rudentes
603 4919 981 4990 rumpuntur.
1027 4917 1290 4990 Cumque
1320 4919 1473 4975 venti
1503 4923 1828 4990 mutantur,
1937 4919 2177 4992 quidem
2212 4917 2540 4973 antidotum
2591 4916 2877 4990 tyriacum
2925 4917 2994 4972 de
3034 4933 3273 4988 corpore
3299 4917 3587 4990 serpentis

172 5009 326 5060 tunc
355 5004 428 5059 ad
458 5004 812 5062 cherucbam
843 5010 1222 5079 respectatur,
1255 5013 1322 5064 ut
1352 5008 1401 5064 si
1435 5026 1709 5082 prospere
1740 5011 1829 5065 in-

1938 5007 2143 5066 conﬁci
2170 5007 2354 5064 solere
2385 5007 2798 5078 dicatur,quod
2830 5006 3037 5078 utique
3058 5005 3242 5063 virtus
3259 5023 3587 5080 corpusque

173 5093 417 5164 cedant,
449 5092 726 5151 distincte
754 5099 812 5150 et
843 5095 1085 5152 solerter
1113 5098 1465 5170 experiatur.
1500 5100 1830 5155 Cavendum
1941 5098 2227 5170 serpentis
2276 5113 2412 5153 cum
2462 5095 2652 5152 solum
2698 5096 2955 5152 sumitur
3003 5099 3192 5162 nocet,
3225 5113 3359 5152 cum
3394 5099 3589 5153 autem

175 5199 252 5238 ne
269 5185 441 5239 nocte
456 5199 576 5240 una
590 5184 888 5257 perdatur.
907 5189 1052 5242 Cum
1078 5186 1237 5243 enim
1266 5186 1444 5244 stellae
1463 5187 1831 5256 obnubilant,

176 5270 230 5327 si
265 5271 457 5328 cubus
486 5271 627 5330 ratis
666 5272 948 5344 alliditur,
982 5280 1231 5332 mortem
1279 5275 1434 5332 illico
1463 5276 1550 5333 vel
1600 5278 1836 5334 naufra-

174 5361 348 5433 gium
364 5360 547 5433 pestis
566 5361 886 5422 imminens
916 5364 1242 5422 minitatur.
1269 5365 1431 5421 Sicut
1455 5365 1512 5420 in
1546 5369 1721 5434 terra,
1752 5367 1836 5424 sic

177 5449 317 5506 etin
341 5449 486 5506 mari
519 5450 800 5523 pericula,
822 5453 970 5520 Quid
989 5454 1058 5510 de
1079 5453 1247 5510 nobis
1279 5453 1584 5518 miramur,
1602 5453 1650 5508 si
1676 5455 1839 5512 Pauli

1897 5201 1906 5216 '
1944 5185 2300 5244 admiscetur
2327 5185 2460 5242 aliis
2492 5185 2728 5242 sanitati
2758 5190 2847 5242 est
2875 5189 2932 5240 et
2963 5185 3163 5255 saluti,

2583 5274 2814 5330 CAPUT
2855 5274 2964 5328 LX.

2388 5365 2464 5420 De
2486 5366 2778 5433 generibus
2807 5368 3164 5434 serpentium.

2018 5454 2304 5512 Basilicus
2332 5458 2527 5508 autem
2559 5457 2650 5509 est
2679 5455 2749 5509 ad
2782 5451 3146 5524 semipedem
3194 5451 3607 5525 longitudinis,

181 5537 436 5612 apostoli
495 5541 878 5616 naufragium
919 5543 1316 5600 recordamur.
1364 5541 1453 5596 Ad
1497 5544 1838 5602 tentandam
1946 5542 2118 5602 albus
2149 5541 2320 5617 quasi
2367 5541 2625 5612 mitrula,
2659 5541 2914 5598 lineatus
2963 5551 3166 5618 caput,
3199 5557 3305 5599 nec
3352 5539 3614 5595 hominis

181 5625 390 5706 abysﬁ
417 5630 878 5706 profunditatem
902 5631 1253 5693 dimiserunt
1279 5628 1536 5690 naucleri
1559 5628 1840 5696 bolidem.

510 5760 774 5829 Parnm.
820 5760 990 5829 OLV.

1947 5636 2189 5698 tantum
2217 5631 2309 5691 vel
2341 5630 2590 5691 aliorum
2621 5629 3019 5691 animantium
3059 5633 3255 5694 exitiis
3286 5627 3466 5682 datus
3516 5623 3618 5681 sed

3228 5755 3320 5825 30
