3998 6088
385 213 508 278 939
923 217 1029 278 AD
1074 214 1590 283 GODEFRIDUM
1631 209 1967 278 APPEND.
2013 207 2093 271 II.
2126 242 2203 255 -—
2230 209 2542 277 MONUM.
2591 214 2694 276 DE
2736 213 2991 278 ΒΜ,ιο
3034 214 3312 279 SACRO.
3679 216 3800 278 940

387 354 556 405 terrm
586 362 840 421 quoque,
874 364 1050 421 quam
1098 348 1310 422 polluit
1351 355 1408 406 et
1454 350 1659 407 exurit.
1696 346 2037 417 Ubicunque
2067 343 2120 409 Α
2150 347 2238 398 rat
2268 360 2441 410 anno,
2475 346 2865 419 Opinabamur
2893 364 3029 403 eum
3064 364 3178 402 non
3223 363 3352 402 esse
3400 346 3555 402 ultra
3598 353 3796 403 ventu-

391 434 778 504 fuerit,ferale
799 436 1045 493 sortitur
1063 438 1522 512 receptaculum,
1552 437 1802 511 denique
1829 433 2052 492 exstin-
2140 449 2317 501 .rum,
2341 433 2493 491 sicut
2521 435 2971 493 interminatam
3003 437 3283 506 fuerat,et
3311 436 3465 493 sicut
3496 436 3653 493 fama
3681 453 3812 509 pro-

393 524 527 599 guit
556 523 794 594 herbas,
828 530 998 583 necat
1026 527 1283 584 arbores.
1318 528 1482 602 Ipsns
1508 529 1687 584 etiam
1729 523 2053 597 corrumpit

399 630 599 682 auras,
620 612 701 670 ita
719 618 783 670 ut
803 613 863 670 in
886 632 1017 672 aere
1037 615 1201 672 nulla
1220 617 1427 674 alitum
1452 619 1694 691 impune
1713 613 2049 671 transvolet.

400 701 615 760 infecto
647 702 861 776 spiritu
890 702 1204 778 pestilenti.
1226 712 1369 763 Cum
1402 711 1686 775 movetur,
1712 703 1906 760 media
1936 702 2054 758 cor-

400 790 560 865 poris
590 796 756 865 parte
786 793 987 867 serpit,
1021 793 1213 852 media
1260 795 1480 851 arduus
1529 800 1617 851 est
1666 798 1723 850 et
1764 791 2047 849 excelsus.

402 879 651 938 Sibilum
672 881 801 954 ejus
821 881 1000 939 etiam
1017 889 1315 957 serpentes
1338 884 1807 958 perhorrescunt.
1822 884 1891 937 Et
1916 897 2050 937 cum

398 969 689 1043 acceperit
709 971 1180 1046 fugam,qua2que
1193 990 1428 1047 quoquo
1446 978 1694 1047 possunt
1717 973 2048 1045 properant.

401 1058 696 1132 Quidquid
716 1076 917 1117 morsu
938 1061 1068 1134 ejus
1088 1063 1374 1131 atteritur,
1400 1080 1515 1120 non
1538 1062 1872 1136 depascitur
1908 1060 2048 1127 fera,

399 1164 516 1205 non
533 1152 800 1206 attrectat
819 1148 960 1207 ales.
981 1150 1248 1209 Mustelis
1278 1156 1473 1209 tamen
1494 1152 1765 1220 vincitur,
1788 1164 1936 1223 quas
1958 1148 2052 1204 in—

398 1236 595 1294 ferunt
612 1237 884 1296 homines
901 1240 1163 1297 cavernis
1181 1241 1400 1314 quibus
1417 1238 2055 1311 delitescunt.Deniquo

398 1325 659 1384 basilisci
690 1327 974 1402 reliquias
1004 1330 1199 1403 amplo
1217 1330 1494 1387 sestercio
1525 1328 1864 1404 Pergameni
1896 1344 2056 1403 com-

401 1420 774 1489 paraverunt,
798 1421 864 1474 ut
891 1418 1075 1475 eadem
1105 1419 1391 1493 Apollinis
1423 1436 1600 1476 manu
1636 1419 1929 1492 insignem
1950 1433 2056 1475 nec

402 1519 626 1562 aranea
655 1504 995 1577 intexerent,
1029 1523 1134 1563 nec
1165 1505 1333 1564 alites
1380 1507 1725 1564 involarent.
1756 1505 2053 1580 Amphisi-

402 1593 554 1651 bena
581 1593 771 1668 surgit
799 1595 859 1651 in
892 1599 1068 1669 caput
1097 1595 1422 1670 geminum,
1448 1613 1698 1670 quorum
1727 1596 2053 1652 secundum

2160 522 2711 598 miserat.Sed,quia
2724 526 2893 597 juxta
2913 526 3206 599 prophetis
3227 524 3619 598 eloquium,in
3633 542 3811 583 manu

2160 610 2417 669 hominis
2447 614 2538 668 via
2568 616 2698 687 ejus
2727 632 2843 671 non
2875 620 2981 683 est,
3008 632 3113 671 nec
3135 616 3207 671 ab
3238 615 3618 683 homine,sed
3648 617 3811 673 aDo-

2162 700 2323 758 mino
2379 717 2621 775 gressus
2669 703 2929 761 hominis
2980 704 3319 777 diriguntur
3347 708 3532 775 (Prov.
3565 722 3655 773 xx,
3690 707 3806 775 24),

2162 806 2326 863 spem
2358 808 2427 847 ex
2453 796 2615 864 parte
2646 810 2861 867 magna
2883 793 3247 849 defraudavit
3275 794 3635 867 opinio.Non
3656 794 3812 851 enim

2160 880 2228 934 fit
2255 880 2411 951 quod
2445 880 2705 937 humana
2750 882 3000 938 aviditas
3051 882 3297 949 stabilit,
3330 883 3431 939 sed
3475 884 3633 956 quod
3664 883 3815 940 Deus

2160 969 2377 1025 arbiter
2398 970 2621 1026 meritis
2643 969 2920 1026 humanis
2943 976 3270 1043 competere
3283 971 3654 1042 judicaverit.
3675 976 3816 1029 Cum

2160 1061 2355 1114 autem
2387 1075 2489 1131 per
2519 1058 2747 1116 litteras
2778 1077 2919 1116 suas
2950 1077 3048 1115 rex
3077 1061 3411 1117 mandando
3434 1061 3604 1118 nobis
3623 1060 3818 1118 Hiero-

2162 1145 2404 1218 solymis
2453 1147 2710 1205 innotuit
2753 1166 2887 1205 eum
2932 1150 3057 1221 jam
3090 1149 3404 1206 Antiochiae
3437 1149 3811 1223 applicatum,

2164 1236 2444 1293 omnibus
2478 1254 2595 1293 non
2629 1238 3000 1295 mediocriter
3046 1238 3284 1311 placuit.
3315 1239 3425 1295 Sed
3483 1244 3680 1307 Deum,
3713 1240 3811 1313 qui

2164 1342 2299 1381 eum
2330 1326 2573 1382 adduxit
2611 1344 2846 1399 sanum,
2880 1327 3076 1383 cuncti
3124 1326 3516 1385 laudavimus.
3548 1329 3681 1384 Jam
3726 1329 3813 1386 sol

2163 1415 2473 1483 occiderat,
2489 1430 2621 1470 cum
2658 1419 2891 1488 portum
2922 1419 3089 1473 nocte
3123 1416 3436 1472 subintrat.
3457 1417 3814 1475 Adventante

2164 1507 2359 1560 autem
2391 1503 2491 1560 illo
2521 1504 2907 1577 Antiochiam,
2940 1506 3012 1561 ab
3040 1505 3317 1562 omnibus
3365 1506 3688 1579 gaudenter
3725 1510 3815 1563 est

2163 1593 2611 1666 susceptus.Cui
2643 1611 2777 1655 cum
2809 1594 3180 1667 processione
3211 1612 3428 1669 magna
3453 1599 3512 1651 et
3535 1595 3813 1652 laudibus

401 1698 471 1739 ea
499 1682 559 1739 in
589 1688 754 1757 parte
774 1701 890 1758 qua
920 1689 1008 1741 est
1027 1686 1232 1742 cauda.
1268 1689 1532 1742 Cerastes
1562 1686 1878 1759 praeferunt
1907 1701 2050 1758 qua—
2081 1717 2129 1783 B
2164 1682 2364 1756 populi
2406 1682 2782 1783 celeberrime
2827 1701 2925 1783 rex
2973 1683 3223 1783 obviam.
3256 1683 3413 1756 exiit,
3427 1688 3503 1783 .e-t
3549 1683 3816 1783 alacriter

401 1771 731 1846 drigemina
783 1773 1103 1845 cornicula,
1135 1791 1385 1848 quorum
1436 1775 1826 1831 ostentatione
1873 1773 2053 1830 veluti

402 1876 538 1918 esca
564 1860 718 1918 illice
741 1861 1024 1921 sollicitas
1043 1880 1176 1920 aves
1196 1868 1501 1937 premunt;
1526 1881 1663 1920 nam
1684 1863 1911 1936 reliqua
1933 1879 2055 1919 cor-

402 1949 562 2024 poris
592 1951 663 2008 de
692 1951 985 2009 industria
1014 1953 1210 2010 arenis
1234 1957 1460 2027 tegunt.
1486 1954 1821 2010 Hemorrois
1852 1969 2053 2009 morsu

404 2039 753 2115 sanguinem
773 2040 1012 2109 elicit,et
1031 2042 1335 2099 dissolutis
1356 2042 1516 2099 venis
1534 2042 1818 2115 quidquid
1844 2042 2051 2097 animae

404 2132 495 2184 est
521 2133 720 2185 evocat
747 2146 850 2203 per
877 2147 1163 2187 cruorem.
1198 2131 1426 2188 Prester
1457 2148 1631 2204 quem
1677 2131 2050 2205 percusserit,

404 2215 1126 2292 distenditur,enormique
1147 2220 1510 2294 corpulentla
1530 2223 1792 2290 necatur,
1815 2221 2051 2276 extube~

404 2308 562 2362 ratos
573 2306 788 2380 saepius
807 2309 1052 2382 putredo
1069 2309 1471 2382 subsequitur.
1486 2310 1636 2366 Sunt
1651 2314 1707 2365 et
1727 2309 2048 2379 bimoditze,

400 2398 491 2451 cst
517 2399 575 2451 et
593 2395 964 2465 Chencheris,
987 2396 1315 2470 elephantis
1345 2397 1846 2465 cbelsidrica,Med
1857 2414 2056 2454 racon-

395 2485 504 2539 tes.
537 2483 836 2542 Postremo
867 2491 1154 2559 quantum
1187 2486 1515 2554 hominum,
1538 2491 1738 2544 tantus
1769 2488 2047 2543 mortium

395 2588 697 2631 numerus.
745 2575 1091 2648 Scorpiones
1147 2575 1346 2643 etiam,
1399 2576 1602 2645 scinci,
1638 2576 1888 2643 lacertae,
1921 2593 2047 2649 quae

392 2662 718 2732 vermibus,
748 2680 865 2720 non
923 2664 1296 2738 serpentibus
1342 2665 1740 2722 ascribuntur.
1790 2666 2052 2722 Monstra

397 2748 523 2808 haec
552 2751 602 2808 si
626 2750 884 2822 sibilant,
903 2752 1254 2811 clementius
1276 2754 1513 2824 feriunt,
1532 2754 1753 2811 habent
1782 2755 2046 2825 affectus,

400 2856 520 2897 non
548 2843 769 2899 temere
798 2841 913 2899 nisi
943 2843 1014 2899 ad
1048 2843 1328 2917 cenjuges
1355 2848 1693 2918 evagantur.
1718 2844 1869 2900 Sunt
1889 2848 1948 2901 et
1955 2845 2049 2916 ja-

394 2928 641 3004 euli,qui
670 2933 978 3004 penetrant
1006 2931 1226 2989 animal
1257 2933 1649 3006 quodcunque
1681 2933 1915 2989 obvium
1939 2933 2049 2990 for-

395 3021 543 3076 tuna
571 3019 788 3077 fecerit.
802 3020 1017 3078 Scitale
1046 3024 1211 3078 tanta
1231 3021 1537 3095 praefulget
1567 3022 1717 3096 tergi
1747 3023 2042 3093 varietate,

2164 1788 2299 1828 eum
2331 1771 2608 1845 suscepit.
2633 1773 2702 1828 Et
2732 1772 2932 1828 habita
2957 1772 3342 1829 collocutionc
3372 1773 3445 1829 ad
3466 1772 3711 1829 invicem
3737 1774 3815 1830 fe-

2162 1859 2339 1929 stina,
2371 1861 2647 1917 continuo
2682 1878 2781 1917 rex
2822 1865 3034 1917 terram
3069 1878 3236 1917 suam
3269 1861 3508 1917 trrdidit
3538 1863 3589 1919 ei
3630 1866 3813 1918 totam

2162 1953 2218 2005 et
2249 1950 2320 2006 de
2352 1949 2585 2006 ﬁliabus
2617 1950 2742 2006 suis
2774 1950 2833 2005 in
2865 1950 3312 2006 matrimonium
3344 1968 3543 2007 unam.

2160 2084 2239 2133 En
2269 2097 2422 2133 socer
2451 2088 2611 2148 atque
2641 2099 2821 2147 gener,
2854 2088 3004 2147 pater
3031 2084 3119 2134 hic
3155 2089 3209 2134 et
3236 2085 3377 2135 ﬁlius
3404 2085 3552 2136 alter.

2160 2155 2355 2219 Diligat
2384 2155 2527 2205 hunc
2557 2155 2661 2217 ille,
2694 2157 2869 2219 potior
2898 2157 2972 2205 sic
3003 2155 3094 2205 ﬁet
3114 2160 3359 2220 uterque.

2160 2289 2325 2344 Tunc
2354 2288 2652 2361 apparatis
2682 2288 2927 2361 nuptiis,
2945 2288 3203 2362 legitime
3235 2289 3812 2361 suntexpletae.Con-

2160 2376 2387 2432 sidente
2411 2381 2608 2433 autem
2640 2378 2981 2434 Boamundo
3013 2394 3191 2451 super
3238 2378 3587 2435 cliotedrum
3634 2396 3812 2435 suum

2160 2465 2421 2539 principe
2452 2467 2676 2534 effecto,
2708 2466 3085 2539 diploideque
3116 2467 3533 2524 decentissima
3576 2469 3807 2538 vestito,

2158 2556 2493 2611 convocatis
2515 2555 2902 2628 optimatibus
2933 2556 3058 2611 suis
3079 2557 3728 2628 omnibus,juraverunt
3755 2558 3809 2614 ei

2158 2643 2545 2701 humanitatis
2566 2645 2863 2701 subditam
2888 2645 3248 2714 ﬁdelitatem,
3274 2650 3556 2719 praesente
3586 2663 3739 2720 rege,
3755 2652 3815 2704 et

2156 2748 2224 2789 eo
2254 2732 2579 2801 favente,ab
2611 2749 2677 2789 eo
2702 2733 2794 2789 die
2819 2737 2878 2789 et
2908 2734 3186 2806 deinceps
3215 2751 3278 2791 se
3300 2740 3652 2793 servaturos.
3676 2736 3815 2802 Qui-

2156 2821 2269 2878 bus
2299 2821 2504 2896 gestis,
2535 2822 2711 2878 rediit
2741 2839 2840 2878 rex
2868 2822 3257 2880 Hierusalem.

2156 2954 2376 3020 Scorpio
2406 2956 2635 3007 caelestis
2664 2971 2785 3006 cum
2815 2956 3019 3007 fulserit
3051 2961 3197 3009 ortus
3228 2957 3283 3007 in
3312 2958 3485 3018 astris,

2153 3027 2425 3090 Excipitur
2451 3040 2615 3091 regno
2646 3026 2989 3077 Boamundus
3019 3028 3074 3077 in
3108 3028 3437 3079 Antiocheno

396 3111 463 3164 ut
491 3112 764 3166 notarum
793 3109 984 3184 gratia
1010 3087 1271 3167 videntes
1294 3087 1569 3168 retardet.
1585 3087 1815 3185 Deipsis
1836 3111 1933 3169 siti
1961 3087 2043 3167 in;
2076 3087 2120 3156 α
2154 3087 2331 3150 Orba“
2360 3087 2657 3148 θυαε-θοοὶ
2683 3098 2998 3163 retrogradi!
3025 3100 3132 3149 ειδι
3158 3101 3419 3150 renonu-

394 3198 625 3255 terﬁcit.
640 3196 897 3272 Sippiale
914 3199 1069 3272 quod
1091 3216 1298 3257 somno
1321 3204 1485 3257 necet
1502 3204 1670 3269 teste,
1690 3200 1868 3257 etiam
1904 3217 2047 3258 con-

396 3286 654 3344 sumitur
681 3288 755 3344 ad
785 3291 1054 3344 mortem.
1084 3287 1345 3345 Aliarum
1376 3289 1538 3346 virus
1575 3306 1755 3362 quam
1786 3290 2045 3348 medelas

394 3375 651 3433 admittit
668 3376 888 3445 minus,
904 3377 1057 3433 fame
1087 3377 1353 3434 moritur.
1369 3382 1501 3434 Haec
1520 3378 1685 3435 valde
1714 3379 1875 3435 mina
1896 3379 2046 3436 nihi-

391 3463 770 3537 lominusque
799 3463 1087 3534 miranda,
1122 3482 1250 3539 qua:
1279 3466 1529 3540 Magnus
1548 3466 1873 3524 Alexander
1899 3468 2045 3525 vidit

392 3552 453 3610 in
473 3552 658 3610 Indla.
684 3552 848 3611 Unde
877 3552 1160 3627 magistro
1191 3572 1298 3612 suo
1314 3555 1698 3625 Aristoteli,et
1717 3556 1892 3612 matri
1923 3574 2042 3613 suae

392 3640 721 3716 Olympiadi
754 3643 1088 3700 mandando
1108 3643 1190 3700 ita
1205 3644 1382 3700 dicit:
1406 3645 1579 3701 «Non
1602 3645 1896 3702 crederem
1919 3646 2042 3701 cui-

392 3747 571 3805 quam
592 3734 679 3789 tot
698 3747 826 3789 esse
846 3731 1133 3806 prodigia,
1147 3731 1260 3789 nisi
1285 3737 1523 3807 sumpta
1543 3733 1668 3807 ipse
1690 3733 1874 3791 oculis
1895 3734 2042 3792 meis

390 3819 830 3892 ponderassem.
855 3842 884 3872 ››
902 3819 1048 3877 Vere
1065 3838 1164 3878 rex
1187 3822 1295 3879 isto
1314 3821 1402 3877 vir
1424 3821 1533 3878 fuit
1553 3821 1792 3879 omnino
1816 3824 2040 3897 magni-

390 3908 561 3980 ﬁcus,
592 3912 650 3966 et
675 3908 735 3966 in
767 3909 1014 3984 negotiis
1045 3910 1170 3967 suis
1195 3926 1374 3983 sagax
1405 3914 1461 3966 et
1488 3911 2043 3984 circumspectus,et

391 3997 600 4072 ingens
628 3998 833 4073 viguit,
864 4001 922 4056 et
949 4002 1156 4072 potens
1186 3999 1396 4073 potuit,
1431 4016 1548 4055 non
1581 4003 1645 4054 ut
1673 3999 1876 4073 pluma
1904 4002 2042 4058 voli-

389 4089 544 4158 tans,
578 4103 684 4146 nec
713 4087 932 4162 stipula
952 4088 1211 4145 ﬂuitans.

1010 4203 1243 4261 CAPUT
1286 4203 1422 4263 LXI.

385 4297 467 4352 Dc
492 4293 728 4353 adventu
755 4292 1065 4367 Boamundi
1104 4293 1481 4367 adolescentis,
1512 4302 1563 4349 et
1605 4292 1671 4350 de
1706 4296 2041 4367 susceptione

941 4366 1062 4437 ejus
1089 4365 1152 4421 in
1173 4364 1481 4422 Antiochia.

2769 3295 2997 3352 CAPUT
3036 3295 3202 3351 LXII.

2624 3413 2698 3468 De
2722 3411 3043 3483 pestilentia
3069 3414 3338 3467 murium.

2222 3582 2387 3637 Anno
2435 3581 2674 3637 1127ab
2730 3584 2863 3636 ortu
2912 3578 3165 3649 Domini,
3200 3580 3518 3637 indictione
3564 3597 3695 3637 vero
3750 3598 3807 3649 ν,

2152 3669 2380 3725 ebulliit
2408 3668 2725 3725 multitudo
2760 3668 3018 3725 rrurium
3050 3668 3342 3725 immensa
3370 3668 3429 3724 in
3454 3666 3687 3742 regione
3708 3669 3813 3725 Pa-

2151 3756 2449 3827 lestina,in
2479 3762 2711 3814 tantum
2736 3761 2799 3813 ut
2830 3758 3035 3814 bovem
3055 3774 3241 3813 unum
3263 3776 3298 3813 a
3324 3757 3596 3814 clunibus
3618 3758 3813 3831 oppri-

2153 3852 2378 3903 mentes
2409 3848 2864 3913 comederent,et
2887 3847 3242 3903 suffocantes
3266 3863 3399 3902 eum
3425 3864 3558 3902 eum
3581 3852 3810 3919 septem

2151 3936 2487 3993 vervecibus
2512 3937 2873 3992 devorarent.
2890 3935 3152 4009 Denique
3182 3952 3317 3993 cum
3341 3935 3485 3994 satis
3508 3935 3725 4008 saepius
3749 3936 3811 3992 in

2151 4024 2445 4083 territorio
2476 4024 2892 4083 Aehonitarum
2923 4030 3276 4093 vastassent,
3308 4029 3574 4098 petentes
3623 4042 3817 4098 aqua-

2148 4114 2367 4171 tionem
2426 4118 2706 4171 montana
2751 4113 3061 4187 Tyriorum
3122 4114 3609 4171 conscenderunt.
3643 4113 3817 4174 Unde

2150 4209 2291 4261 tunc
2312 4203 2590 4260 continuo
2612 4203 2921 4274 ingruente
2934 4207 3103 4260 vento
3126 4203 3419 4277 pestilenti
3438 4208 3496 4259 et
3514 4203 3819 4261 truculen-

2148 4297 2207 4350 to
2228 4291 2566 4349 cataclismo
2588 4292 2645 4347 in
2667 4291 2943 4348 valestria
2965 4291 3220 4348 confinia
3240 4291 3504 4348 millibus
3535 4292 3816 4350 innume-

2148 4382 2229 4440 ris
2260 4381 2656 4457 repulsantur.
2672 4381 2752 4437 De
2773 4398 3026 4454 quorum
3048 4385 3255 4455 putore
3277 4382 3627 4438 cadaverum
3645 4381 3813 4457 regio

453 4473 741 4541 Quoniam
760 4476 969 4547 praeter
987 4488 1153 4545 spem
1168 4471 1544 4529 Boamundus
1566 4471 1729 4528 tarde
1750 4470 1861 4529 hoc
1872 4488 2039 4530 vene-
2068 4458 2114 4524 D
2146 4472 2248 4529 illa
2275 4471 2559 4529 remansit
2584 4469 2749 4527 valde
2778 4470 3035 4528 inﬁrma.

1121 4596 1368 4670 Explicit
1390 4595 1626 4653 historia
1653 4596 2149 4670 Hierosolymitana
2176 4597 2366 4656 damni
2392 4595 2670 4652 Futcherii
2699 4596 3067 4653 Carnotemis.

922 4860 1421 4922 GENEALOGIA
1461 4860 1691 4925 REGIS
1736 4859 1869 4931 QUI
1913 4860 2276 4923 VOCATUS
2320 4861 2470 4922 EST
2510 4857 2873 4921 KAROLUS
2916 4856 3267 4920 MAGNUS.

803 5005 891 5064 De
921 5001 1101 5081 cujus
1131 5002 1426 5084 prosapia
1455 5002 1577 5065 orti
1606 5007 1753 5064 sunt
1787 5002 2174 5066 Goosramus
2206 5006 2269 5063 et
2292 5002 2647 5064 BALDUINUS
2680 5018 2857 5079 reges
2886 4999 3359 5079 Hierosolymee.

561 5140 647 5194 κω
672 5136 842 5193 veteri
869 5133 1060 5192 Codice
1086 5152 1187 5194 ms.
1214 5137 1462 5196 σανιοὸίὶ
1479 5137 1536 5194 S.
1568 5137 1835 5208 Quintini
1860 5134 2245 5265 ἀῖἒίοτὲτὲηδ
2272 5135 2471 5192 calcem
2499 5136 2751 5193 historiae
2778 5134 3297 5207 Hierosolymitanae
3323 5133 3605 5191 Fulchcrii

1980 5224 2047 5264 νη
2204 5224 2271 5264 is.

1980 5224 2271 5264 νηοιθηιςιδ.

445 5422 688 5485 Karolus
716 5442 814 5484 rex
844 5430 1061 5485 unctus
1090 5432 1180 5485 est
1205 5428 1267 5484 in
1299 5427 1711 5502 imperatorem
1744 5429 1802 5486 in
1834 5429 2031 5489 Eccle-

357 5510 459 5574 sia
486 5514 643 5577 beati
673 5514 843 5590 Petri,
858 5516 950 5576 die
978 5516 1200 5576 Natalis
1232 5516 1488 5574 Domini.
1515 5517 1624 5585 Qui
1653 5518 1894 5576 Carolus
1923 5535 2030 5594 ge-

2140 5430 2272 5487 nuit
2302 5427 2655 5486 Ludovicum
2682 5427 3035 5499 Augustum.
3069 5422 3398 5480 Ludovicus
3441 5421 3647 5496 genuit
3687 5420 3812 5477 Lo-

2140 5519 2422 5591 tharium,
2455 5517 2748 5591 Pipinum,
2781 5519 2840 5571 et
2887 5513 3245 5571 Ludovicum
3278 5530 3347 5570 ex
3376 5510 3813 5586 Ermengarde,
