3998 6088
229 221 345 280 941
893 226 1200 289 GILONIS
1246 227 1498 290 PARIS.
1548 228 1746 290 HlST.
1795 228 2208 292 HIEROSOL.
2243 264 2319 274 —-
2351 232 2679 296 OBSERV.
2728 236 2984 298 Pii/BV.
3528 247 3646 306 942

229 358 287 412 et
317 355 590 412 Karolum
621 356 859 412 Calvum
892 374 959 413 ex
998 358 1221 415 Judith.
1258 361 1501 416 Karolus
1532 362 1741 418 Calvus
1781 378 1877 434 ge-
1908 363 1964 428 Α
1994 378 2127 418 cum
2187 365 2459 420 comitem
2516 367 2586 422 de
2643 368 2917 424 Durboio.
2949 371 3238 444 Gerberga
3291 390 3425 427 vero
3481 393 3645 432 soror

225 445 362 501 nuit
419 446 799 514 Ludovicum,
834 447 932 520 qui
984 448 1129 503 nihil
1178 450 1330 516 fecit,
1365 451 1505 522 quia
1547 455 1776 506 tantum
1826 469 1882 507 ιν
1991 451 2404 524 Ermengardis
2434 456 2636 527 genuit
2674 457 2988 514 chricum
3022 460 3320 515 Seniorem
3367 464 3640 519 comitem

226 535 403 590 annis
461 534 601 590 vixit
631 535 820 608 [leg.n
879 536 1052 592 annis
1108 537 1294 609 rexit].
1335 539 1663 595 Ludovicus
1719 540 1878 596 ﬁlius
1990 539 2058 596 de
2090 541 2400 597 Brussella.
2441 544 2718 601 Henricus
2768 547 2972 603 Senior
3005 549 3208 621 genuit
3261 550 3640 608 Lambertum

227 623 505 680 Ludovici
560 625 798 696 [Karoli]
848 627 1050 699 genuit
1101 627 1371 683 Karolum
1421 628 1779 701 Simplicem,
1821 634 1879 685 et
1971 631 2282 697 .comitem,
2317 637 2372 686 et
2412 633 2723 689 Henricum
2758 637 2992 692 fratrem
3026 639 3174 709 ejus,
3209 643 3264 694 et
3315 639 3638 696 Maltildem

225 712 706 769 Karlemannum.
742 714 986 770 Karolus
1016 732 1150 770 vero
1194 715 1442 788 simplex
1471 719 1542 772 ab
1576 717 1874 773 Heriberto
1985 737 2243 775 sororem
2295 723 2442 792 ejus.
2477 723 2636 778 Hanc
2689 725 3012 781 Maltildem
3064 728 3228 782 duxit
3275 745 3513 784 uxorem
3544 747 3637 785 co-

223 807 432 875 captus
470 807 576 859 est.
600 801 707 868 Qui
755 803 1005 859 Karolus
1035 821 1102 858 ex
1131 804 1309 877 Ogiva
1362 807 1567 877 genuit
1627 807 1872 861 Ludovi-
1985 825 2110 864 mes
2143 810 2494 866 Eustachius
2526 814 2596 867 de
2638 813 2894 881 Bolonia,
2930 820 2984 870 et
3013 816 3214 888 genuit
3259 835 3326 871 ex
3374 835 3440 872 ea
3490 819 3636 874 duos

221 909 379 948 cum.
417 893 743 948 Ludovicus
775 892 978 966 genuit
1021 893 1362 950 Lotharium
1396 912 1590 968 regem
1619 901 1674 951 et
1701 901 1875 952 Karo—
1984 897 2166 964 filios,
2229 901 2609 956 Eustachium
2694 908 2749 957 et
2825 905 3224 959 Lambertum.
3284 907 3634 964 Eustachius

218 981 346 1037 lum
377 982 585 1038 ducem
617 999 686 1037 ex
717 981 1027 1054 Gerberga.
1062 983 1372 1038 Lotharius
1405 1001 1502 1038 rex
1532 984 1734 1056 genuit
1767 987 1873 1041 Lu-
1980 1003 2114 1043 vero
2145 989 2367 1060 accepit
2413 1007 2651 1046 uxorem
2684 992 2764 1045 ﬁli
2789 1011 2864 1047 .m
2895 993 3210 1061 Godefridi,
3243 995 3430 1064 ducis,
3473 996 3634 1052 Idam

218 1071 490 1128 dovicum
515 1072 816 1143 juvenem,
847 1075 903 1127 et
947 1070 1188 1127 Karolus
1219 1073 1336 1127 dux
1391 1074 1567 1128 frater
1613 1074 1870 1130 Lotharii
1982 1077 2238 1146 nomine,
2289 1078 2542 1134 nobilem
2596 1096 2803 1152 genere
2863 1087 2918 1136 ct
2976 1083 3238 1138 moribus
3273 1101 3285 1138 :
3319 1089 3375 1138 et
3433 1085 3635 1157 genuit

217 1161 374 1234 regis
403 1161 605 1234 genuit
643 1161 1099 1234 Ermengardem
1142 1165 1198 1216 et
1228 1161 1602 1234 Gerbergam.
1635 1164 1873 1220 Ermen-
1981 1183 2049 1221 ex
2097 1183 2165 1222 ea
2213 1172 2328 1222 tres
2387 1167 2557 1236 ﬁlios,
2593 1170 2972 1225 Eustachium
3031 1173 3303 1228 comitem
3365 1174 3628 1242 Bolonize,

214 1250 418 1324 gardis
445 1250 650 1323 genuit
698 1249 1001 1305 Albertum
1046 1249 1318 1306 comitem
1367 1251 1438 1306 de
1491 1251 1770 1308 Namuco.
1803 1253 1873 1308 Et
1981 1259 2036 1310 et
2065 1255 2441 1311 Godel‘ridum
2475 1262 2531 1312 et
2560 1257 2909 1314 Balduinum
2944 1276 3108 1334 reges
3139 1260 3566 1336 Hierosolymis.

212 1339 485 1396 Albertus
515 1339 720 1412 genuit
766 1338 1088 1406 Albertum,
1125 1342 1181 1394 et
1214 1339 1450 1394 fratrem
1482 1341 1611 1411 ejus
1663 1342 1869 1396 llenri-

879 1833 1796 1994 HISTORIA
1928 1836 2962 2000 GESTORUM

535 2137 768 2286 Vl/E
877 2134 1313 2284 NOSTIll
1421 2136 2020 2285 TllllPORIS
2129 2139 3272 2290 lllllllOSOLYlllTAN/E

1741 2406 2074 2465 AUCTORE
2167 2466 2172 2470 .

909 2599 1661 2734 GILONE
1750 2604 2897 2770 PARISIENSI

695 2857 1018 2927 (MARTENE,
1056 2857 1204 2912 Thes.
1238 2855 1489 2913 Anecdot.
1524 2856 1620 2924 Ill,
1653 2855 1778 2925 2H,
1811 2873 1880 2914 ex
1909 2873 2021 2914 ms.
2052 2857 2391 2915 monasterii
2423 2858 2482 2914 S.
2516 2857 2790 2915 Germani
2821 2876 2855 2915 a
2885 2859 3116 2932 Patris.)

1279 3354 2012 3450 OBSERVATIO
2079 3355 2531 3450 PBIEVIA

265 3618 400 3669 Inter
426 3616 586 3666 varios
613 3615 852 3666 bellorum
881 3620 1096 3676 eventus,
1145 3617 1316 3680 quibus
1355 3619 1630 3682 prwsertim
1677 3617 1954 3668 illustratur
2009 3617 2215 3668 historia
2243 3618 2586 3678 ecclesiastica,
2627 3620 2846 3683 primum
2891 3619 2982 3667 sibi
3029 3618 3188 3668 locum
3233 3617 3447 3668 vindicat
3471 3632 3610 3669 sacra

190 3692 441 3757 expeditio
469 3690 932 3755 Hierosolymitana,
964 3696 1034 3742 tot
1058 3693 1310 3756 praetoris
1335 3692 1631 3755 facinoribus
1660 3693 1927 3750 illustrata,
1962 3697 2033 3742 tot
2081 3694 2300 3743 virorum
2345 3694 2583 3743 nobilium
2629 3695 2866 3757 sanguine
2905 3694 3150 3754 decorata,
3184 3697 3254 3742 tot
3286 3693 3526 3758 prodigiis
3553 3709 3610 3744 ac

182 3768 424 3834 portentis
441 3767 754 3831 conﬁrmata.
786 3767 909 3818 Hinc
936 3769 1209 3832 quicunque
1230 3769 1431 3818 annales
1476 3770 1820 3819 ecclesiasticos
1857 3769 2120 3832 aliquando
2166 3770 2443 3819 scribindos
2470 3775 2801 3834 susceperunt,
2857 3770 3073 3833 singulas
3111 3770 3261 3834 ipsius
3289 3771 3612 3820 circumstan-

188 3845 284 3894 tias
306 3843 606 3893 adamussim
632 3856 899 3901 recensere,
925 3844 1148 3907 plerique
1178 3845 1328 3893 etiam
1355 3845 1627 3908 singulares
1655 3845 1714 3894 de
1743 3845 1830 3894 illa
1861 3844 2220 3894 lucubrationes
2262 3846 2473 3910 posteris
2530 3845 2765 3894 mandare
2786 3849 3040 3895 curarunt.
3080 3845 3255 3896 Verum
3293 3859 3458 3894 omnes
3487 3845 3616 3895 inter

189 3918 301 3970 illos
327 3922 548 3968 auctores
569 3920 790 3984 palmam
820 3919 950 3984 apud
979 3921 1195 3970 eruditos
1222 3919 1366 3982 facile
1407 3919 1619 3982 referunt
1657 3920 1850 3983 antiqui
1894 3921 2166 3984 scriptores,
2199 3921 2252 3970 hi
2276 3921 2551 3984 prasertim
2594 3922 2677 3984 qui
2705 3921 2846 3970 rebus
2875 3921 3020 3985 gestis
3051 3920 3395 3983 interfuerunt,
3428 3924 3514 3970 aut
3535 3934 3620 3970 eas

187 3997 248 4046 ab
275 3994 484 4046 oculatis
505 3995 703 4045 testibus
731 3999 953 4060 acceptas
976 3996 1254 4060 posteritati
1285 3996 1659 4045 transmiserunt
1685 4010 1698 4042 :
1730 3999 1896 4059 utpote
1925 3996 2009 4060 qui
2028 3997 2237 4045 certiora
2268 4010 2371 4059 prae
2399 4011 2448 4045 se
2486 3996 2696 4059 ferentes
2716 3997 2934 4046 veritatis
2963 3997 3164 4054 indicia,
3199 4010 3295 4045 non
3319 3996 3476 4045 solum
3497 4009 3619 4044 sua-

188 4071 316 4120 viori
344 4084 456 4120 cum
487 4070 825 4130 delectatione,
856 4071 942 4122 sed
968 4072 1149 4135 majOri
1177 4072 1330 4121 etiam
1357 4087 1470 4122 cum
1496 4071 1660 4134 fructu
1695 4085 1884 4136 semper
1921 4072 2166 4136 leguntur.
2207 4070 2526 4136 Quapropter,
2560 4073 2756 4120 tametsi
2801 4072 2912 4122 belli
2939 4073 3066 4120 sacri
3101 4071 3356 4136 scriptores
3384 4075 3617 4134 quotquot

185 4147 404 4212 reperire
427 4147 664 4210 potuerit,
692 4147 811 4197 duos
842 4148 892 4196 in
912 4151 1067 4197 tomos
1085 4147 1331 4211 collegerit
1361 4149 1420 4197 de
1448 4161 1500 4197 re
1521 4148 1766 4198 litterario
1793 4147 1974 4212 optime
2012 4148 2217 4197 meritus
2256 4147 2458 4197 Jacobus
2477 4147 2789 4209 Bongartius,
2835 4146 3136 4208 edideritque
3157 4160 3285 4196 anno
3319 4146 3469 4202 1611,
3501 4149 3619 4195 tan-

189 4227 271 4274 tus
298 4222 456 4272 nihilo
476 4226 642 4272 tamen
671 4224 840 4272 minus
868 4223 1005 4274 labor
1027 4224 1241 4273 virorum
1269 4224 1575 4274 eruditorum
1605 4224 1903 4272 desiderium
1939 4237 2036 4272 non
2067 4222 2267 4272 omnino
2296 4222 2507 4285 explevit
2533 4239 2542 4270 :
2579 4221 2664 4270 sed
2707 4222 2790 4284 qui
2828 4225 2934 4284 post
2965 4222 3122 4284 ipsum
3151 4221 3498 4284 rempublicam
3530 4221 3618 4270 lit-

187 4298 431 4348 terariam
458 4298 559 4348 suis
584 4299 776 4363 scriptis
800 4300 1110 4349 iltustrarunt
1131 4299 1440 4362 antiquitatis
1481 4299 1704 4356 studiosi,
1745 4298 2146 4349 bibliothecarum
2192 4298 2514 4360 insigniorum
2541 4296 2724 4358 forulos
2779 4296 3060 4356 scrutando,
3119 4301 3391 4358 veteresque
3435 4310 3618 4344 manu-

186 4374 397 4438 seriptos
419 4374 606 4424 codices
635 4375 940 4435 revolvenda,
962 4380 1191 4440 quotquot
1222 4375 1556 4438 hujuscemodi
1601 4375 1841 4439 expiscari
1856 4378 2141 4438 potuerunt,
2193 4386 2271 4422 eos
2299 4376 2532 4435 tanquam
2557 4373 2772 4435 pretiosa
2827 4372 3136 4432 antiquitatis
3183 4376 3501 4420 monumenta
3529 4386 3620 4436 pu-

188 4449 452 4512 blicijuris
477 4449 637 4513 facere
665 4466 765 4500 non
792 4453 1130 4516 neglexerunt.
1195 4450 1338 4502 Certe
1367 4452 1462 4500 duo
1520 4465 1583 4500 ea:
1643 4452 1821 4500 nostris
1850 4451 2002 4500 Lucas
2051 4450 2286 4501 Acherius
2315 4453 2360 4498 et
2403 4450 2614 4500 Joannes
2674 4447 2985 4498 Mabillonius
3037 4461 3179 4496 suam
3227 4447 3315 4495 hoc
3367 4448 3417 4494 in
3445 4461 3620 4510 genere

188 4537 393 4589 operam
420 4525 770 4576 contulerant:
802 4527 885 4577 ille
905 4527 1101 4590 quidem
1130 4541 1240 4576 cum
1272 4527 1412 4578 Gesta
1438 4527 1520 4577 Dei
1548 4541 1629 4590 per
1665 4527 1864 4576 Francos
1893 4542 1922 4576 a
1968 4526 2196 4578 Guiberto
2243 4525 2410 4574 abbate
2467 4523 2721 4587 Novigenti
2775 4523 2909 4572 edita
2959 4536 3058 4570 una
3101 4536 3212 4570 cum
3270 4521 3382 4570 aliis
3403 4522 3618 4582 ejusdem

192 4599 452 4664 scriptovis
479 4601 703 4665 operibus
729 4602 937 4661 recudit,
970 4603 1061 4652 iste
1089 4617 1199 4652 cum
1229 4602 1341 4653 belli
1371 4604 1498 4652 sacri
1544 4603 1806 4652 historiam
1845 4602 1896 4651 in
1932 4604 2261 4665 manuscripto
2305 4601 2465 4650 codice
2517 4599 2768 4651 Casinensi
2815 4599 3081 4655 inventam,
3114 4611 3199 4645 suo
3229 4597 3408 4648 Musam
3440 4597 3614 4646 Italico

189 4675 419 4725 inseruit.
451 4675 516 4726 Et
543 4680 656 4726 ante
677 4691 758 4727 eos
789 4677 1054 4729 Gallicana
1081 4678 1346 4728 academica
1367 4679 1532 4728 lumen
1553 4677 1840 4728 Franciscus
1869 4678 1942 4728 Du
1974 4676 2176 4735 Chesne,
2210 4677 2331 4725 Hist.
2367 4675 2541 4725 Franc.
2575 4679 2693 4724 tom.
2730 4674 2813 4733 IV,
2839 4674 3036 4722 Petrum
3067 4672 3384 4720 Tcutboldum
3413 4673 3460 4719 et
3491 4669 3620 4720 Fut-

189 4751 412 4800 cherium
447 4749 795 4803 Carnotensem
815 4757 1056 4804 auctiores
1075 4759 1122 4803 et
1146 4755 1498 4804 emendatiorcs
1517 4755 1750 4818 vulgavit,
1780 4754 1950 4817 quibus
1984 4753 2170 4804 Gitonis
2198 4752 2488 4801 Parisiensis
2517 4752 2773 4800 historiam
2803 4749 3124 4814 expeditionis
3161 4745 3616 4808 llierosolymitanas

190 4844 224 4876 a
255 4826 430 4876 Jacobo
451 4826 712 4878 Sirmondo
741 4835 1005 4894 acceptam,
1038 4830 1248 4888 addidit,
1272 4831 1382 4880 licet
1413 4834 1484 4881 tot
1508 4831 1697 4880 lacunis
1723 4829 1978 4892 fwdalam,
2008 4833 2062 4878 ut
2095 4828 2316 4880 Gitonem
2357 4829 2514 4890 ipsum
2549 4826 2651 4888 fere
2684 4827 2734 4876 in
2765 4828 2865 4890 ipso
2909 4825 3078 4877 Gitone
3099 4838 3288 4888 qumras
3314 4837 3329 4871 :
3352 4837 3496 4886 quam
3530 4823 3616 4871 ni-

193 4902 469 4952 hilominus
507 4903 634 4952 tanti
661 4903 776 4967 fecit
796 4905 870 4955 vir
891 4906 1130 4964 eruditus,
1162 4909 1216 4955 ut
1240 4907 1509 4970 pretiosum
1557 4911 1791 4969 tanquam
1840 4906 2124 4956 thesaurum
2156 4902 2281 4954 illud
2338 4903 2648 4965 antiquitatis
2697 4904 3069 4951 monumentum
3100 4900 3283 4964 publici
3301 4899 3427 4962 juri,
3458 4895 3620 4960 facere

190 4990 295 5027 non
324 4977 639 5028 dubitaverit.

280 5051 405 5104 Cum
432 5068 542 5104 vero
571 5057 750 5105 nostra
776 5053 1068 5104 Parisiensis
1085 5053 1138 5105 S.
1175 5052 1405 5106 Germani
1435 5053 1733 5104 bibliothecae
1761 5053 1946 5103 codices
1974 5051 2330 5115 manuscriptos
2369 5050 2653 5109 evolverem,
2704 5049 2876 5100 incidit
2924 5049 2976 5098 in
3006 5062 3180 5098 manus
3207 5061 3341 5097 meas
3379 5045 3509 5096 idem
3541 5042 3624 5096 Gi-

202 5128 334 5179 tonis
357 5129 648 5180 Parisiensis
675 5142 793 5194 opus
821 5144 932 5180 cum
959 5131 1050 5180 hoc
1078 5130 1336 5194 epigraphe
1364 5128 1560 5180 Acherii
1603 5131 1758 5180 nostri
1788 5143 1940 5178 manu
1967 5131 2173 5179 exarata
2195 5145 2210 5174 ε
2258 5126 2470 5192 Sequens
2509 5126 2700 5177 historia
2749 5125 2870 5175 edita
2911 5124 3094 5188 quidem
3133 5129 3203 5172 est
3241 5123 3286 5171 in
3310 5123 3398 5172 line
3422 5120 3534 5194 torni
3564 5117 3622 5168 ιν

207 5203 429 5256 Historiis
449 5193 729 5257 Francorum
755 5206 950 5256 Andre?
972 5206 1042 5256 Du
1063 5193 1258 5265 Cliesue,
1287 5212 1333 5256 at
1355 5206 1548 5255 maxima
1574 5220 1626 5255 ex
1649 5212 1776 5270 parte
1797 5205 1970 5254 differt.
2004 5206 2216 5255 Praeterea
2246 5203 2368 5253 edita
2396 5202 2525 5268 plena
2548 5210 2620 5253 est
2648 5201 2864 5251 lacunis:
2901 5214 2950 5249 ea
2981 5199 3036 5248 de
3075 5212 3212 5248 causa
3244 5198 3343 5247 haec
3374 5211 3462 5247 ms.
3485 5193 3624 5270 digna

199 5284 276 5330 est
333 5279 458 5345 prelo
493 5280 724 5332 submitti.
753 5281 890 5333 llanc
913 5296 1025 5332 cum
1054 5282 1292 5345 legissem,
1313 5281 1482 5331 statim
1511 5266 1674 5346 rapuit
1703 5295 1781 5331 me
1811 5281 2103 5330 desiderium
2144 5278 2331 5328 editum
2360 5266 2472 5328 cum
2518 5278 2850 5340 manuscripta
2898 5272 3194 5338 conferendi,
3223 5287 3287 5321 ea:
3305 5274 3446 5349 cujus
3471 5266 3632 5349 colla:

191 5341 344 5406 tione
357 5357 514 5422 reperi
542 5371 643 5408 non
668 5358 830 5408 solum
857 5341 1312 5408 ducentas’circiter
1340 5357 1540 5406 lacunas
1563 5341 1742 5408 sarciri
1767 5370 1922 5422 posse,
1943 5357 2204 5422 pluresque
2244 5354 2372 5404 locos
2414 5354 2610 5406 vitiatas
2651 5351 2924 5410 emendari,
2973 5349 3078 5424 sed,
3098 5347 3438 5424 partemglibri
3467 5341 3634 5424 qtfaf“

195 5445 313 5482 cum
340 5416 510 5496 quinto
529 5438 577 5485 et
595 5438 734 5484 sexto
763 5435 953 5498 integro
984 5434 1036 5483 in
1063 5433 1205 5484 editis
1233 5432 1504 5482 desiderari
1523 5447 1541 5491 ;
1568 5416 1863 5500 quapropter
1889 5416 2216 5498 Opportunum
2237 5444 2337 5480 esse
2365 5429 2646 5483 existimavi
2674 5432 2728 5479 ut
2774 5425 3013 5477 Tancredi
3043 5423 3214 5481 Gestis,
3250 5421 3442 5473 Gitonis
3473 5416 3636 5500 histo-

187 5508 326 5563 riam
341 5508 701 5577 ωιύαηαινειη,
731 5524 820 5561 nec
838 5510 1280 5562 convenientiorem
1299 5507 1346 5558 ei
1373 5507 1532 5558 locum
1561 5499 1712 5564 tribui
1727 5522 1888 5574 posse.
1913 5507 2160 5563 Ceterum
2179 5507 2334 5571 aperis
2354 5506 2454 5572 ipse
2475 5509 2652 5564 titulus
2675 5505 2932 5555 auctorem
2951 5499 3244 5553 demonstrat
3269 5510 3375 5549 esse
3395 5499 3639 5548 cornuum.
