3994 6066
340 295 462 363 ω

862 297 968 357 AD
1015 294 1530 358 GODEFRIDUM
1574 293 1911 355 APPEND.
1957 293 2035 354 ΙΙ.
2064 328 2143 337 -
2168 292 2482 356 MONUM.
2517 291 2619 352 DE
2660 291 2912 353 BELLO
2955 288 3225 351 SACRO.

3632 260 3758 346 944'

1630 639 1952 726 LIBER
2013 635 2436 745 PRIMUS
2454 705 2474 724 .

980 820 1294 882 TEXTUS
1341 817 1771 881 GESTOBUM
1813 816 2362 880 MEMORANDUS
2406 813 3126 878 CHRISTICOLARUM.

424 1005 527 1064 Est
556 1021 663 1079 ope
693 1004 891 1062 divina
919 1007 1244 1064 Turcorum
1275 1006 1428 1063 facta
1456 1006 1648 1072 ruina,

355 1095 472 1171 Hoc
501 1110 605 1167 pro
635 1093 807 1151 laude
837 1093 960 1165 Dei,
993 1093 1129 1151 licet
1155 1094 1346 1168 impar
1376 1094 1659 1161 materiei,

355 1181 628 1241 Carmine
657 1181 991 1257 prestringo
1024 1182 1200 1251 facili,
1236 1201 1340 1241 nec
1370 1184 1599 1240 ludicra
1628 1185 1803 1257 ﬁngo.

355 1270 605 1341 Christe,
640 1288 781 1328 meae
812 1272 994 1333 menti
1025 1277 1127 1329 tua
1156 1272 1311 1329 bella
1339 1273 1551 1330 referre
1578 1272 1792 1328 volenti

354 1361 548 1432 Adsis,
571 1360 702 1418 laus
733 1362 904 1434 cujus
935 1361 1116 1418 series
1146 1366 1235 1419 est
1266 1362 1542 1419 carminis
1571 1362 1772 1434 hujus,

358 1450 431 1507 Ut
459 1450 608 1507 bene
637 1451 998 1524 proveniant,
1022 1455 1079 1507 et
1108 1455 1165 1508 te
1195 1453 1342 1509 duce
1372 1452 1635 1508 carmina
1665 1452 1827 1509 fiant.

624 1540 909 1597 Exercitus
939 1540 1285 1597 Christianus
1308 1545 1448 1614 petit
1470 1547 1522 1600 Ν
1527 1544 1739 1600 ἰοέεατη.

431 1628 787 1686 Christicolae
818 1633 1041 1702 gentes,
1066 1630 1375 1704 gladioque
1403 1632 1634 1704 ﬁdeque
1664 1630 1935 1700 nitentes,

361 1718 437 1775 Ut
465 1735 633 1775 sacra
660 1722 980 1792 purgarent
1009 1737 1044 1775 a
1071 1720 1366 1788 sordibus,
1399 1724 1456 1776 et
1490 1726 1834 1794 superarent

360 1808 581 1865 Turcos
607 1806 869 1877 insanos,
904 1807 1188 1865 fcedantes
1219 1809 1373 1877 fana,
1402 1809 1700 1883 profanos,

361 1897 841 1969 Conjuraverunt,
874 1901 932 1953 et
957 1897 1287 1955 Jerusalem
1316 1898 1629 1971 petierunt.

361 1987 468 2043 Ast
497 1985 596 2042 ubi
619 1985 747 2058 jam
775 1985 991 2056 lassus,
1015 1988 1143 2059 jam
1175 1986 1365 2045 multa
1393 1987 1651 2060 pericula
1681 2004 1911 2060 passus,

362 2075 719 2147 Equoreum
750 2073 917 2130 littus
947 2075 1139 2149 tetigit
1166 2076 1382 2131 chorus
1410 2075 1507 2132 ille
1536 2077 1765 2148 beatus,

365 2161 603 2219 Transit
631 2178 960 2235 aequoream
991 2164 1235 2231 rabiem,
1260 2163 1542 2237 petiitque
1572 2165 1844 2237 Nicaeam,

367 2250 434 2308 In
473 2267 590 2324 qua
633 2254 723 2307 ter
771 2254 1006 2307 centum
1036 2257 1124 2310 ter
1155 2254 1416 2326 quinque
1462 2254 1760 2328 triumque
1807 2271 2016 2327 paren-

2031 1006 2089 1072 Α
2115 1005 2185 1061 Et
2215 1004 2354 1060 dum
2387 1004 2690 1071 successit,
2720 1018 2824 1076 per
2852 1001 3047 1074 turpia
3075 999 3253 1056 verba
3282 997 3517 1054 lacessit

2113 1093 2325 1151 Christi
2357 1093 2635 1162 cultores,
2666 1109 2821 1160 eave,
2858 1091 3078 1158 dicens,
3107 1089 3443 1145 deteriores.

2113 1183 2369 1240 Vocibus
2398 1183 2643 1256 ingratis
2677 1181 2896 1238 nostris
2928 1180 3073 1236 satis
3103 1178 3435 1252 exagitatis,

2114 1272 2298 1329 Altior
2326 1273 2398 1327 ad
2430 1273 2609 1328 duros
2642 1275 2905 1344 portatur
2936 1268 3209 1325 machina
3238 1284 3459 1322 muros.

2117 1362 2374 1419 Gentiles
2404 1361 2603 1417 miseri
2636 1362 2873 1416 tandem
2905 1376 3127 1431 coepere
3158 1356 3360 1414 vereri.

2116 1451 2311 1508 Nostri
2342 1469 2458 1507 non
2490 1468 2698 1524 segnes
2728 1449 2952 1523 lapides
2975 1446 3314 1520 jaeulantur
3344 1450 3402 1501 et
3438 1444 3626 1518 ignes,

2118 1542 2335 1597 Turres
2367 1539 2695 1614 impellunt,
2731 1539 3019 1609 affixaque
3050 1535 3165 1593 tela
3196 1534 3480 1591 revellunt

2120 1632 2160 1686 A
2192 1630 2431 1703 clypeis,
2463 1629 2661 1685 hostes
2694 1628 2809 1684 telo
2842 1626 3074 1700 proprio
3106 1624 3399 1681 ferientes.

2120 1720 2309 1793 thue
2340 1718 2497 1774 cadit
2526 1718 2757 1791 spissus
2788 1717 2977 1771 imber
2997 1731 3131 1771 cum
3163 1713 3449 1788 grandine
3479 1713 3722 1782 missus,

2121 1810 2215 1866 Sic
2246 1826 2361 1864 non
2392 1808 2582 1863 vitata:
2614 1807 2932 1861 mittuntur
2963 1805 3182 1876 ubique
3214 1803 3460 1876 sagittas.

2121 1897 2258 1954 Tela
2288 1896 2875 1968 cadunt,‘miserique
2914 1897 3175 1968 gemunt,
3211 1892 3542 1948 moriuntur
3581 1891 3775 1946 utrin-

3543 1982 3701 2053 tque.

2124 2077 2192 2133 Hi
2223 2075 2456 2150 gladiis,
2482 2075 2579 2131 alii
2613 2073 2839 2130 baculis
2870 2075 3156 2145 pugnant,
3192 2070 3576 2143 sudibusque,
3623 2088 3635 2100 ο

2124 2167 2375 2240 Magnus
2405 2169 2531 2222 erat
2561 2164 2744 2219 turbae
2772 2161 2994 2219 clamor
3022 2160 3370 2233 trepidantis
3398 2159 3460 2214 in
3491 2159 3635 2214 urbe

2197 2256 2273 2329 (6)
2296 2256 2442 2329 Ergo
2473 2254 2767 2327 plorantes
2800 2252 3075 2307 manibus
3106 2266 3337 2322 quoque
3373 2247 3781 2322 significantes

1718 2342 1868 2418 [tum
1901 2343 1975 2417 (Vl)
2046 2379 2095 2444 B
2129 2345 2381 2401 Orarunt
2410 2360 2633 2417 pacem,
2660 2340 2990 2397 clamarunt
3021 2339 3400 2444 deditionem,

368 2429 719 2496 Conventus,
737 2444 929 2486 mores
960 2430 1194 2498 struxit,
1220 2430 1837 2504 docuitquejminores.

369 2517 483 2575 Sed
514 2516 666 2574 male
697 2522 943 2582 mutata,
966 2517 1300 2592 Christique
1331 2520 1446 2576 ﬁde
1473 2525 1736 2588 vacuata,

369 2605 669 2662 Christum
700 2607 1032 2680 spernebat,
1057 2606 1299 2682 gentilia
1328 2613 1591 2665 monstra
1621 2609 1865 2667 colebat.

370 2695 440 2751 Et
467 2696 744 2769 quoniam
775 2696 1072 2753 Christum
1096 2697 1259 2771 prius
1288 2697 1409 2754 haec
1442 2698 1693 2756 coluisse
1723 2703 1981 2773 putatur,

368 2785 455 2841 Ad
485 2784 784 2842 Christum
816 2789 1089 2859 corrupta
1123 2786 1284 2859 prius
1318 2789 1523 2843 merito
1554 2794 1873 2845 revocatur.

756 2875 1007 2944 Nicatm
1037 2874 1347 2932 Christiani
1372 2877 1637 2935 obsident.

443 2963 592 3037 Ergo
624 2963 946 3036 disponunt
974 2962 1151 3035 acies,
1181 2964 1433 3022 tentoria
1462 2971 1708 3038 ponunt.

374 3050 643 3125 Undique
672 3051 1040 3121 conveniunt,
1073 3056 1131 3109 et
1160 3052 1310 3110 bello
1337 3071 1597 3129 congrua
1625 3056 1793 3112 ﬁunt.

374 3143 824 3214 Partem,quam
855 3142 1113 3197 mundus
1140 3147 1309 3199 vocat
1337 3160 1632 3213 occasum,
1662 3145 2025 3201 Boimundus

377 3228 656 3303 Occupat,
679 3234 737 3287 et
762 3233 965 3287 contra
994 3246 1197 3287 muros
1226 3232 1435 3288 statuit
1462 3250 1569 3290 sua
1597 3238 1807 3289 castra.

378 3318 489 3386 Qui
518 3318 680 3376 locus
710 3337 741 3376 e
770 3319 1031 3393 plaustro
1062 3320 1138 3393 (2)
1158 3321 1404 3392 junctus
1444 3323 1772 3378 contrarius
1804 3327 2023 3391 austro,

378 3406 481 3466 Ille
510 3412 626 3464 tua)
656 3408 812 3477 forti,
840 3409 1013 3464 datus
1042 3412 1152 3478 est,
1170 3410 1497 3478 Godefride,
1532 3411 1774 3469 cohorti.

378 3498 445 3553 In
474 3495 601 3553 loca
629 3497 953 3553 succedunt
981 3496 1101 3564 alii,
1126 3514 1251 3570 quae
1286 3499 1838 3573 congruazeredunt,

286 3636 293 3639 ,
377 3588 732 3642 Cunctorum
763 3589 986 3657 portus,
1013 3590 1322 3641 vertuntur
1352 3587 1492 3644 solis
1525 3589 1597 3643 ad
1627 3593 1811 3645 ortus.

378 3671 666 3730 Militibus
694 3673 861 3730 densi
892 3673 1277 3746 Raymundus
1305 3692 1438 3733 cum
1470 3676 1761 3745 Podiensi,

2126 2433 2453 2508 Expediunt
2482 2433 2715 2488 dextras
2747 2430 3084 2501 vaduntque
3115 2426 3414 2485 recludere
3441 2430 3660 2500 portas,

2126 2522 2432 2580 Exsultant
2463 2520 2666 2590 nostri,
2690 2518 2932 2575 laudant
2963 2517 3260 2591 magnalia
3283 2517 3518 2572 Christi.

2126 2613 2391 2669 Primum
2422 2609 2659 2684 purgari
2694 2612 2935 2664 censent
2967 2624 3000 2663 a
3029 2606 3302 2662 sordibus
3334 2606 3563 2672 urbem,

2098 2694 2101 2697 ’
2129 2703 2198 2758 Et
2228 2700 2560 2773 consignari
2593 2716 2695 2771 per
2723 2713 2938 2771 aquam
2971 2712 3139 2769 prece
3172 2695 3617 2762 sanetiﬁeatam,

2129 2792 2394 2863 Cumque
2413 2788 2648 2862 hymnis
2670 2786 3057 2859 crucibusque
3082 2785 3303 2840 intrant
3324 2782 3784 2840 reconcillatam.

2131 2881 2443 2937 Mittuntur
2471 2877 2620 2934 sacri
2652 2879 2956 2950 portantes
2988 2891 3156 2930 saera
3189 2873 3471 2940 ministri,

2132 2970 2413 3025 Lustrant
2440 2983 2677 3022 securos
2708 2965 3014 3021 benedicta
3053 2963 3360 3036 aspergine
3390 2978 3613 3031 muros,

2133 3060 2446 3116 Cantantes
2477 3054 2746 3111 modulos
2777 3053 2992 3109 divinis
3028 3052 3243 3108 ritibus
3275 3055 3463 3124 aptos.

2133 3146 2299 3204 Talia
2326 3147 2470 3202 dum
2501 3145 2654 3200 cives
2682 3143 2813 3200 visu
2846 3141 3171 3213 audituque
3203 3144 3538 3213 capescunt,

2135 3237 2402 3293 Protinus
2437 3233 2569 3289 irati
2601 3233 2660 3288 in
2692 3231 2933 3305 gentilia
2965 3234 3228 3287 monstra
3257 3232 3589 3296 recurrunt,

2135 3326 2355 3382 Cuncta
2380 3322 2675 3396 profanari
2706 3321 2938 3394 magica
2970 3319 3250 3393 vertigine
3280 3318 3503 3385 dicunt,

2135 3417 2205 3471 Et
2233 3413 2647 3488 proturbantes
2678 3415 2839 3467 extra
2869 3426 3035 3466 sacra
3065 3409 3301 3482 agmina
3326 3408 3593 3463 trudunt.

2137 3503 2231 3560 Sic
2262 3502 2570 3558 irritantur
2597 3500 2858 3573 iegiones
2888 3497 3396 3565 Christicolarum,

2136 3594 2207 3649 Et
2237 3591 2453 3648 delusa,
2472 3589 2669 3646 dolent
2698 3588 2975 3662 mysteria
3004 3585 3418 3643 caelicolarum.

2136 3681 2342 3738 Acrius
2374 3681 2692 3751 insurgunt
2721 3678 2939 3735 celeres
2969 3680 3025 3732 et
3054 3676 3111 3731 in
3144 3692 3312 3731 arma
3340 3677 3651 3731 recurrunt

378 3763 546 3841 Hugo
565 3754 763 3845 eomes
784 3778 1054 3836 magnus,
1080 3762 1171 3831 leo
1193 3765 1379 3831 saevis,
1404 3765 1692 3821 militibus
1713 3767 1793 3838 (3)
1818 3783 2024 3840 agnus,
2058 3748 2101 3815 C
2138 3771 2333 3843 Deque
2358 3748 2681 3843 profanatis
2712 3783 2915 3839 poenas
2948 3783 3081 3821 eum
3113 3764 3400 3838 sanguine
3432 3768 3705 3836 poscunt.

377 3852 449 3917 Et
477 3850 621 3925 satis
650 3854 923 3925 expertus
949 3867 1055 3924 per
1090 3851 1285 3925 praelia
1314 3852 1440 3909 dira
1469 3854 1543 3926 (4)
1576 3855 1882 3925 Robertus,

378 3940 508 4015 Dux
538 3957 769 4022 quoque
794 3939 1186 4009 Flandrensis,
1213 3942 1383 4013 cujus
1408 3959 1523 3998 non
1546 3941 1771 3999 fallitur
1799 3946 1976 4014 ensis,

377 4030 454 4097 Et
479 4020 814 4104 Stephanus
844 4046 1045 4095 muros
1076 4031 1488 4104 expugnabant
1517 4032 1793 4090 ruituros.

379 4119 533 4176 Tuta
559 4119 662 4185 sed
692 4135 728 4174 a
753 4118 947 4174 turbis
977 4135 1113 4191 pars
1144 4136 1263 4176 una
1292 4125 1653 4177 remanserat
1682 4122 1865 4191 urbis,

381 4208 498 4265 Nec
525 4206 694 4285 timet
723 4206 985 4263 assultus
1015 4224 1152 4281 pars
1180 4225 1357 4283 quam
1388 4209 1474 4267 sol
1506 4212 1741 4284 respicit
1765 4212 1938 4268 altus.

382 4288 623 4353 Frustra
651 4313 890 4354 securos
919 4296 1205 4370 petierant
1235 4298 1485 4372 denique
1522 4318 1743 4357 muros.

382 4384 540 4473 Nam
560 4385 721 4443 lacus
748 4386 1094 4457 immensus,
1121 4387 1423 4460 multaque
1450 4388 1673 4463 uligine
1705 4391 1923 4447 densus

381 4472 501 4548 Hos
529 4475 891 4543 defensabat,
925 4479 1155 4534 nostros
1194 4475 1443 4533 transire
1474 4479 1743 4552 negabat.

383 4565 498 4623 Sed
525 4568 722 4625 tamen
751 4564 904 4621 hanc
937 4569 1162 4637 partem
1193 4566 1380 4622 nostri
1418 4567 1657 4641 tetigere
1688 4585 1790 4640 per
1820 4574 2027 4639 artem,

381 4653 647 4733 Namque
675 4653 1020 4727 superjectis
1061 4654 1304 4724 ratibus,
1330 4654 1534 4712 multis
1576 4674 1810 4731 quoque
1838 4660 2028 4729 tectis,

452 4744 529 4813 (5)
561 4745 717 4811 Quas
746 4743 936 4801 Caesar
966 4744 1181 4814 dictus,
1203 4740 1413 4803 vinetis
1444 4762 1547 4820 per
1577 4751 1766 4805 terrea
1795 4749 1984 4806 bobus

385 4833 618 4889 Fecerat
646 4832 858 4901 adduci
889 4837 1019 4891 voto
1050 4837 1192 4891 tunc
1223 4833 1565 4906 auxiliandi,

383 4918 479 4997 Sic
510 4920 679 4994 quasi
711 4938 815 4994 per
843 4927 1049 4996 pontes
1080 4927 1400 4996 potuerunt
1428 4928 1668 4998 tangere
1697 4926 1909 4998 fontes,

383 5011 610 5066 Acriter
638 5010 920 5065 insistunt
949 5011 1155 5080 nostri,
1178 5013 1469 5086 Tureique
1495 5013 1796 5072 resistunt.

380 5097 606 5155 Acriter
632 5097 943 5170 impellunt
971 5098 1125 5167 illos,
1158 5100 1360 5174 illique
1390 5102 1701 5175 repellunt.

384 5186 547 5271 Saeva
572 5190 886 5243 venenatas
916 5201 1061 5260 gens
1092 5189 1277 5245 mittit
1310 5191 1382 5247 ab
1416 5191 1558 5248 urbe
1588 5192 1853 5267 sagittas,

383 5273 604 5363 Cuique
633 5275 849 5350 sagitta
877 5274 1055 5332 dabat
1082 5275 1204 5334 leve
1238 5279 1469 5351 vulnus,
1503 5297 1636 5337 eum
1668 5283 2030 5356 perimebat:

452 5434 535 5509 (ί)
561 5436 737 5509 Edita
764 5442 1066 5509 ramum-

511 5504 534 5582 )
562 5504 739 5582 ﬁdit;
764 5504 859 5582 '6}!
877 5509 1051 5582 infra.

509 5574 533 5651 δ
561 5574 670 5639 Ms.
700 5574 992 5640 meum.

2135 3859 2342 3916 Acrius
2372 3858 2744 3925 incumbunt,
2776 3855 3021 3911 balistas
3051 3852 3358 3909 fundibulo
3386 3856 3611 3925 aptant,

2140 3949 2477 4006 Perfodiunt
2507 3949 2725 4020 portas,
2753 3944 2999 4000 miseros
3023 3943 3190 4016 quasi
3221 3959 3449 3999 carcere
3479 3940 3721 4011 vallant,

2138 4037 2428 4095 Excubias
2460 4039 2727 4093 statuunt
2757 4038 3049 4105 noctuque
3080 4032 3289 4104 dieque
3319 4034 3586 4087 caventes

2138 4128 2221 4184 Ne
2250 4127 2384 4200 quis
2414 4123 2705 4196 colloquio
2736 4126 3012 4179 externus
3033 4122 3201 4193 juvet
3230 4119 3558 4175 interiores.

2138 4217 2406 4289 Dumque
2437 4216 2660 4270 instant
2689 4211 2894 4285 vigiles
2926 4211 3036 4267 sibi
3068 4209 3433 4267 succedendo
3466 4225 3569 4280 per
3591 4207 3804 4275 horas,

2140 4305 2498 4379 Repperiunt
2525 4302 2842 4376 quemdam
2876 4316 2980 4373 per
3007 4300 3206 4372 nigras
3238 4298 3321 4353 ire
3351 4298 3623 4353 tenebras

2138 4397 2618 4462 Quaerentem.....
2651 4389 2738 4447 vel
2770 4394 2969 4462 portas
2998 4385 3364 4462 ingrediendi

2138 4484 2240 4540 Vel
2271 4501 2487 4556 per.....
2519 4498 2654 4537 eum
2685 4478 2902 4536 clausis
2934 4476 3363 4535 sermocinandi

2139 4573 2230 4629 llli
2258 4575 2592 4644 correptum
2623 4569 2876 4643 graviter
2906 4566 3271 4638 manicisque
3301 4564 3550 4638 ligatum

2140 4663 2385 4736 Cogunt,
2410 4665 2510 4715 aut
2530 4659 2704 4714 citius
2728 4675 2857 4731 quae
2888 4660 3089 4713 nosset
3118 4659 3329 4711 cuneta
3359 4652 3600 4726 profari,

2138 4754 2252 4808 Aut
2283 4751 2441 4806 dura:
2473 4747 2678 4804 mortis
2703 4747 2901 4820 gravia
2932 4744 3327 4818 experimenta
3357 4741 3595 4798 lucrari.

2140 4841 2242 4897 Ille
2272 4842 2434 4896 metu
2462 4838 2652 4894 vietus
2680 4836 2886 4903 nimio,
2918 4851 3023 4891 nec
3055 4834 3231 4909 longa
3263 4837 3528 4891 moratus

2140 4930 2339 4987 Dicere
2368 4930 2595 4985 servata
2627 4942 2688 4982 se
2719 4926 2954 4981 devovet
2984 4923 3182 4980 omnia
3211 4923 3350 4978 vita.

2141 5020 2286 5076 Hine
2316 5017 2415 5074 ubi
2447 5016 2581 5072 fecit
2610 5030 2745 5070 eum
2778 5014 2875 5086 pia
2904 5012 3309 5069 convenientia
3338 5010 3546 5078 ﬁdum,

2060 5119 2109 5184 Ι)
2138 5107 2385 5181 Exponit
2413 5104 2665 5161 missum
2695 5119 2758 5159 se
2789 5102 3012 5159 civibus
3042 5102 3434 5168 insinuatum,

2140 5198 2224 5254 Ne
2253 5196 2649 5267 desperarent,
2682 5192 2783 5249 sed
2816 5208 2938 5248 rem
2967 5190 3181 5246 virtute
3210 5192 3499 5255 tenerent,

2140 5286 2405 5358 Namque
2436 5285 2717 5356 sequente
2746 5280 2838 5338 die
2866 5279 3104 5353 plenum
3137 5278 3399 5336 solamen
3432 5276 3716 5333 haberent

2214 5448 2288 5521 (4)
2317 5445 2469 5521 E11“;-
2481 5486 2495 5512 ,
2527 5458 2695 5501 saeva.

2212 5514 2287 5588 (5)
2319 5517 2390 5575 Hi
2419 5517 2535 5573 duo
2563 5530 2767 5588 versus
2790 5514 3014 5588 desunt
3039 5514 3096 5588 in
3132 5529 3245 5588 ms.

2214 5584 2289 5664 (ὅ)
2322 5589 2498 5646 Uncis
2528 5587 2755 5642 inclusa
2785 5585 2846 5641 in
2876 5601 2991 5641 ms.
3025 5584 3455 5641 desiderantur.
