  <div class='ocr_page' id='page_1' title='image "/cluster/home/n/w/nwhite01/storage/ocr_20150623/155/hvd.32044054760137/476.png"; bbox 0 0 3998 6088; ppageno 0'>
   <div class='ocr_carea' id='block_1_1' title="bbox 205 203 328 266">
    <p class='ocr_par' dir='ltr' id='par_1_1' title="bbox 205 203 328 266">
     <span class='ocr_line' id='line_1_1' title="bbox 205 203 328 266; baseline 0.008 -1"><span class='ocrx_word' id='word_1_1' title='bbox 205 203 328 266; x_wconf 60' lang='grc'><strong>948</strong></span> 
     </span>
    </p>
   </div>
   <div class='ocr_carea' id='block_1_2' title="bbox 203 337 1176 405">
    <p class='ocr_par' dir='ltr' id='par_1_2' title="bbox 203 337 1176 405">
     <span class='ocr_line' id='line_1_2' title="bbox 203 337 1176 405; baseline 0.002 -11"><span class='ocrx_word' id='word_1_2' title='bbox 203 338 518 405; x_wconf 83' lang='lat' dir='ltr'><strong>Quando...</strong></span> <span class='ocrx_word' id='word_1_3' title='bbox 553 337 776 396; x_wconf 83' lang='lat' dir='ltr'><strong>obsessi</strong></span> <span class='ocrx_word' id='word_1_4' title='bbox 807 340 1176 398; x_wconf 85' lang='lat' dir='ltr'><strong>mortificare.</strong></span> 
     </span>
    </p>
   </div>
   <div class='ocr_carea' id='block_1_3' title="bbox 205 428 1606 502">
    <p class='ocr_par' dir='ltr' id='par_1_3' title="bbox 205 428 1606 502">
     <span class='ocr_line' id='line_1_3' title="bbox 205 428 1606 502; baseline 0.003 -18"><span class='ocrx_word' id='word_1_5' title='bbox 205 428 454 484; x_wconf 88' lang='lat' dir='ltr'><strong>Possent</strong></span> <span class='ocrx_word' id='word_1_6' title='bbox 483 432 658 501; x_wconf 88' lang='lat' dir='ltr'><strong>atque</strong></span> <span class='ocrx_word' id='word_1_7' title='bbox 688 430 901 502; x_wconf 88' lang='lat' dir='ltr'><strong>opibus</strong></span> <span class='ocrx_word' id='word_1_8' title='bbox 930 448 1063 487; x_wconf 90' lang='lat' dir='ltr'><strong>cum</strong></span> <span class='ocrx_word' id='word_1_9' title='bbox 1091 431 1355 489; x_wconf 79' lang='lat' dir='ltr'><strong>libertate</strong></span> <span class='ocrx_word' id='word_1_10' title='bbox 1384 451 1606 490; x_wconf 89' lang='lat' dir='ltr'><strong>vacare.</strong></span> 
     </span>
    </p>
   </div>
   <div class='ocr_carea' id='block_1_4' title="bbox 206 517 1655 608">
    <p class='ocr_par' dir='ltr' id='par_1_4' title="bbox 206 517 1655 608">
     <span class='ocr_line' id='line_1_4' title="bbox 206 517 1655 608; baseline 0.004 -35"><span class='ocrx_word' id='word_1_11' title='bbox 206 517 394 573; x_wconf 83' lang='lat' dir='ltr'><strong>Millia</strong></span> <span class='ocrx_word' id='word_1_12' title='bbox 426 535 562 573; x_wconf 86' lang='lat' dir='ltr'><strong>nam</strong></span> <span class='ocrx_word' id='word_1_13' title='bbox 593 519 835 590; x_wconf 89' lang='lat' dir='ltr'><strong>propius</strong></span> <span class='ocrx_word' id='word_1_14' title='bbox 866 519 1001 592; x_wconf 86' lang='lat' dir='ltr'><strong>plus</strong></span> <span class='ocrx_word' id='word_1_15' title='bbox 1033 523 1369 579; x_wconf 86' lang='lat' dir='ltr'><strong>concedisse</strong></span> <span class='ocrx_word' id='word_1_16' title='bbox 1400 527 1655 608; x_wconf 72' lang='lat' dir='ltr'><strong>trecenta</strong></span> 
     </span>
    </p>
   </div>
   <div class='ocr_carea' id='block_1_5' title="bbox 204 607 1487 683">
    <p class='ocr_par' dir='ltr' id='par_1_5' title="bbox 204 607 1487 683">
     <span class='ocr_line' id='line_1_5' title="bbox 204 607 1487 683; baseline 0.004 -20"><span class='ocrx_word' id='word_1_17' title='bbox 204 607 452 663; x_wconf 87' lang='lat' dir='ltr'><strong>Sultano</strong></span> <span class='ocrx_word' id='word_1_18' title='bbox 485 607 731 662; x_wconf 89' lang='lat' dir='ltr'><strong>ducibus</strong></span> <span class='ocrx_word' id='word_1_19' title='bbox 763 608 1237 683; x_wconf 82' lang='lat' dir='ltr'><strong>Solymannoque</strong></span> <span class='ocrx_word' id='word_1_20' title='bbox 1269 607 1487 668; x_wconf 85' lang='lat' dir='ltr'><strong>coacta.</strong></span> 
     </span>
    </p>
   </div>
   <div class='ocr_carea' id='block_1_6' title="bbox 206 697 1622 770">
    <p class='ocr_par' dir='ltr' id='par_1_6' title="bbox 206 697 1622 770">
     <span class='ocr_line' id='line_1_6' title="bbox 206 697 1622 770; baseline 0.006 -20"><span class='ocrx_word' id='word_1_21' title='bbox 206 699 343 762; x_wconf 70' lang='lat' dir='ltr'><strong>Quae</strong></span> <span class='ocrx_word' id='word_1_22' title='bbox 378 697 462 751; x_wconf 90' lang='lat' dir='ltr'><strong>sic</strong></span> <span class='ocrx_word' id='word_1_23' title='bbox 493 698 561 752; x_wconf 91' lang='lat' dir='ltr'><strong>de</strong></span> <span class='ocrx_word' id='word_1_24' title='bbox 591 699 844 769; x_wconf 87' lang='lat' dir='ltr'><strong>propriis</strong></span> <span class='ocrx_word' id='word_1_25' title='bbox 875 715 937 754; x_wconf 89' lang='lat' dir='ltr'><strong>se</strong></span> <span class='ocrx_word' id='word_1_26' title='bbox 969 698 1192 756; x_wconf 89' lang='lat' dir='ltr'><strong>viribus</strong></span> <span class='ocrx_word' id='word_1_27' title='bbox 1216 701 1622 770; x_wconf 87' lang='lat' dir='ltr'><strong>exhilararent,</strong></span> 
     </span>
    </p>
   </div>
   <div class='ocr_carea' id='block_1_7' title="bbox 206 785 1521 862">
    <p class='ocr_par' dir='ltr' id='par_1_7' title="bbox 206 785 1521 862">
     <span class='ocr_line' id='line_1_7' title="bbox 206 785 1521 862; baseline 0.004 -20"><span class='ocrx_word' id='word_1_28' title='bbox 206 786 281 842; x_wconf 90' lang='lat' dir='ltr'><strong>Ut</strong></span> <span class='ocrx_word' id='word_1_29' title='bbox 313 786 479 858; x_wconf 84' lang='lat' dir='ltr'><strong>quasi</strong></span> <span class='ocrx_word' id='word_1_30' title='bbox 511 785 756 842; x_wconf 71' lang='lat' dir='ltr'><strong>vict-ores</strong></span> <span class='ocrx_word' id='word_1_31' title='bbox 779 789 906 858; x_wconf 90' lang='lat' dir='ltr'><strong>jam</strong></span> <span class='ocrx_word' id='word_1_32' title='bbox 940 788 1076 843; x_wconf 85' lang='lat' dir='ltr'><strong>facti</strong></span> <span class='ocrx_word' id='word_1_33' title='bbox 1108 789 1521 862; x_wconf 80' lang='lat' dir='ltr'><strong>gloriﬁcarent,</strong></span> 
     </span>
    </p>
   </div>
   <div class='ocr_carea' id='block_1_8' title="bbox 276 874 1819 952">
    <p class='ocr_par' dir='ltr' id='par_1_8' title="bbox 276 874 1819 952">
     <span class='ocr_line' id='line_1_8' title="bbox 276 874 1819 952; baseline 0.006 -24"><span class='ocrx_word' id='word_1_34' title='bbox 276 875 526 948; x_wconf 81' lang='lat' dir='ltr'><strong>Agmina</strong></span> <span class='ocrx_word' id='word_1_35' title='bbox 555 874 960 932; x_wconf 86' lang='lat' dir='ltr'><strong>Christicolam</strong></span> <span class='ocrx_word' id='word_1_36' title='bbox 995 896 1109 950; x_wconf 93' lang='lat' dir='ltr'><strong>quo</strong></span> <span class='ocrx_word' id='word_1_37' title='bbox 1133 881 1259 951; x_wconf 88' lang='lat' dir='ltr'><strong>jam</strong></span> <span class='ocrx_word' id='word_1_38' title='bbox 1292 880 1482 936; x_wconf 88' lang='lat' dir='ltr'><strong>deleta</strong></span> <span class='ocrx_word' id='word_1_39' title='bbox 1525 885 1819 952; x_wconf 78' lang='lat' dir='ltr'><strong>putarent,</strong></span> 
     </span>
    </p>
   </div>
   <div class='ocr_carea' id='block_1_9' title="bbox 204 963 1571 1040">
    <p class='ocr_par' dir='ltr' id='par_1_9' title="bbox 204 963 1571 1040">
     <span class='ocr_line' id='line_1_9' title="bbox 204 963 1571 1040; baseline 0.003 -20"><span class='ocrx_word' id='word_1_40' title='bbox 204 963 460 1036; x_wconf 83' lang='lat' dir='ltr'><strong>Solaque</strong></span> <span class='ocrx_word' id='word_1_41' title='bbox 492 965 561 1020; x_wconf 91' lang='lat' dir='ltr'><strong>de</strong></span> <span class='ocrx_word' id='word_1_42' title='bbox 593 964 798 1036; x_wconf 75' lang='lat' dir='ltr'>spoliis</span> <span class='ocrx_word' id='word_1_43' title='bbox 829 966 980 1022; x_wconf 90' lang='lat' dir='ltr'><strong>inter</strong></span> <span class='ocrx_word' id='word_1_44' title='bbox 1010 985 1071 1024; x_wconf 92' lang='lat' dir='ltr'><strong>se</strong></span> <span class='ocrx_word' id='word_1_45' title='bbox 1099 969 1252 1024; x_wconf 89' lang='lat' dir='ltr'><strong>bella</strong></span> <span class='ocrx_word' id='word_1_46' title='bbox 1281 974 1571 1040; x_wconf 90' lang='lat' dir='ltr'><strong>pararent.</strong></span> 
     </span>
    </p>
   </div>
   <div class='ocr_carea' id='block_1_10' title="bbox 204 1051 1681 1124">
    <p class='ocr_par' dir='ltr' id='par_1_10' title="bbox 204 1051 1681 1124">
     <span class='ocr_line' id='line_1_10' title="bbox 204 1051 1681 1124; baseline 0.006 -18"><span class='ocrx_word' id='word_1_47' title='bbox 204 1051 376 1106; x_wconf 88' lang='lat' dir='ltr'><strong>Mane</strong></span> <span class='ocrx_word' id='word_1_48' title='bbox 405 1051 580 1107; x_wconf 85' lang='lat' dir='ltr'><strong>etiam</strong></span> <span class='ocrx_word' id='word_1_49' title='bbox 614 1052 802 1124; x_wconf 91' lang='lat' dir='ltr'><strong>primo</strong></span> <span class='ocrx_word' id='word_1_50' title='bbox 835 1055 1180 1112; x_wconf 84' lang='lat' dir='ltr'><strong>statuissent</strong></span> <span class='ocrx_word' id='word_1_51' title='bbox 1211 1061 1401 1113; x_wconf 89' lang='lat' dir='ltr'><strong>castra</strong></span> <span class='ocrx_word' id='word_1_52' title='bbox 1431 1075 1681 1124; x_wconf 91' lang='lat' dir='ltr'><strong>movere,</strong></span> 
     </span>
    </p>
   </div>
   <div class='ocr_carea' id='block_1_11' title="bbox 203 1138 1748 1215">
    <p class='ocr_par' dir='ltr' id='par_1_11' title="bbox 203 1138 1748 1215">
     <span class='ocr_line' id='line_1_11' title="bbox 203 1138 1748 1215; baseline 0.006 -21"><span class='ocrx_word' id='word_1_53' title='bbox 203 1138 312 1194; x_wconf 92' lang='lat' dir='ltr'><strong>Illa</strong></span> <span class='ocrx_word' id='word_1_54' title='bbox 345 1157 577 1212; x_wconf 88' lang='lat' dir='ltr'><strong>quoque</strong></span> <span class='ocrx_word' id='word_1_55' title='bbox 607 1147 740 1197; x_wconf 89' lang='lat' dir='ltr'><strong>ante</strong></span> <span class='ocrx_word' id='word_1_56' title='bbox 770 1144 997 1210; x_wconf 84' lang='lat' dir='ltr'><strong>urbem,</strong></span> <span class='ocrx_word' id='word_1_57' title='bbox 1030 1162 1211 1201; x_wconf 91' lang='lat' dir='ltr'><strong>vacua</strong></span> <span class='ocrx_word' id='word_1_58' title='bbox 1243 1147 1511 1213; x_wconf 82' lang='lat' dir='ltr'><strong>statione,</strong></span> <span class='ocrx_word' id='word_1_59' title='bbox 1535 1147 1748 1215; x_wconf 90' lang='lat' dir='ltr'><strong>locare,</strong></span> 
     </span>
    </p>
   </div>
   <div class='ocr_carea' id='block_1_12' title="bbox 201 1230 1743 1308">
    <p class='ocr_par' dir='ltr' id='par_1_12' title="bbox 201 1230 1743 1308">
     <span class='ocr_line' id='line_1_12' title="bbox 201 1230 1743 1308; baseline 0.006 -25"><span class='ocrx_word' id='word_1_60' title='bbox 201 1231 341 1295; x_wconf 75' lang='lat' dir='ltr'><strong>Quae</strong></span> <span class='ocrx_word' id='word_1_61' title='bbox 375 1230 563 1285; x_wconf 81' lang='lat' dir='ltr'><strong>fuerat</strong></span> <span class='ocrx_word' id='word_1_62' title='bbox 591 1230 842 1298; x_wconf 88' lang='lat' dir='ltr'><strong>tibi,dux</strong></span> <span class='ocrx_word' id='word_1_63' title='bbox 870 1232 1232 1305; x_wconf 83' lang='lat' dir='ltr'><strong>Raymunde,</strong></span> <span class='ocrx_word' id='word_1_64' title='bbox 1262 1235 1493 1308; x_wconf 84' lang='lat' dir='ltr'>tuisque</span> <span class='ocrx_word' id='word_1_65' title='bbox 1523 1235 1743 1292; x_wconf 90' lang='lat' dir='ltr'><strong>relicta.</strong></span> 
     </span>
    </p>
   </div>
   <div class='ocr_carea' id='block_1_13' title="bbox 202 1319 1780 1397">
    <p class='ocr_par' dir='ltr' id='par_1_13' title="bbox 202 1319 1780 1397">
     <span class='ocr_line' id='line_1_13' title="bbox 202 1319 1780 1397; baseline 0.005 -23"><span class='ocrx_word' id='word_1_66' title='bbox 202 1320 448 1385; x_wconf 90' lang='lat' dir='ltr'><strong>Quando</strong></span> <span class='ocrx_word' id='word_1_67' title='bbox 481 1319 562 1374; x_wconf 88' lang='lat' dir='ltr'><strong>ibi</strong></span> <span class='ocrx_word' id='word_1_68' title='bbox 593 1320 784 1392; x_wconf 89' lang='lat' dir='ltr'><strong>prima</strong></span> <span class='ocrx_word' id='word_1_69' title='bbox 813 1322 992 1378; x_wconf 90' lang='lat' dir='ltr'><strong>duces</strong></span> <span class='ocrx_word' id='word_1_70' title='bbox 1023 1330 1324 1396; x_wconf 67' lang='lat' dir='ltr'><strong>eruperunt</strong></span> <span class='ocrx_word' id='word_1_71' title='bbox 1355 1327 1530 1397; x_wconf 82' lang='lat' dir='ltr'><strong>ﬁgere</strong></span> <span class='ocrx_word' id='word_1_72' title='bbox 1569 1330 1780 1396; x_wconf 90' lang='lat' dir='ltr'><strong>castra,</strong></span> 
     </span>
    </p>
   </div>
   <div class='ocr_carea' id='block_1_14' title="bbox 201 1409 1606 1475">
    <p class='ocr_par' dir='ltr' id='par_1_14' title="bbox 201 1409 1606 1475">
     <span class='ocr_line' id='line_1_14' title="bbox 201 1409 1606 1475; baseline 0.006 -12"><span class='ocrx_word' id='word_1_73' title='bbox 201 1409 311 1475; x_wconf 86' lang='lat' dir='ltr'>Qui</span> <span class='ocrx_word' id='word_1_74' title='bbox 346 1414 636 1464; x_wconf 85' lang='lat' dir='ltr'><strong>retrorsus</strong></span> <span class='ocrx_word' id='word_1_75' title='bbox 663 1410 855 1466; x_wconf 88' lang='lat' dir='ltr'><strong>adhuc</strong></span> <span class='ocrx_word' id='word_1_76' title='bbox 886 1412 1125 1468; x_wconf 82' lang='lat' dir='ltr'><strong>aberant</strong></span> <span class='ocrx_word' id='word_1_77' title='bbox 1155 1415 1225 1468; x_wconf 92' lang='lat' dir='ltr'><strong>ad</strong></span> <span class='ocrx_word' id='word_1_78' title='bbox 1260 1414 1447 1469; x_wconf 86' lang='lat' dir='ltr'>millia</span> <span class='ocrx_word' id='word_1_79' title='bbox 1469 1414 1606 1471; x_wconf 86' lang='lat' dir='ltr'><strong>bina</strong></span> 
     </span>
    </p>
   </div>
   <div class='ocr_carea' id='block_1_15' title="bbox 200 1497 1685 1576">
    <p class='ocr_par' dir='ltr' id='par_1_15' title="bbox 200 1497 1685 1576">
     <span class='ocr_line' id='line_1_15' title="bbox 200 1497 1685 1576; baseline 0.004 -22"><span class='ocrx_word' id='word_1_80' title='bbox 200 1499 312 1554; x_wconf 91' lang='lat' dir='ltr'><strong>Pro</strong></span> <span class='ocrx_word' id='word_1_81' title='bbox 344 1497 561 1570; x_wconf 89' lang='lat' dir='ltr'>quibus</span> <span class='ocrx_word' id='word_1_82' title='bbox 591 1505 680 1554; x_wconf 89' lang='lat' dir='ltr'><strong>est</strong></span> <span class='ocrx_word' id='word_1_83' title='bbox 709 1501 960 1556; x_wconf 90' lang='lat' dir='ltr'><strong>missum</strong></span> <span class='ocrx_word' id='word_1_84' title='bbox 992 1502 1460 1576; x_wconf 90' lang='lat' dir='ltr'><strong>citius,jussique</strong></span> <span class='ocrx_word' id='word_1_85' title='bbox 1491 1505 1685 1561; x_wconf 81' lang='lat' dir='ltr'><strong>venire</strong></span> 
     </span>
    </p>
   </div>
   <div class='ocr_carea' id='block_1_16' title="bbox 201 1587 1365 1664">
    <p class='ocr_par' dir='ltr' id='par_1_16' title="bbox 201 1587 1365 1664">
     <span class='ocr_line' id='line_1_16' title="bbox 201 1587 1365 1664; baseline 0.004 -20"><span class='ocrx_word' id='word_1_86' title='bbox 201 1587 337 1660; x_wconf 88' lang='lat' dir='ltr'><strong>Ipsa</strong></span> <span class='ocrx_word' id='word_1_87' title='bbox 368 1588 428 1642; x_wconf 92' lang='lat' dir='ltr'>in</span> <span class='ocrx_word' id='word_1_88' title='bbox 461 1588 701 1659; x_wconf 82' lang='lat' dir='ltr'><strong>planitie</strong></span> <span class='ocrx_word' id='word_1_89' title='bbox 731 1591 979 1646; x_wconf 89' lang='lat' dir='ltr'><strong>tentoria</strong></span> <span class='ocrx_word' id='word_1_90' title='bbox 1008 1591 1365 1664; x_wconf 86' lang='lat' dir='ltr'><strong>disposuere.</strong></span> 
     </span>
    </p>
   </div>
   <div class='ocr_carea' id='block_1_17' title="bbox 203 1677 1481 1753">
    <p class='ocr_par' dir='ltr' id='par_1_17' title="bbox 203 1677 1481 1753">
     <span class='ocr_line' id='line_1_17' title="bbox 203 1677 1481 1753; baseline 0.005 -22"><span class='ocrx_word' id='word_1_91' title='bbox 203 1677 456 1750; x_wconf 83' lang='lat' dir='ltr'><strong>Legatus</strong></span> <span class='ocrx_word' id='word_1_92' title='bbox 485 1694 654 1749; x_wconf 90' lang='lat' dir='ltr'><strong>porro</strong></span> <span class='ocrx_word' id='word_1_93' title='bbox 677 1679 804 1748; x_wconf 84' lang='lat' dir='ltr'><strong>jam</strong></span> <span class='ocrx_word' id='word_1_94' title='bbox 836 1679 1027 1736; x_wconf 88' lang='lat' dir='ltr'><strong>factus</strong></span> <span class='ocrx_word' id='word_1_95' title='bbox 1058 1687 1264 1753; x_wconf 89' lang='lat' dir='ltr'><strong>sponte</strong></span> <span class='ocrx_word' id='word_1_96' title='bbox 1295 1681 1481 1738; x_wconf 82' lang='lat' dir='ltr'><strong>ﬁdelis</strong></span> 
     </span>
    </p>
   </div>
   <div class='ocr_carea' id='block_1_18' title="bbox 191 1766 1476 1841">
    <p class='ocr_par' dir='ltr' id='par_1_18' title="bbox 191 1766 1476 1841">
     <span class='ocr_line' id='line_1_18' title="bbox 191 1766 1476 1841; baseline 0.005 -20"><span class='ocrx_word' id='word_1_97' title='bbox 191 1766 438 1839; x_wconf 91' lang='lat' dir='ltr'><strong>Purgari</strong></span> <span class='ocrx_word' id='word_1_98' title='bbox 471 1783 597 1822; x_wconf 90' lang='lat' dir='ltr'><strong>sese</strong></span> <span class='ocrx_word' id='word_1_99' title='bbox 630 1768 868 1840; x_wconf 79' lang='lat' dir='ltr'><strong>expetiit</strong></span> <span class='ocrx_word' id='word_1_100' title='bbox 896 1769 1266 1841; x_wconf 83' lang='lat' dir='ltr'><strong>baptismatis</strong></span> <span class='ocrx_word' id='word_1_101' title='bbox 1301 1772 1476 1827; x_wconf 90' lang='lat' dir='ltr'><strong>unda.</strong></span> 
     </span>
    </p>
   </div>
   <div class='ocr_carea' id='block_1_19' title="bbox 190 1856 1678 1934">
    <p class='ocr_par' dir='ltr' id='par_1_19' title="bbox 190 1856 1678 1934">
     <span class='ocr_line' id='line_1_19' title="bbox 190 1856 1678 1934; baseline 0.003 -23"><span class='ocrx_word' id='word_1_102' title='bbox 190 1856 356 1922; x_wconf 90' lang='lat' dir='ltr'><strong>Quod</strong></span> <span class='ocrx_word' id='word_1_103' title='bbox 391 1857 530 1912; x_wconf 92' lang='lat' dir='ltr'><strong>dum</strong></span> <span class='ocrx_word' id='word_1_104' title='bbox 566 1857 634 1912; x_wconf 84' lang='lat' dir='ltr'><strong>fit</strong></span> <span class='ocrx_word' id='word_1_105' title='bbox 662 1856 836 1912; x_wconf 85' lang='lat' dir='ltr'><strong>citius</strong></span> <span class='ocrx_word' id='word_1_106' title='bbox 869 1874 1154 1914; x_wconf 91' lang='lat' dir='ltr'><strong>concursu</strong></span> <span class='ocrx_word' id='word_1_107' title='bbox 1185 1860 1678 1934; x_wconf 83' lang='lat' dir='ltr'><strong>presbyterorum,</strong></span> 
     </span>
    </p>
   </div>
   <div class='ocr_carea' id='block_1_20' title="bbox 187 1945 1660 2019">
    <p class='ocr_par' dir='ltr' id='par_1_20' title="bbox 187 1945 1660 2019">
     <span class='ocr_line' id='line_1_20' title="bbox 187 1945 1660 2019; baseline 0.004 -19"><span class='ocrx_word' id='word_1_108' title='bbox 187 1945 472 2018; x_wconf 86' lang='lat' dir='ltr'><strong>Egregius</strong></span> <span class='ocrx_word' id='word_1_109' title='bbox 504 1945 668 2002; x_wconf 78' lang='lat' dir='ltr'><strong>fulsit</strong></span> <span class='ocrx_word' id='word_1_110' title='bbox 696 1947 784 2002; x_wconf 92' lang='lat' dir='ltr'><strong>vir</strong></span> <span class='ocrx_word' id='word_1_111' title='bbox 813 1947 873 2002; x_wconf 92' lang='lat' dir='ltr'><strong>in</strong></span> <span class='ocrx_word' id='word_1_112' title='bbox 905 1947 1107 2004; x_wconf 85' lang='lat' dir='ltr'><strong>ordine</strong></span> <span class='ocrx_word' id='word_1_113' title='bbox 1147 1949 1660 2019; x_wconf 83' lang='lat' dir='ltr'><strong>Christicolarum;</strong></span> 
     </span>
    </p>
   </div>
   <div class='ocr_carea' id='block_1_21' title="bbox 190 2033 1659 2108">
    <p class='ocr_par' dir='ltr' id='par_1_21' title="bbox 190 2033 1659 2108">
     <span class='ocr_line' id='line_1_21' title="bbox 190 2033 1659 2108; baseline 0.003 -19"><span class='ocrx_word' id='word_1_114' title='bbox 190 2034 362 2090; x_wconf 88' lang='lat' dir='ltr'><strong>Mane</strong></span> <span class='ocrx_word' id='word_1_115' title='bbox 394 2033 572 2108; x_wconf 80' lang='lat' dir='ltr'><strong>igitur</strong></span> <span class='ocrx_word' id='word_1_116' title='bbox 601 2036 789 2108; x_wconf 90' lang='lat' dir='ltr'><strong>primo</strong></span> <span class='ocrx_word' id='word_1_117' title='bbox 821 2037 1006 2092; x_wconf 83' lang='lat' dir='ltr'><strong>nostri</strong></span> <span class='ocrx_word' id='word_1_118' title='bbox 1039 2040 1346 2093; x_wconf 92' lang='lat' dir='ltr'><strong>vertuntur</strong></span> <span class='ocrx_word' id='word_1_119' title='bbox 1377 2039 1435 2093; x_wconf 92' lang='lat' dir='ltr'><strong>in</strong></span> <span class='ocrx_word' id='word_1_120' title='bbox 1476 2056 1659 2107; x_wconf 88' lang='lat' dir='ltr'><strong>arma,</strong></span> 
     </span>
    </p>
   </div>
   <div class='ocr_carea' id='block_1_22' title="bbox 189 2123 1515 2198">
    <p class='ocr_par' dir='ltr' id='par_1_22' title="bbox 189 2123 1515 2198">
     <span class='ocr_line' id='line_1_22' title="bbox 189 2123 1515 2198; baseline 0.002 -18"><span class='ocrx_word' id='word_1_121' title='bbox 189 2123 360 2180; x_wconf 91' lang='lat' dir='ltr'><strong>Urbis</strong></span> <span class='ocrx_word' id='word_1_122' title='bbox 392 2124 694 2196; x_wconf 78' lang='lat' dir='ltr'><strong>perﬁdiam</strong></span> <span class='ocrx_word' id='word_1_123' title='bbox 727 2125 1002 2196; x_wconf 89' lang='lat' dir='ltr'><strong>punitum</strong></span> <span class='ocrx_word' id='word_1_124' title='bbox 1033 2131 1187 2181; x_wconf 89' lang='lat' dir='ltr'><strong>sorte</strong></span> <span class='ocrx_word' id='word_1_125' title='bbox 1219 2143 1515 2198; x_wconf 89' lang='lat' dir='ltr'><strong>suprema.</strong></span> 
     </span>
    </p>
   </div>
   <div class='ocr_carea' id='block_1_23' title="bbox 185 2211 1392 2281">
    <p class='ocr_par' dir='ltr' id='par_1_23' title="bbox 185 2211 1392 2281">
     <span class='ocr_line' id='line_1_23' title="bbox 185 2211 1392 2281; baseline 0.003 -14"><span class='ocrx_word' id='word_1_126' title='bbox 185 2213 277 2268; x_wconf 86' lang='lat' dir='ltr'><strong>Fit</strong></span> <span class='ocrx_word' id='word_1_127' title='bbox 308 2211 530 2267; x_wconf 88' lang='lat' dir='ltr'><strong>clamor</strong></span> <span class='ocrx_word' id='word_1_128' title='bbox 558 2213 802 2281; x_wconf 90' lang='lat' dir='ltr'><strong>multus,</strong></span> <span class='ocrx_word' id='word_1_129' title='bbox 835 2214 1162 2270; x_wconf 83' lang='lat' dir='ltr'><strong>variatur...</strong></span> <span class='ocrx_word' id='word_1_130' title='bbox 1195 2215 1392 2271; x_wconf 89' lang='lat' dir='ltr'><strong>vultus</strong></span> 
     </span>
    </p>
   </div>
   <div class='ocr_carea' id='block_1_24' title="bbox 178 2301 1832 2376">
    <p class='ocr_par' dir='ltr' id='par_1_24' title="bbox 178 2301 1832 2376">
     <span class='ocr_line' id='line_1_24' title="bbox 178 2301 1832 2376; baseline 0.004 -21"><span class='ocrx_word' id='word_1_131' title='bbox 178 2301 362 2356; x_wconf 90' lang='lat' dir='ltr'><strong>Istinc</strong></span> <span class='ocrx_word' id='word_1_132' title='bbox 394 2306 966 2374; x_wconf 88' lang='lat' dir='ltr'><strong>pugnantum,atque</strong></span> <span class='ocrx_word' id='word_1_133' title='bbox 997 2302 1156 2358; x_wconf 91' lang='lat' dir='ltr'><strong>illinc</strong></span> <span class='ocrx_word' id='word_1_134' title='bbox 1188 2308 1443 2360; x_wconf 84' lang='lat' dir='ltr'><strong>extrema</strong></span> <span class='ocrx_word' id='word_1_135' title='bbox 1473 2309 1832 2376; x_wconf 85' lang='lat' dir='ltr'><strong>gementum.</strong></span> 
     </span>
    </p>
   </div>
   <div class='ocr_carea' id='block_1_25' title="bbox 177 2389 1761 2466">
    <p class='ocr_par' dir='ltr' id='par_1_25' title="bbox 177 2389 1761 2466">
     <span class='ocr_line' id='line_1_25' title="bbox 177 2389 1761 2466; baseline 0.003 -22"><span class='ocrx_word' id='word_1_136' title='bbox 177 2389 986 2464; x_wconf 59' lang='lat' dir='ltr'><strong>TormentisJaculisgladiis</strong></span> <span class='ocrx_word' id='word_1_137' title='bbox 1019 2409 1251 2464; x_wconf 91' lang='lat' dir='ltr'><strong>quoque</strong></span> <span class='ocrx_word' id='word_1_138' title='bbox 1283 2392 1434 2448; x_wconf 88' lang='lat' dir='ltr'><strong>bella</strong></span> <span class='ocrx_word' id='word_1_139' title='bbox 1458 2399 1761 2466; x_wconf 90' lang='lat' dir='ltr'><strong>geruntur,</strong></span> 
     </span>
    </p>
   </div>
   <div class='ocr_carea' id='block_1_26' title="bbox 181 2477 1797 2556">
    <p class='ocr_par' dir='ltr' id='par_1_26' title="bbox 181 2477 1797 2556">
     <span class='ocr_line' id='line_1_26' title="bbox 181 2477 1797 2556; baseline 0.002 -22"><span class='ocrx_word' id='word_1_140' title='bbox 181 2478 350 2534; x_wconf 87' lang='lat' dir='ltr'><strong>Haud</strong></span> <span class='ocrx_word' id='word_1_141' title='bbox 385 2477 640 2534; x_wconf 92' lang='lat' dir='ltr'><strong>multum</strong></span> <span class='ocrx_word' id='word_1_142' title='bbox 667 2479 846 2534; x_wconf 86' lang='lat' dir='ltr'><strong>distat</strong></span> <span class='ocrx_word' id='word_1_143' title='bbox 875 2480 1016 2551; x_wconf 89' lang='lat' dir='ltr'><strong>quin</strong></span> <span class='ocrx_word' id='word_1_144' title='bbox 1048 2481 1317 2552; x_wconf 90' lang='lat' dir='ltr'><strong>protinus</strong></span> <span class='ocrx_word' id='word_1_145' title='bbox 1346 2481 1797 2556; x_wconf 86' lang='lat' dir='ltr'><strong>ingrediantur.]</strong></span> 
     </span>
    </p>
   </div>
   <div class='ocr_carea' id='block_1_27' title="bbox 177 2585 1834 2659">
    <p class='ocr_par' dir='ltr' id='par_1_27' title="bbox 177 2585 1834 2659">
     <span class='ocr_line' id='line_1_27' title="bbox 177 2585 1834 2659; baseline 0.004 -20"><span class='ocrx_word' id='word_1_146' title='bbox 177 2585 483 2654; x_wconf 62' lang='lat' dir='ltr'><strong>Sexaginta</strong></span> <span class='ocrx_word' id='word_1_147' title='bbox 509 2587 694 2659; x_wconf 80' lang='lat' dir='ltr'><strong>millia</strong></span> <span class='ocrx_word' id='word_1_148' title='bbox 731 2589 1024 2642; x_wconf 85' lang='lat' dir='ltr'><strong>Turcorum</strong></span> <span class='ocrx_word' id='word_1_149' title='bbox 1071 2589 1360 2643; x_wconf 71' lang='lat' dir='ltr'><strong>auxilium</strong></span> <span class='ocrx_word' id='word_1_150' title='bbox 1405 2590 1703 2659; x_wconf 78' lang='lat' dir='ltr'><strong>ferentium</strong></span> <span class='ocrx_word' id='word_1_151' title='bbox 1741 2590 1834 2646; x_wconf 88' lang='lat' dir='ltr'><strong>de-</strong></span> 
     </span>
    </p>
   </div>
   <div class='ocr_carea' id='block_1_28' title="bbox 613 2658 1402 2731">
    <p class='ocr_par' dir='ltr' id='par_1_28' title="bbox 613 2658 1402 2731">
     <span class='ocr_line' id='line_1_28' title="bbox 613 2658 1402 2731; baseline 0.004 -19"><span class='ocrx_word' id='word_1_152' title='bbox 613 2658 902 2714; x_wconf 82' lang='lat' dir='ltr'><strong>bellantur.</strong></span> <span class='ocrx_word' id='word_1_153' title='bbox 935 2659 1123 2716; x_wconf 65' lang='lat' dir='ltr'><strong>Nicaea</strong></span> <span class='ocrx_word' id='word_1_154' title='bbox 1164 2662 1402 2731; x_wconf 80' lang='lat' dir='ltr'><strong>capitur.</strong></span> 
     </span>
    </p>
   </div>
   <div class='ocr_carea' id='block_1_29' title="bbox 253 2745 1724 2820">
    <p class='ocr_par' dir='ltr' id='par_1_29' title="bbox 253 2745 1724 2820">
     <span class='ocr_line' id='line_1_29' title="bbox 253 2745 1724 2820; baseline 0.003 -20"><span class='ocrx_word' id='word_1_155' title='bbox 253 2745 409 2801; x_wconf 91' lang='lat' dir='ltr'><strong>Dum</strong></span> <span class='ocrx_word' id='word_1_156' title='bbox 440 2745 524 2801; x_wconf 92' lang='lat' dir='ltr'><strong>sic</strong></span> <span class='ocrx_word' id='word_1_157' title='bbox 558 2746 846 2802; x_wconf 86' lang='lat' dir='ltr'><strong>instarent</strong></span> <span class='ocrx_word' id='word_1_158' title='bbox 876 2747 1080 2815; x_wconf 88' lang='lat' dir='ltr'><strong>nostri,</strong></span> <span class='ocrx_word' id='word_1_159' title='bbox 1116 2747 1313 2804; x_wconf 86' lang='lat' dir='ltr'><strong>miseri</strong></span> <span class='ocrx_word' id='word_1_160' title='bbox 1346 2748 1724 2820; x_wconf 87' lang='lat' dir='ltr'><strong>trepidarent,</strong></span> 
     </span>
    </p>
   </div>
   <div class='ocr_carea' id='block_1_30' title="bbox 179 2834 1685 2909">
    <p class='ocr_par' dir='ltr' id='par_1_30' title="bbox 179 2834 1685 2909">
     <span class='ocr_line' id='line_1_30' title="bbox 179 2834 1685 2909; baseline 0.001 -19"><span class='ocrx_word' id='word_1_161' title='bbox 179 2835 251 2890; x_wconf 86' lang='lat' dir='ltr'><strong>Et</strong></span> <span class='ocrx_word' id='word_1_162' title='bbox 274 2835 405 2906; x_wconf 88' lang='lat' dir='ltr'><strong>jam</strong></span> <span class='ocrx_word' id='word_1_163' title='bbox 437 2834 736 2890; x_wconf 88' lang='lat' dir='ltr'><strong>constricti</strong></span> <span class='ocrx_word' id='word_1_164' title='bbox 769 2853 877 2892; x_wconf 89' lang='lat' dir='ltr'><strong>sua</strong></span> <span class='ocrx_word' id='word_1_165' title='bbox 901 2835 1116 2892; x_wconf 88' lang='lat' dir='ltr'><strong>vellent</strong></span> <span class='ocrx_word' id='word_1_166' title='bbox 1146 2837 1385 2892; x_wconf 88' lang='lat' dir='ltr'><strong>reddere</strong></span> <span class='ocrx_word' id='word_1_167' title='bbox 1424 2837 1558 2893; x_wconf 83' lang='lat' dir='ltr'><strong>victi</strong></span> <span class='ocrx_word' id='word_1_168' title='bbox 1589 2838 1685 2909; x_wconf 82' lang='lat'><strong>(‘7),</strong></span> 
     </span>
    </p>
   </div>
   <div class='ocr_carea' id='block_1_31' title="bbox 179 2924 1479 2997">
    <p class='ocr_par' dir='ltr' id='par_1_31' title="bbox 179 2924 1479 2997">
     <span class='ocr_line' id='line_1_31' title="bbox 179 2924 1479 2997; baseline 0.002 -19"><span class='ocrx_word' id='word_1_169' title='bbox 179 2924 326 2979; x_wconf 86' lang='lat' dir='ltr'><strong>Ecce</strong></span> <span class='ocrx_word' id='word_1_170' title='bbox 357 2924 662 2997; x_wconf 81' lang='lat' dir='ltr'><strong>sexaginta</strong></span> <span class='ocrx_word' id='word_1_171' title='bbox 690 2926 1015 2980; x_wconf 89' lang='lat' dir='ltr'><strong>Turcorum</strong></span> <span class='ocrx_word' id='word_1_172' title='bbox 1046 2924 1233 2981; x_wconf 90' lang='lat' dir='ltr'><strong>millia</strong></span> <span class='ocrx_word' id='word_1_173' title='bbox 1255 2931 1479 2982; x_wconf 89' lang='lat' dir='ltr'><strong>structa</strong></span> 
     </span>
    </p>
   </div>
   <div class='ocr_carea' id='block_1_32' title="bbox 177 3013 1592 3086">
    <p class='ocr_par' dir='ltr' id='par_1_32' title="bbox 177 3013 1592 3086">
     <span class='ocr_line' id='line_1_32' title="bbox 177 3013 1592 3086; baseline 0.001 -18"><span class='ocrx_word' id='word_1_174' title='bbox 177 3013 440 3069; x_wconf 87' lang='lat' dir='ltr'><strong>Ensibus</strong></span> <span class='ocrx_word' id='word_1_175' title='bbox 471 3017 527 3069; x_wconf 90' lang='lat' dir='ltr'><strong>et</strong></span> <span class='ocrx_word' id='word_1_176' title='bbox 557 3013 794 3085; x_wconf 79' lang='lat' dir='ltr'><strong>clypeis,</strong></span> <span class='ocrx_word' id='word_1_177' title='bbox 828 3015 898 3069; x_wconf 92' lang='lat' dir='ltr'><strong>ad</strong></span> <span class='ocrx_word' id='word_1_178' title='bbox 930 3031 1097 3086; x_wconf 91' lang='lat' dir='ltr'><strong>opem</strong></span> <span class='ocrx_word' id='word_1_179' title='bbox 1129 3032 1335 3070; x_wconf 89' lang='lat' dir='ltr'><strong>venere</strong></span> <span class='ocrx_word' id='word_1_180' title='bbox 1367 3014 1592 3073; x_wconf 76' lang='lat' dir='ltr'><strong>Niczeis.</strong></span> 
     </span>
    </p>
   </div>
   <div class='ocr_carea' id='block_1_33' title="bbox 1111 208 2756 305">
    <p class='ocr_par' dir='ltr' id='par_1_33' title="bbox 1111 208 2756 305">
     <span class='ocr_line' id='line_1_33' title="bbox 1111 208 2756 305; baseline 0.01 -35"><span class='ocrx_word' id='word_1_181' title='bbox 1111 208 1422 273; x_wconf 86' lang='lat' dir='ltr'><strong>GILONIS</strong></span> <span class='ocrx_word' id='word_1_182' title='bbox 1466 211 1726 273; x_wconf 79' lang='lat' dir='ltr'><strong>PARIS.</strong></span> <span class='ocrx_word' id='word_1_183' title='bbox 1774 212 1979 276; x_wconf 86' lang='lat' dir='ltr'><strong>HIST.</strong></span> <span class='ocrx_word' id='word_1_184' title='bbox 2027 215 2444 282; x_wconf 82' lang='lat' dir='ltr'><strong>HIEROSOL.</strong></span> <span class='ocrx_word' id='word_1_185' title='bbox 2491 255 2570 270; x_wconf 94' lang='lat'><strong>—</strong></span> <span class='ocrx_word' id='word_1_186' title='bbox 2609 224 2756 305; x_wconf 55' lang='lat' dir='ltr'><strong>LIB.</strong></span> 
     </span>
    </p>
   </div>
   <div class='ocr_carea' id='block_1_34' title="bbox 1882 348 3316 432">
    <p class='ocr_par' dir='ltr' id='par_1_34' title="bbox 1882 348 3316 432">
     <span class='ocr_line' id='line_1_34' title="bbox 1882 348 3316 432; baseline 0.01 -27"><span class='ocrx_word' id='word_1_187' title='bbox 1882 348 1937 414; x_wconf 78' lang='grc' dir='ltr'><strong>Α</strong></span> <span class='ocrx_word' id='word_1_188' title='bbox 1964 351 2156 424; x_wconf 84' lang='lat' dir='ltr'><strong>Atque</strong></span> <span class='ocrx_word' id='word_1_189' title='bbox 2186 357 2348 411; x_wconf 90' lang='lat' dir='ltr'><strong>motu</strong></span> <span class='ocrx_word' id='word_1_190' title='bbox 2379 356 2538 424; x_wconf 88' lang='lat' dir='ltr'><strong>tacti,</strong></span> <span class='ocrx_word' id='word_1_191' title='bbox 2572 358 2810 415; x_wconf 88' lang='lat' dir='ltr'><strong>tandem</strong></span> <span class='ocrx_word' id='word_1_192' title='bbox 2841 375 3067 418; x_wconf 86' lang='lat' dir='ltr'><strong>cessere</strong></span> <span class='ocrx_word' id='word_1_193' title='bbox 3097 361 3316 432; x_wconf 86' lang='lat' dir='ltr'><strong>coacti;</strong></span> 
     </span>
    </p>
   </div>
   <div class='ocr_carea' id='block_1_35' title="bbox 1970 441 3425 524">
    <p class='ocr_par' dir='ltr' id='par_1_35' title="bbox 1970 441 3425 524">
     <span class='ocr_line' id='line_1_35' title="bbox 1970 441 3425 524; baseline 0.009 -28"><span class='ocrx_word' id='word_1_194' title='bbox 1970 441 2190 515; x_wconf 87' lang='lat' dir='ltr'><strong>Perque</strong></span> <span class='ocrx_word' id='word_1_195' title='bbox 2220 445 2367 501; x_wconf 90' lang='lat' dir='ltr'><strong>duos</strong></span> <span class='ocrx_word' id='word_1_196' title='bbox 2399 449 2912 516; x_wconf 65' lang='lat' dir='ltr'><strong>menses,obsessae</strong></span> <span class='ocrx_word' id='word_1_197' title='bbox 2943 451 3140 524; x_wconf 87' lang='lat' dir='ltr'><strong>gentis</strong></span> <span class='ocrx_word' id='word_1_198' title='bbox 3165 452 3425 522; x_wconf 65' lang='lat' dir='ltr'><strong>habena,</strong></span> 
     </span>
    </p>
   </div>
   <div class='ocr_carea' id='block_1_36' title="bbox 1969 530 3300 612">
    <p class='ocr_par' dir='ltr' id='par_1_36' title="bbox 1969 530 3300 612">
     <span class='ocr_line' id='line_1_36' title="bbox 1969 530 3300 612; baseline 0.01 -28"><span class='ocrx_word' id='word_1_199' title='bbox 1969 530 2096 586; x_wconf 88' lang='lat' dir='ltr'><strong>Dux</strong></span> <span class='ocrx_word' id='word_1_200' title='bbox 2129 531 2231 588; x_wconf 85' lang='lat' dir='ltr'>tibi</span> <span class='ocrx_word' id='word_1_201' title='bbox 2259 536 2592 604; x_wconf 89' lang='lat' dir='ltr'><strong>traduntur,</strong></span> <span class='ocrx_word' id='word_1_202' title='bbox 2625 539 3300 612; x_wconf 62' lang='lat' dir='ltr'><strong>Constantinopolitanae.</strong></span> 
     </span>
    </p>
   </div>
   <div class='ocr_carea' id='block_1_37' title="bbox 1968 620 3406 700">
    <p class='ocr_par' dir='ltr' id='par_1_37' title="bbox 1968 620 3406 700">
     <span class='ocr_line' id='line_1_37' title="bbox 1968 620 3406 700; baseline 0.009 -26"><span class='ocrx_word' id='word_1_203' title='bbox 1968 620 2283 678; x_wconf 90' lang='lat' dir='ltr'><strong>Mittuntur</strong></span> <span class='ocrx_word' id='word_1_204' title='bbox 2310 623 2483 696; x_wconf 88' lang='lat' dir='ltr'><strong>plena</strong></span> <span class='ocrx_word' id='word_1_205' title='bbox 2507 627 2766 699; x_wconf 91' lang='lat' dir='ltr'><strong>capitum</strong></span> <span class='ocrx_word' id='word_1_206' title='bbox 2799 643 3030 700; x_wconf 91' lang='lat' dir='ltr'><strong>quoque</strong></span> <span class='ocrx_word' id='word_1_207' title='bbox 3061 629 3248 686; x_wconf 89' lang='lat' dir='ltr'><strong>millia</strong></span> <span class='ocrx_word' id='word_1_208' title='bbox 3274 632 3406 688; x_wconf 87' lang='lat' dir='ltr'><strong>navi</strong></span> 
     </span>
    </p>
   </div>
   <div class='ocr_carea' id='block_1_38' title="bbox 1968 709 3384 785">
    <p class='ocr_par' dir='ltr' id='par_1_38' title="bbox 1968 709 3384 785">
     <span class='ocr_line' id='line_1_38' title="bbox 1968 709 3384 785; baseline 0.008 -20"><span class='ocrx_word' id='word_1_209' title='bbox 1968 709 2277 768; x_wconf 87' lang='lat' dir='ltr'><strong>Servitium</strong></span> <span class='ocrx_word' id='word_1_210' title='bbox 2320 714 2578 785; x_wconf 90' lang='lat' dir='ltr'><strong>primum</strong></span> <span class='ocrx_word' id='word_1_211' title='bbox 2611 717 2784 772; x_wconf 90' lang='lat' dir='ltr'><strong>datur</strong></span> <span class='ocrx_word' id='word_1_212' title='bbox 2812 718 2920 774; x_wconf 91' lang='lat' dir='ltr'><strong>hoc</strong></span> <span class='ocrx_word' id='word_1_213' title='bbox 2951 735 2985 774; x_wconf 87' lang='lat' dir='ltr'><strong>a</strong></span> <span class='ocrx_word' id='word_1_214' title='bbox 3014 719 3200 776; x_wconf 90' lang='lat' dir='ltr'><strong>milite</strong></span> <span class='ocrx_word' id='word_1_215' title='bbox 3229 720 3384 776; x_wconf 89' lang='lat' dir='ltr'><strong>forti.</strong></span> 
     </span>
    </p>
   </div>
   <div class='ocr_carea' id='block_1_39' title="bbox 1971 853 3609 932">
    <p class='ocr_par' dir='ltr' id='par_1_39' title="bbox 1971 853 3609 932">
     <span class='ocr_line' id='line_1_39' title="bbox 1971 853 3609 932; baseline 0.007 -25"><span class='ocrx_word' id='word_1_216' title='bbox 1971 853 2264 910; x_wconf 85' lang='lat' dir='ltr'><strong>Turcorum</strong></span> <span class='ocrx_word' id='word_1_217' title='bbox 2300 857 2484 912; x_wconf 84' lang='lat' dir='ltr'><strong>millia</strong></span> <span class='ocrx_word' id='word_1_218' title='bbox 2530 865 2766 914; x_wconf 86' lang='lat' dir='ltr'><strong>trecenta</strong></span> <span class='ocrx_word' id='word_1_219' title='bbox 2811 860 3150 918; x_wconf 73' lang='lat' dir='ltr'><strong>Christianos</strong></span> <span class='ocrx_word' id='word_1_220' title='bbox 3193 861 3609 932; x_wconf 80' lang='lat' dir='ltr'><strong>aggrediuntur.</strong></span> 
     </span>
    </p>
   </div>
   <div class='ocr_carea' id='block_1_40' title="bbox 2039 979 3322 1058">
    <p class='ocr_par' dir='ltr' id='par_1_40' title="bbox 2039 979 3322 1058">
     <span class='ocr_line' id='line_1_40' title="bbox 2039 979 3322 1058; baseline 0.006 -24"><span class='ocrx_word' id='word_1_221' title='bbox 2039 979 2141 1035; x_wconf 90' lang='lat' dir='ltr'><strong>His</strong></span> <span class='ocrx_word' id='word_1_222' title='bbox 2174 980 2256 1036; x_wconf 87' lang='lat' dir='ltr'><strong>ita</strong></span> <span class='ocrx_word' id='word_1_223' title='bbox 2285 981 2545 1050; x_wconf 89' lang='lat' dir='ltr'><strong>devictis,</strong></span> <span class='ocrx_word' id='word_1_224' title='bbox 2577 984 2749 1039; x_wconf 90' lang='lat' dir='ltr'><strong>victis</strong></span> <span class='ocrx_word' id='word_1_225' title='bbox 2779 986 2889 1040; x_wconf 89' lang='lat' dir='ltr'>sub</span> <span class='ocrx_word' id='word_1_226' title='bbox 2920 1001 3052 1058; x_wconf 88' lang='lat' dir='ltr'><strong>rege</strong></span> <span class='ocrx_word' id='word_1_227' title='bbox 3083 985 3322 1055; x_wconf 87' lang='lat' dir='ltr'><strong>relictis,</strong></span> 
     </span>
    </p>
   </div>
   <div class='ocr_carea' id='block_1_41' title="bbox 1965 1069 3174 1144">
    <p class='ocr_par' dir='ltr' id='par_1_41' title="bbox 1965 1069 3174 1144">
     <span class='ocr_line' id='line_1_41' title="bbox 1965 1069 3174 1144; baseline 0.006 -21"><span class='ocrx_word' id='word_1_228' title='bbox 1965 1069 2253 1126; x_wconf 87' lang='lat' dir='ltr'><strong>Successu</strong></span> <span class='ocrx_word' id='word_1_229' title='bbox 2285 1070 2398 1126; x_wconf 66' lang='lat' dir='ltr'><strong>lati</strong></span> <span class='ocrx_word' id='word_1_230' title='bbox 2432 1073 2752 1139; x_wconf 91' lang='lat' dir='ltr'><strong>nostri,nec</strong></span> <span class='ocrx_word' id='word_1_231' title='bbox 2782 1075 2984 1132; x_wconf 89' lang='lat' dir='ltr'><strong>cedere</strong></span> <span class='ocrx_word' id='word_1_232' title='bbox 3013 1075 3174 1144; x_wconf 91' lang='lat' dir='ltr'><strong>certi,</strong></span> 
     </span>
    </p>
   </div>
   <div class='ocr_carea' id='block_1_42' title="bbox 1965 1159 3522 1238">
    <p class='ocr_par' dir='ltr' id='par_1_42' title="bbox 1965 1159 3522 1238">
     <span class='ocr_line' id='line_1_42' title="bbox 1965 1159 3522 1238; baseline 0.005 -24"><span class='ocrx_word' id='word_1_233' title='bbox 1965 1159 2165 1214; x_wconf 88' lang='lat' dir='ltr'><strong>Castra</strong></span> <span class='ocrx_word' id='word_1_234' title='bbox 2195 1162 2820 1235; x_wconf 84' lang='lat' dir='ltr'><strong>movent,Dominoque</strong></span> <span class='ocrx_word' id='word_1_235' title='bbox 2849 1168 3056 1221; x_wconf 88' lang='lat' dir='ltr'><strong>vovent</strong></span> <span class='ocrx_word' id='word_1_236' title='bbox 3075 1165 3324 1236; x_wconf 88' lang='lat' dir='ltr'><strong>jejunia,</strong></span> <span class='ocrx_word' id='word_1_237' title='bbox 3352 1167 3522 1238; x_wconf 87' lang='lat' dir='ltr'><strong>cujus</strong></span> 
     </span>
    </p>
   </div>
   <div class='ocr_carea' id='block_1_43' title="bbox 1962 1247 3230 1326">
    <p class='ocr_par' dir='ltr' id='par_1_43' title="bbox 1962 1247 3230 1326">
     <span class='ocr_line' id='line_1_43' title="bbox 1962 1247 3230 1326; baseline 0.008 -25"><span class='ocrx_word' id='word_1_238' title='bbox 1962 1247 2190 1303; x_wconf 84' lang='lat' dir='ltr'><strong>Auxilio</strong></span> <span class='ocrx_word' id='word_1_239' title='bbox 2221 1249 2407 1306; x_wconf 89' lang='lat' dir='ltr'><strong>vicere</strong></span> <span class='ocrx_word' id='word_1_240' title='bbox 2436 1252 2533 1323; x_wconf 90' lang='lat' dir='ltr'><strong>pio</strong></span> <span class='ocrx_word' id='word_1_241' title='bbox 2563 1252 2752 1325; x_wconf 86' lang='lat' dir='ltr'><strong>gentis</strong></span> <span class='ocrx_word' id='word_1_242' title='bbox 2783 1253 2974 1310; x_wconf 88' lang='lat' dir='ltr'><strong>scelus</strong></span> <span class='ocrx_word' id='word_1_243' title='bbox 3003 1255 3182 1326; x_wconf 86' lang='lat' dir='ltr'><strong>hujus</strong></span> <span class='ocrx_word' id='word_1_244' title='bbox 3217 1271 3230 1310; x_wconf 92' lang='lat'>:</span> 
     </span>
    </p>
   </div>
   <div class='ocr_carea' id='block_1_44' title="bbox 1965 1338 3446 1413">
    <p class='ocr_par' dir='ltr' id='par_1_44' title="bbox 1965 1338 3446 1413">
     <span class='ocr_line' id='line_1_44' title="bbox 1965 1338 3446 1413; baseline 0.004 -19"><span class='ocrx_word' id='word_1_245' title='bbox 1965 1338 2076 1394; x_wconf 88' lang='lat' dir='ltr'><strong>Sed</strong></span> <span class='ocrx_word' id='word_1_246' title='bbox 2109 1341 2388 1411; x_wconf 89' lang='lat' dir='ltr'><strong>quoniam</strong></span> <span class='ocrx_word' id='word_1_247' title='bbox 2419 1358 2522 1413; x_wconf 91' lang='lat' dir='ltr'><strong>per</strong></span> <span class='ocrx_word' id='word_1_248' title='bbox 2548 1343 2696 1398; x_wconf 89' lang='lat' dir='ltr'><strong>dura</strong></span> <span class='ocrx_word' id='word_1_249' title='bbox 2723 1344 2876 1399; x_wconf 88' lang='lat' dir='ltr'><strong>viam</strong></span> <span class='ocrx_word' id='word_1_250' title='bbox 2909 1345 3139 1400; x_wconf 80' lang='lat' dir='ltr'><strong>fuerant</strong></span> <span class='ocrx_word' id='word_1_251' title='bbox 3167 1343 3446 1413; x_wconf 86' lang='lat' dir='ltr'><strong>habituri,</strong></span> 
     </span>
    </p>
   </div>
   <div class='ocr_carea' id='block_1_45' title="bbox 1964 1427 3317 1505">
    <p class='ocr_par' dir='ltr' id='par_1_45' title="bbox 1964 1427 3317 1505">
     <span class='ocr_line' id='line_1_45' title="bbox 1964 1427 3317 1505; baseline 0.004 -22"><span class='ocrx_word' id='word_1_252' title='bbox 1964 1427 2044 1483; x_wconf 90' lang='lat' dir='ltr'><strong>Ne</strong></span> <span class='ocrx_word' id='word_1_253' title='bbox 2076 1429 2275 1501; x_wconf 91' lang='lat' dir='ltr'><strong>populi</strong></span> <span class='ocrx_word' id='word_1_254' title='bbox 2307 1429 2587 1503; x_wconf 89' lang='lat' dir='ltr'><strong>languore</strong></span> <span class='ocrx_word' id='word_1_255' title='bbox 2617 1431 2713 1488; x_wconf 89' lang='lat' dir='ltr'><strong>siti</strong></span> <span class='ocrx_word' id='word_1_256' title='bbox 2745 1433 3018 1489; x_wconf 84' lang='lat' dir='ltr'><strong>caderent</strong></span> <span class='ocrx_word' id='word_1_257' title='bbox 3047 1433 3317 1505; x_wconf 88' lang='lat' dir='ltr'><strong>perituri,</strong></span> 
     </span>
    </p>
   </div>
   <div class='ocr_carea' id='block_1_46' title="bbox 1963 1519 3329 1591">
    <p class='ocr_par' dir='ltr' id='par_1_46' title="bbox 1963 1519 3329 1591">
     <span class='ocr_line' id='line_1_46' title="bbox 1963 1519 3329 1591; baseline 0.005 -20"><span class='ocrx_word' id='word_1_258' title='bbox 1963 1519 2028 1573; x_wconf 91' lang='lat' dir='ltr'><strong>In</strong></span> <span class='ocrx_word' id='word_1_259' title='bbox 2061 1522 2286 1575; x_wconf 88' lang='lat' dir='ltr'><strong>turmas</strong></span> <span class='ocrx_word' id='word_1_260' title='bbox 2318 1537 2542 1577; x_wconf 87' lang='lat' dir='ltr'><strong>cessere</strong></span> <span class='ocrx_word' id='word_1_261' title='bbox 2575 1521 2741 1590; x_wconf 90' lang='lat' dir='ltr'><strong>duas,</strong></span> <span class='ocrx_word' id='word_1_262' title='bbox 2771 1521 2874 1576; x_wconf 91' lang='lat' dir='ltr'>tibi</span> <span class='ocrx_word' id='word_1_263' title='bbox 2907 1522 3162 1578; x_wconf 88' lang='lat' dir='ltr'><strong>traditur</strong></span> <span class='ocrx_word' id='word_1_264' title='bbox 3191 1538 3329 1591; x_wconf 88' lang='lat' dir='ltr'><strong>una,</strong></span> 
     </span>
    </p>
   </div>
   <div class='ocr_carea' id='block_1_47' title="bbox 1962 1607 3519 1684">
    <p class='ocr_par' dir='ltr' id='par_1_47' title="bbox 1962 1607 3519 1684">
     <span class='ocr_line' id='line_1_47' title="bbox 1962 1607 3519 1684; baseline 0.003 -22"><span class='ocrx_word' id='word_1_265' title='bbox 1962 1607 2092 1663; x_wconf 87' lang='lat' dir='ltr'><strong>Dux</strong></span> <span class='ocrx_word' id='word_1_266' title='bbox 2119 1608 2462 1682; x_wconf 88' lang='lat' dir='ltr'><strong>Boimunde,</strong></span> <span class='ocrx_word' id='word_1_267' title='bbox 2495 1611 2624 1679; x_wconf 87' lang='lat' dir='ltr'><strong>tibi,</strong></span> <span class='ocrx_word' id='word_1_268' title='bbox 2659 1625 2853 1668; x_wconf 89' lang='lat' dir='ltr'><strong>comes</strong></span> <span class='ocrx_word' id='word_1_269' title='bbox 2883 1615 3068 1684; x_wconf 84' lang='lat' dir='ltr'><strong>Hugo,</strong></span> <span class='ocrx_word' id='word_1_270' title='bbox 3101 1609 3352 1667; x_wconf 87' lang='lat' dir='ltr'><strong>traditur</strong></span> <span class='ocrx_word' id='word_1_271' title='bbox 3381 1620 3519 1669; x_wconf 79' lang='lat' dir='ltr'><strong>una.</strong></span> 
     </span>
    </p>
   </div>
   <div class='ocr_carea' id='block_1_48' title="bbox 1841 1697 3602 1789">
    <p class='ocr_par' dir='ltr' id='par_1_48' title="bbox 1841 1697 3602 1789">
     <span class='ocr_line' id='line_1_48' title="bbox 1841 1697 3602 1789; baseline 0.006 -39"><span class='ocrx_word' id='word_1_272' title='bbox 1841 1737 1846 1742; x_wconf 81' lang='lat'><strong>.</strong></span> <span class='ocrx_word' id='word_1_273' title='bbox 1879 1724 1927 1789; x_wconf 80' lang='grc' dir='ltr'><strong>Β</strong></span> <span class='ocrx_word' id='word_1_274' title='bbox 1961 1697 2168 1789; x_wconf 60' lang='lat' dir='ltr'><strong>Sicque</strong></span> <span class='ocrx_word' id='word_1_275' title='bbox 2196 1715 2398 1789; x_wconf 85' lang='lat' dir='ltr'><strong>graves</strong></span> <span class='ocrx_word' id='word_1_276' title='bbox 2429 1699 2604 1756; x_wconf 91' lang='lat' dir='ltr'><strong>colles</strong></span> <span class='ocrx_word' id='word_1_277' title='bbox 2635 1701 2818 1756; x_wconf 83' lang='lat' dir='ltr'><strong>nostri</strong></span> <span class='ocrx_word' id='word_1_278' title='bbox 2845 1700 2980 1757; x_wconf 81' lang='lat' dir='ltr'><strong>licet</strong></span> <span class='ocrx_word' id='word_1_279' title='bbox 3010 1701 3088 1756; x_wconf 70' lang='lat' dir='ltr'><strong>ad&quot;</strong></span> <span class='ocrx_word' id='word_1_280' title='bbox 3110 1701 3270 1757; x_wconf 83' lang='lat' dir='ltr'><strong>mala‘</strong></span> <span class='ocrx_word' id='word_1_281' title='bbox 3295 1700 3522 1770; x_wconf 83' lang='lat' dir='ltr'><strong>molles,</strong></span> <span class='ocrx_word' id='word_1_282' title='bbox 3597 1715 3602 1725; x_wconf 95' lang='lat'>&#39;</span> 
     </span>
    </p>
   </div>
   <div class='ocr_carea' id='block_1_49' title="bbox 1959 1787 3406 1862">
    <p class='ocr_par' dir='ltr' id='par_1_49' title="bbox 1959 1787 3406 1862">
     <span class='ocr_line' id='line_1_49' title="bbox 1959 1787 3406 1862; baseline 0.003 -20"><span class='ocrx_word' id='word_1_283' title='bbox 1959 1787 2300 1844; x_wconf 89' lang='lat' dir='ltr'><strong>Transivere</strong></span> <span class='ocrx_word' id='word_1_284' title='bbox 2330 1788 2521 1845; x_wconf 90' lang='lat' dir='ltr'><strong>tribus</strong></span> <span class='ocrx_word' id='word_1_285' title='bbox 2552 1806 2666 1845; x_wconf 89' lang='lat' dir='ltr'><strong>non</strong></span> <span class='ocrx_word' id='word_1_286' title='bbox 2701 1789 2922 1862; x_wconf 88' lang='lat' dir='ltr'><strong>absque</strong></span> <span class='ocrx_word' id='word_1_287' title='bbox 2950 1789 3146 1846; x_wconf 90' lang='lat' dir='ltr'><strong>labore</strong></span> <span class='ocrx_word' id='word_1_288' title='bbox 3175 1789 3406 1857; x_wconf 86' lang='lat' dir='ltr'><strong>diebus,</strong></span> 
     </span>
    </p>
   </div>
   <div class='ocr_carea' id='block_1_50' title="bbox 1951 1876 3467 1951">
    <p class='ocr_par' dir='ltr' id='par_1_50' title="bbox 1951 1876 3467 1951">
     <span class='ocr_line' id='line_1_50' title="bbox 1951 1876 3467 1951; baseline 0.003 -21"><span class='ocrx_word' id='word_1_289' title='bbox 1951 1876 2136 1948; x_wconf 89' lang='lat' dir='ltr'><strong>Inque</strong></span> <span class='ocrx_word' id='word_1_290' title='bbox 2159 1877 2250 1932; x_wconf 91' lang='lat' dir='ltr'><strong>die</strong></span> <span class='ocrx_word' id='word_1_291' title='bbox 2283 1882 2495 1949; x_wconf 91' lang='lat' dir='ltr'><strong>quarta</strong></span> <span class='ocrx_word' id='word_1_292' title='bbox 2525 1882 2841 1950; x_wconf 89' lang='lat' dir='ltr'><strong>postquam</strong></span> <span class='ocrx_word' id='word_1_293' title='bbox 2873 1879 2968 1934; x_wconf 88' lang='lat' dir='ltr'><strong>via</strong></span> <span class='ocrx_word' id='word_1_294' title='bbox 2997 1880 3156 1934; x_wconf 76' lang='lat' dir='ltr'><strong>facta;</strong></span> <span class='ocrx_word' id='word_1_295' title='bbox 3177 1879 3284 1951; x_wconf 86' lang='lat' dir='ltr'><strong>per</strong></span> <span class='ocrx_word' id='word_1_296' title='bbox 3309 1893 3467 1948; x_wconf 86' lang='lat' dir='ltr'><strong>arca,</strong></span> 
     </span>
    </p>
   </div>
   <div class='ocr_carea' id='block_1_51' title="bbox 1950 1963 3108 2040">
    <p class='ocr_par' dir='ltr' id='par_1_51' title="bbox 1950 1963 3108 2040">
     <span class='ocr_line' id='line_1_51' title="bbox 1950 1963 3108 2040; baseline 0.003 -22"><span class='ocrx_word' id='word_1_297' title='bbox 1950 1963 2036 2019; x_wconf 91' lang='lat' dir='ltr'><strong>Illi</strong></span> <span class='ocrx_word' id='word_1_298' title='bbox 2072 1966 2261 2020; x_wconf 89' lang='lat' dir='ltr'><strong>securi</strong></span> <span class='ocrx_word' id='word_1_299' title='bbox 2291 1967 2458 2038; x_wconf 90' lang='lat' dir='ltr'><strong>quasi</strong></span> <span class='ocrx_word' id='word_1_300' title='bbox 2492 1983 2634 2039; x_wconf 90' lang='lat' dir='ltr'><strong>gens</strong></span> <span class='ocrx_word' id='word_1_301' title='bbox 2665 1967 2870 2040; x_wconf 89' lang='lat' dir='ltr'><strong>ignara</strong></span> <span class='ocrx_word' id='word_1_302' title='bbox 2901 1968 3108 2032; x_wconf 88' lang='lat' dir='ltr'><strong>futuri,</strong></span> 
     </span>
    </p>
   </div>
   <div class='ocr_carea' id='block_1_52' title="bbox 1948 2054 3603 2129">
    <p class='ocr_par' dir='ltr' id='par_1_52' title="bbox 1948 2054 3603 2129">
     <span class='ocr_line' id='line_1_52' title="bbox 1948 2054 3603 2129; baseline 0.004 -21"><span class='ocrx_word' id='word_1_303' title='bbox 1948 2055 2106 2120; x_wconf 86' lang='lat' dir='ltr'><strong>Quos</strong></span> <span class='ocrx_word' id='word_1_304' title='bbox 2138 2055 2250 2109; x_wconf 92' lang='lat' dir='ltr'><strong>sibi</strong></span> <span class='ocrx_word' id='word_1_305' title='bbox 2276 2054 2624 2112; x_wconf 88' lang='lat' dir='ltr'><strong>commissos</strong></span> <span class='ocrx_word' id='word_1_306' title='bbox 2646 2055 3013 2113; x_wconf 80' lang='lat' dir='ltr'><strong>Boimundus</strong></span> <span class='ocrx_word' id='word_1_307' title='bbox 3033 2057 3107 2112; x_wconf 88' lang='lat' dir='ltr'><strong>ab</strong></span> <span class='ocrx_word' id='word_1_308' title='bbox 3128 2056 3362 2129; x_wconf 83' lang='lat' dir='ltr'><strong>agmine</strong></span> <span class='ocrx_word' id='word_1_309' title='bbox 3384 2055 3603 2114; x_wconf 83' lang='lat' dir='ltr'><strong>scisses</strong></span> 
     </span>
    </p>
   </div>
   <div class='ocr_carea' id='block_1_53' title="bbox 1946 2141 3372 2218">
    <p class='ocr_par' dir='ltr' id='par_1_53' title="bbox 1946 2141 3372 2218">
     <span class='ocr_line' id='line_1_53' title="bbox 1946 2141 3372 2218; baseline 0.003 -20"><span class='ocrx_word' id='word_1_310' title='bbox 1946 2141 2123 2198; x_wconf 81' lang='lat' dir='ltr'><strong>Duxit</strong></span> <span class='ocrx_word' id='word_1_311' title='bbox 2151 2142 2618 2217; x_wconf 68' lang='lat' dir='ltr'><strong>laetantes,grave</strong></span> <span class='ocrx_word' id='word_1_312' title='bbox 2646 2145 2792 2201; x_wconf 89' lang='lat' dir='ltr'><strong>nihil</strong></span> <span class='ocrx_word' id='word_1_313' title='bbox 2825 2149 3046 2202; x_wconf 88' lang='lat' dir='ltr'><strong>restare</strong></span> <span class='ocrx_word' id='word_1_314' title='bbox 3075 2147 3372 2218; x_wconf 80' lang='lat' dir='ltr'><strong>putantes,</strong></span> 
     </span>
    </p>
   </div>
   <div class='ocr_carea' id='block_1_54' title="bbox 1947 2231 3602 2305">
    <p class='ocr_par' dir='ltr' id='par_1_54' title="bbox 1947 2231 3602 2305">
     <span class='ocr_line' id='line_1_54' title="bbox 1947 2231 3602 2305; baseline 0.003 -19"><span class='ocrx_word' id='word_1_315' title='bbox 1947 2231 2097 2286; x_wconf 90' lang='lat' dir='ltr'><strong>Dum</strong></span> <span class='ocrx_word' id='word_1_316' title='bbox 2147 2232 2298 2288; x_wconf 90' lang='lat' dir='ltr'><strong>male</strong></span> <span class='ocrx_word' id='word_1_317' title='bbox 2328 2249 2390 2289; x_wconf 91' lang='lat' dir='ltr'><strong>se</strong></span> <span class='ocrx_word' id='word_1_318' title='bbox 2411 2235 2659 2305; x_wconf 89' lang='lat' dir='ltr'><strong>jactant,</strong></span> <span class='ocrx_word' id='word_1_319' title='bbox 2691 2237 2749 2291; x_wconf 92' lang='lat' dir='ltr'><strong>et</strong></span> <span class='ocrx_word' id='word_1_320' title='bbox 2795 2235 2938 2290; x_wconf 90' lang='lat' dir='ltr'><strong>dum</strong></span> <span class='ocrx_word' id='word_1_321' title='bbox 2987 2235 3136 2291; x_wconf 87' lang='lat' dir='ltr'><strong>bene</strong></span> <span class='ocrx_word' id='word_1_322' title='bbox 3182 2235 3334 2290; x_wconf 85' lang='lat' dir='ltr'><strong>facta</strong></span> <span class='ocrx_word' id='word_1_323' title='bbox 3381 2231 3602 2292; x_wconf 77' lang='lat' dir='ltr'><strong>retrac-</strong></span> 
     </span>
    </p>
   </div>
   <div class='ocr_carea' id='block_1_55' title="bbox 3428 2324 3600 2396">
    <p class='ocr_par' dir='ltr' id='par_1_55' title="bbox 3428 2324 3600 2396">
     <span class='ocr_line' id='line_1_55' title="bbox 3428 2324 3600 2396; baseline 0 -17"><span class='ocrx_word' id='word_1_324' title='bbox 3428 2324 3600 2396; x_wconf 83' lang='lat' dir='ltr'><strong>[tant,</strong></span> 
     </span>
    </p>
   </div>
   <div class='ocr_carea' id='block_1_56' title="bbox 1945 2410 3364 2485">
    <p class='ocr_par' dir='ltr' id='par_1_56' title="bbox 1945 2410 3364 2485">
     <span class='ocr_line' id='line_1_56' title="bbox 1945 2410 3364 2485; baseline 0.003 -21"><span class='ocrx_word' id='word_1_325' title='bbox 1945 2410 2151 2465; x_wconf 91' lang='lat' dir='ltr'><strong>Turcis</strong></span> <span class='ocrx_word' id='word_1_326' title='bbox 2179 2410 2584 2477; x_wconf 87' lang='lat' dir='ltr'><strong>insultant,ter</strong></span> <span class='ocrx_word' id='word_1_327' title='bbox 2612 2416 2845 2468; x_wconf 89' lang='lat' dir='ltr'><strong>centum</strong></span> <span class='ocrx_word' id='word_1_328' title='bbox 2877 2411 3066 2467; x_wconf 88' lang='lat' dir='ltr'><strong>millia</strong></span> <span class='ocrx_word' id='word_1_329' title='bbox 3094 2417 3364 2485; x_wconf 87' lang='lat' dir='ltr'><strong>spectant</strong></span> 
     </span>
    </p>
   </div>
   <div class='ocr_carea' id='block_1_57' title="bbox 1944 2499 3300 2582">
    <p class='ocr_par' dir='ltr' id='par_1_57' title="bbox 1944 2499 3300 2582">
     <span class='ocr_line' id='line_1_57' title="bbox 1944 2499 3300 2582; baseline 0.001 -28"><span class='ocrx_word' id='word_1_330' title='bbox 1944 2499 2266 2554; x_wconf 89' lang='lat' dir='ltr'><strong>Turcorum</strong></span> <span class='ocrx_word' id='word_1_331' title='bbox 2299 2500 2808 2572; x_wconf 68' lang='lat' dir='ltr'><strong>maesti,tantaaque</strong></span> <span class='ocrx_word' id='word_1_332' title='bbox 2840 2501 3111 2582; x_wconf 79' lang='lat' dir='ltr'><strong>resistere</strong></span> <span class='ocrx_word' id='word_1_333' title='bbox 3139 2501 3300 2574; x_wconf 84' lang='lat' dir='ltr'><strong>pesti</strong></span> 
     </span>
    </p>
   </div>
   <div class='ocr_carea' id='block_1_58' title="bbox 1943 2588 3356 2663">
    <p class='ocr_par' dir='ltr' id='par_1_58' title="bbox 1943 2588 3356 2663">
     <span class='ocr_line' id='line_1_58' title="bbox 1943 2588 3356 2663; baseline 0.003 -21"><span class='ocrx_word' id='word_1_334' title='bbox 1943 2588 2066 2644; x_wconf 91' lang='lat' dir='ltr'><strong>Non</strong></span> <span class='ocrx_word' id='word_1_335' title='bbox 2101 2589 2228 2644; x_wconf 89' lang='lat' dir='ltr'><strong>ausi</strong></span> <span class='ocrx_word' id='word_1_336' title='bbox 2261 2588 2724 2662; x_wconf 89' lang='lat' dir='ltr'><strong>dubitant,prius</strong></span> <span class='ocrx_word' id='word_1_337' title='bbox 2756 2606 2892 2662; x_wconf 84' lang='lat' dir='ltr'><strong>ergo</strong></span> <span class='ocrx_word' id='word_1_338' title='bbox 2926 2590 3125 2663; x_wconf 66' lang='lat' dir='ltr'><strong>pralia</strong></span> <span class='ocrx_word' id='word_1_339' title='bbox 3151 2589 3356 2646; x_wconf 84' lang='lat' dir='ltr'><strong>vitant.</strong></span> 
     </span>
    </p>
   </div>
   <div class='ocr_carea' id='block_1_59' title="bbox 1943 2677 3590 2747">
    <p class='ocr_par' dir='ltr' id='par_1_59' title="bbox 1943 2677 3590 2747">
     <span class='ocr_line' id='line_1_59' title="bbox 1943 2677 3590 2747; baseline 0.003 -15"><span class='ocrx_word' id='word_1_340' title='bbox 1943 2677 2053 2732; x_wconf 91' lang='lat' dir='ltr'><strong>Sed</strong></span> <span class='ocrx_word' id='word_1_341' title='bbox 2087 2677 2307 2733; x_wconf 81' lang='lat' dir='ltr'><strong>nullam</strong></span> <span class='ocrx_word' id='word_1_342' title='bbox 2337 2683 2584 2734; x_wconf 90' lang='lat' dir='ltr'><strong>mortem</strong></span> <span class='ocrx_word' id='word_1_343' title='bbox 2617 2683 2905 2746; x_wconf 87' lang='lat' dir='ltr'><strong>metuens,</strong></span> <span class='ocrx_word' id='word_1_344' title='bbox 2941 2677 3590 2747; x_wconf 83' lang='lat' dir='ltr'><strong>Boimunde,cohortem</strong></span> 
     </span>
    </p>
   </div>
   <div class='ocr_carea' id='block_1_60' title="bbox 1943 2765 3251 2840">
    <p class='ocr_par' dir='ltr' id='par_1_60' title="bbox 1943 2765 3251 2840">
     <span class='ocr_line' id='line_1_60' title="bbox 1943 2765 3251 2840; baseline 0.003 -20"><span class='ocrx_word' id='word_1_345' title='bbox 1943 2765 2212 2838; x_wconf 89' lang='lat' dir='ltr'><strong>Instruis,</strong></span> <span class='ocrx_word' id='word_1_346' title='bbox 2244 2771 2310 2821; x_wconf 91' lang='lat' dir='ltr'><strong>ut</strong></span> <span class='ocrx_word' id='word_1_347' title='bbox 2339 2767 2470 2822; x_wconf 90' lang='lat' dir='ltr'><strong>vilis</strong></span> <span class='ocrx_word' id='word_1_348' title='bbox 2501 2767 2754 2839; x_wconf 89' lang='lat' dir='ltr'><strong>depellat</strong></span> <span class='ocrx_word' id='word_1_349' title='bbox 2783 2767 3026 2840; x_wconf 89' lang='lat' dir='ltr'><strong>cuspide</strong></span> <span class='ocrx_word' id='word_1_350' title='bbox 3055 2767 3251 2837; x_wconf 86' lang='lat' dir='ltr'><strong>miles,</strong></span> 
     </span>
    </p>
   </div>
   <div class='ocr_carea' id='block_1_61' title="bbox 1940 2855 3153 2927">
    <p class='ocr_par' dir='ltr' id='par_1_61' title="bbox 1940 2855 3153 2927">
     <span class='ocr_line' id='line_1_61' title="bbox 1940 2855 3153 2927; baseline 0.002 -18"><span class='ocrx_word' id='word_1_351' title='bbox 1940 2855 2009 2910; x_wconf 91' lang='lat' dir='ltr'><strong>Et</strong></span> <span class='ocrx_word' id='word_1_352' title='bbox 2033 2856 2203 2927; x_wconf 89' lang='lat' dir='ltr'><strong>ponis</strong></span> <span class='ocrx_word' id='word_1_353' title='bbox 2225 2856 2396 2926; x_wconf 83' lang='lat' dir='ltr'><strong>juxta</strong></span> <span class='ocrx_word' id='word_1_354' title='bbox 2423 2855 2576 2912; x_wconf 91' lang='lat' dir='ltr'><strong>rivos</strong></span> <span class='ocrx_word' id='word_1_355' title='bbox 2609 2873 2676 2912; x_wconf 86' lang='lat' dir='ltr'><strong>ex</strong></span> <span class='ocrx_word' id='word_1_356' title='bbox 2707 2857 2910 2912; x_wconf 89' lang='lat' dir='ltr'><strong>ordine</strong></span> <span class='ocrx_word' id='word_1_357' title='bbox 2939 2855 3153 2924; x_wconf 81' lang='lat' dir='ltr'><strong>castra,</strong></span> 
     </span>
    </p>
   </div>
   <div class='ocr_carea' id='block_1_62' title="bbox 1940 2943 3442 3010">
    <p class='ocr_par' dir='ltr' id='par_1_62' title="bbox 1940 2943 3442 3010">
     <span class='ocr_line' id='line_1_62' title="bbox 1940 2943 3442 3010; baseline 0.003 -12"><span class='ocrx_word' id='word_1_358' title='bbox 1940 2946 2093 3010; x_wconf 92' lang='lat' dir='ltr'><strong>Quos</strong></span> <span class='ocrx_word' id='word_1_359' title='bbox 2125 2943 2302 2999; x_wconf 90' lang='lat' dir='ltr'><strong>nimis</strong></span> <span class='ocrx_word' id='word_1_360' title='bbox 2334 2961 2538 3000; x_wconf 84' lang='lat' dir='ltr'><strong>exesos</strong></span> <span class='ocrx_word' id='word_1_361' title='bbox 2561 2948 2730 3000; x_wconf 87' lang='lat' dir='ltr'><strong>vocat</strong></span> <span class='ocrx_word' id='word_1_362' title='bbox 2759 2944 2950 3000; x_wconf 88' lang='lat' dir='ltr'><strong>incola</strong></span> <span class='ocrx_word' id='word_1_363' title='bbox 2977 2945 3153 3000; x_wconf 86' lang='lat' dir='ltr'><strong>turba</strong></span> <span class='ocrx_word' id='word_1_364' title='bbox 3180 2943 3405 3002; x_wconf 87' lang='lat' dir='ltr'><strong>lutosos</strong></span> <span class='ocrx_word' id='word_1_365' title='bbox 3429 2963 3442 3001; x_wconf 90' lang='lat'><strong>:</strong></span> 
     </span>
    </p>
   </div>
   <div class='ocr_carea' id='block_1_63' title="bbox 1939 3032 3343 3106">
    <p class='ocr_par' dir='ltr' id='par_1_63' title="bbox 1939 3032 3343 3106">
     <span class='ocr_line' id='line_1_63' title="bbox 1939 3032 3343 3106; baseline 0.001 -18"><span class='ocrx_word' id='word_1_366' title='bbox 1939 3033 2051 3089; x_wconf 91' lang='lat' dir='ltr'><strong>Sed</strong></span> <span class='ocrx_word' id='word_1_367' title='bbox 2085 3034 2346 3088; x_wconf 90' lang='lat' dir='ltr'><strong>nondum</strong></span> <span class='ocrx_word' id='word_1_368' title='bbox 2375 3033 2561 3088; x_wconf 91' lang='lat' dir='ltr'><strong>nostri</strong></span> <span class='ocrx_word' id='word_1_369' title='bbox 2591 3034 2820 3089; x_wconf 84' lang='lat' dir='ltr'><strong>fuerant</strong></span> <span class='ocrx_word' id='word_1_370' title='bbox 2850 3033 2922 3088; x_wconf 88' lang='lat' dir='ltr'><strong>ad</strong></span> <span class='ocrx_word' id='word_1_371' title='bbox 2951 3032 3103 3089; x_wconf 89' lang='lat' dir='ltr'><strong>bella</strong></span> <span class='ocrx_word' id='word_1_372' title='bbox 3134 3034 3343 3106; x_wconf 84' lang='lat' dir='ltr'><strong>parati,</strong></span> 
     </span>
    </p>
   </div>
   <div class='ocr_carea' id='block_1_64' title="bbox 178 3093 3371 3194">
    <p class='ocr_par' dir='ltr' id='par_1_64' title="bbox 178 3093 3371 3194">
     <span class='ocr_line' id='line_1_64' title="bbox 178 3093 3371 3194; baseline 0.003 -39"><span class='ocrx_word' id='word_1_373' title='bbox 178 3101 334 3156; x_wconf 89' lang='lat' dir='ltr'><strong>Gens</strong></span> <span class='ocrx_word' id='word_1_374' title='bbox 367 3106 488 3168; x_wconf 89' lang='lat' dir='ltr'><strong>tua,</strong></span> <span class='ocrx_word' id='word_1_375' title='bbox 520 3102 767 3170; x_wconf 89' lang='lat' dir='ltr'><strong>Christe,</strong></span> <span class='ocrx_word' id='word_1_376' title='bbox 800 3102 978 3158; x_wconf 90' lang='lat' dir='ltr'><strong>nimis</strong></span> <span class='ocrx_word' id='word_1_377' title='bbox 1008 3107 1276 3159; x_wconf 90' lang='lat' dir='ltr'><strong>metuens</strong></span> <span class='ocrx_word' id='word_1_378' title='bbox 1306 3104 1564 3194; x_wconf 88' lang='lat' dir='ltr'><strong>suspirat</strong></span> <span class='ocrx_word' id='word_1_379' title='bbox 1589 3104 1661 3158; x_wconf 89' lang='lat' dir='ltr'><strong>ab</strong></span> <span class='ocrx_word' id='word_1_380' title='bbox 1693 3103 1829 3160; x_wconf 90' lang='lat' dir='ltr'><strong>imis</strong></span> <span class='ocrx_word' id='word_1_381' title='bbox 1861 3093 1903 3160; x_wconf 79' lang='lat' dir='ltr'><strong>C</strong></span> <span class='ocrx_word' id='word_1_382' title='bbox 1939 3121 2083 3176; x_wconf 74' lang='lat' dir='ltr'><strong>cum</strong></span> <span class='ocrx_word' id='word_1_383' title='bbox 2114 3122 2546 3193; x_wconf 57' lang='lat' dir='ltr'><strong>quinquaginta</strong></span> <span class='ocrx_word' id='word_1_384' title='bbox 2576 3127 2811 3177; x_wconf 68' lang='lat' dir='ltr'><strong>centum</strong></span> <span class='ocrx_word' id='word_1_385' title='bbox 2845 3093 3371 3194; x_wconf 48' lang='lat' dir='ltr'><strong>ferrugine‘ﬁmtg,</strong></span> 
     </span>
    </p>
   </div>
   <div class='ocr_carea' id='block_1_65' title="bbox 180 3189 1410 3264">
    <p class='ocr_par' dir='ltr' id='par_1_65' title="bbox 180 3189 1410 3264">
     <span class='ocr_line' id='line_1_65' title="bbox 180 3189 1410 3264; baseline 0.002 -20"><span class='ocrx_word' id='word_1_386' title='bbox 180 3189 541 3256; x_wconf 85' lang='lat' dir='ltr'><strong>Pectoribus,</strong></span> <span class='ocrx_word' id='word_1_387' title='bbox 575 3190 715 3246; x_wconf 90' lang='lat' dir='ltr'><strong>clari</strong></span> <span class='ocrx_word' id='word_1_388' title='bbox 749 3191 898 3246; x_wconf 92' lang='lat' dir='ltr'><strong>bello</strong></span> <span class='ocrx_word' id='word_1_389' title='bbox 931 3209 1154 3263; x_wconf 82' lang='lat' dir='ltr'><strong>coepere</strong></span> <span class='ocrx_word' id='word_1_390' title='bbox 1186 3193 1410 3264; x_wconf 87' lang='lat' dir='ltr'><strong>precari</strong></span> 
     </span>
    </p>
   </div>
   <div class='ocr_carea' id='block_1_66' title="bbox 178 3278 1828 3352">
    <p class='ocr_par' dir='ltr' id='par_1_66' title="bbox 178 3278 1828 3352">
     <span class='ocr_line' id='line_1_66' title="bbox 178 3278 1828 3352; baseline 0.002 -19"><span class='ocrx_word' id='word_1_391' title='bbox 178 3278 456 3350; x_wconf 89' lang='lat' dir='ltr'><strong>Supplice</strong></span> <span class='ocrx_word' id='word_1_392' title='bbox 508 3296 646 3335; x_wconf 91' lang='lat' dir='ltr'><strong>voce</strong></span> <span class='ocrx_word' id='word_1_393' title='bbox 707 3280 914 3348; x_wconf 91' lang='lat' dir='ltr'><strong>Deum,</strong></span> <span class='ocrx_word' id='word_1_394' title='bbox 958 3281 1114 3351; x_wconf 88' lang='lat' dir='ltr'><strong>quod</strong></span> <span class='ocrx_word' id='word_1_395' title='bbox 1169 3281 1253 3337; x_wconf 89' lang='lat' dir='ltr'><strong>eis</strong></span> <span class='ocrx_word' id='word_1_396' title='bbox 1311 3282 1474 3337; x_wconf 91' lang='lat' dir='ltr'><strong>daret</strong></span> <span class='ocrx_word' id='word_1_397' title='bbox 1531 3281 1655 3352; x_wconf 88' lang='lat' dir='ltr'><strong>ipse</strong></span> <span class='ocrx_word' id='word_1_398' title='bbox 1711 3285 1828 3336; x_wconf 93' lang='lat' dir='ltr'><strong>tro-</strong></span> 
     </span>
    </p>
   </div>
   <div class='ocr_carea' id='block_1_67' title="bbox 1552 3370 1826 3442">
    <p class='ocr_par' dir='ltr' id='par_1_67' title="bbox 1552 3370 1826 3442">
     <span class='ocr_line' id='line_1_67' title="bbox 1552 3370 1826 3442; baseline 0 -18"><span class='ocrx_word' id='word_1_399' title='bbox 1552 3370 1826 3442; x_wconf 70' lang='grc' dir='ltr'><strong>[ρὴωυω.</strong></span> 
     </span>
    </p>
   </div>
   <div class='ocr_carea' id='block_1_68' title="bbox 180 3457 1597 3530">
    <p class='ocr_par' dir='ltr' id='par_1_68' title="bbox 180 3457 1597 3530">
     <span class='ocr_line' id='line_1_68' title="bbox 180 3457 1597 3530; baseline 0.001 -18"><span class='ocrx_word' id='word_1_400' title='bbox 180 3457 258 3513; x_wconf 90' lang='lat' dir='ltr'><strong>Ut</strong></span> <span class='ocrx_word' id='word_1_401' title='bbox 287 3461 715 3530; x_wconf 79' lang='lat' dir='ltr'><strong>conspexerunt</strong></span> <span class='ocrx_word' id='word_1_402' title='bbox 745 3459 919 3514; x_wconf 90' lang='lat' dir='ltr'><strong>Turci</strong></span> <span class='ocrx_word' id='word_1_403' title='bbox 953 3463 1183 3514; x_wconf 90' lang='lat' dir='ltr'><strong>nostros</strong></span> <span class='ocrx_word' id='word_1_404' title='bbox 1215 3460 1597 3514; x_wconf 87' lang='lat' dir='ltr'><strong>fremuerunt.</strong></span> 
     </span>
    </p>
   </div>
   <div class='ocr_carea' id='block_1_69' title="bbox 183 3546 1612 3619">
    <p class='ocr_par' dir='ltr' id='par_1_69' title="bbox 183 3546 1612 3619">
     <span class='ocr_line' id='line_1_69' title="bbox 183 3546 1612 3619; baseline 0.001 -19"><span class='ocrx_word' id='word_1_405' title='bbox 183 3547 314 3601; x_wconf 85' lang='lat' dir='ltr'><strong>Mox</strong></span> <span class='ocrx_word' id='word_1_406' title='bbox 343 3546 443 3601; x_wconf 90' lang='lat' dir='ltr'><strong>ubi</strong></span> <span class='ocrx_word' id='word_1_407' title='bbox 475 3546 736 3602; x_wconf 83' lang='lat' dir='ltr'><strong>fecerunt</strong></span> <span class='ocrx_word' id='word_1_408' title='bbox 765 3552 882 3603; x_wconf 90' lang='lat' dir='ltr'><strong>tres</strong></span> <span class='ocrx_word' id='word_1_409' title='bbox 911 3552 1157 3614; x_wconf 88' lang='lat' dir='ltr'><strong>turmas,</strong></span> <span class='ocrx_word' id='word_1_410' title='bbox 1191 3547 1612 3619; x_wconf 89' lang='lat' dir='ltr'><strong>disposuerunt</strong></span> 
     </span>
    </p>
   </div>
   <div class='ocr_carea' id='block_1_70' title="bbox 184 3635 1728 3708">
    <p class='ocr_par' dir='ltr' id='par_1_70' title="bbox 184 3635 1728 3708">
     <span class='ocr_line' id='line_1_70' title="bbox 184 3635 1728 3708; baseline 0.001 -19"><span class='ocrx_word' id='word_1_411' title='bbox 184 3635 346 3701; x_wconf 91' lang='lat' dir='ltr'><strong>Quod</strong></span> <span class='ocrx_word' id='word_1_412' title='bbox 379 3651 514 3706; x_wconf 91' lang='lat' dir='ltr'><strong>pars</strong></span> <span class='ocrx_word' id='word_1_413' title='bbox 547 3635 790 3691; x_wconf 89' lang='lat' dir='ltr'><strong>intraret</strong></span> <span class='ocrx_word' id='word_1_414' title='bbox 819 3637 1378 3708; x_wconf 89' lang='lat' dir='ltr'><strong>muros,inopesque</strong></span> <span class='ocrx_word' id='word_1_415' title='bbox 1400 3637 1474 3705; x_wconf 92' lang='lat'>(8)</span> <span class='ocrx_word' id='word_1_416' title='bbox 1494 3638 1728 3708; x_wconf 90' lang='lat' dir='ltr'><strong>juvaret</strong></span> 
     </span>
    </p>
   </div>
   <div class='ocr_carea' id='block_1_71' title="bbox 181 3723 1565 3796">
    <p class='ocr_par' dir='ltr' id='par_1_71' title="bbox 181 3723 1565 3796">
     <span class='ocr_line' id='line_1_71' title="bbox 181 3723 1565 3796; baseline 0.003 -19"><span class='ocrx_word' id='word_1_417' title='bbox 181 3723 421 3780; x_wconf 86' lang='lat' dir='ltr'><strong>Viribus</strong></span> <span class='ocrx_word' id='word_1_418' title='bbox 449 3729 507 3779; x_wconf 93' lang='lat' dir='ltr'><strong>et</strong></span> <span class='ocrx_word' id='word_1_419' title='bbox 538 3724 755 3788; x_wconf 89' lang='lat' dir='ltr'><strong>telis,et</strong></span> <span class='ocrx_word' id='word_1_420' title='bbox 782 3742 951 3796; x_wconf 91' lang='lat' dir='ltr'><strong>opem</strong></span> <span class='ocrx_word' id='word_1_421' title='bbox 977 3727 1260 3796; x_wconf 79' lang='lat' dir='ltr'><strong>praeberet</strong></span> <span class='ocrx_word' id='word_1_422' title='bbox 1290 3725 1519 3782; x_wconf 80' lang='lat' dir='ltr'><strong>anhelis</strong></span> <span class='ocrx_word' id='word_1_423' title='bbox 1551 3743 1565 3781; x_wconf 86' lang='lat'>:</span> 
     </span>
    </p>
   </div>
   <div class='ocr_carea' id='block_1_72' title="bbox 186 3811 1529 3886">
    <p class='ocr_par' dir='ltr' id='par_1_72' title="bbox 186 3811 1529 3886">
     <span class='ocr_line' id='line_1_72' title="bbox 186 3811 1529 3886; baseline 0.001 -18"><span class='ocrx_word' id='word_1_424' title='bbox 186 3811 302 3885; x_wconf 89' lang='lat' dir='ltr'><strong>Ipsi</strong></span> <span class='ocrx_word' id='word_1_425' title='bbox 335 3813 638 3868; x_wconf 89' lang='lat' dir='ltr'><strong>munirent</strong></span> <span class='ocrx_word' id='word_1_426' title='bbox 668 3819 1242 3886; x_wconf 89' lang='lat' dir='ltr'><strong>portas,nostrosquc</strong></span> <span class='ocrx_word' id='word_1_427' title='bbox 1273 3814 1529 3871; x_wconf 85' lang='lat' dir='ltr'><strong>ferirent.</strong></span> 
     </span>
    </p>
   </div>
   <div class='ocr_carea' id='block_1_73' title="bbox 182 3901 1484 3974">
    <p class='ocr_par' dir='ltr' id='par_1_73' title="bbox 182 3901 1484 3974">
     <span class='ocr_line' id='line_1_73' title="bbox 182 3901 1484 3974; baseline 0.002 -18"><span class='ocrx_word' id='word_1_428' title='bbox 182 3904 228 3957; x_wconf 83' lang='lat' dir='ltr'><strong>A</strong></span> <span class='ocrx_word' id='word_1_429' title='bbox 257 3901 497 3974; x_wconf 90' lang='lat' dir='ltr'><strong>gemina</strong></span> <span class='ocrx_word' id='word_1_430' title='bbox 526 3906 690 3974; x_wconf 88' lang='lat' dir='ltr'><strong>parte</strong></span> <span class='ocrx_word' id='word_1_431' title='bbox 716 3907 1012 3974; x_wconf 88' lang='lat' dir='ltr'><strong>comperta</strong></span> <span class='ocrx_word' id='word_1_432' title='bbox 1041 3905 1310 3974; x_wconf 89' lang='lat' dir='ltr'><strong>protinus</strong></span> <span class='ocrx_word' id='word_1_433' title='bbox 1342 3909 1484 3970; x_wconf 87' lang='lat' dir='ltr'><strong>arte,</strong></span> 
     </span>
    </p>
   </div>
   <div class='ocr_carea' id='block_1_74' title="bbox 183 3990 1593 4063">
    <p class='ocr_par' dir='ltr' id='par_1_74' title="bbox 183 3990 1593 4063">
     <span class='ocr_line' id='line_1_74' title="bbox 183 3990 1593 4063; baseline 0.001 -17"><span class='ocrx_word' id='word_1_434' title='bbox 183 3991 395 4046; x_wconf 86' lang='lat' dir='ltr'><strong>Noster</strong></span> <span class='ocrx_word' id='word_1_435' title='bbox 423 3991 482 4045; x_wconf 91' lang='lat' dir='ltr'><strong>in</strong></span> <span class='ocrx_word' id='word_1_436' title='bbox 515 3991 760 4046; x_wconf 86' lang='lat' dir='ltr'><strong>hostiles</strong></span> <span class='ocrx_word' id='word_1_437' title='bbox 787 3990 974 4046; x_wconf 89' lang='lat' dir='ltr'><strong>multo</strong></span> <span class='ocrx_word' id='word_1_438' title='bbox 1006 3992 1123 4046; x_wconf 88' lang='lat' dir='ltr'><strong>ruit</strong></span> <span class='ocrx_word' id='word_1_439' title='bbox 1153 3991 1368 4063; x_wconf 89' lang='lat' dir='ltr'><strong>impete</strong></span> <span class='ocrx_word' id='word_1_440' title='bbox 1400 3991 1593 4058; x_wconf 90' lang='lat' dir='ltr'><strong>miles,</strong></span> 
     </span>
    </p>
   </div>
   <div class='ocr_carea' id='block_1_75' title="bbox 183 4079 1628 4153">
    <p class='ocr_par' dir='ltr' id='par_1_75' title="bbox 183 4079 1628 4153">
     <span class='ocr_line' id='line_1_75' title="bbox 183 4079 1628 4153; baseline 0.002 -20"><span class='ocrx_word' id='word_1_441' title='bbox 183 4079 487 4152; x_wconf 88' lang='lat' dir='ltr'><strong>Pugnatur</strong></span> <span class='ocrx_word' id='word_1_442' title='bbox 517 4080 682 4147; x_wconf 90' lang='lat' dir='ltr'><strong>dure,</strong></span> <span class='ocrx_word' id='word_1_443' title='bbox 717 4081 818 4136; x_wconf 87' lang='lat' dir='ltr'><strong>sed</strong></span> <span class='ocrx_word' id='word_1_444' title='bbox 854 4097 970 4135; x_wconf 93' lang='lat' dir='ltr'><strong>non</strong></span> <span class='ocrx_word' id='word_1_445' title='bbox 1001 4098 1107 4152; x_wconf 88' lang='lat' dir='ltr'><strong>par</strong></span> <span class='ocrx_word' id='word_1_446' title='bbox 1135 4086 1301 4136; x_wconf 88' lang='lat' dir='ltr'><strong>actus</strong></span> <span class='ocrx_word' id='word_1_447' title='bbox 1334 4081 1628 4153; x_wconf 89' lang='lat' dir='ltr'><strong>utrinque,</strong></span> 
     </span>
    </p>
   </div>
   <div class='ocr_carea' id='block_1_76' title="bbox 182 4167 1625 4241">
    <p class='ocr_par' dir='ltr' id='par_1_76' title="bbox 182 4167 1625 4241">
     <span class='ocr_line' id='line_1_76' title="bbox 182 4167 1625 4241; baseline 0.001 -17"><span class='ocrx_word' id='word_1_448' title='bbox 182 4169 294 4224; x_wconf 91' lang='lat' dir='ltr'><strong>Sed</strong></span> <span class='ocrx_word' id='word_1_449' title='bbox 329 4168 632 4241; x_wconf 88' lang='lat' dir='ltr'><strong>perimunt</strong></span> <span class='ocrx_word' id='word_1_450' title='bbox 657 4167 861 4236; x_wconf 90' lang='lat' dir='ltr'><strong>nostri,</strong></span> <span class='ocrx_word' id='word_1_451' title='bbox 896 4174 1142 4240; x_wconf 91' lang='lat' dir='ltr'><strong>pereunt</strong></span> <span class='ocrx_word' id='word_1_452' title='bbox 1171 4171 1489 4225; x_wconf 88' lang='lat' dir='ltr'><strong>enormiter</strong></span> <span class='ocrx_word' id='word_1_453' title='bbox 1523 4170 1625 4225; x_wconf 93' lang='lat' dir='ltr'><strong>illi.</strong></span> 
     </span>
    </p>
   </div>
   <div class='ocr_carea' id='block_1_77' title="bbox 181 4257 1646 4331">
    <p class='ocr_par' dir='ltr' id='par_1_77' title="bbox 181 4257 1646 4331">
     <span class='ocr_line' id='line_1_77' title="bbox 181 4257 1646 4331; baseline 0.001 -18"><span class='ocrx_word' id='word_1_454' title='bbox 181 4259 558 4330; x_wconf 88' lang='lat' dir='ltr'><strong>Franguntur</strong></span> <span class='ocrx_word' id='word_1_455' title='bbox 587 4257 786 4329; x_wconf 67' lang='lat' dir='ltr'><strong>rigidae</strong></span> <span class='ocrx_word' id='word_1_456' title='bbox 815 4257 1025 4314; x_wconf 90' lang='lat' dir='ltr'><strong>validis</strong></span> <span class='ocrx_word' id='word_1_457' title='bbox 1056 4257 1414 4331; x_wconf 88' lang='lat' dir='ltr'><strong>impulsibus</strong></span> <span class='ocrx_word' id='word_1_458' title='bbox 1447 4259 1646 4326; x_wconf 64' lang='lat' dir='ltr'><strong>hastae,</strong></span> 
     </span>
    </p>
   </div>
   <div class='ocr_carea' id='block_1_78' title="bbox 181 4346 1764 4420">
    <p class='ocr_par' dir='ltr' id='par_1_78' title="bbox 181 4346 1764 4420">
     <span class='ocr_line' id='line_1_78' title="bbox 181 4346 1764 4420; baseline 0.001 -18"><span class='ocrx_word' id='word_1_459' title='bbox 181 4347 425 4402; x_wconf 83' lang='lat' dir='ltr'><strong>Pectora</strong></span> <span class='ocrx_word' id='word_1_460' title='bbox 454 4363 604 4402; x_wconf 66' lang='lat' dir='ltr'><strong>saeva</strong></span> <span class='ocrx_word' id='word_1_461' title='bbox 635 4350 866 4417; x_wconf 89' lang='lat' dir='ltr'><strong>sonant,</strong></span> <span class='ocrx_word' id='word_1_462' title='bbox 899 4346 1167 4420; x_wconf 89' lang='lat' dir='ltr'><strong>rivosque</strong></span> <span class='ocrx_word' id='word_1_463' title='bbox 1198 4347 1422 4404; x_wconf 90' lang='lat' dir='ltr'><strong>oruoris</strong></span> <span class='ocrx_word' id='word_1_464' title='bbox 1455 4348 1764 4404; x_wconf 86' lang='lat' dir='ltr'><strong>inundant.</strong></span> 
     </span>
    </p>
   </div>
   <div class='ocr_carea' id='block_1_79' title="bbox 1939 3209 3358 3283">
    <p class='ocr_par' dir='ltr' id='par_1_79' title="bbox 1939 3209 3358 3283">
     <span class='ocr_line' id='line_1_79' title="bbox 1939 3209 3358 3283; baseline 0.001 -18"><span class='ocrx_word' id='word_1_465' title='bbox 1939 3209 2123 3266; x_wconf 89' lang='lat' dir='ltr'><strong>Millia</strong></span> <span class='ocrx_word' id='word_1_466' title='bbox 2151 3211 2474 3266; x_wconf 89' lang='lat' dir='ltr'><strong>Turcorum</strong></span> <span class='ocrx_word' id='word_1_467' title='bbox 2506 3226 2682 3266; x_wconf 88' lang='lat' dir='ltr'><strong>cursu</strong></span> <span class='ocrx_word' id='word_1_468' title='bbox 2714 3213 3026 3283; x_wconf 88' lang='lat' dir='ltr'><strong>portantur</strong></span> <span class='ocrx_word' id='word_1_469' title='bbox 3049 3225 3358 3283; x_wconf 87' lang='lat' dir='ltr'><strong>equorum,</strong></span> 
     </span>
    </p>
   </div>
   <div class='ocr_carea' id='block_1_80' title="bbox 1937 3298 3330 3372">
    <p class='ocr_par' dir='ltr' id='par_1_80' title="bbox 1937 3298 3330 3372">
     <span class='ocr_line' id='line_1_80' title="bbox 1937 3298 3330 3372; baseline 0 -18"><span class='ocrx_word' id='word_1_470' title='bbox 1937 3301 2008 3355; x_wconf 88' lang='lat' dir='ltr'><strong>Et</strong></span> <span class='ocrx_word' id='word_1_471' title='bbox 2038 3316 2152 3354; x_wconf 91' lang='lat' dir='ltr'><strong>non</strong></span> <span class='ocrx_word' id='word_1_472' title='bbox 2185 3298 2468 3371; x_wconf 88' lang='lat' dir='ltr'><strong>paulatim</strong></span> <span class='ocrx_word' id='word_1_473' title='bbox 2500 3299 2830 3364; x_wconf 87' lang='lat' dir='ltr'><strong>veniebant,</strong></span> <span class='ocrx_word' id='word_1_474' title='bbox 2863 3300 2986 3356; x_wconf 86' lang='lat' dir='ltr'><strong>sive</strong></span> <span class='ocrx_word' id='word_1_475' title='bbox 3017 3299 3330 3372; x_wconf 86' lang='lat' dir='ltr'><strong>gradatim,</strong></span> 
     </span>
    </p>
   </div>
   <div class='ocr_carea' id='block_1_81' title="bbox 1940 3385 3590 3461">
    <p class='ocr_par' dir='ltr' id='par_1_81' title="bbox 1940 3385 3590 3461">
     <span class='ocr_line' id='line_1_81' title="bbox 1940 3385 3590 3461; baseline -0.001 -16"><span class='ocrx_word' id='word_1_476' title='bbox 1940 3389 2052 3445; x_wconf 91' lang='lat' dir='ltr'><strong>Sed</strong></span> <span class='ocrx_word' id='word_1_477' title='bbox 2081 3389 2197 3444; x_wconf 91' lang='lat' dir='ltr'><strong>cito</strong></span> <span class='ocrx_word' id='word_1_478' title='bbox 2230 3405 2389 3444; x_wconf 91' lang='lat' dir='ltr'><strong>more</strong></span> <span class='ocrx_word' id='word_1_479' title='bbox 2431 3405 2644 3443; x_wconf 87' lang='lat' dir='ltr'><strong>canum</strong></span> <span class='ocrx_word' id='word_1_480' title='bbox 2693 3387 2976 3460; x_wconf 86' lang='lat' dir='ltr'><strong>quiddam</strong></span> <span class='ocrx_word' id='word_1_481' title='bbox 3025 3385 3346 3460; x_wconf 84' lang='lat' dir='ltr'><strong>grassando</strong></span> <span class='ocrx_word' id='word_1_482' title='bbox 3395 3385 3590 3461; x_wconf 75' lang='lat' dir='ltr'><strong>profa-</strong></span> 
     </span>
    </p>
   </div>
   <div class='ocr_carea' id='block_1_82' title="bbox 3425 3478 3590 3549">
    <p class='ocr_par' dir='ltr' id='par_1_82' title="bbox 3425 3478 3590 3549">
     <span class='ocr_line' id='line_1_82' title="bbox 3425 3478 3590 3549; baseline 0 -17"><span class='ocrx_word' id='word_1_483' title='bbox 3425 3478 3590 3549; x_wconf 89' lang='lat' dir='ltr'><strong>[num</strong></span> 
     </span>
    </p>
   </div>
   <div class='ocr_carea' id='block_1_83' title="bbox 1941 3564 3357 3636">
    <p class='ocr_par' dir='ltr' id='par_1_83' title="bbox 1941 3564 3357 3636">
     <span class='ocr_line' id='line_1_83' title="bbox 1941 3564 3357 3636; baseline -0.001 -15"><span class='ocrx_word' id='word_1_484' title='bbox 1941 3566 2080 3622; x_wconf 87' lang='lat' dir='ltr'><strong>Sese</strong></span> <span class='ocrx_word' id='word_1_485' title='bbox 2110 3566 2494 3621; x_wconf 87' lang='lat' dir='ltr'><strong>commiscent</strong></span> <span class='ocrx_word' id='word_1_486' title='bbox 2525 3566 2827 3631; x_wconf 87' lang='lat' dir='ltr'><strong>nostris,et</strong></span> <span class='ocrx_word' id='word_1_487' title='bbox 2856 3564 3057 3636; x_wconf 70' lang='lat' dir='ltr'><strong>praelia</strong></span> <span class='ocrx_word' id='word_1_488' title='bbox 3086 3565 3357 3621; x_wconf 88' lang='lat' dir='ltr'><strong>miscent.</strong></span> 
     </span>
    </p>
   </div>
   <div class='ocr_carea' id='block_1_84' title="bbox 1940 3653 3331 3720">
    <p class='ocr_par' dir='ltr' id='par_1_84' title="bbox 1940 3653 3331 3720">
     <span class='ocr_line' id='line_1_84' title="bbox 1940 3653 3331 3720; baseline -0.001 -10"><span class='ocrx_word' id='word_1_489' title='bbox 1940 3655 2149 3710; x_wconf 89' lang='lat' dir='ltr'><strong>Noster</strong></span> <span class='ocrx_word' id='word_1_490' title='bbox 2174 3654 2513 3710; x_wconf 90' lang='lat' dir='ltr'><strong>commistos</strong></span> <span class='ocrx_word' id='word_1_491' title='bbox 2539 3653 2707 3708; x_wconf 89' lang='lat' dir='ltr'><strong>miles</strong></span> <span class='ocrx_word' id='word_1_492' title='bbox 2739 3654 2874 3709; x_wconf 88' lang='lat' dir='ltr'><strong>ferit</strong></span> <span class='ocrx_word' id='word_1_493' title='bbox 2903 3655 3138 3710; x_wconf 86' lang='lat' dir='ltr'><strong>eminus</strong></span> <span class='ocrx_word' id='word_1_494' title='bbox 3165 3655 3331 3720; x_wconf 89' lang='lat' dir='ltr'><strong>istos,</strong></span> 
     </span>
    </p>
   </div>
   <div class='ocr_carea' id='block_1_85' title="bbox 1942 3743 3329 3816">
    <p class='ocr_par' dir='ltr' id='par_1_85' title="bbox 1942 3743 3329 3816">
     <span class='ocr_line' id='line_1_85' title="bbox 1942 3743 3329 3816; baseline -0.002 -16"><span class='ocrx_word' id='word_1_495' title='bbox 1942 3745 2011 3800; x_wconf 90' lang='lat' dir='ltr'><strong>Et</strong></span> <span class='ocrx_word' id='word_1_496' title='bbox 2040 3743 2173 3799; x_wconf 86' lang='lat' dir='ltr'><strong>ﬁdei</strong></span> <span class='ocrx_word' id='word_1_497' title='bbox 2208 3760 2413 3815; x_wconf 90' lang='lat' dir='ltr'><strong>parma</strong></span> <span class='ocrx_word' id='word_1_498' title='bbox 2443 3748 2762 3816; x_wconf 86' lang='lat' dir='ltr'><strong>protectus,</strong></span> <span class='ocrx_word' id='word_1_499' title='bbox 2799 3759 2914 3798; x_wconf 91' lang='lat' dir='ltr'><strong>non</strong></span> <span class='ocrx_word' id='word_1_500' title='bbox 2946 3743 3117 3798; x_wconf 90' lang='lat' dir='ltr'><strong>timet</strong></span> <span class='ocrx_word' id='word_1_501' title='bbox 3145 3757 3329 3798; x_wconf 89' lang='lat' dir='ltr'><strong>arma.</strong></span> 
     </span>
    </p>
   </div>
   <div class='ocr_carea' id='block_1_86' title="bbox 1943 3829 3378 3903">
    <p class='ocr_par' dir='ltr' id='par_1_86' title="bbox 1943 3829 3378 3903">
     <span class='ocr_line' id='line_1_86' title="bbox 1943 3829 3378 3903; baseline -0.001 -15"><span class='ocrx_word' id='word_1_502' title='bbox 1943 3833 2115 3888; x_wconf 89' lang='lat' dir='ltr'><strong>Turci</strong></span> <span class='ocrx_word' id='word_1_503' title='bbox 2148 3830 2448 3886; x_wconf 85' lang='lat' dir='ltr'><strong>vallabant</strong></span> <span class='ocrx_word' id='word_1_504' title='bbox 2477 3836 2726 3899; x_wconf 89' lang='lat' dir='ltr'><strong>nostros,</strong></span> <span class='ocrx_word' id='word_1_505' title='bbox 2758 3847 3054 3903; x_wconf 90' lang='lat' dir='ltr'><strong>cursuque</strong></span> <span class='ocrx_word' id='word_1_506' title='bbox 3081 3829 3378 3886; x_wconf 89' lang='lat' dir='ltr'><strong>volabant.</strong></span> 
     </span>
    </p>
   </div>
   <div class='ocr_carea' id='block_1_87' title="bbox 1943 3917 3484 3991">
    <p class='ocr_par' dir='ltr' id='par_1_87' title="bbox 1943 3917 3484 3991">
     <span class='ocr_line' id='line_1_87' title="bbox 1943 3917 3484 3991; baseline -0.002 -15"><span class='ocrx_word' id='word_1_507' title='bbox 1943 3921 2013 3976; x_wconf 90' lang='lat' dir='ltr'><strong>Et</strong></span> <span class='ocrx_word' id='word_1_508' title='bbox 2041 3937 2200 3976; x_wconf 91' lang='lat' dir='ltr'><strong>nunc</strong></span> <span class='ocrx_word' id='word_1_509' title='bbox 2229 3920 2550 3987; x_wconf 86' lang='lat' dir='ltr'><strong>instabant,</strong></span> <span class='ocrx_word' id='word_1_510' title='bbox 2575 3935 2731 3975; x_wconf 89' lang='lat' dir='ltr'><strong>nunc</strong></span> <span class='ocrx_word' id='word_1_511' title='bbox 2761 3919 3133 3975; x_wconf 85' lang='lat' dir='ltr'><strong>Christicolas</strong></span> <span class='ocrx_word' id='word_1_512' title='bbox 3165 3917 3484 3991; x_wconf 82' lang='lat' dir='ltr'><strong>fugiebant.</strong></span> 
     </span>
    </p>
   </div>
   <div class='ocr_carea' id='block_1_88' title="bbox 1943 4006 3486 4081">
    <p class='ocr_par' dir='ltr' id='par_1_88' title="bbox 1943 4006 3486 4081">
     <span class='ocr_line' id='line_1_88' title="bbox 1943 4006 3486 4081; baseline -0.001 -17"><span class='ocrx_word' id='word_1_513' title='bbox 1943 4009 2211 4081; x_wconf 89' lang='lat' dir='ltr'><strong>Dumque</strong></span> <span class='ocrx_word' id='word_1_514' title='bbox 2241 4008 2392 4080; x_wconf 85' lang='lat' dir='ltr'><strong>fugit</strong></span> <span class='ocrx_word' id='word_1_515' title='bbox 2422 4009 2672 4076; x_wconf 90' lang='lat' dir='ltr'><strong>Turcus,</strong></span> <span class='ocrx_word' id='word_1_516' title='bbox 2705 4008 2976 4064; x_wconf 87' lang='lat' dir='ltr'><strong>sinuatus</strong></span> <span class='ocrx_word' id='word_1_517' title='bbox 3010 4006 3257 4064; x_wconf 87' lang='lat' dir='ltr'><strong>solvitur</strong></span> <span class='ocrx_word' id='word_1_518' title='bbox 3294 4021 3486 4063; x_wconf 86' lang='lat' dir='ltr'><strong>arcus.</strong></span> 
     </span>
    </p>
   </div>
   <div class='ocr_carea' id='block_1_89' title="bbox 1943 4096 3486 4170">
    <p class='ocr_par' dir='ltr' id='par_1_89' title="bbox 1943 4096 3486 4170">
     <span class='ocr_line' id='line_1_89' title="bbox 1943 4096 3486 4170; baseline -0.001 -18"><span class='ocrx_word' id='word_1_519' title='bbox 1943 4100 2094 4152; x_wconf 88' lang='lat' dir='ltr'><strong>Arcu</strong></span> <span class='ocrx_word' id='word_1_520' title='bbox 2127 4097 2343 4169; x_wconf 89' lang='lat' dir='ltr'><strong>quippe</strong></span> <span class='ocrx_word' id='word_1_521' title='bbox 2375 4096 2562 4169; x_wconf 90' lang='lat' dir='ltr'><strong>magis</strong></span> <span class='ocrx_word' id='word_1_522' title='bbox 2594 4101 2943 4168; x_wconf 85' lang='lat' dir='ltr'><strong>pugnant,et</strong></span> <span class='ocrx_word' id='word_1_523' title='bbox 2971 4113 3086 4151; x_wconf 92' lang='lat' dir='ltr'><strong>non</strong></span> <span class='ocrx_word' id='word_1_524' title='bbox 3120 4097 3246 4152; x_wconf 90' lang='lat' dir='ltr'><strong>sine</strong></span> <span class='ocrx_word' id='word_1_525' title='bbox 3277 4096 3486 4170; x_wconf 88' lang='lat' dir='ltr'><strong>plagis.</strong></span> 
     </span>
    </p>
   </div>
   <div class='ocr_carea' id='block_1_90' title="bbox 1945 4183 3600 4258">
    <p class='ocr_par' dir='ltr' id='par_1_90' title="bbox 1945 4183 3600 4258">
     <span class='ocr_line' id='line_1_90' title="bbox 1945 4183 3600 4258; baseline -0.001 -17"><span class='ocrx_word' id='word_1_526' title='bbox 1945 4191 2092 4242; x_wconf 89' lang='lat' dir='ltr'><strong>Dum</strong></span> <span class='ocrx_word' id='word_1_527' title='bbox 2125 4203 2296 4258; x_wconf 90' lang='lat' dir='ltr'><strong>grave</strong></span> <span class='ocrx_word' id='word_1_528' title='bbox 2327 4185 2696 4253; x_wconf 89' lang='lat' dir='ltr'><strong>cum,Turcis</strong></span> <span class='ocrx_word' id='word_1_529' title='bbox 2728 4184 2948 4241; x_wconf 88' lang='lat' dir='ltr'><strong>bellum</strong></span> <span class='ocrx_word' id='word_1_530' title='bbox 2971 4183 3335 4241; x_wconf 88' lang='lat' dir='ltr'><strong>Boimundus</strong></span> <span class='ocrx_word' id='word_1_531' title='bbox 3357 4185 3600 4241; x_wconf 81' lang='lat' dir='ltr'><strong>haberet</strong></span> 
     </span>
    </p>
   </div>
   <div class='ocr_carea' id='block_1_91' title="bbox 1949 4273 3452 4347">
    <p class='ocr_par' dir='ltr' id='par_1_91' title="bbox 1949 4273 3452 4347">
     <span class='ocr_line' id='line_1_91' title="bbox 1949 4273 3452 4347; baseline -0.001 -18"><span class='ocrx_word' id='word_1_532' title='bbox 1949 4281 2130 4347; x_wconf 91' lang='lat' dir='ltr'><strong>Inque</strong></span> <span class='ocrx_word' id='word_1_533' title='bbox 2155 4273 2338 4330; x_wconf 84' lang='lat' dir='ltr'><strong>vicem</strong></span> <span class='ocrx_word' id='word_1_534' title='bbox 2372 4275 2598 4329; x_wconf 92' lang='lat' dir='ltr'><strong>Turcus</strong></span> <span class='ocrx_word' id='word_1_535' title='bbox 2631 4277 2863 4329; x_wconf 88' lang='lat' dir='ltr'><strong>nostros</strong></span> <span class='ocrx_word' id='word_1_536' title='bbox 2895 4273 3170 4347; x_wconf 87' lang='lat' dir='ltr'><strong>fugiendo</strong></span> <span class='ocrx_word' id='word_1_537' title='bbox 3205 4275 3452 4346; x_wconf 86' lang='lat' dir='ltr'><strong>fugaret,</strong></span> 
     </span>
    </p>
   </div>
   <div class='ocr_carea' id='block_1_92' title="bbox 1948 4361 3524 4437">
    <p class='ocr_par' dir='ltr' id='par_1_92' title="bbox 1948 4361 3524 4437">
     <span class='ocr_line' id='line_1_92' title="bbox 1948 4361 3524 4437; baseline -0.003 -17"><span class='ocrx_word' id='word_1_538' title='bbox 1948 4365 2012 4420; x_wconf 92' lang='lat' dir='ltr'><strong>In</strong></span> <span class='ocrx_word' id='word_1_539' title='bbox 2044 4363 2320 4437; x_wconf 85' lang='lat' dir='ltr'><strong>fugiendo</strong></span> <span class='ocrx_word' id='word_1_540' title='bbox 2350 4362 2586 4435; x_wconf 89' lang='lat' dir='ltr'><strong>quidem</strong></span> <span class='ocrx_word' id='word_1_541' title='bbox 2615 4361 2834 4418; x_wconf 87' lang='lat' dir='ltr'><strong>vulnus</strong></span> <span class='ocrx_word' id='word_1_542' title='bbox 2867 4362 3024 4430; x_wconf 84' lang='lat' dir='ltr'><strong>facit,</strong></span> <span class='ocrx_word' id='word_1_543' title='bbox 3060 4366 3117 4416; x_wconf 89' lang='lat' dir='ltr'><strong>ct</strong></span> <span class='ocrx_word' id='word_1_544' title='bbox 3147 4361 3298 4434; x_wconf 85' lang='lat' dir='ltr'><strong>fugit</strong></span> <span class='ocrx_word' id='word_1_545' title='bbox 3334 4361 3524 4429; x_wconf 91' lang='lat' dir='ltr'><strong>idem;</strong></span> 
     </span>
    </p>
   </div>
   <div class='ocr_carea' id='block_1_93' title="bbox 181 4434 3562 4526">
    <p class='ocr_par' dir='ltr' id='par_1_93' title="bbox 181 4434 3562 4526">
     <span class='ocr_line' id='line_1_93' title="bbox 181 4434 3562 4526; baseline -0 -21"><span class='ocrx_word' id='word_1_546' title='bbox 181 4434 642 4526; x_wconf 40' lang='lat' dir='ltr'><strong>Truncaﬁ&#39;Planl-</strong></span> <span class='ocrx_word' id='word_1_547' title='bbox 673 4436 886 4526; x_wconf 50' lang='grc' dir='ltr'><strong>οὲρίῖθν</strong></span> <span class='ocrx_word' id='word_1_548' title='bbox 921 4436 1172 4491; x_wconf 59' lang='lat' dir='ltr'><strong>tremum</strong></span> <span class='ocrx_word' id='word_1_549' title='bbox 1199 4436 1362 4492; x_wconf 53' lang='lat'>&quot;0111‘</span> <span class='ocrx_word' id='word_1_550' title='bbox 1390 4436 1594 4491; x_wconf 61' lang='lat' dir='ltr'><strong>arbore</strong></span> <span class='ocrx_word' id='word_1_551' title='bbox 1624 4453 1834 4508; x_wconf 67' lang='lat' dir='ltr'><strong>Poma;</strong></span> <span class='ocrx_word' id='word_1_552' title='bbox 1870 4462 1916 4526; x_wconf 85' lang='lat' dir='ltr'><strong>D</strong></span> <span class='ocrx_word' id='word_1_553' title='bbox 1949 4454 2094 4508; x_wconf 85' lang='lat' dir='ltr'><strong>Nam</strong></span> <span class='ocrx_word' id='word_1_554' title='bbox 2117 4434 2300 4508; x_wconf 75' lang='lat' dir='ltr'><strong>modo</strong></span> <span class='ocrx_word' id='word_1_555' title='bbox 2332 4434 2430 4522; x_wconf 87' lang='lat' dir='ltr'><strong>qui</strong></span> <span class='ocrx_word' id='word_1_556' title='bbox 2466 4451 2662 4518; x_wconf 88' lang='lat' dir='ltr'><strong>Turci,</strong></span> <span class='ocrx_word' id='word_1_557' title='bbox 2695 4451 2872 4506; x_wconf 89' lang='lat' dir='ltr'><strong>veteri</strong></span> <span class='ocrx_word' id='word_1_558' title='bbox 2904 4454 3042 4506; x_wconf 90' lang='lat' dir='ltr'><strong>sunt</strong></span> <span class='ocrx_word' id='word_1_559' title='bbox 3073 4449 3308 4505; x_wconf 91' lang='lat' dir='ltr'><strong>nomine</strong></span> <span class='ocrx_word' id='word_1_560' title='bbox 3339 4447 3562 4518; x_wconf 79' lang='lat' dir='ltr'><strong>Parthi,</strong></span> 
     </span>
    </p>
   </div>
   <div class='ocr_carea' id='block_1_94' title="bbox 183 4523 1681 4597">
    <p class='ocr_par' dir='ltr' id='par_1_94' title="bbox 183 4523 1681 4597">
     <span class='ocr_line' id='line_1_94' title="bbox 183 4523 1681 4597; baseline 0 -17"><span class='ocrx_word' id='word_1_561' title='bbox 183 4525 304 4580; x_wconf 81' lang='lat' dir='ltr'><strong>Nec</strong></span> <span class='ocrx_word' id='word_1_562' title='bbox 334 4523 436 4595; x_wconf 87' lang='lat' dir='ltr'><strong>qui</strong></span> <span class='ocrx_word' id='word_1_563' title='bbox 469 4524 772 4579; x_wconf 90' lang='lat' dir='ltr'><strong>descendit</strong></span> <span class='ocrx_word' id='word_1_564' title='bbox 802 4529 1220 4596; x_wconf 90' lang='lat' dir='ltr'><strong>montem,post</strong></span> <span class='ocrx_word' id='word_1_565' title='bbox 1248 4525 1368 4580; x_wconf 66' lang='lat' dir='ltr'><strong>haec</strong></span> <span class='ocrx_word' id='word_1_566' title='bbox 1397 4525 1681 4597; x_wconf 90' lang='lat' dir='ltr'><strong>repetivit,</strong></span> 
     </span>
    </p>
   </div>
   <div class='ocr_carea' id='block_1_95' title="bbox 183 4612 1650 4685">
    <p class='ocr_par' dir='ltr' id='par_1_95' title="bbox 183 4612 1650 4685">
     <span class='ocr_line' id='line_1_95' title="bbox 183 4612 1650 4685; baseline 0.001 -19"><span class='ocrx_word' id='word_1_567' title='bbox 183 4613 254 4667; x_wconf 89' lang='lat' dir='ltr'><strong>Et</strong></span> <span class='ocrx_word' id='word_1_568' title='bbox 288 4612 444 4683; x_wconf 87' lang='lat' dir='ltr'><strong>quod</strong></span> <span class='ocrx_word' id='word_1_569' title='bbox 480 4612 551 4667; x_wconf 88' lang='lat' dir='ltr'><strong>de</strong></span> <span class='ocrx_word' id='word_1_570' title='bbox 585 4612 802 4668; x_wconf 90' lang='lat' dir='ltr'><strong>nostris</strong></span> <span class='ocrx_word' id='word_1_571' title='bbox 834 4613 1046 4668; x_wconf 89' lang='lat' dir='ltr'><strong>stolide</strong></span> <span class='ocrx_word' id='word_1_572' title='bbox 1076 4615 1417 4685; x_wconf 73' lang='lat' dir='ltr'><strong>praedixerat</strong></span> <span class='ocrx_word' id='word_1_573' title='bbox 1445 4613 1650 4682; x_wconf 89' lang='lat' dir='ltr'><strong>hostis,</strong></span> 
     </span>
    </p>
   </div>
   <div class='ocr_carea' id='block_1_96' title="bbox 185 4700 1648 4773">
    <p class='ocr_par' dir='ltr' id='par_1_96' title="bbox 185 4700 1648 4773">
     <span class='ocr_line' id='line_1_96' title="bbox 185 4700 1648 4773; baseline 0.001 -17"><span class='ocrx_word' id='word_1_574' title='bbox 185 4702 308 4756; x_wconf 86' lang='lat' dir='ltr'><strong>Hoc</strong></span> <span class='ocrx_word' id='word_1_575' title='bbox 341 4702 566 4773; x_wconf 89' lang='lat' dir='ltr'><strong>patitur</strong></span> <span class='ocrx_word' id='word_1_576' title='bbox 593 4700 798 4768; x_wconf 88' lang='lat' dir='ltr'><strong>victus,</strong></span> <span class='ocrx_word' id='word_1_577' title='bbox 833 4719 938 4758; x_wconf 89' lang='lat' dir='ltr'><strong>nec</strong></span> <span class='ocrx_word' id='word_1_578' title='bbox 969 4704 1145 4757; x_wconf 90' lang='lat' dir='ltr'><strong>duros</strong></span> <span class='ocrx_word' id='word_1_579' title='bbox 1178 4703 1431 4758; x_wconf 86' lang='lat' dir='ltr'><strong>sustinet</strong></span> <span class='ocrx_word' id='word_1_580' title='bbox 1466 4703 1648 4768; x_wconf 90' lang='lat' dir='ltr'><strong>ictus;</strong></span> 
     </span>
    </p>
   </div>
   <div class='ocr_carea' id='block_1_97' title="bbox 185 4789 1490 4856">
    <p class='ocr_par' dir='ltr' id='par_1_97' title="bbox 185 4789 1490 4856">
     <span class='ocr_line' id='line_1_97' title="bbox 185 4789 1490 4856; baseline 0.002 -12"><span class='ocrx_word' id='word_1_581' title='bbox 185 4790 299 4844; x_wconf 89' lang='lat' dir='ltr'><strong>Sed</strong></span> <span class='ocrx_word' id='word_1_582' title='bbox 335 4789 552 4844; x_wconf 83' lang='lat' dir='ltr'><strong>celeres</strong></span> <span class='ocrx_word' id='word_1_583' title='bbox 585 4790 878 4856; x_wconf 88' lang='lat' dir='ltr'><strong>finiunt,et</strong></span> <span class='ocrx_word' id='word_1_584' title='bbox 906 4790 1056 4846; x_wconf 87' lang='lat' dir='ltr'><strong>tardi</strong></span> <span class='ocrx_word' id='word_1_585' title='bbox 1086 4791 1290 4846; x_wconf 87' lang='lat' dir='ltr'><strong>funera</strong></span> <span class='ocrx_word' id='word_1_586' title='bbox 1322 4792 1490 4846; x_wconf 79' lang='lat' dir='ltr'><strong>fiunt.</strong></span> 
     </span>
    </p>
   </div>
   <div class='ocr_carea' id='block_1_98' title="bbox 185 4878 1696 4952">
    <p class='ocr_par' dir='ltr' id='par_1_98' title="bbox 185 4878 1696 4952">
     <span class='ocr_line' id='line_1_98' title="bbox 185 4878 1696 4952; baseline 0.002 -19"><span class='ocrx_word' id='word_1_587' title='bbox 185 4878 449 4934; x_wconf 89' lang='lat' dir='ltr'><strong>Dimissa</strong></span> <span class='ocrx_word' id='word_1_588' title='bbox 476 4895 680 4950; x_wconf 83' lang='lat' dir='ltr'><strong>parma</strong></span> <span class='ocrx_word' id='word_1_589' title='bbox 710 4879 860 4952; x_wconf 87' lang='lat' dir='ltr'><strong>fugit</strong></span> <span class='ocrx_word' id='word_1_590' title='bbox 889 4880 984 4934; x_wconf 91' lang='lat' dir='ltr'><strong>hic</strong></span> <span class='ocrx_word' id='word_1_591' title='bbox 1015 4897 1123 4934; x_wconf 90' lang='lat' dir='ltr'><strong>sua</strong></span> <span class='ocrx_word' id='word_1_592' title='bbox 1152 4881 1293 4934; x_wconf 89' lang='lat' dir='ltr'><strong>dum</strong></span> <span class='ocrx_word' id='word_1_593' title='bbox 1326 4881 1480 4952; x_wconf 91' lang='lat' dir='ltr'><strong>capit</strong></span> <span class='ocrx_word' id='word_1_594' title='bbox 1513 4897 1696 4947; x_wconf 91' lang='lat' dir='ltr'><strong>arma,</strong></span> 
     </span>
    </p>
   </div>
   <div class='ocr_carea' id='block_1_99' title="bbox 182 4967 1600 5040">
    <p class='ocr_par' dir='ltr' id='par_1_99' title="bbox 182 4967 1600 5040">
     <span class='ocr_line' id='line_1_99' title="bbox 182 4967 1600 5040; baseline 0.001 -18"><span class='ocrx_word' id='word_1_595' title='bbox 182 4968 348 5023; x_wconf 84' lang='lat' dir='ltr'><strong>Alter</strong></span> <span class='ocrx_word' id='word_1_596' title='bbox 378 4972 704 5038; x_wconf 91' lang='lat' dir='ltr'><strong>prostratus</strong></span> <span class='ocrx_word' id='word_1_597' title='bbox 731 4968 971 5034; x_wconf 90' lang='lat' dir='ltr'><strong>cadit,in</strong></span> <span class='ocrx_word' id='word_1_598' title='bbox 1004 4967 1284 5040; x_wconf 88' lang='lat' dir='ltr'><strong>capiendo</strong></span> <span class='ocrx_word' id='word_1_599' title='bbox 1318 4975 1600 5025; x_wconf 89' lang='lat' dir='ltr'><strong>moratus.</strong></span> 
     </span>
    </p>
   </div>
   <div class='ocr_carea' id='block_1_100' title="bbox 183 5055 1604 5129">
    <p class='ocr_par' dir='ltr' id='par_1_100' title="bbox 183 5055 1604 5129">
     <span class='ocr_line' id='line_1_100' title="bbox 183 5055 1604 5129; baseline 0.001 -16"><span class='ocrx_word' id='word_1_600' title='bbox 183 5055 433 5129; x_wconf 85' lang='lat' dir='ltr'><strong>Singula</strong></span> <span class='ocrx_word' id='word_1_601' title='bbox 463 5056 606 5128; x_wconf 90' lang='lat' dir='ltr'><strong>quid</strong></span> <span class='ocrx_word' id='word_1_602' title='bbox 637 5057 810 5112; x_wconf 83' lang='lat' dir='ltr'><strong>dico?</strong></span> <span class='ocrx_word' id='word_1_603' title='bbox 840 5057 1040 5112; x_wconf 92' lang='lat' dir='ltr'><strong>nullus</strong></span> <span class='ocrx_word' id='word_1_604' title='bbox 1074 5058 1364 5113; x_wconf 90' lang='lat' dir='ltr'><strong>succurrit</strong></span> <span class='ocrx_word' id='word_1_605' title='bbox 1395 5060 1604 5114; x_wconf 91' lang='lat' dir='ltr'><strong>amico.</strong></span> 
     </span>
    </p>
   </div>
   <div class='ocr_carea' id='block_1_101' title="bbox 184 5145 1394 5218">
    <p class='ocr_par' dir='ltr' id='par_1_101' title="bbox 184 5145 1394 5218">
     <span class='ocr_line' id='line_1_101' title="bbox 184 5145 1394 5218; baseline 0 -17"><span class='ocrx_word' id='word_1_606' title='bbox 184 5146 292 5202; x_wconf 87' lang='lat' dir='ltr'><strong>His</strong></span> <span class='ocrx_word' id='word_1_607' title='bbox 325 5145 538 5218; x_wconf 87' lang='lat' dir='ltr'><strong>pietate</strong></span> <span class='ocrx_word' id='word_1_608' title='bbox 570 5145 673 5200; x_wconf 91' lang='lat' dir='ltr'><strong>Dei</strong></span> <span class='ocrx_word' id='word_1_609' title='bbox 702 5145 890 5216; x_wconf 87' lang='lat' dir='ltr'><strong>victis,</strong></span> <span class='ocrx_word' id='word_1_610' title='bbox 923 5147 1171 5203; x_wconf 90' lang='lat' dir='ltr'><strong>timuere</strong></span> <span class='ocrx_word' id='word_1_611' title='bbox 1199 5147 1394 5217; x_wconf 66' lang='lat' dir='ltr'><strong>Nicaai,</strong></span> 
     </span>
    </p>
   </div>
   <div class='ocr_carea' id='block_1_102' title="bbox 1953 4537 3410 4613">
    <p class='ocr_par' dir='ltr' id='par_1_102' title="bbox 1953 4537 3410 4613">
     <span class='ocr_line' id='line_1_102' title="bbox 1953 4537 3410 4613; baseline -0.003 -16"><span class='ocrx_word' id='word_1_612' title='bbox 1953 4543 2154 4598; x_wconf 87' lang='lat' dir='ltr'><strong>Fidere</strong></span> <span class='ocrx_word' id='word_1_613' title='bbox 2185 4557 2331 4613; x_wconf 90' lang='lat' dir='ltr'><strong>quos</strong></span> <span class='ocrx_word' id='word_1_614' title='bbox 2359 4540 2547 4595; x_wconf 87' lang='lat' dir='ltr'><strong>versis</strong></span> <span class='ocrx_word' id='word_1_615' title='bbox 2579 4556 2706 4595; x_wconf 90' lang='lat' dir='ltr'><strong>mos</strong></span> <span class='ocrx_word' id='word_1_616' title='bbox 2737 4544 2826 4595; x_wconf 90' lang='lat' dir='ltr'><strong>est</strong></span> <span class='ocrx_word' id='word_1_617' title='bbox 2855 4538 3130 4612; x_wconf 86' lang='lat' dir='ltr'><strong>fugiendo</strong></span> <span class='ocrx_word' id='word_1_618' title='bbox 3161 4537 3410 4610; x_wconf 86' lang='lat' dir='ltr'><strong>sagittis.</strong></span> 
     </span>
    </p>
   </div>
   <div class='ocr_carea' id='block_1_103' title="bbox 1954 4627 3518 4702">
    <p class='ocr_par' dir='ltr' id='par_1_103' title="bbox 1954 4627 3518 4702">
     <span class='ocr_line' id='line_1_103' title="bbox 1954 4627 3518 4702; baseline -0.003 -17"><span class='ocrx_word' id='word_1_619' title='bbox 1954 4631 2166 4702; x_wconf 87' lang='lat' dir='ltr'><strong>Magna</strong></span> <span class='ocrx_word' id='word_1_620' title='bbox 2197 4629 2404 4684; x_wconf 92' lang='lat' dir='ltr'><strong>cohors</strong></span> <span class='ocrx_word' id='word_1_621' title='bbox 2439 4630 2636 4701; x_wconf 89' lang='lat' dir='ltr'><strong>magni</strong></span> <span class='ocrx_word' id='word_1_622' title='bbox 2671 4645 2786 4684; x_wconf 93' lang='lat' dir='ltr'><strong>non</strong></span> <span class='ocrx_word' id='word_1_623' title='bbox 2818 4629 3000 4698; x_wconf 88' lang='lat' dir='ltr'><strong>hujus</strong></span> <span class='ocrx_word' id='word_1_624' title='bbox 3030 4628 3266 4684; x_wconf 88' lang='lat' dir='ltr'><strong>conscia</strong></span> <span class='ocrx_word' id='word_1_625' title='bbox 3295 4627 3518 4695; x_wconf 90' lang='lat' dir='ltr'><strong>damni,</strong></span> 
     </span>
    </p>
   </div>
   <div class='ocr_carea' id='block_1_104' title="bbox 1953 4716 3438 4790">
    <p class='ocr_par' dir='ltr' id='par_1_104' title="bbox 1953 4716 3438 4790">
     <span class='ocr_line' id='line_1_104' title="bbox 1953 4716 3438 4790; baseline -0.003 -16"><span class='ocrx_word' id='word_1_626' title='bbox 1953 4721 2130 4774; x_wconf 86' lang='lat' dir='ltr'><strong>Gente</strong></span> <span class='ocrx_word' id='word_1_627' title='bbox 2161 4719 2272 4774; x_wconf 92' lang='lat' dir='ltr'>sub</span> <span class='ocrx_word' id='word_1_628' title='bbox 2304 4719 2503 4790; x_wconf 87' lang='lat' dir='ltr'><strong>ignota</strong></span> <span class='ocrx_word' id='word_1_629' title='bbox 2534 4717 2707 4790; x_wconf 86' lang='lat' dir='ltr'><strong>quasi</strong></span> <span class='ocrx_word' id='word_1_630' title='bbox 2740 4716 3006 4774; x_wconf 89' lang='lat' dir='ltr'><strong>millibus</strong></span> <span class='ocrx_word' id='word_1_631' title='bbox 3036 4721 3162 4772; x_wconf 87' lang='lat' dir='ltr'><strong>octo</strong></span> <span class='ocrx_word' id='word_1_632' title='bbox 3193 4720 3438 4783; x_wconf 88' lang='lat' dir='ltr'><strong>remota,</strong></span> 
     </span>
    </p>
   </div>
   <div class='ocr_carea' id='block_1_105' title="bbox 1953 4803 3412 4880">
    <p class='ocr_par' dir='ltr' id='par_1_105' title="bbox 1953 4803 3412 4880">
     <span class='ocr_line' id='line_1_105' title="bbox 1953 4803 3412 4880; baseline -0.003 -17"><span class='ocrx_word' id='word_1_633' title='bbox 1953 4807 2140 4864; x_wconf 88' lang='lat' dir='ltr'><strong>Colles</strong></span> <span class='ocrx_word' id='word_1_634' title='bbox 2171 4807 2434 4880; x_wconf 76' lang='lat' dir='ltr'><strong>gyrabat,</strong></span> <span class='ocrx_word' id='word_1_635' title='bbox 2471 4823 2575 4861; x_wconf 91' lang='lat' dir='ltr'><strong>nec</strong></span> <span class='ocrx_word' id='word_1_636' title='bbox 2601 4811 2722 4861; x_wconf 90' lang='lat' dir='ltr'><strong>tam</strong></span> <span class='ocrx_word' id='word_1_637' title='bbox 2755 4823 2933 4878; x_wconf 91' lang='lat' dir='ltr'><strong>prope</strong></span> <span class='ocrx_word' id='word_1_638' title='bbox 2965 4803 3119 4862; x_wconf 89' lang='lat' dir='ltr'><strong>bella</strong></span> <span class='ocrx_word' id='word_1_639' title='bbox 3147 4805 3412 4878; x_wconf 88' lang='lat' dir='ltr'><strong>putabat,</strong></span> 
     </span>
    </p>
   </div>
   <div class='ocr_carea' id='block_1_106' title="bbox 1955 4894 3443 4969">
    <p class='ocr_par' dir='ltr' id='par_1_106' title="bbox 1955 4894 3443 4969">
     <span class='ocr_line' id='line_1_106' title="bbox 1955 4894 3443 4969; baseline -0.003 -17"><span class='ocrx_word' id='word_1_640' title='bbox 1955 4897 2065 4953; x_wconf 91' lang='lat' dir='ltr'><strong>Sed</strong></span> <span class='ocrx_word' id='word_1_641' title='bbox 2098 4913 2200 4968; x_wconf 91' lang='lat' dir='ltr'><strong>per</strong></span> <span class='ocrx_word' id='word_1_642' title='bbox 2228 4896 2488 4969; x_wconf 89' lang='lat' dir='ltr'><strong>legatum</strong></span> <span class='ocrx_word' id='word_1_643' title='bbox 2521 4894 2742 4950; x_wconf 87' lang='lat' dir='ltr'><strong>bellum</strong></span> <span class='ocrx_word' id='word_1_644' title='bbox 2775 4895 2886 4950; x_wconf 89' lang='lat' dir='ltr'><strong>scit</strong></span> <span class='ocrx_word' id='word_1_645' title='bbox 2916 4895 3120 4950; x_wconf 88' lang='lat' dir='ltr'><strong>adesse</strong></span> <span class='ocrx_word' id='word_1_646' title='bbox 3151 4897 3443 4966; x_wconf 88' lang='lat' dir='ltr'><strong>paratum,</strong></span> 
     </span>
    </p>
   </div>
   <div class='ocr_carea' id='block_1_107' title="bbox 1954 4981 3390 5066">
    <p class='ocr_par' dir='ltr' id='par_1_107' title="bbox 1954 4981 3390 5066">
     <span class='ocr_line' id='line_1_107' title="bbox 1954 4981 3390 5066; baseline -0.003 -25"><span class='ocrx_word' id='word_1_647' title='bbox 1954 4985 2206 5041; x_wconf 91' lang='lat' dir='ltr'><strong>Consilio</strong></span> <span class='ocrx_word' id='word_1_648' title='bbox 2241 4985 2486 5052; x_wconf 89' lang='lat' dir='ltr'><strong>nitidus,</strong></span> <span class='ocrx_word' id='word_1_649' title='bbox 2522 5000 2698 5055; x_wconf 89' lang='lat' dir='ltr'><strong>quem</strong></span> <span class='ocrx_word' id='word_1_650' title='bbox 2729 4983 2892 5039; x_wconf 90' lang='lat' dir='ltr'><strong>misit</strong></span> <span class='ocrx_word' id='word_1_651' title='bbox 2922 4983 2974 5040; x_wconf 90' lang='lat' dir='ltr'><strong>ei</strong></span> <span class='ocrx_word' id='word_1_652' title='bbox 3004 4981 3390 5066; x_wconf 76' lang='lat' dir='ltr'><strong>Boimundus.</strong></span> 
     </span>
    </p>
   </div>
   <div class='ocr_carea' id='block_1_108' title="bbox 1951 5072 3464 5147">
    <p class='ocr_par' dir='ltr' id='par_1_108' title="bbox 1951 5072 3464 5147">
     <span class='ocr_line' id='line_1_108' title="bbox 1951 5072 3464 5147; baseline -0.001 -17"><span class='ocrx_word' id='word_1_653' title='bbox 1951 5077 2021 5130; x_wconf 92' lang='lat' dir='ltr'><strong>At</strong></span> <span class='ocrx_word' id='word_1_654' title='bbox 2051 5076 2193 5130; x_wconf 91' lang='lat' dir='ltr'><strong>dum</strong></span> <span class='ocrx_word' id='word_1_655' title='bbox 2225 5079 2545 5147; x_wconf 87' lang='lat' dir='ltr'><strong>pugnatur,</strong></span> <span class='ocrx_word' id='word_1_656' title='bbox 2571 5073 2712 5128; x_wconf 89' lang='lat' dir='ltr'><strong>dum</strong></span> <span class='ocrx_word' id='word_1_657' title='bbox 2745 5072 2917 5128; x_wconf 90' lang='lat' dir='ltr'><strong>turba</strong></span> <span class='ocrx_word' id='word_1_658' title='bbox 2944 5076 3150 5130; x_wconf 86' lang='lat' dir='ltr'><strong>vocata</strong></span> <span class='ocrx_word' id='word_1_659' title='bbox 3177 5075 3464 5140; x_wconf 86' lang='lat' dir='ltr'><strong>moratur,</strong></span> 
     </span>
    </p>
   </div>
   <div class='ocr_carea' id='block_1_109' title="bbox 1953 5159 3388 5235">
    <p class='ocr_par' dir='ltr' id='par_1_109' title="bbox 1953 5159 3388 5235">
     <span class='ocr_line' id='line_1_109' title="bbox 1953 5159 3388 5235; baseline -0.001 -17"><span class='ocrx_word' id='word_1_660' title='bbox 1953 5169 2096 5220; x_wconf 88' lang='lat' dir='ltr'><strong>Pars</strong></span> <span class='ocrx_word' id='word_1_661' title='bbox 2127 5181 2195 5219; x_wconf 87' lang='lat' dir='ltr'><strong>ea</strong></span> <span class='ocrx_word' id='word_1_662' title='bbox 2224 5165 2729 5235; x_wconf 90' lang='lat' dir='ltr'><strong>Turcorum,quos</strong></span> <span class='ocrx_word' id='word_1_663' title='bbox 2762 5161 2945 5217; x_wconf 88' lang='lat' dir='ltr'><strong>altera</strong></span> <span class='ocrx_word' id='word_1_664' title='bbox 2975 5161 3105 5234; x_wconf 88' lang='lat' dir='ltr'><strong>ripa</strong></span> <span class='ocrx_word' id='word_1_665' title='bbox 3133 5159 3388 5217; x_wconf 87' lang='lat' dir='ltr'><strong>tenebat.</strong></span> 
     </span>
    </p>
   </div>
   <div class='ocr_carea' id='block_1_110' title="bbox 258 5285 3373 5362">
    <p class='ocr_par' dir='ltr' id='par_1_110' title="bbox 258 5285 3373 5362">
     <span class='ocr_line' id='line_1_110' title="bbox 258 5285 3373 5362; baseline 0.002 -23"><span class='ocrx_word' id='word_1_666' title='bbox 258 5287 336 5358; x_wconf 90' lang='lat'><strong>(7)</strong></span> <span class='ocrx_word' id='word_1_667' title='bbox 365 5287 428 5342; x_wconf 91' lang='lat' dir='ltr'><strong>In</strong></span> <span class='ocrx_word' id='word_1_668' title='bbox 461 5285 632 5362; x_wconf 82' lang='lat' dir='ltr'><strong>editis</strong></span> <span class='ocrx_word' id='word_1_669' title='bbox 664 5304 766 5360; x_wconf 92' lang='lat' dir='ltr'><strong>pro</strong></span> <span class='ocrx_word' id='word_1_670' title='bbox 799 5289 1030 5343; x_wconf 90' lang='lat' dir='ltr'><strong>duobus</strong></span> <span class='ocrx_word' id='word_1_671' title='bbox 1064 5288 1223 5344; x_wconf 86' lang='lat' dir='ltr'><strong>hisce</strong></span> <span class='ocrx_word' id='word_1_672' title='bbox 1270 5289 1538 5344; x_wconf 82' lang='lat' dir='ltr'><strong>versibus</strong></span> <span class='ocrx_word' id='word_1_673' title='bbox 1591 5296 1846 5362; x_wconf 79' lang='lat' dir='ltr'><strong>quatuor</strong></span> <span class='ocrx_word' id='word_1_674' title='bbox 1956 5295 2102 5361; x_wconf 63' lang='lat' dir='ltr'><strong>Quae</strong></span> <span class='ocrx_word' id='word_1_675' title='bbox 2130 5291 2261 5345; x_wconf 85' lang='lat' dir='ltr'><strong>dum</strong></span> <span class='ocrx_word' id='word_1_676' title='bbox 2289 5289 2577 5345; x_wconf 81' lang='lat' dir='ltr'><strong>dissiliunt</strong></span> <span class='ocrx_word' id='word_1_677' title='bbox 2607 5291 2734 5345; x_wconf 85' lang='lat' dir='ltr'><strong>hinc</strong></span> <span class='ocrx_word' id='word_1_678' title='bbox 2761 5303 2860 5360; x_wconf 88' lang='lat' dir='ltr'><strong>per</strong></span> <span class='ocrx_word' id='word_1_679' title='bbox 2887 5285 3124 5344; x_wconf 81' lang='lat' dir='ltr'><strong>declivia</strong></span> <span class='ocrx_word' id='word_1_680' title='bbox 3150 5288 3373 5362; x_wconf 57' lang='lat' dir='ltr'><strong>montis.</strong></span> 
     </span>
    </p>
   </div>
   <div class='ocr_carea' id='block_1_111' title="bbox 186 5358 833 5431">
    <p class='ocr_par' dir='ltr' id='par_1_111' title="bbox 186 5358 833 5431">
     <span class='ocr_line' id='line_1_111' title="bbox 186 5358 833 5431; baseline -0.005 -14"><span class='ocrx_word' id='word_1_681' title='bbox 186 5362 507 5430; x_wconf 85' lang='lat' dir='ltr'><strong>sequentes</strong></span> <span class='ocrx_word' id='word_1_682' title='bbox 540 5358 833 5431; x_wconf 77' lang='lat' dir='ltr'><strong>leguntur.</strong></span> 
     </span>
    </p>
   </div>
   <div class='ocr_carea' id='block_1_112' title="bbox 188 5429 1392 5502">
    <p class='ocr_par' dir='ltr' id='par_1_112' title="bbox 188 5429 1392 5502">
     <span class='ocr_line' id='line_1_112' title="bbox 188 5429 1392 5502; baseline -0.003 -15"><span class='ocrx_word' id='word_1_683' title='bbox 188 5429 324 5487; x_wconf 76' lang='lat' dir='ltr'><strong>Ecce</strong></span> <span class='ocrx_word' id='word_1_684' title='bbox 355 5429 635 5502; x_wconf 73' lang='lat' dir='ltr'><strong>repentino</strong></span> <span class='ocrx_word' id='word_1_685' title='bbox 665 5431 899 5487; x_wconf 89' lang='lat' dir='ltr'><strong>clamore</strong></span> <span class='ocrx_word' id='word_1_686' title='bbox 930 5431 1178 5486; x_wconf 84' lang='lat' dir='ltr'><strong>ululante</strong></span> <span class='ocrx_word' id='word_1_687' title='bbox 1206 5429 1392 5485; x_wconf 64' lang='lat' dir='ltr'><strong>Niczca</strong></span> 
     </span>
    </p>
   </div>
   <div class='ocr_carea' id='block_1_113' title="bbox 191 5501 1494 5572">
    <p class='ocr_par' dir='ltr' id='par_1_113' title="bbox 191 5501 1494 5572">
     <span class='ocr_line' id='line_1_113' title="bbox 191 5501 1494 5572; baseline -0.005 -10"><span class='ocrx_word' id='word_1_688' title='bbox 191 5501 456 5562; x_wconf 72' lang='lat' dir='ltr'><strong>Millibus</strong></span> <span class='ocrx_word' id='word_1_689' title='bbox 485 5501 693 5560; x_wconf 76' lang='lat' dir='ltr'><strong>auditis</strong></span> <span class='ocrx_word' id='word_1_690' title='bbox 721 5510 980 5560; x_wconf 83' lang='lat' dir='ltr'><strong>montana</strong></span> <span class='ocrx_word' id='word_1_691' title='bbox 1010 5502 1260 5560; x_wconf 82' lang='lat' dir='ltr'><strong>videntur</strong></span> <span class='ocrx_word' id='word_1_692' title='bbox 1291 5510 1494 5572; x_wconf 83' lang='lat' dir='ltr'><strong>operta.</strong></span> 
     </span>
    </p>
   </div>
   <div class='ocr_carea' id='block_1_114' title="bbox 1959 5357 3370 5432">
    <p class='ocr_par' dir='ltr' id='par_1_114' title="bbox 1959 5357 3370 5432">
     <span class='ocr_line' id='line_1_114' title="bbox 1959 5357 3370 5432; baseline -0.004 -15"><span class='ocrx_word' id='word_1_693' title='bbox 1959 5357 2138 5419; x_wconf 66' lang='lat' dir='ltr'><strong>Altera</strong></span> <span class='ocrx_word' id='word_1_694' title='bbox 2168 5364 2444 5430; x_wconf 67' lang='lat' dir='ltr'><strong>contigua?</strong></span> <span class='ocrx_word' id='word_1_695' title='bbox 2473 5357 2776 5432; x_wconf 78' lang='lat' dir='ltr'><strong>properant</strong></span> <span class='ocrx_word' id='word_1_696' title='bbox 2801 5374 2899 5430; x_wconf 81' lang='lat' dir='ltr'><strong>per</strong></span> <span class='ocrx_word' id='word_1_697' title='bbox 2926 5375 3160 5416; x_wconf 83' lang='lat' dir='ltr'><strong>concava</strong></span> <span class='ocrx_word' id='word_1_698' title='bbox 3183 5357 3370 5414; x_wconf 79' lang='lat' dir='ltr'><strong>vallis.</strong></span> 
     </span>
    </p>
   </div>
   <div class='ocr_carea' id='block_1_115' title="bbox 2029 5432 2651 5508">
    <p class='ocr_par' dir='ltr' id='par_1_115' title="bbox 2029 5432 2651 5508">
     <span class='ocr_line' id='line_1_115' title="bbox 2029 5432 2651 5508; baseline 0 -19"><span class='ocrx_word' id='word_1_699' title='bbox 2029 5440 2111 5508; x_wconf 75' lang='lat'>(8)</span> <span class='ocrx_word' id='word_1_700' title='bbox 2141 5432 2318 5500; x_wconf 86' lang='lat' dir='ltr'><strong>Edit.,</strong></span> <span class='ocrx_word' id='word_1_701' title='bbox 2348 5447 2651 5504; x_wconf 84' lang='lat' dir='ltr'><strong>moresque.</strong></span> 
     </span>
    </p>
   </div>
  </div>
