3998 6088
367 310 483 374 947

369 443 444 501 Ut
474 444 688 500 faceret
715 443 930 499 caedem
963 444 1032 498 de
1062 443 1278 500 nostris
1309 461 1484 516 quam
1516 444 1770 513 sitiebat,
1825 427 1831 434 ’

370 534 479 589 Per
506 533 632 588 loca
661 537 798 587 nota
829 549 1037 604 parum
1069 533 1317 588 tentoria
1345 534 1820 590 Christicolarum

367 622 594 694 Attigit,
621 625 676 675 et
707 622 891 676 caedes
923 621 1059 676 facit
1087 621 1359 692 hostis,et
1391 628 1634 694 occupat
1664 625 1834 689 aedes,

368 711 598 781 Datque
631 709 754 765 neci
786 709 994 776 lassos,
1028 715 1085 764 et
1117 710 1369 781 plurima
1399 711 1639 766 vulnera
1679 730 1904 784 passos,

369 798 597 870 Oppida
627 803 943 865 servantes,
978 815 1082 853 nec
1116 805 1364 854 martem
1397 801 1474 868 (9)
1510 802 1656 855 ferre
1696 801 1971 860 valentes.

368 887 474 952 Qui
510 887 558 941 si
589 889 764 941 Marte
790 887 936 940 mori
970 893 1226 958 possent,
1263 906 1419 944 mors
1449 895 1601 945 esset
1632 889 1858 946 honori.

370 974 655 1029 Matribus
685 975 967 1029 haerentes
993 975 1109 1030 illic
1143 981 1414 1033 truncare
1443 979 1688 1034 videres.

365 1063 482 1118 Hoc
514 1063 612 1118 ubi
645 1064 912 1135 cognovit
943 1066 1321 1132 Boimundus,
1354 1071 1545 1122 castra
1575 1069 1796 1140 petivit,

367 1152 486 1206 Sub
519 1151 665 1206 duce
697 1152 1100 1208 Northmanno
1133 1153 1432 1210 dimittens
1461 1157 1658 1227 praelia
1689 1158 1924 1226 damno,

365 1241 596 1311 Hosque
621 1241 825 1310 juvare
854 1247 1192 1314 parat,quos
1216 1263 1359 1316 gens
1390 1245 1546 1300 mala
1577 1263 1720 1318 pene
1753 1252 2007 1302 necarat.

363 1329 635 1384 Protinus
666 1329 839 1402 elegit
871 1348 1108 1401 paucos,
1143 1335 1462 1405 paucisque
1497 1336 1730 1408 subegit

363 1418 521 1472 Hanc
552 1423 785 1489 gentem
818 1419 1276 1494 fcedam,recepit
1305 1425 1575 1490 tentoria,
1611 1426 1888 1497 praedam,

360 1509 747 1578 Armatosque
775 1508 929 1564 viros
960 1509 1180 1565 circum
1214 1514 1465 1567 tentoria
1496 1514 1678 1584 ponit,

362 1595 679 1668 Castraque
710 1598 953 1652 terribili
986 1617 1087 1670 pro
1116 1599 1266 1654 vallo
1299 1601 1480 1656 milite
1514 1604 1722 1659 munit.

432 1685 584 1740 Dum
615 1685 877 1757 duplices
913 1693 1177 1759 pugnant
1216 1691 1389 1758 acies,
1422 1691 1542 1748 illic
1593 1693 1971 1762 Boimundus,

360 1775 440 1829 Ex
457 1774 566 1830 hac
585 1779 746 1846 parte
765 1791 958 1830 comes
972 1777 1411 1835 Northmannus
1429 1780 1486 1834 in
1506 1799 1668 1836 arma
1689 1783 2007 1840 timendus.
2041 1816 2088 1880 B

363 1865 733 1936 Francigenae
763 1867 900 1920 tacti
934 1866 1233 1938 nimioque
1263 1869 1470 1924 timore
1501 1872 1708 1938 coacti,

363 1953 509 2008 Cum
543 1954 689 2009 duce
718 1955 1118 2010 Northmanno
1169 1959 1422 2029 fugiunt,
1458 1965 1514 2014 et
1560 1978 1674 2016 non
1727 1961 1852 2017 sine
1901 1964 2008 2019 da-

1823 2050 2006 2124 [ωηο.

361 2130 543 2185 Marte
575 2131 705 2202 (10),
739 2133 946 2199 calore,
983 2133 1076 2188 siti
1109 2135 1423 2192 crudeliter
1450 2139 1784 2206 excruciati,

361 2219 432 2272 Et
462 2219 574 2274 nisi
608 2220 748 2275 dum
783 2221 1076 2292 fugerunt,
1109 2224 1249 2279 dum
1285 2225 1539 2296 palmam
1571 2243 1717 2298 pene
1748 2233 2010 2286 tenerent

362 2306 557 2376 Turci,
587 2307 884 2364 vincentes
915 2327 974 2365 se
1005 2312 1385 2369 convertisset
1414 2314 1472 2368 in
1503 2315 1721 2384 hostes,

362 2399 488 2450 Dux
516 2396 1052 2454 Northmannorum
1087 2400 1323 2470 signum
1355 2402 1659 2459 clamando
1705 2423 1970 2472 suorum,

366 2485 488 2539 Lux
517 2501 585 2540 ea
613 2484 787 2557 plena
817 2486 1006 2555 malis,
1041 2489 1256 2545 nostris
1289 2491 1434 2546 foret
1465 2493 1730 2562 exitians,

366 2572 482 2628 Nec
514 2591 678 2630 mora
704 2575 1068 2648 Francigenaa
1101 2594 1202 2650 spe
1230 2579 1389 2635 ducti
1425 2582 1580 2636 sedis
1613 2600 1877 2652 amoenae,

365 2661 748 2734 Despiciendo
780 2665 887 2735 (11)
919 2655 1076 2721 mori
1099 2668 1243 2723 bene
1276 2686 1378 2740 pro
1408 2669 1526 2725 vita
1556 2671 1802 2738 meliori,

363 2753 447 2806 Ad
480 2769 588 2807 sua
617 2753 1124 2819 conversi,circum
1159 2759 1406 2813 tentoria
1438 2761 1648 2830 sparsi,

365 2841 521 2895 Facti
554 2840 880 2907 castellum,
906 2843 1259 2912 permiscent
1292 2847 1482 2902 denuo
1513 2848 1751 2904 bellum.

361 2928 511 2982 Dum
546 2927 720 2983 nimis
752 2929 1034 2986 insistunt
1063 2932 1254 3001 Turci,
1290 2936 1589 3007 nostrique
1619 2937 1918 3007 resistunt,

358 3015 498 3071 Tela
527 3017 729 3089 legunt
754 3017 940 3090 pueri,
974 3025 1212 3076 cantant
1242 3039 1310 3077 ex
1340 3025 1542 3080 ordine
1574 3024 1733 3095 cleri,

358 3105 557 3160 Fortes
589 3107 949 3179 pugnabant,
986 3109 1260 3166 mulieres
1294 3112 1804 3186 collacrymabant.

357 3193 548 3249 Altera
573 3199 929 3266 prostratum
961 3199 1232 3269 portabat
1264 3200 1322 3254 in
1353 3202 1567 3273 oppida
1597 3209 1822 3270 natum,

359 3283 471 3353 (12)
501 3281 696 3339 Altera
723 3285 793 3340 de
826 3285 968 3341 rivis
990 3288 1265 3342 tendebat
1295 3290 1503 3360 pocula
1532 3293 1696 3348 vivis.

357 3371 458 3426 Est
483 3371 702 3442 aliquid
736 3375 888 3444 quod
923 3375 1171 3446 quisque
1203 3376 1357 3446 facit,
1381 3379 1522 3452 tegit
1544 3380 1692 3437 alter
1719 3384 1998 3440 amicum.

357 3459 462 3514 Hic
507 3460 674 3532 fugit,
710 3461 804 3515 hic
853 3463 1140 3533 sequitur,
1173 3470 1406 3536 raptum
1457 3470 1612 3541 capit
1660 3471 1754 3527 hic
1803 3473 1999 3528 inimi-

1841 3579 1996 3618 cum.

356 3635 504 3690 Pene
535 3637 966 3709 triumphantes
998 3644 1227 3698 nostros
1257 3648 1332 3712 te,
1367 3563 1892 3718 Christe,vocant[:s

354 3724 526 3779 Turci
558 3730 953 3796 prosternunt,
987 3734 1042 3784 et
1069 3747 1270 3786 eorum
1301 3733 1500 3804 przelia
1530 3743 1832 3807 spernunt.

356 3813 537 3885 thue
567 3813 741 3886 lupus
770 3815 939 3872 villas
972 3818 1344 3876 circumdans
1375 3824 1582 3894 quaerit
1614 3826 1837 3896 ovillas,

351 3901 420 3956 Et
449 3919 595 3974 quas
625 3905 894 3976 deceptas
927 3907 1172 3963 stabulis
1205 3927 1318 3964 non
1350 3927 1476 3967 esse
1509 3919 1769 3986 receptas

347 3991 588 4061 Aspicit,
624 3991 730 4047 has
759 3994 950 4048 fundit
985 3996 1250 4064 miseras,
1283 4003 1339 4053 et
1367 3999 1424 4054 in
1458 4017 1558 4054 ora
1590 4005 1869 4060 recondit.

350 4079 444 4132 Sic
475 4095 704 4152 quoque
733 4081 1016 4138 vallantes
1049 4085 1222 4140 Turci
1254 4093 1484 4143 nostros
1515 4091 1893 4162 trepidantes,

347 4169 513 4222 Hunc
544 4185 718 4240 quem
753 4173 1095 4242 spectabant
1123 4179 1286 4230 extra
1314 4177 1553 4232 castella
1584 4181 1888 4238 necabant.

346 4256 539 4346 l‘lostri
572 4258 713 4329 quid
747 4259 1144 4326 facerent,nisi
1177 4267 1337 4318 tanta
1367 4266 1627 4336 pericula
1649 4269 1987 4346 flerent(13).

346 4344 470 4400 Non
503 4350 769 4418 poterant
801 4349 1040 4404 dorsum
1072 4351 1230 4417 dare,
1263 4369 1367 4408 nec
1407 4371 1668 4426 pugnare
1700 4344 1986 4417 seorsum.

345 4433 469 4488 Non
502 4435 646 4490 satis
675 4441 762 4491 est
791 4439 948 4508 genti
984 4439 1054 4493 (le
1087 4439 1282 4510 palma
1312 4459 1426 4496 non
1460 4444 1770 4502 dubitanti.

345 4523 507 4586 Quod
540 4524 766 4579 fuerant
795 4525 980 4581 clausi
1015 4529 1222 4595 nostri,
1257 4547 1516 4602 pugnare
1547 4549 1651 4588 nec
1681 4538 1806 4592 ausi
1833 4556 1844 4605 ;

345 4611 453 4665 Sed
490 4613 719 4668 monuit
746 4614 906 4669 mille
938 4617 1160 4672 Turcos
1185 4634 1323 4689 grex
1355 4621 1630 4690 providus
1660 4623 1775 4692 ille,

343 4698 415 4754 Ut
444 4716 570 4772 quae
603 4701 956 4758 transierant
983 4707 1474 4773 nostri,montana
1504 4711 1822 4783 requirant.

339 4791 470 4844 Haac
499 4791 713 4845 etenim
745 4791 816 4846 de
849 4809 906 4847 re
937 4795 1048 4861 (14)
1082 4794 1259 4850 dubia
1289 4803 1561 4869 suspecta
1592 4801 1766 4870 fuere,
1793 4801 1798 4804 ’

339 4877 498 4942 Quod
533 4880 793 4950 tegerent
823 4879 1051 4950 aliquos
1079 4887 1356 4939 montana
1386 4886 1653 4942 movebat
1691 4888 1944 4964 iniquos.

403 5090 478 5162 (9)
510 5089 682 5162 Edit.,
704 5093 826 5162 jam
855 5100 1104 5148 martem.

402 5161 516 5231 (10)
546 5161 720 5230 Edit.,
752 5171 939 5218 morte.

399 5232 514 5300 (11)
543 5231 718 5304 Edit.,
751 5235 1106 5304 respiciendo.

397 5305 512 5372 (12)
543 5301 645 5356 IIic
675 5301 878 5360 versus
909 5306 1070 5361 deest
1101 5307 1156 5362 in
1191 5309 1383 5366 editis.

396 5375 510 5441 (13)
542 5372 714 5445 Edit.,
746 5378 970 5445 ferrem,

747 5444 912 5524 dubii
927 5450 1248 5524 timidique.

318 5516 504 5652 fagi?)
538 5515 712 5583 Edit.,
753 5519 1044 5576 Exanimes
1092 5515 1232 5593 [ficti
1277 5526 1554 5597 nimioque
1598 5539 1742 5586 metu.
1791 5542 1970 5606 stupe-

345 5600 470 5640 acu.

873 310 976 371 AD
1023 310 1538 374 GODEFRIDUM
1583 311 1922 373 APPEND.
1969 310 2047 372 ΙΙ.
2080 343 2159 354 -—-
2187 306 2502 372 MONUM.
2549 308 2652 370 DE
2693 308 2946 372 BELLO
2990 307 3267 372 SACRO.

2042 445 2094 511 Α
2125 445 2230 498 Ast
2255 457 2434 514 eques
2465 447 2748 510 armatus,
2783 441 2929 498 nihil
2961 442 3033 497 ad
3065 443 3352 514 praecepta
3381 441 3662 508 moratus,
3691 473 3704 480 -

3659 267 3842 368 948‘

2126 533 2351 588 Montes
2383 531 2671 602 lustravit,
2706 530 3018 587 crudeliter
3046 547 3184 586 ense
3216 529 3445 585 necavit

2126 621 2281 678 Mille
2310 621 2463 677 viros
2496 622 2696 688 ferme,
2733 619 3031 688 mulieres,
3061 619 3271 693 vulgus
3302 620 3548 685 inerme,

2124 711 2432 766 Exanimes
2464 710 2664 776 factos,
2699 710 2999 781 nimioque
3038 714 3198 764 metu
3246 708 3606 780 stupefactos
3637 707 3773 779 (15),

2125 799 2373 855 Multum
2401 801 2681 866 tardatos,
2716 800 3007 870 rebusque
3039 798 3164 854 suis
3195 802 3484 853 oneratos.

2124 888 2231 954 Qui
2263 888 2414 943 male
2445 890 2555 944 sub
2587 889 2834 961 rupibus
2865 887 2974 960 (16)
3002 886 3298 942 latitantes
3329 901 3444 940 non
3471 883 3776 940 latuerunt

2123 977 2656 1049 Exploratores,sed
2688 977 2935 1048 turpiter
2965 975 3332 1031 interierunt.

2671 1067 2832 1121 Turci
2858 1065 3218 1120 debellantu-r.

2193 1157 2336 1211 Ecce
2368 1155 2513 1210 nihil
2541 1155 2787 1210 timidus
2818 1171 3013 1209 comes
3044 1153 3368 1226 Hugo,dux
3397 1151 3771 1218 Godefridus,

2123 1245 2347 1301 Hortari
2383 1247 2590 1300 fortem
2623 1245 3013 1317 precibusque
3044 1241 3344 1314 minisque
3375 1240 3697 1307 cohortem,

2123 1335 2307 1391 Cursu
2339 1335 2656 1402 certabant,
2691 1334 2997 1405 sociosque
3016 1334 3220 1404 juvare
3253 1331 3568 1403 parabant;

2123 1424 2308 1496 thue
2340 1424 2539 1480 vident
2569 1423 2774 1479 flentes
2805 1422 2994 1478 socios
3016 1423 3142 1493 jam
3169 1420 3526 1485 deficientes,

2122 1512 2510 1568 Dimittuntur
2539 1511 2972 1584 equi,quamvis
3002 1528 3117 1566 non
3148 1509 3372 1565 viribus
3401 1508 3552 1580 aequi

2122 1603 2346 1668 Essent,
2382 1619 2497 1656 non
2529 1601 2820 1668 dubitant,
2854 1617 2960 1656 nec
2989 1599 3104 1655 tela
3132 1598 3391 1655 volantia
3415 1598 3624 1664 vitant,

2192 1693 2340 1765 Ergo
2371 1693 2588 1747 ducum
2621 1690 2788 1746 sidus
2818 1707 2952 1746 cum
2985 1689 3188 1761 paucis
3228 1689 3347 1744 dux
3393 1686 3770 1755 Godefridus,

2124 1781 2186 1836 In
2221 1782 2478 1836 medium
2513 1781 2702 1836 densa:
2736 1780 2927 1853 gentis
2958 1778 3156 1834 stricto
3184 1777 3342 1833 volat
3371 1794 3529 1846 ense,

2123 1871 2191 1926 Et
2219 1869 2396 1925 veluti
2429 1871 2617 1924 diram
2649 1887 2752 1925 sus
2783 1874 3094 1942 postquam
3126 1867 3348 1940 colligit
3373 1867 3542 1932 iram,

2120 1961 2300 2015 Dente
2330 1959 2490 2014 canis
2521 1957 2716 2029 laesus,
2749 1957 2955 2014 baculo
2985 1957 3072 2013 vel
3104 1957 3392 2012 arundine
3423 1972 3632 2022 caesus,

2119 2049 2298 2105 Dente
2329 2065 2501 2104 canes
2532 2048 2694 2120 angit
2723 2047 2834 2116 (17)
2868 2046 2987 2102 ruit
3011 2051 3067 2102 et
3093 2044 3382 2102 venabula
3421 2045 3657 2118 frangit.

2118 2141 2235 2193 Hos
2269 2138 2348 2192 ita
2379 2135 2678 2192 conculcat
2709 2135 3140 2204 Godefridus,et
3169 2135 3409 2206 agmina
3445 2131 3658 2189 sulcat.

2115 2228 2189 2281 At
2220 2225 2461 2281 comites
2492 2224 2724 2280 comitis
2755 2225 2897 2280 dant
2929 2224 3134 2280 multis
3163 2228 3383 2279 tartara
3411 2222 3576 2278 diris.

2118 2316 2305 2370 Trans
2335 2315 2525 2386 ripam
2559 2313 2662 2368 rivi
2695 2312 3094 2386 pugnantibus
3123 2313 3184 2369 in
3214 2313 3358 2384 pede
3387 2311 3538 2367 clivi.

2119 2403 2255 2458 Istis
2287 2402 2611 2475 prostratis,
2645 2402 2714 2457 de
2742 2402 2886 2457 clivo
2918 2401 3319 2474 pracipitatis,

2117 2494 2396 2548 Ascendit
2424 2492 2636 2547 clivum
2667 2491 3094 2563 comes,implet
3120 2489 3406 2563 sanguine
3435 2489 3647 2545 rivum.

2119 2583 2304 2638 Millia
2335 2598 2470 2636 nam
2503 2583 2765 2653 quinque
2796 2581 2968 2637 morti
3001 2580 3161 2637 dedit
3189 2580 3313 2652 ipse
3343 2580 3678 2650 decemque.

2119 2674 2228 2728 Sed
2262 2672 2400 2744 quid
2436 2673 2544 2743 (18)
2571 2673 2778 2743 juncta
2805 2688 3017 2726 manus
3047 2670 3246 2726 comiti
3272 2669 3770 2734 fecit,ret'eramus

2189 2763 2475 2818 Omnibus
2506 2761 2767 2817 accensis
2800 2761 2908 2832 (19)
2935 2761 3006 2815 ad
3041 2775 3319 2833 pugnam,
3354 2757 3656 2814 Podiensis

2115 2854 2301 2923 Atque
2332 2869 2525 2907 comes
2559 2851 2723 2906 fortis
2755 2850 3130 2922 Raymondus
3169 2849 3401 2919 duxque
3449 2847 3728 2914 cohortis,

2115 2942 2496 3012 Audacesque
2527 2940 2654 3007 viri,
2687 2939 2844 2995 velut
2873 2940 2946 2994 ad
2978 2938 3196 2994 bellum
3228 2937 3374 2993 solet
3402 2937 3493 3006 iri,

2121 3029 2402 3085 Paulatim
2435 3029 2692 3095 veniunt,
2727 3034 2782 3084 et
2812 3029 2883 3084 ab
2915 3027 3007 3083 his
3039 3044 3186 3082 nova
3215 3025 3415 3098 praelia
3439 3027 3605 3081 fiunt.

2115 3119 2183 3172 Hi
2216 3136 2392 3174 cornu
2427 3119 2694 3174 dextrum
2726 3118 2976 3182 caedunt,
3009 3116 3224 3188 aliique
3254 3113 3579 3180 sinistrum,

2034 3184 2077 3250 Ο
2116 3209 2222 3274 Qui
2256 3207 2419 3280 prius
2454 3207 2664 3263 inclusi
2695 3206 2924 3262 fuerant
2954 3205 3265 3261 formidine
3297 3203 3444 3271 fusi;

2113 3297 2203 3352 Fit
2234 3297 2510 3369 strepitus
2532 3295 2850 3362 multus,fit
2871 3311 3121 3368 magnus
3145 3294 3420 3365 utrinque
3441 3291 3761 3349 tumultus.

2110 3387 2224 3442 Nec
2256 3386 2451 3441 sonitu
2485 3386 2731 3440 minimo
2761 3384 3102 3441 dissolvitur
3129 3399 3300 3438 arcus
3329 3381 3542 3454 equino

2110 3475 2290 3530 Nervo
2323 3475 2695 3539 constrictus,
2729 3474 2854 3529 sine
2885 3490 2999 3546 quo
3033 3472 3176 3529 satis
3205 3476 3294 3527 est
3322 3470 3466 3526 levis
3495 3471 3648 3526 ictus

2107 3567 2491 3636 Horum,spes
2513 3581 2764 3636 quorum
2794 3579 2910 3618 non
2941 3565 3029 3618 est
3057 3561 3171 3617 nisi
3203 3577 3414 3616 cursus
3442 3575 3755 3631 equorum,

2108 3654 2180 3710 Ut
2207 3654 2420 3709 vulnus
2451 3653 2752 3726 geminum
2774 3654 2938 3724 jactu
2969 3652 3066 3707 det
3095 3652 3324 3706 Turcus
3355 3650 3414 3704 in
3446 3666 3562 3704 uno

2106 3745 2246 3795 Cum
2276 3742 2608 3811 serpentino
2632 3740 2975 3812 jaculantur
3004 3738 3120 3794 tela
3147 3753 3392 3795 veneno.

2177 3831 2329 3886 Dum
2361 3831 2443 3885 sic
2475 3834 2788 3902 pugnatur,
2821 3829 3006 3884 nostri
3038 3834 3126 3884 ter
3147 3829 3219 3884 ab
3241 3827 3409 3883 hoste
3430 3827 3753 3900 fugantur:

2106 3918 2218 3988 (20)
2250 3919 2475 3988 Terque
2508 3919 2656 3988 fugae
2689 3918 2904 3972 dantur
2951 3915 3216 3990 gentiles,
3251 3916 3352 3971 sed
3405 3919 3758 3972 revocantur

2106 4007 2170 4060 Et
2200 4006 2402 4062 solitos
2433 4024 2641 4061 cursus
2677 4007 2895 4060 faciunt
2923 4011 2978 4062 et
3007 4005 3249 4061 vulnera
3279 4022 3482 4061 rursus
3515 4021 3527 4059 :

2104 4095 2213 4149 Sed
2248 4099 2386 4166 puto
2417 4096 2691 4150 cessisset
2723 4097 2853 4166 (21),
2891 4111 2994 4149 nec
3022 4093 3176 4150 bella
3205 4094 3328 4166 pati
3359 4093 3712 4166 potuissent,

2103 4183 2168 4238 Ni
2203 4185 2359 4239 circa
2389 4188 2616 4240 montes
2648 4186 2889 4256 quidam
2921 4183 3098 4238 Turci
3129 4183 3426 4239 latitantes

2099 4273 2321 4328 Acriter
2349 4278 2639 4328 arctarent
2665 4277 2896 4329 nostros
2926 4272 3240 4345 pluresque
3261 4275 3553 4328 necarent.

2100 4363 2254 4427 Quos
2287 4362 2384 4416 ubi
2418 4366 2730 4417 senserunt
2759 4361 2941 4417 nostri
2973 4360 3236 4430 comites,
3271 4364 3605 4416 statuerunt

2099 4450 2171 4505 Ut
2201 4451 2389 4523 magis
2418 4451 2669 4506 audaces
2697 4451 3059 4506 committere
3091 4449 3246 4506 bella
3275 4465 3512 4522 sagaces

2021 4551 2068 4614 D
2101 4541 2184 4594 Ad
2218 4539 2470 4594 latebras
2500 4540 2671 4606 irent,
2707 4540 2805 4595 ubi
2838 4539 3026 4610 primo
3057 4542 3173 4610 (22)
3203 4539 3386 4596 Marte
3417 4539 3662 4596 ferirent

2096 4630 2211 4684 Hos
2243 4629 2342 4700 qui
2375 4628 2715 4700 pugnabant
2743 4627 2944 4699 furcis,
2975 4627 3310 4701 multosque
3339 4630 3627 4686 necabant

2097 4717 2368 4773 Protinus
2399 4718 2667 4791 ingentes
2692 4718 2906 4774 animis
2936 4718 3235 4790 armisque
3265 4720 3376 4790 (23)
3407 4719 3678 4791 vigentes

2095 4805 2253 4861 Mille
2282 4806 2384 4861 viri
2419 4806 2612 4864 laudis
2642 4807 2837 4878 cupidi
2871 4809 2979 4864 sub
3008 4807 3265 4881 tegmine
3292 4807 3515 4863 fraudis

2095 4895 2249 4952 Bella
2280 4895 2697 4969 relinquentes,
2729 4897 2886 4954 velut
2907 4913 2938 4954 e
2965 4896 3114 4953 bello
3141 4897 3449 4968 fugientes,

2161 5108 2275 5176 (16)
2303 5107 2476 5177 Edit.,
2508 5111 2682 5164 saxis.

2159 5181 2270 5252 <17)
2304 5180 2479 5252 Edit..
2513 5182 2650 5252 ﬁgit-

2157 5249 2269 5322 (18)
2299 5249 2395 5322 Al.)
2418 5253 2469 5306 si
2496 5249 2648 5322 q'uiid.

2157 5321 2270 5388 (19)
2299 5321 2473 5377 Edit..
2504 5321 2762 5379 extensis.

2157 5393 2264 5464 (20)
2298 5393 2400 5464 llic
2431 5410 2634 5450 versus
2661 5395 2824 5451 deest
2851 5395 2910 5452 in
2943 5402 3144 5454 nostro
3174 5414 3287 5454 ms.

2154 5463 2264 5536 (21)
2298 5463 2472 5536 Edit.,
2501 5469 2840 5536 pressissmit.

2153 5534 2262 5608 (22)
2292 5534 2465 5608 Edit.,
2499 5534 2740 5608 inopino.

2151 5605 2264 5677 (23)
2293 5605 2381 5662 Al.
2413 5605 2700 5680 anniséue.
