3998 6088
262 296 382 358 949

259 430 602 488 Ascendunt
630 428 788 485 taciti
819 434 1068 497 montes,
1105 431 1205 486 sed
1238 435 1436 486 monte
1469 429 1635 502 potiti
1664 429 1777 498 (24)

261 522 390 577 Non
417 520 601 575 tacuit
631 518 845 574 Christi
879 519 1068 587 miles,
1101 519 1247 592 fugit
1279 520 1466 574 hostis
1493 538 1504 587 ;
1538 524 1596 573 at
1627 518 1721 573 isti

262 610 520 666 Ensibus
552 610 656 664 hos
690 613 933 682 angunt,
957 626 1127 664 arcus
1161 614 1216 664 et
1249 609 1473 680 spicula
1505 608 1804 680 frangunt.

261 701 388 755 Non
423 699 660 771 prodest
693 699 936 754 Domino
970 715 1142 754 nervo
1175 697 1526 753 constrictus
1559 697 1770 768 equino

259 791 449 844 Arcus
481 806 593 843 non
632 788 902 860 pharetra
931 789 1001 842 de
1033 788 1214 842 cruda
1246 787 1484 842 condita
1509 787 1678 858 pelle,

261 879 380 934 Nec
412 895 618 948 equus,
654 883 755 932 aut
783 894 1013 943 cursus,
1050 895 1163 932 non
1197 876 1346 931 illita
1372 875 1584 948 poeula
1618 874 1767 943 felle,

262 967 376 1024 Sed
407 965 555 1022 male
585 967 914 1032 turbantur,
944 966 1276 1020 moriuntur
1307 965 1766 1038 praecipitantur.

261 1056 366 1112 His
397 1055 477 1111 ita
506 1055 808 1127 dispersis,
842 1054 1047 1110 multis
1082 1056 1137 1109 in
1169 1060 1388 1110 tartara
1419 1054 1627 1109 mersis

258 1145 528 1210 Attoniti,
565 1143 701 1198 belli
735 1144 912 1199 subiti
948 1144 1259 1199 formidine
1287 1145 1450 1208 tacti,

261 1235 402 1290 Post
431 1233 563 1289 illos
593 1233 801 1306 reliqui
835 1233 1085 1307 fugiunt,
1121 1235 1262 1290 dare
1288 1237 1451 1305 terga
1481 1231 1683 1288 coacti.

338 1323 484 1396 Ergo
517 1327 883 1378 resumentes
913 1323 1144 1378 animos
1176 1322 1380 1389 nostri,
1417 1321 1707 1392 fugientes

259 1413 544 1479 Turbant,
582 1412 913 1466 funduntur
941 1411 1133 1476 Turci,
1169 1410 1421 1483 fugiunt,
1459 1409 1809 1464 moriuntur.

261 1501 515 1557 Tardius
546 1501 786 1573 egressi,
817 1499 904 1555 vel
936 1499 1070 1555 belli
1101 1501 1337 1555 turbine
1369 1499 1506 1555 fessi

257 1591 470 1646 Acrius
500 1591 837 1663 insurgunt,
870 1593 926 1645 et
955 1607 1136 1661 equos
1168 1589 1496 1646 calcaribus
1523 1592 1765 1660 angunt.

261 1679 632 1752 Francigena
665 1696 878 1752 pronos
921 1679 1145 1734 faciunt
1174 1679 1246 1734 ad
1278 1683 1511 1751 pectora
1542 1681 1742 1732 contos
1777 1675 1904 1747 (25).

260 1769 617 1841 Cornipedes
648 1773 946 1841 spumant,
981 1768 1199 1839 aspersi
1235 1767 1521 1840 sanguine
1555 1768 1801 1834 fumant,

261 1858 450 1914 Frena
479 1861 694 1925 terunt,
716 1857 1103 1929 dominosque
1127 1857 1321 1913 ferunt
1343 1874 1456 1911 non
1475 1856 1688 1927 impete
1714 1872 1909 1927 parvo.

189 1978 192 1979 ν
261 1949 533 2018 Dumque
557 1952 755 2016 ruunt,
780 1951 994 2002 stratos
1017 1945 1229 2001 feriunt
1253 1965 1265 2014 ;
1293 1963 1426 2000 nam
1452 1944 1674 1999 multus
1698 1944 1754 1998 in
1779 1961 1912 1999 arvo

263 2036 495 2090 Turcus
525 2037 668 2099 erat,
703 2033 915 2106 gladiis
947 2038 1047 2088 aut
1077 2051 1214 2089 ense
1247 2037 1506 2088 necatus.

265 2123 625 2195 Exsuperare
654 2140 824 2195 pares
856 2127 1101 2191 certant,
1137 2123 1278 2177 fiant
1306 2139 1422 2177 non
1455 2121 1575 2176 leve
1605 2137 1793 2176 nares.

263 2211 440 2268 Albet
468 2212 752 2290 intinctus
786 2213 918 2267 tabo
951 2229 1065 2268 non
1098 2211 1331 2284 pulvere
1361 2211 1570 2279 victus,

258 2305 500 2357 Hostem
532 2301 782 2373 quisque
815 2302 1064 2373 premit;
1100 2301 1201 2356 sed
1233 2317 1344 2355 nox
1377 2300 1626 2355 obscura
1680 2298 1914 2354 diremit

257 2391 486 2445 Gaudia
516 2394 875 2460 nostrorum,
909 2391 1254 2462 tristemque
1313 2389 1512 2462 fugam
1563 2388 1909 2443 miserorum

257 2480 332 2534 Et
364 2480 518 2550 quod
553 2497 668 2534 non
699 2480 888 2551 potuit
918 2479 1059 2534 levis
1091 2496 1262 2534 arcus
1293 2483 1349 2533 et
1381 2477 1745 2544 irresolutus,

256 2569 375 2624 Nec
406 2568 641 2640 sonipes
670 2567 833 2623 velox
862 2573 918 2624 et
948 2567 1136 2640 longis
1168 2567 1437 2622 cursibus
1465 2570 1658 2639 aptus,

260 2657 382 2712 Hoc
413 2657 751 2729 importuna
781 2657 973 2728 potuit
1006 2674 1115 2712 nox
1147 2655 1336 2728 turpis
1367 2661 1422 2710 et
1454 2673 1588 2710 una.

263 2746 489 2818 Quippe
524 2763 626 2818 per
653 2763 888 2801 exesam
923 2749 1172 2812 noctem,
1209 2745 1417 2812 diram,
1453 2746 1844 2810 tenebrosam,

260 2838 417 2890 Gens
448 2835 687 2890 inimica
716 2835 830 2890 Deo
863 2833 1078 2890 Christi
1110 2833 1416 2889 subdenda
1445 2833 1705 2905 trOphzeo

262 2924 492 2979 Invenit
520 2923 790 2978 latebras.
827 2922 998 2994 Fugit
1026 2939 1161 2995 ergo
1193 2927 1391 2977 secuta
1422 2924 1711 2990 tenebras,

260 3014 452 3084 Atque
483 3029 585 3084 per
613 3011 761 3066 hanc
795 3015 1020 3067 noctem
1055 3027 1196 3084 gens
1241 3011 1454 3066 Christi
1494 3011 1748 3084 perdidit
1775 3011 1911 3067 hos-

1679 3101 1838 3172 [tem.

1108 295 1414 359 GILONIS
1456 294 1711 356 PARIS.
1759 294 1965 356 HIST.
2008 290 2417 358 HIEROSOL.
2451 329 2528 340 —-
2554 293 2705 358 LIB.
2752 295 2830 358 II.

3555 294 3678 358 950

1940 429 1995 495 Α
2023 429 2092 484 Et
2123 429 2359 486 tandem
2390 433 2552 486 tutus
2580 431 2689 487 sub
2719 430 2921 486 eadem
2953 432 3120 486 nocte
3153 430 3390 485 secutus

2026 518 2216 574 Saevos
2246 520 2511 590 gentiles,
2542 520 2691 575 redit
2721 520 2792 574 ad
2826 518 3078 574 tentoria
3116 517 3283 574 miles

2021 607 2296 663 Vestibus
2326 613 2381 663 et
2412 608 2541 663 telis
2573 609 2733 664 dives
2761 610 2892 677 (26),
2929 607 3249 679 multisque
3282 605 3522 663 camelis
3550 625 3563 676 ;

2025 697 2154 751 Mox
2186 714 2452 767 proceres
2477 697 2588 752 laeti
2621 715 2727 752 sua
2760 697 3025 754 membra
3052 697 3258 752 dedere
3291 694 3492 769 quieti.

2024 784 2252 840 Solares
2284 791 2446 842 ortus
2478 787 2576 840 ubi
2608 786 2814 842 lucifer
2845 786 3040 842 attulit
3067 790 3250 854 ortus,

2023 875 2304 947 Surgunt,
2339 879 2617 948 cognatos
2649 877 2970 948 quondam,
3005 876 3178 930 modo
3209 875 3418 929 funera
3450 876 3619 929 natos

2023 964 2318 1032 Ever‘tunt,
2344 964 2598 1019 fundunt
2626 965 2903 1037 gemitus,
2939 982 3049 1020 sua
3077 967 3314 1036 pectora
3342 963 3622 1030 tundunt,

2021 1053 2276 1124 Quisque
2307 1054 2463 1108 brevi
2495 1054 2654 1108 fossa
2683 1053 2915 1126 cognati
2944 1052 3167 1126 colligit
3195 1069 3348 1108 ossa.

2021 1141 2182 1214 Saepe
2215 1143 2432 1197 dabant
2461 1141 2643 1214 aliqui
2673 1141 2902 1198 tumulo
2935 1146 3109 1214 caput
3138 1141 3324 1198 hostis
3353 1139 3564 1213 iniqui,

2021 1231 2160 1286 Esse
2193 1235 2369 1303 caput
2398 1235 2598 1287 notum
2633 1236 2938 1303 sperantes
2971 1231 3108 1287 inde
3139 1234 3452 1286 remotum.

2019 1319 2275 1376 Vulnera
2305 1324 2687 1388 contrectant,
2720 1321 3013 1392 inﬁxaque
3045 1318 3272 1392 spicula
3301 1320 3568 1391 spectant

2019 1408 2393 1476 Vulneribus,
2426 1409 2678 1482 plorant,
2723 1413 2778 1464 et
2809 1411 2878 1465 de
2910 1409 3123 1482 pietate
3152 1408 3443 1464 laborant.

2019 1498 2444 1571 Aspiciuntque
2476 1499 2658 1555 bonos
2691 1499 2918 1571 equites
2951 1499 3010 1553 in
3043 1488 3279 1571 pulvere
3309 1513 3546 1568 pronos,

2021 1589 2127 1652 Qui
2160 1589 2301 1644 dum
2333 1588 2602 1644 vivebant
2633 1605 2810 1660 super
2840 1605 3017 1644 aurea
3046 1591 3229 1643 strata
3250 1586 3548 1658 jacebant.

2021 1679 2204 1749 Inque
2229 1678 2322 1733 die
2349 1681 2468 1733 tota
2499 1695 2614 1733 non
2649 1681 2789 1732 sunt
2820 1676 3070 1732 tentoria
3100 1679 3279 1732 mota.

2022 1767 2246 1822 Interea
2277 1767 2416 1822 lassi
2452 1770 2790 1823 recreantur
2816 1767 3059 1822 vulnera
3083 1764 3264 1838 passi,

2022 1860 2181 1910 Curae
2211 1857 2526 1911 traduntur
2555 1855 2937 1921 medicorum,
2968 1854 3084 1911 tela
3114 1854 3410 1927 leguntur,

2022 1946 2092 2000 Et
2123 1944 2272 1999 ﬁunt
2303 1944 2484 2016 plenae
2515 1945 2819 2017 pharetris,
2853 1943 3182 2000 solidantur
3203 1943 3463 1998 habenae.

2023 2037 2243 2088 Cuncta
2273 2033 2665 2093 reformantur
2690 2051 2941 2105 quorum
2975 2037 3176 2089 manet
3202 2049 3346 2087 usus
3373 2047 3562 2104 egere.

2020 2123 2216 2178 Altera
2241 2122 2343 2178 lux
2373 2123 2587 2190 oriens,
2623 2123 2723 2178 ubi
2757 2123 2944 2179 noctis
2971 2121 3198 2194 depulit
3222 2125 3402 2188 astra,

2022 2213 2226 2268 Castra
2255 2229 2490 2268 movens
2525 2211 2713 2282 miles,
2749 2216 3078 2284 sequuntur
3107 2208 3352 2283 gentilia
3381 2211 3612 2276 castra;

2023 2301 2190 2356 Miles
2221 2304 2280 2356 at
2303 2300 2400 2356 ille
2422 2301 2545 2367 Dei,
2577 2301 2888 2372 cujusdam
2916 2299 3178 2372 planitiei

2022 2391 2172 2445 Dum
2204 2389 2329 2445 loca
2359 2390 2656 2460 transiret,
2683 2394 2740 2445 et
2771 2394 2934 2445 tutus
2959 2390 3032 2445 ab
3065 2389 3335 2445 hostibus
3363 2386 3494 2453 iret,

2022 2479 2206 2547 Peste,
2240 2478 2450 2558 calore,
2484 2478 2603 2546 siti,
2638 2478 2976 2534 moriuntur
3002 2479 3060 2533 in
3094 2476 3328 2550 agmine
3359 2473 3552 2531 multi.

2021 2567 2160 2623 Inde
2192 2568 2526 2622 recedentes
2556 2568 2744 2623 securi
2777 2567 2922 2622 nihil
2954 2570 3302 2633 metuentes,

2021 2657 2228 2712 Omine
2261 2655 2410 2711 felici
2444 2655 2570 2712 loca
2598 2657 2907 2713 vastabant
2931 2654 3172 2712 inimici.

2022 2745 2217 2801 Hostis
2240 2745 2348 2800 iter
2377 2749 2570 2800 tutum
2612 2746 2788 2800 dabat
2815 2744 2954 2812 illis,
2986 2744 3101 2800 tela
3129 2743 3436 2800 tributum.

2023 2834 2235 2905 Sicque
2261 2838 2422 2889 metu
2454 2838 2614 2889 mota
2639 2833 2830 2906 patuit
2855 2834 3140 2890 Romania
3169 2837 3311 2900 tota,

2021 2923 2135 2978 Nec
2163 2923 2348 2979 sensit
2378 2941 2610 2995 pcenam
2641 2923 2794 2996 quis,
2827 2923 3012 2978 donec
3037 2923 3108 2978 ad
3140 2921 3562 2978 Antiochenam

2024 3011 2236 3067 Urbem
2269 3013 2584 3068 formosam
2618 3012 2806 3068 muris
2836 3011 3045 3085 opibus
3077 3011 3417 3085 spatiosam.

1799 3257 2145 3272 ﬁ

1461 3422 1783 3510 LIBER
1846 3423 2482 3514 SECUNDUS.

462 3597 807 3672 Ai'uiochiam
833 3615 1112 3672 obsidione
1145 3617 1370 3686 cingunt
1399 3614 1726 3670 Christiani.

341 3705 512 3762 Urbis
540 3709 606 3760 ut
636 3706 937 3760 immensae
968 3705 1286 3776 tetigerunt
1316 3703 1533 3758 moenia
1563 3720 1762 3760 mense

265 3795 558 3865 Octobris,
592 3793 783 3849 turbis
816 3810 951 3866 pars
984 3792 1240 3848 maxima
1269 3792 1524 3864 cingitur
1555 3793 1738 3848 urbis.

266 3886 421 3940 Pons
455 3889 650 3938 tamen
680 3883 738 3936 in
769 3883 918 3937 ferro
955 3883 1018 3936 ﬁt
1048 3881 1279 3953 pervius
1314 3887 1486 3936 antea
1519 3883 1689 3937 ferro.

267 3973 570 4044 Multaque
600 3971 839 4044 praedati
865 3970 1000 4025 licet
1030 3975 1087 4025 et
1117 3969 1319 4024 multis
1349 3969 1574 4025 onerati

269 4064 501 4128 Essent,
535 4061 855 4132 disponunt
883 4060 1056 4126 acies,
1091 4059 1341 4114 tentoria
1370 4065 1601 4130 ponunt

272 4153 432 4206 Inter
462 4149 878 4205 inexhaustum
913 4148 1155 4203 fluvium
1189 4165 1544 4218 murumque
1576 4149 1853 4204 levatum.

269 4241 340 4296 Et
371 4238 510 4311 quia
541 4238 780 4292 munitae
812 4237 971 4309 genti
1003 4235 1258 4308 bellique
1291 4235 1484 4306 perita:

271 4329 332 4385 Si
366 4325 826 4394 contendissent,
859 4342 961 4397 per
988 4325 1140 4380 vires
1163 4323 1244 4379 nil
1280 4324 1637 4388 nocuissent,

273 4414 513 4489 Ingenio
546 4419 816 4486 quaerunt
847 4415 1001 4485 quod
1034 4431 1136 4485 per
1164 4413 1283 4469 vim
1311 4431 1428 4471 non
1460 4417 1776 4485 potuerunt
1808 4413 1920 4486 (27)

269 4505 611 4561 Accelerant
641 4521 766 4574 quis
799 4503 1057 4574 proflcuo
1089 4503 1199 4557 scit
1229 4502 1480 4574 quisque
1512 4503 1728 4557 futura.

271 4595 424 4667 Ergo
453 4609 629 4664 super
656 4593 872 4646 flumen
906 4595 1141 4663 pontem
1173 4591 1388 4646 Christi
1421 4591 1558 4646 facit
1589 4607 1798 4663 agmen

273 4685 385 4738 Per
413 4698 586 4753 quem
617 4681 946 4747 transisset,
982 4681 1030 4736 si
1055 4697 1194 4752 grex
1223 4680 1416 4736 malus
1447 4680 1806 4735 invaluisset.

279 4772 456 4828 Fiunt
486 4787 578 4825 res
612 4768 831 4841 plures,
859 4769 1006 4824 fiunt
1036 4787 1105 4825 ex
1134 4785 1244 4824 iere
1277 4785 1530 4835 secures,

279 4861 455 4916 Fiunt
486 4858 753 4926 ballistae,
788 4857 1113 4930 plumbata,
1149 4857 1468 4929 phalarica,
1502 4857 1692 4930 talpae,

281 4949 500 5016 Falces,
535 4947 668 5013 tela,
704 4948 877 5013 faces,
910 4947 1080 5015 aries,
1117 4947 1425 5018 fundasque
1457 4947 1738 5013 minaces,

281 5037 467 5094 Multa
496 5053 600 5109 per
627 5036 881 5091 artifices
913 5037 1098 5092 celsas
1126 5040 1435 5108 aequantur
1463 5035 1535 5090 ad
1567 5052 1748 5091 arces.

395 5128 612 5186 Turcia
641 5125 954 5182 Boamundo
982 5135 1034 5182 et
1057 5127 1248 5181 comite
1275 5124 1597 5179 Flandrcnsi
1621 5126 1822 5196 fugati.

351 5216 421 5271 Et
443 5232 569 5287 quae
591 5220 964 5285 paraverunt,
989 5230 1352 5286 quaecunque
1385 5214 1646 5284 paranda
1676 5215 1932 5280 fuerunt,

281 5304 484 5360 Muros
517 5303 868 5375 impugnant
896 5303 1132 5370 frustra,
1167 5302 1460 5373 Turcique
1490 5307 1842 5375 repugnant,

354 5439 470 5508 (24)
503 5435 679 5508 Edit.,
710 5439 933 5492 morati.

377 5510 470 5578 25)
499 5507 588 5564 Al.
621 5524 798 5564 conos.

377 5511 470 5578 25)
499 5511 588 5564 Al.
621 5524 798 5564 conos.

356 5511 473 5654 (26)
497 5577 675 5647 Edit.,
708 5581 872 5650 cives,

2029 3621 2278 3691 Quaeque
2309 3636 2515 3692 parare
2545 3619 2742 3674 vident
2772 3621 3022 3685 nostros,
3055 3621 3120 3672 ut
3148 3615 3350 3672 inania
3377 3615 3591 3684 rident,

2029 3709 2173 3762 Nam
2207 3708 2339 3780 quis
2374 3711 2633 3780 speraret
2663 3707 2818 3778 quod
2851 3723 2994 3780 gens
3016 3723 3136 3778 una
3162 3707 3538 3776 exsuperaret

2030 3796 2317 3852 Militibus
2349 3797 2582 3868 plenam
2613 3800 2774 3851 tuam
2809 3795 3014 3851 multis
3042 3794 3464 3850 Antiochenam

2030 3885 2263 3952 Urbem,
2299 3903 2475 3957 quam
2509 3885 2698 3940 clerus
2731 3885 2965 3956 sapiens
2997 3882 3234 3956 aliquis,
3254 3881 3341 3938 vel
3365 3885 3676 3938 Homerus.

2030 3973 2088 4030 Si
2123 3975 2294 4029 modo
2320 3973 2576 4039 vixisset,
2610 3973 2938 4029 describere
2969 3989 3084 4028 non
3117 3969 3452 4044 potuisset?

2030 4063 2384 4118 Christicolae
2416 4062 2553 4118 fessi
2585 4066 2723 4118 sunt
2753 4063 2822 4118 ad
2855 4079 2965 4117 sua
2991 4065 3185 4117 castra
3214 4057 3482 4132 regressi,

2029 4153 2099 4207 Et
2129 4167 2190 4206 se
2220 4168 2456 4207 securos
2487 4152 2642 4206 intra
2673 4168 2782 4206 sua
2810 4156 3001 4206 castra
3029 4152 3257 4205 futuros

2029 4242 2205 4298 Nocte
2237 4244 2590 4313 putaverunt
2617 4258 2630 4307 ;
2664 4241 2765 4296 sed
2798 4244 2853 4294 et
2882 4239 3080 4295 hostes
3111 4241 3278 4295 nocte
3311 4237 3568 4303 fuerunt,
3631 4231 3654 4290 ’.

2029 4333 2100 4386 Et
2130 4330 2282 4386 male
2313 4329 2612 4402 tranquilli
2645 4331 2776 4399 (28),
2809 4332 3134 4384 nocuerunt
3165 4325 3438 4400 pluribus
3469 4324 3555 4380 illi
3589 4341 3603 4380 :

2032 4421 2145 4476 Nec
2177 4419 2356 4476 semel
2387 4419 2496 4474 hac
2521 4418 2722 4473 fraude
2754 4417 2953 4473 nocuit
2984 4434 3128 4490 gens
3160 4415 3375 4472 callida
3401 4413 3590 4471 valde.

2030 4511 2208 4565 Nocte
2241 4508 2606 4564 lacessebant
2637 4510 2886 4572 nostros,
2917 4510 2973 4561 et
3004 4509 3172 4561 nocte
3203 4503 3500 4577 petebant,

2032 4600 2157 4653 Non
2189 4597 2406 4653 clausis
2436 4595 2620 4669 portis
2653 4595 2900 4650 inimicae
2931 4598 3124 4650 castra
3152 4591 3428 4661 cohortis,

1957 4685 2002 4748 D
2034 4687 2143 4743 Sed
2177 4686 2316 4742 levis
2346 4687 2566 4742 interea
2597 4683 2814 4740 bellum
2848 4685 3084 4739 fortuna
3112 4681 3368 4755 gerebat,

2036 4778 2218 4848 Inque
2247 4775 2428 4831 vicem
2463 4775 2739 4830 miseram
2785 4777 3015 4847 gentem
3049 4788 3190 4845 gens
3221 4772 3422 4826 nostra
3449 4782 3681 4842 preme-

3467 4857 3609 4930 [bat,

2040 4956 2200 5026 Saape
2231 4970 2408 5026 super
2437 4957 2672 5008 nostros
2701 4953 2808 5024 (29)
2839 4952 3161 5006 Turcorum
3207 4949 3407 5004 dextra
3434 4945 3684 5016 valebat,

2039 5043 2288 5115 Jamque
2321 5042 2579 5116 fatigatis
2612 5040 2849 5110 nostris,
2879 5041 3208 5113 opibusque
3239 5035 3508 5104 minutis,

2044 5134 2107 5188 In
2140 5132 2393 5204 praedam
2430 5131 2652 5204 pedites
2683 5129 2897 5186 Christi
2926 5129 3136 5186 misere
3169 5127 3433 5200 quirites,

2044 5222 2150 5287 Qui
2184 5221 2323 5275 dum
2356 5219 2588 5293 predari
2620 5219 2749 5276 loca
2778 5217 2991 5274 vellent
3019 5216 3209 5273 hostis
3239 5217 3417 5284 avari,

2049 5308 2264 5365 Partim
2295 5308 2562 5381 praedati,
2596 5309 2930 5381 partimque
2961 5308 3121 5363 fuere
3151 5304 3340 5360 necati
3365 5325 3378 5375 ;

2122 5441 2237 5515 (27)
2269 5442 2446 5515 Edit.,
2483 5456 2826 5515 quaecunque
2855 5440 3040 5498 rident
3068 5441 3336 5496 nocitura.

2123 5513 2236 5584 (28)
2268 5514 2420 5570 Edit.
2433 5557 2446 5584 ,
2473 5517 2677 5573 securi.

2128 5583 2239 5656 (29)
2271 5585 2451 5652 Edit.,
2483 5601 2698 5650 muros.
