3998 6088
338 248 450 327 ssi

341 381 455 439 Sed
482 384 679 437 tamen
708 378 947 436 illorum
979 385 1227 437 mortem
1259 380 1429 453 pauci
1462 380 1755 437 sociorum

341 470 644 528 Narrando
672 469 873 526 tristes
902 468 1127 525 faciunt
1157 470 1347 526 socios
1364 486 1610 543 .quoque
1642 470 1862 527 tristes.

343 560 486 617 Inde
516 559 694 616 nimis
722 556 910 615 tristis
942 557 1304 614 Boimundus
1336 560 1511 615 rebus
1540 558 1600 615 in
1630 558 1761 616 istis

346 647 603 721 Supplex
631 647 836 703 divinae
868 652 1034 721 rogat
1068 646 1348 704 auxilium
1380 648 1705 717 medicinae,

348 738 715 808 Insidiaeque
744 741 912 810 parat
939 738 1117 810 genti,
1152 755 1279 810 quae
1312 738 1515 795 fraude
1546 743 1782 796 necarat

344 827 576 883 Victum
608 830 954 898 quaerentes,
984 827 1044 881 ni
1074 843 1177 899 per
1207 830 1488 883 montana
1516 827 1811 884 timentes.

344 917 429 972 Ad
462 915 646 971 victus
678 916 856 987 igitur
885 915 1248 988 quaerendos,
1279 919 1344 972 ut
1374 916 1556 989 prius,
1592 917 1729 974 itur.

346 1005 492 1061 Cum
523 1005 671 1061 duce
696 1004 1037 1061 Flandrensi
1064 1004 1430 1061 Boimundus
1460 1005 1826 1062 consociatur

344 1093 687 1167 Armigeris,
722 1109 814 1149 res
845 1094 1153 1166 armigeris
1184 1093 1463 1167 praedicta
1492 1096 1744 1152 dabatur
1774 1096 1906 1169 (30),

349 1181 672 1238 Praemissis
703 1181 883 1239 mille.
918 1182 1194 1257 Sequitur
1224 1183 1341 1239 dux
1369 1183 1646 1256 providus
1676 1184 1795 1241 ille.

318 1271 464 1327 'Hos
495 1269 596 1326 ubi
626 1271 954 1342 praedantes
982 1271 1257 1327 viderunt
1286 1272 1654 1342 insidiantes,

349 1359 621 1415 Protinus
652 1376 683 1416 e
714 1358 952 1416 latebris
982 1360 1258 1417 salientes
1287 1362 1545 1435 undique
1575 1362 1816 1429 crebris,

346 1448 605 1505 Vocibus
625 1448 935 1519 insultant,
951 1454 1009 1506 et
1029 1466 1315 1523 equorum
1334 1455 1569 1524 pectora
1584 1452 1838 1508 multant
1859 1453 1995 1527 (31),

348 1538 683 1610 Armigeros
714 1538 954 1594 feriunt.
989 1539 1142 1594 Dum
1173 1539 1316 1596 talia
1344 1541 1545 1614 prmlia
1576 1544 1688 1612 (32)
1718 1543 1887 1612 fiunt,

350 1626 496 1683 Cum
523 1644 702 1700 parva
729 1631 905 1701 gente
932 1628 1298 1686 Boimundus
1328 1629 1483 1687 bella
1513 1635 1750 1705 repente

350 1715 647 1786 Turbavit,
677 1714 897 1773 multos
924 1716 1178 1791 perimit,
1208 1719 1398 1775 socios
1431 1736 1535 1775 nec
1566 1721 1785 1777 inultos

356 1804 621 1881 Agnplius
647 1822 777 1862 esse
806 1805 969 1874 sinit,
1002 1808 1376 1881 gemitusque
1405 1827 1544 1866 suos
1573 1811 1655 1867 ibi
1687 1808 1835 1866 finit.

843 247 947 309 AD
993 246 1511 329 GODEFRIDUM
1550 246 1886 310 APPEND.
1933 248 2011 311 ll.
2042 281 2123 319 -_-
2151 245 2466 321 MONUM.
2510 247 2614 311 DE
2655 245 2909 319 BELLO
2952 242 3232 308 SACRO.

2018 382 2075 450 Α
2103 381 2174 437 Et
2203 379 2285 436 nil
2316 378 2551 438 solliciti
2580 378 2917 457 gaudebant
2942 393 3073 436 aere
3101 376 3254 447 miti,

3631 242 3735 331 19's-

2101 470 2212 526 Sed
2246 468 2357 526 sub
2387 473 2685 525 momento
2716 470 2992 541 surgente
3023 484 3126 541 per
3155 482 3292 523 aera
3317 468 3512 535 vento,

2098 559 2263 617 Aeris
2290 558 2503 632 ingrati
2534 562 2832 615 commotu
2860 555 3225 630 pracipitati,

2099 648 2209 705 Vix
2237 648 2445 705 subita;
2476 648 2625 722 pesti
2653 650 2924 721 poterant
2953 644 3237 703 obsistere
3267 645 3486 712 Incesti,

2101 738 2439 811 Cunctaque
2470 736 2802 794 lustrabant
2832 735 3070 805 imbres,
3103 738 3161 790 et
3189 737 3382 791 castra
3414 733 3720 791 natabant.

2102 828 2327 900 Quique
2356 827 2577 884 locarat
2605 841 2824 899 equum
2858 827 3144 881 nocturno
3174 827 3436 897 tempore
3467 839 3692 892 secum,

2102 917 2301 974 Flebat
2330 933 2466 973 eum
2496 931 2689 986 mane,
2722 930 3053 987 corpusque
3081 911 3352 969 trahebat
3380 911 3575 969 inane.

2103 1005 2387 1063 Militibus
2416 1003 2595 1071 mille,
2628 1004 2729 1077 qui
2761 1003 2995 1073 cinctus
3018 1001 3186 1087 prius
3217 1005 3363 1073 erat,
3396 1000 3494 1057 ille

2102 1096 2211 1153 Pro
2242 1094 2427 1151 nimia
2456 1098 2618 1168 peste
2648 1109 2754 1150 nec
2786 1109 2998 1163 nomen
3028 1090 3286 1147 habebat
3315 1089 3563 1161 honeste

2028 1214 2040 1223 -
2106 1184 2331 1253 Militis,
2361 1188 2538 1257 atque
2564 1183 2743 1257 pedes
2772 1181 2962 1238 factus
2992 1179 3260 1261 plorabat
3290 1179 3353 1263 in
3384 1180 3556 1249 aedes,

2103 1275 2293 1347 Turpe
2324 1274 2562 1347 quidem
2594 1272 2773 1341 dictu,
2803 1271 2905 1328 sed
2937 1266 3108 1341 miles
3138 1269 3309 1347 inops
3338 1269 3466 1326 sine
3494 1267 3657 1343 victu

2103 1364 2474 1437 Armigerum
2504 1363 2743 1429 ﬂentem
2774 1360 2921 1429 ﬂens
2952 1359 3078 1439 ipse
3109 1358 3263 1415 fame
3290 1361 3632 1433 pereuntem

2109 1455 2145 1510 Α
2178 1471 2240 1509 se
2271 1451 2543 1526 pellebat,
2578 1450 2718 1525 quia
2742 1466 2851 1519 nec
2881 1444 2993 1520 sibi
3026 1446 3376 1525 sufﬁciebat.

2106 1543 2213 1599 Pro
2245 1541 2443 1599 dolor!
2478 1541 2604 1613 ipse
2636 1542 2801 1614 pater
2830 1542 2987 1606 nato,
3020 1536 3188 1613 fratri
3220 1552 3458 1610 quoque
3485 1536 3687 1607 frater,

2107 1635 2262 1701 Quos
2291 1631 2406 1688 sibi
2439 1630 2709 1687 servabat
2735 1627 2949 1697 victus,
2980 1624 3040 1683 in
3070 1629 3259 1683 morte
3291 1625 3564 1699 negabat,

2030 1758 2078 1824 Β
2106 1720 2356 1778 Attentis
2387 1721 2500 1795 (37)
2531 1718 2802 1787 ducibus,
2838 1733 2986 1790 quos
3016 1710 3259 1772 miserat
3288 1705 3759 1824 undiqueémunf

3521 1801 3684 1878 [dus,

352 1894 456 1951 Hic
507 1911 741 1968 quoque
793 1895 1160 1954 Flandrensis
1216 1897 1437 1955 multos
1495 1904 1665 1956 necat
1723 1898 1999 1957 horridus
2108 1900 2255 1957 Cum
2284 1900 2431 1956 duce
2464 1895 2807 1954 Flandrensi
2832 1894 3056 1953 solatur
3080 1910 3182 1951 eos
3212 1892 3601 1960 Boimundus,
3683 1888 3687 1896 ’

1725 1987 1927 2063 [ensis.

348 2072 442 2132 Sic
473 2074 647 2130 Turci
672 2074 805 2132 telis
835 2075 1035 2149 populi
1067 2093 1291 2133 cessere
1321 2076 1532 2134 fidelis.

346 2162 574 2236 Oppida
599 2162 849 2220 victores
882 2168 1172 2237 repetunt,
1205 2165 1548 2239 priscosque
1574 2166 1804 2223 dolores

350 2252 565 2308 Ponere
594 2252 943 2325 praecipiunt
974 2252 1105 2327 (33),
1139 2258 1388 2327 ponunt,
1422 2255 1708 2312 solemnia
1740 2256 1908 2312 ﬁunt.

348 2341 638 2413 Tempora
663 2341 983 2413 tranquilla
1007 2342 1252 2399 victoria
1280 2344 1530 2416 praebuit
1560 2343 1682 2401 illa.

347 2428 552 2486 Victus
581 2430 651 2486 de
679 2429 834 2487 villis
863 2432 996 2500 (34).
1026 2448 1143 2488 non
1174 2432 1593 2504 insidiantibus
1625 2433 1780 2503 ullis,

352 2517 668 2575 Portabant
695 2523 897 2593 gentes
927 2521 999 2576 ad
1030 2524 1220 2578 castra
1251 2520 1397 2578 nihil
1423 2525 1767 2581 metuentes.

399 2626 738 2684 Christianos
767 2630 942 2699 [ames
970 2636 1021 2685 et
1050 2620 1252 2687 hiemis
1282 2631 1633 2687 inclementia
1662 2633 1940 2705 afﬂigunt.

414 2733 521 2789 Ast
550 2733 651 2788 ubi
680 2733 856 2806 plena
884 2734 1055 2791 malis
1085 2736 1318 2793 advenit
1348 2737 1538 2795 hiems
1564 2737 1850 2813 glacialis,

344 2821 518 2877 Venit
546 2826 883 2895 tempestas,
914 2828 1147 2881 nostros
1172 2825 1378 2881 afﬂixit
1405 2831 1652 2900 egestas.

344 2910 643 2968 Imbribus
674 2916 731 2967 et
761 2912 966 2969 multis
993 2913 1226 2970 nivibus
1256 2920 1536 2972 montana
1558 2917 1991 2991 timebant(35),

343 3000 699 3074 Armenique
730 3001 858 3058 cibo
889 3003 991 3074 qui
1022 3008 1213 3060 castra
1233 3005 1440 3076 juvare
1470 3005 1755 3074 solebant,

345 3087 452 3144 Per
481 3088 694 3145 nimios
725 3090 939 3147 ﬂuctus
969 3092 1184 3148 nimios
1214 3093 1586 3167 exstinguere
1615 3094 1828 3164 luctus,

343 3176 468 3233 Non
496 3176 789 3250 poterant,
824 3180 999 3236 flebat
1026 3181 1280 3254 populus
1308 3199 1484 3254 quem
1516 3184 1739 3256 grando
1771 3200 1994 3257 preme-

1634 3273 1755 3345 [bat
1785 3274 1919 3343 (36).
2006 3309 2021 3321 ι

342 3356 469 3412 Non
497 3354 669 3429 inops
697 3360 930 3412 tantum
962 3356 1200 3428 glacies,
1229 3360 1331 3415 sed
1361 3359 1477 3417 tela
1506 3362 1868 3433 premebant.

342 3445 471 3500 Non
502 3443 683 3516 aliqui
716 3448 951 3517 portum
983 3447 1179 3502 Sancti
1210 3447 1501 3505 Simeonis
1531 3449 1793 3519 adibant,

344 3532 453 3598 Qui
485 3531 686 3588 navale
716 3532 907 3589 forum
939 3534 1113 3589 dabat
1142 3536 1303 3590 omni
1336 3553 1528 3593 merce
1557 3538 1854 3595 decorum.

341 3621 414 3675 At
442 3619 579 3675 fidei
608 3619 837 3693 pugiles
868 3639 1069 3694 pcenas
1092 3623 1308 3681 nimias
1340 3625 1462 3682 fore
1490 3624 1636 3683 viles

345 3708 663 3781 Corporeas
693 3713 923 3780 putant,
957 3727 1063 3767 nec
1092 3712 1281 3784 pcenis
1312 3713 1527 3786 gaudia
1559 3720 1812 3783 mutant,

343 3796 458 3853 Nec
487 3797 641 3853 bona
670 3798 996 3868 tormentis,
1029 3801 1245 3856 titubat
1273 3802 1603 3859 constantia
1630 3805 1869 3872 mentis,

343 3885 618 3952 Quamvis
646 3903 953 3959 pressurae
984 3889 1284 3961 patiantur
1310 3906 1551 3963 corpora
1579 3892 1779 3962 duras,

344 3974 456 4031 Sed
488 3974 822 4048 quicunque
852 3977 971 4049 pati
1005 3982 1322 4050 potuerunt
1351 3979 1465 4036 tcla
1494 3981 1702 4052 parati,

343 4067 587 4120 Parvam
619 4081 725 4120 nec
755 4065 963 4122 fortem
993 4067 1087 4123 vix
1115 4072 1448 4124 exstruxere
1476 4069 1796 4140 cohortem,

340 4155 532 4225 Atque
562 4170 742 4209 manu
767 4171 945 4227 parva
974 4157 1228 4227 praedam
1260 4174 1503 4230 rapuere
1531 4174 1636 4230 per
1662 4175 1818 4215 arva.

340 4260 515 4341 Multi
541 4260 758 4341 prmliis
787 4269 838 4341 e_t
852 4263 1088 4335 jejuniis
1136 4265 1477 4321 occumbunt.
1498 4266 1859 4341 _Boamundus
1886 4268 1990 4341 Sy-

411 4332 557 4387 riam
578 4331 955 4406 _depraedatur
1000 4342 1212 4406 tresque
1254 4351 1405 4404 reges
1449 4338 1636 4393 vincit.
1671 4337 1807 4395 Cum
1844 4331 1992 4400 victu

409 4419 528 4474 spes
560 4403 887 4463 Christianis
914 4405 1074 4462 redit.

412 4511 568 4575 Quos
596 4509 733 4566 tulit
760 4514 1001 4568 eventus
1032 4511 1332 4569 Gallorum
1364 4511 1520 4570 clara
1543 4514 1845 4585 juventus,

338 4598 696 4655 Enumerare
718 4599 892 4668 licet;
923 4601 1023 4657 sed
1058 4600 1193 4673 quis
1222 4606 1309 4657 tot
1340 4602 1628 4659 acerrima
1657 4602 1812 4660 dicet

341 4684 565 4755 Praelia,
598 4704 925 4759 pressurae,
952 4689 1200 4761 jejunia,
1236 4690 1471 4764 frigora,
1505 4707 1676 4748 curas
1698 4692 1726 4747 ‘I

342 4774 532 4831 Pauca
560 4776 799 4847 quidem
830 4777 960 4833 dico
994 4778 1203 4847 tristis,
1237 4796 1343 4835 nec
1370 4778 1593 4836 lumine
1623 4780 1796 4849 sicco,

340 4863 527 4919 Millia
555 4868 641 4920 ter
669 4870 903 4922 centum
937 4868 1183 4937 fuerant,
1216 4871 1358 4924 tunc
1389 4868 1612 4925 aestimo
1643 4873 1879 4927 centum

342 4951 407 5008 In
437 4950 588 5009 bello
615 4952 754 5008 clari
782 4954 875 5009 vix
905 4960 1145 5026 possent
1173 4955 1570 5013 adnumerari.

340 5040 499 5115 Saepe
529 5040 769 5113 quidem
799 5041 915 5097 laeti
945 5043 1225 5100 dederant
1253 5061 1362 5103 sua
1389 5046 1654 5103 membra
1683 5047 1884 5120 quieti,

411 5183 527 5251 (30)
558 5181 735 5249 Edit.,
767 5181 1004 5239 dicatur.

409 5254 518 5322 (31)
549 5252 725 5319 Edit.,
756 5253 997 5309 volvunt.

410 5324 521 5394 (32)
553 5323 728 5394 Edit.,
752 5324 989 5394 praedia.

408 5394 525 5466 (es)
553 5393 729 5466 Edit.,
753 5393 1131 5466 praecipitant.

405 5464 518 5532 (34)
550 5464 724 5533 Edit.,
755 5464 821 5522 ac
847 5464 996 5524 villis
1022 5468 1220 5528 minus
1252 5472 1417 5528 bene.

405 5533 518 5607 (35)
550 5535 726 5605 Edit.,
759 5540 1053 5597 tumebunt.

2106 1990 2178 2046 Et
2207 1987 2514 2046 bellatores
2535 1987 2707 2060 jubet
2737 1983 2953 2059 armari
2984 1981 3277 2051 meliores,

2107 2080 2219 2137 Ter
2248 2078 2439 2135 decies
2466 2075 2625 2133 mille
2657 2075 2883 2153 pedites
2910 2074 3029 2130 dux
3055 2070 3221 2146 eligit
3249 2070 3370 2154 ille,

2103 2168 2447 2240 Armatique
2479 2166 2599 2229 fere.
2621 2164 2834 2239 galeati
2866 2161 3027 2219 mille
3058 2161 3242 2237 fuere.

2107 2258 2290 2331 Hique
2322 2272 2461 2313 suos
2490 2270 2660 2321 enses
2686 2242 3031 2319 convertunt
3061 2250 3135 2307 ad
3165 2249 3489 2324 Syrienses,

2105 2347 2333 2420 Oppida
2362 2345 2697 2419 praedantur
2725 2341 2923 2425 Syriae,
2953 2339 3138 2417 nostri
3170 2341 3508 2411 recreantur
3534 2337 3673 2409 (38),

2105 2434 2359 2492 Telluris
2388 2438 2565 2508 grata;
2595 2432 2739 2488 dum
2769 2429 2989 2503 gaudet.
3013 2426 3328 2501 fertilitate,

2105 2523 2445 2597 Diripiendo
2476 2525 2606 2578 sata
2633 2519 2811 2592 Syria:
2840 2533 2984 2591 gens
3012 2514 3115 2595 illa
3143 2515 3315 2595 beata

2105 2615 2248 2671 Tres
2279 2609 2611 2681 admiraldi,
2644 2608 2730 2665 sic
2761 2623 2927 2689 reges
2957 2603 3173 2679 quippe
3200 2602 3411 2689 vocati,

2101 2700 2446 2768 Jerusalem,
2481 2697 2676 2771 Calepi
2708 2688 3002 2762 ductores,
3035 2688 3210 2765 atque
3233 2689 3525 2748 Damasci.

2104 2792 2268 2865 Ipsos
2299 2788 2605 2856 invadunt,
2639 2785 2741 2842 sed
2774 2788 2830 2840 et
2858 2782 2921 2839 hi
2953 2781 3173 2863 nostris
3202 2797 3314 2859 sua
3342 2779 3606 2836 tradunt.

2103 2879 2326 2954 Quippe
2356 2880 2724 2935 recesserunt
2750 2872 2910 2942 victi,
2942 2871 3149 2946 plures,
3168 2866 3485 2943 perierunt.

2104 2972 2220 3026 [lac
2252 2967 2449 3042 palma
2480 2965 2632 3033 freti,
2660 2965 2936 3037 repetunt
2963 2958 3217 3037 tentoria
3244 2956 3382 3013 laeti.

2103 3060 2330 3117 Dantur
2357 3072 2518 3129 opes,
2550 3052 2810 3127 gaudent
2841 3050 3066 3123 inopes,
3100 3046 3431 3120 meliusque
3460 3045 3758 3103 futurum.

2023 3130 2067 3198 (ἶ
2103 3149 2246 3206 Esse
2278 3148 2505 3220 putant,
2538 3142 2784 3199 credunt
2814 3156 2920 3197 nec
2951 3154 3124 3213 posse
3152 3136 3425 3193 resistere
3457 3150 3723 3204 murum,

2101 3236 2334 3310 Optima
2387 3224 2707 3291 credu'ntur
2771 3230 2944 3297 bona,
3004 3243 3132 3301 quas
3202 3223 3606 3387 mala[prim:
3662 3239 3761 3281 se-

3396 3329 3560 3386 quun
3590 3328 3684 3367 ur.

3396 3328 3684 3386 quuntur.

2104 3460 2429 3523 Christiani,
2459 3455 2865 3525 expugnatimte
2908 3450 3064 3525 urbis
3111 3447 3478 3525 desperantes,
3508 3446 3578 3502 ab
3607 3444 3761 3502 obsi-

2548 3520 2670 3584 iohe
2697 3521 3056 3582 recedendum
3078 3520 3342 3577 clamant.

2174 3628 2272 3685 His
2305 3627 2390 3683 ita
2416 3623 2756 3691 transactis,
2787 3636 2960 3679 mons
3006 3621 3246 3679 exstans
3283 3614 3575 3677 manibus
3606 3612 3753 3673 altis

2100 3720 2362 3791 Desuper
2391 3718 2675 3787 aequatur,
2705 3715 2766 3768 et
2793 3707 3034 3769 castello
3064 3707 3393 3767 decorauit.

2102 3810 2179 3865 De
2201 3822 2316 3880 quo
2346 3806 2633 3877 spectaret
2665 3797 3015 3874 speculator,
3049 3796 3099 3853 si
3128 3811 3250 3868 qua
3275 3796 3508 3868 pararet

2099 3897 2249 3953 Urbs
2279 3896 2504 3951 armata
2532 3890 2702 3957 dolis,
2736 3889 2808 3945 de
2838 3886 3094 3945 culmine
3122 3882 3325 3957 pervia.
3349 3880 3545 3948 molis.

2103 3985 2203 4041 Hic
2233 3983 2730 4054 consumpserunt
2758 3978 2876 4033 vim
2908 3974 3179 4042 multam,
3212 3988 3321 4031 nec
3350 3972 3673 4046 pot-uerunt.

2098 4075 2366 4130 Castrum
2399 4074 2612 4126 natura
2640 4067 2943 4124 munitum
2972 4061 3183 4123 vellere
3212 4059 3387 4134 plura

2096 4161 2367 4236 Agmina,
2396 4174 2534 4214 nam
2565 4156 2688 4213 nati
2718 4154 2828 4227 (39)
2859 4151 3076 4211 Christi
3105 4149 3250 4210 satis
3276 4145 3553 4222 exagitati

2098 4250 2393 4308 Pallebant
2422 4245 2618 4334 contis
2638 4245 2792 4302 cives
2821 4244 2894 4303 de
2924 4240 3181 4334 culmine
3205 4237 3443 4297 mentis.

2098 4340 2332 4398 Viribus
2362 4338 2583 4393 interea
2598 4330 2831 4400 fractis,
2865 4349 2935 4389 sx
2964 4331 3110 4388 urbe
3140 4330 3327 4403 Lycen

2094 4425 2393 4485 Auxilium
2423 4427 2714 4498 quaerunt.
2745 4421 2903 4494 quod
2933 4435 3050 4476 non
3094 4422 3297 4475 tamen
3341 4413 3757 4495 obtinuerimu-

2018 4501 2066 4564 Ι)
2530 4480 2731 4568 comiti
2760 4480 3045 4566 dederant
3074 4507 3227 4565 hanc
3255 4504 3402 4565 urbe
3428 4482 3599 4576 potiti
3652 4480 3668 4495 J

2097 4604 2262 4679 Angli
2290 4604 2558 4670 victores,
2589 4599 2973 4674 patribusque
2997 4596 3124 4655 suis
3153 4593 3449 4661 meliores,

2095 4696 2215 4752 Nec
2239 4709 2384 4767 gens
2412 4688 2739 4763 Anglorum
2765 4687 2953 4761 gessit
2975 4700 3206 4759 pugnas
3235 4680 3514 4749 aliorum.

2096 4785 2281 4841 Marte
2311 4781 2412 4838 sed
2442 4794 2708 4852 aequoreo
2737 4778 2851 4846 (40)
2883 4774 2994 4832 fuit
3022 4772 3131 4830 illa
3152 4771 3338 4846 potita
3366 4768 3647 4842 trophao.

2098 4874 2213 4929 lloc
2242 4887 2428 4945 genus
2456 4872 2687 4925 oratum
2718 4882 2835 4922 non
2865 4868 2956 4921 est
2978 4862 3075 4921 his
3100 4862 3216 4930 (41)
3238 4858 3664 4935 ῃιιτιίοίρειιιιω

2094 4960 2307 5019 Mentis
2333 4964 2533 5015 turma
2558 4957 2722 5012 bonae
2752 4951 3089 5027 quaegessit
3118 4950 3183 5009 in
3209 4947 3534 5009 obsidione.

2093 5051 2241 5108 Nam
2272 5064 2411 5123 grex
2440 5047 2765 5103 Turcorum
2787 5041 3035 5117 divortia
3062 5042 3204 5098 nota
3230 5037 3493 5096 locorum

2512 5259 2774 5316 attonitis.

2164 5191 2274 5263 <36)
2304 5190 2481 5263 Edit.,

2162 5261 2275 5333 (‘37)
2304 5261 2481 5333 Edit.,

2163 5331 2274 5407 (δε)
2307 5331 2481 5407 [δίψη
2510 5332 2828 5407 terremur-

2162 5401 2264 5476 (39'
2306 5402 2481 5472 Edit.,
2512 5401 2631 5473 ﬁdi.
2810 5412 2823 5431 κ

2162 5478 2255 5546 (40
2307 5473 2483 5544 Edit.,
2513 5479 2748 5545 aequato.

2162 5407 2275 5621 (4ίέ
2305 5544 2480 5615 Edit.,
2515 5544 2617 5601 bis.

2510 5188 2796 5259 gravabat.

2161 5473 2274 5546 (40)
2307 5473 2483 5546 Edita
2513 5479 2748 5546 «334mm-

2162 5544 2480 5619 (1:1)Edit.,
2515 5544 2617 5601 bis.
