3994 6066
222 235 344 319 9.53.

1067 241 1373 304 GILONIS
1415 241 1672 306 PARIS.
1721 243 1926 305 HlST.
1973 243 2385 309 HIEROSOL.
2417 244 2672 306 —LlB.
2718 244 2796 307 II.

3517 243 3638 313 954

219 367 570 438 Observans,
604 369 823 428 nostris
851 371 968 445 (42)
994 372 1232 430 castella
1261 373 1590 454 propinqua
1612 375 1869 445 tenebat,
1899 376 1956 443 Α
1985 377 2211 434 Tureus
2240 393 2457 450 equum
2489 377 2667 434 frenis
2696 374 3029 450 indulgens,
3059 379 3229 450 urget
3256 375 3523 438 habenis.

216 459 258 514 E
291 457 508 530 quibus
538 459 822 517 auxilium
852 461 989 518 dare
1019 461 1381 520 Christicolis
1413 465 1778 537 prohibebat.

212 547 424 603 Auxilii
456 552 770 622 postquam
798 550 1014 626 ﬁducia
1039 569 1154 608 non
1186 553 1296 609 fuit
1326 571 1609 627 unquam,

215 636 332 692 Hos
359 637 705 694 invaserunt
732 645 926 697 metus
955 646 1011 696 et
1035 643 1243 714 pudor,
1275 643 1658 716 obriguerunt

211 726 484 783 Audaces
513 727 715 795 animi,
749 728 1044 802 trepidant
1072 735 1131 786 et
1159 730 1219 787 in
1251 733 1486 806 agmine
1516 732 1712 806 primi.

214 814 468 871 Paenitet
494 820 761 872 auctores
789 835 983 874 rerum
1015 824 1100 876 tot
1129 820 1310 878 inisse
1341 822 1592 890 labores,

213 903 464 960 Pcenitet
493 904 733 978 incepti,
770 923 902 963 mox
932 908 991 964 in
1023 926 1132 965 sua
1160 915 1352 967 castra
1383 911 1618 985 recepti,

211 993 364 1049 Dum
397 999 843 1066 perscrutantur
873 998 1009 1070 quid
1045 1003 1239 1071 agant,
1271 1000 1459 1074 magis
1490 1006 1870 1059 attenuantur

210 1081 450 1138 lllorum
499 1089 746 1154 mentes,
794 1086 949 1143 mala
994 1105 1358 1161 quiscunque
1407 1090 1605 1146 futura
1649 1097 1861 1164 putan-

1537 1227 1542 1232 .
1582 1183 1690 1252 [tes
1723 1183 1857 1252 (43),

209 1262 350 1330 Quis
373 1265 644 1334 poterant
675 1264 927 1330 ﬁeri,sed
963 1283 1130 1323 mens
1162 1273 1252 1324 est
1282 1268 1469 1326 inscia
1498 1271 1640 1338 veri,

207 1349 376 1406 Mens
398 1350 552 1424 sapit
573 1352 924 1422 humanum,
934 1373 1203 1428 proceros
1225 1358 1367 1414 dant
1384 1359 1634 1432 denique
1648 1377 1866 1417 vanum

207 1439 534 1496 Consilium
567 1442 770 1511 turbae,
806 1445 962 1515 quod
993 1446 1243 1518 quisque
1275 1449 1507 1506 recedat
1537 1451 1610 1504 ab
1639 1451 1802 1519 urbe,

207 1529 277 1584 Et
307 1546 370 1586 se
400 1533 723 1599 tutetur,ne
753 1533 912 1606 turpi
945 1539 1130 1592 morte
1162 1542 1418 1593 necetur.

463 1622 622 1677 Turci
652 1624 784 1677 victi
810 1639 1074 1680 renovare
1104 1643 1352 1697 pugnam
1383 1635 1612 1684 tentant.

278 1708 434 1764 Dum
465 1713 606 1770 sunt
635 1711 892 1767 attonita:
924 1716 1010 1768 tot
1042 1719 1265 1786 gentes,
1301 1717 1456 1772 fama
1489 1721 1721 1790 repente

207 1797 354 1854 Rem
373 1798 541 1854 docet
557 1799 868 1872 ingratam,
890 1818 1147 1873 pugnam
1167 1821 1345 1876 prope
1361 1809 1552 1861 castra
1573 1811 1857 1878 paratam.

204 1887 356 1947 Nam
386 1891 506 1946 tres
534 1889 795 1960 pradicti
824 1890 1016 1962 primo
1046 1894 1365 1949 certamine
1394 1894 1554 1965 victi,

202 1977 435 2034 Turbae
469 1975 738 2042 collectas
767 1984 1096 2038 castrorum
1129 1981 1352 2038 solvere
1382 1988 1535 2040 tecta

202 2064 375 2121 Haud
406 2066 770 2135 diffidebant,
797 2072 854 2125 et
883 2069 1076 2126 adhuc
1109 2071 1271 2126 taciti
1301 2072 1628 2130 veniebant.

200 2158 326 2210 Hoc
358 2155 456 2210 ubi
487 2160 806 2229 torpentes,
838 2159 1006 2231 quasi
1042 2160 1112 2214 de
1143 2176 1352 2216 somno
1385 2162 1719 2228 redeuntes,

199 2243 459 2303 Auribus
488 2244 832 2315 hauserunt,
867 2246 980 2304 alio
1008 2247 1108 2304 alii
1138 2255 1514 2306 monuerunt.

203 2331 528 2391 Albescunt
556 2333 770 2405 vultus,
805 2337 1044 2393 auditur
1072 2338 1292 2412 ubique
1323 2339 1614 2396 tumultus

207 2423 277 2482 Et
305 2421 480 2480 veluti
513 2428 721 2480 ventus
751 2441 886 2480 cum
919 2421 995 2481 sit
1025 2427 1220 2482 subito
1246 2427 1556 2497 violentus,

209 2510 520 2578 Murmura
547 2530 724 2584 parva
753 2514 904 2583 freti,
941 2515 1041 2572 sed
1076 2533 1190 2572 non
1223 2516 1460 2572 omnino
1494 2518 1696 2590 quieti,

211 2601 456 2668 Turbat,
492 2605 550 2656 at
579 2601 846 2658 inﬂatum
879 2608 1113 2660 resonat
1143 2621 1321 2674 mare,
1357 2606 1547 2663 reddit
1575 2607 1824 2678 hiatum,

210 2689 329 2746 Res
358 2690 614 2752 referens
645 2690 891 2759 subitas,
926 2692 1010 2748 sic
1041 2710 1249 2766 aspera
1276 2694 1436 2752 fama
1457 2697 1721 2768 jacentes

205 2777 434 2834 Attollit
463 2782 710 2846 mentes,
741 2781 974 2841 animos
1004 2781 1125 2854 agit
1152 2782 1238 2838 ira
1269 2783 1528 2858 furentes
1559 2785 1692 2859 (44),

209 2867 480 2923 Protinus
510 2885 540 2924 e
569 2869 779 2926 castris
809 2869 963 2926 acies
994 2872 1258 2942 procedit
1285 2874 1593 2946 equestris,

205 2959 344 3024 Qua
374 2959 820 3032 quadringentis
852 2965 1078 3026 armata
1107 2962 1402 3035 simulque
1433 2965 1705 3022 trecentis
1727 2967 1858 3040 (45),

201 3047 460 3103 Examen
492 3048 601 3120 (46)
623 3049 761 3114 dira
792 3049 981 3122 gentis
1014 3068 1130 3107 non
1162 3051 1361 3108 horret
1391 3053 1570 3110 adire.

1983 465 2240 539 Praeceps
2271 466 2369 523 ille
2398 467 2566 539 fugit,
2599 466 2776 522 tellus
2804 467 2947 539 pede
2976 465 3205 522 concita
3235 466 3443 540 mugit.

1982 555 2046 610 In
2079 573 2284 628 campo
2306 556 2499 612 lentns
2521 558 2680 628 jacet
2709 572 2879 612 arcus
2911 554 3369 628 pulverulentus.

1982 644 2093 700 Iste
2114 644 2261 716 jacit
2291 645 2477 716 pictas
2510 645 2832 718 pharetras,
2864 643 3020 716 capit
3049 643 3145 700 ille
3175 643 3430 711 relictas,

1977 731 2138 788 Alter
2165 735 2452 791 currendo
2476 751 2537 791 se
2569 733 2776 790 liberat
2806 734 2944 790 orbe
2975 734 3248 789 rotundo.

1980 822 2222 894 Singula
2252 823 2391 895 quid
2435 823 2667 879 dicam?
2696 827 2929 895 gentem
2961 827 3240 894 superant
3271 821 3594 880 inimicam.

1977 910 2084 966 Vix
2114 916 2421 967 evaserunt
2451 912 2652 983 aliqui,
2686 912 2884 984 plures
2910 911 3230 983 perierunt,

1979 1001 2086 1069 Qui
2118 1002 2259 1057 dum
2291 1001 2589 1058 luctantur
2621 1017 2896 1072 superare
2927 1001 3161 1068 vadum,
3198 1005 3572 1072 superantur.

1979 1093 2043 1147 In
2078 1089 2231 1148 bello
2259 1091 2424 1147 strati
2454 1090 2624 1162 pauci
2649 1095 2785 1146 sunt
2819 1107 2956 1146 ense
2988 1090 3175 1145 necati

2208 1181 2516 1238 Christiani
2543 1186 2784 1236 castrum
2817 1179 3126 1250 inﬁdelium
3153 1179 3398 1250 capiunt.

2049 1269 2206 1324 Hanc
2240 1275 2495 1342 stragem
2527 1269 2768 1342 quidam
2800 1267 3047 1341 gentiles
3079 1266 3531 1340 prospiciebant,

1976 1357 2289 1415 Castellum
2323 1359 2616 1432 quoddam
2648 1358 2749 1430 qui
2776 1375 2893 1413 non
2922 1355 3124 1430 procul
3158 1357 3291 1412 inde
3321 1357 3598 1413 tenebant

1977 1445 2133 1503 Illico
2166 1447 2442 1521 fugerunt
2473 1451 2529 1504 et
2559 1452 2817 1503 castrum
2845 1447 3250 1503 deseruerunt.

1977 1536 2121 1592 Huic
2150 1553 2420 1608 proceres
2453 1537 2636 1593 nostri
2669 1537 2943 1594 custodes
2977 1535 3406 1607 imposuerunt;

1977 1626 2082 1691 Qui
2117 1626 2480 1682 custodirent
2509 1630 2781 1698 pontem;
2818 1630 2950 1698 post
2979 1625 3101 1681 haec
3132 1624 3429 1682 redierunt

1895 1738 1942 1803 Β
1977 1713 2204 1770 Auxilio
2235 1715 2364 1770 fulti
2396 1714 2610 1782 divino,
2647 1715 2874 1770 fortiter
2905 1713 3030 1769 ulti.

1971 1807 2090 1859 Hos
2122 1807 2471 1875 exceperunt
2502 1803 2666 1870 socii,
2700 1803 2923 1874 lastiqee
2955 1803 3210 1859 fuerunt.

1971 1891 2254 1946 Conﬂiotu
2286 1891 2504 1964 duplici
2536 1892 2689 1963 quod
2725 1892 3098 1948 conciderant
3130 1889 3374 1946 inimici.

1970 1980 2116 2036 Nam
2149 1981 2290 2036 dum
2319 1980 2578 2052 pradicti
2610 1984 2895 2053 pugnant,
2930 1981 3004 2036 ad
3036 1983 3229 2036 castra
3263 1977 3446 2038 relicti

1973 2069 2267 2143 Insignem
2298 2068 2555 2142 palmam
2587 2070 2657 2125 de
2687 2068 2908 2125 civibus
2939 2069 3340 2136 obtinuerunt,

1975 2159 2040 2214 Et
2071 2158 2242 2213 multi
2272 2159 2486 2215 virtute
2510 2158 2606 2216 Dei
2631 2175 2848 2230 paucos
2880 2156 3222 2213 timuerunt.

2067 2267 2226 2322 Τανοὶ
2253 2283 2281 2321 e
2310 2268 2530 2322 civitate
2561 2273 2923 2394 irrumpientes
2952 2265 3150 2320 multos
3185 2263 3526 2326 Christianos

2681 2354 2756 2392 cae
2796 2345 2910 2392 unt.

2681 2345 2910 2392 cwdunt.

2043 2426 2168 2484 Non
2200 2430 2396 2481 tamen
2431 2426 2637 2485 audaci
2670 2424 2884 2497 populo
2919 2423 3136 2481 ﬁducia
3163 2423 3362 2489 cessit,

1971 2514 2084 2570 Nec
2116 2515 2292 2571 sociis
2316 2515 2560 2572 adversa
2589 2514 2713 2570 suis
2746 2515 2979 2570 fortuna
3012 2513 3289 2586 repressit

1972 2605 2120 2678 Ergo
2152 2609 2388 2676 repente
2421 2603 2578 2660 cavis
2611 2604 2680 2658 de
2712 2603 2975 2659 turribus
3000 2602 3362 2676 egredientes

1971 2692 2166 2760 Turci,
2199 2693 2519 2750 turbabant
2548 2693 2736 2747 victus
2767 2692 2838 2748 ad
2870 2695 3066 2747 castra
3088 2691 3360 2756 ferentes,

1969 2781 2118 2837 Neve
2148 2781 2279 2838 dolo
2311 2781 2411 2836 tali
2443 2784 2780 2854 paterentur
2806 2797 2956 2852 saepe
2986 2778 3240 2846 ruinam,

1971 2871 2244 2928 Invenere
2274 2871 2453 2927 duces
2486 2869 2669 2926 nostri
2700 2886 2878 2942 super
2908 2869 3016 2925 hoc
3047 2867 3420 2927 medicinam.

1969 2962 2156 3031 Atque
2190 2977 2364 3031 super
2393 2963 2672 3026 montem,
2699 2959 2871 3029 juxta
2892 2956 3154 3023 ﬂuvium,
3180 2971 3359 3030 prope
3382 2957 3621 3027 pontem

1971 3047 2285 3107 Castellum
2319 3047 2442 3102 ﬁeri
2474 3051 2761 3113 statuunt,
2797 3050 3150 3118 pontemque
3179 3043 3350 3102 tueri.
3434 3095 3450 3104 ,

199 3135 343 3192 Inde
373 3107 712 3222 rigensl(47)
738 3107 960 3196 dextris
993 3141 1138 3212 pede
1184 3146 1459 3215 prompta
1477 3107 1718 3200 caterva
1766 3162 1861 3218 pe-
1889 3107 1931 3174 Ο
1971 3137 2081 3194 Sed
2114 3154 2206 3192 res
2237 3135 2495 3192 difﬁcilis
2527 3153 2598 3190 ne
2630 3107 3014 3191 contineretur-
3045 3107 3117 3190 ab
3148 3132 3265 3188 illis

1598 3233 1855 3304 [desztris,

199 3313 263 3380 In
297 3330 541 3386 numero
572 3332 747 3387 parvo
779 3317 1038 3373 renitens
1068 3318 1376 3390 exponitur
1406 3337 1562 3386 arvo,

199 3404 265 3458 In
298 3420 416 3480 qua
445 3404 748 3480 qningenti
779 3406 1004 3478 pedites
1034 3406 1199 3462 ibant
1227 3408 1542 3464 numerati.

199 3487 542 3560 Nec'simul
590 3493 888 3561 incedunt,
925 3495 1024 3552 sed
1075 3495 1134 3552 in
1181 3497 1417 3570 agmina
1457 3498 1566 3571 (48)
1600 3498 1858 3572 quinque

1534 3588 1853 3659 (recedunt,

197 3669 585 3743 Emensisque
619 3670 819 3736 tribus,
839 3669 1042 3742 leucis,
1076 3673 1324 3748 aliisque
1353 3675 1604 3744 duabus,

197 3758 451 3830 Eminus,
474 3763 702 3831 optatos
731 3760 931 3821 hostes
961 3762 1154 3819 videre
1186 3768 1418 3836 paratos

191 3848 278 3903 Ad
311 3852 550 3920 pontem
581 3848 739 3916 ferri,
766 3856 1064 3923 nequeunt
1094 3853 1460 3910 numerando
1493 3854 1693 3912 referri

191 3936 453 4010 Agmina
481 3937 827 4007 Turcorum,
860 3956 968 3996 nec
998 3940 1086 3997 vis
1116 3941 1272 4015 eapit
1301 3941 1424 3999 haec
1451 3943 1778 4002 oculorum.

337 4024 678 4084 Christianos
702 4028 1102 4097 aggrediuntur
1133 4046 1166 4084 α
1197 4030 1393 4101 quibus
1422 4034 1713 4103 fugantur.

262 4115 728 4187 Hostesabsque
760 4133 943 4185 mora,
979 4117 1090 4178 sub
1124 4119 1328 4188 eadem
1361 4119 1584 4176 scilicet
1615 4120 1776 4190 hora,

189 4202 759 4274 Nostrosviderunt,
789 4208 846 4260 et
876 4204 940 4260 in
965 4205 1125 4278 ipsos
1158 4223 1218 4262 se
1248 4213 1588 4279 rapuerunt,

191 4290 438 4363 Spicula
465 4291 799 4364 mittuntur,
835 4292 1121 4352 clamores
1151 4294 1268 4352 tela
1299 4300 1646 4367 sequuntur.

189 4379 430 4449 Instant
453 4381 689 4454 pagani,
712 4383 877 4454 jactu
913 4383 1274 4440 frustrantur
1303 4383 1488 4440 inani.

1968 3225 2123 3281 Bello
2154 3224 2472 3297 quassatis,
2504 3229 2560 3280 et
2589 3221 2812 3279 viribus
2844 3221 3183 3282 attenuatis.

1968 3315 2100 3370 Mox
2130 3313 2496 3378 Boimundus
2523 3330 2671 3386 equo
2703 3311 2854 3369 celer
2882 3311 3088 3378 insilit,
3123 3314 3179 3367 et
3208 3307 3376 3384 quasi
3408 3325 3596 3381 preci)I

1967 3404 2252 3459 Convocat
2282 3420 2311 3458 e
2341 3402 2549 3463 castris
2581 3400 2825 3473 aliquos,
2859 3399 3235 3473 vergentibus
3262 3397 3463 3464 astris,

1965 3492 2178 3563 ngidii
2210 3491 2405 3556 Sancti
2433 3507 2628 3548 comes
2659 3490 2985 3546 associatur
3015 3488 3197 3545 eunti.

1968 3581 2218 3637 Ensibus
2248 3598 2383 3654 ergo
2415 3580 2584 3641 bonis
2613 3580 2705 3636 fisi
2737 3581 2871 3650 (50),
2907 3578 3104 3638 Sancti
3139 3576 3435 3634 Simeonis

1963 3670 2047 3726 Ad
2082 3675 2311 3743 portam
2338 3673 2672 3742 properant,
2700 3673 2763 3723 ut
2793 3669 2863 3724 ab
2892 3667 2986 3724 his
3019 3665 3300 3738 suffragia
3329 3668 3612 3738 quaerant,

1964 3760 2070 3825 Qui
2103 3776 2211 3815 sua
2239 3759 2565 3815 vendebant
2595 3757 2733 3825 illic,
2767 3757 3103 3829 nostrisque
3135 3756 3424 3814 favebant.

1964 3849 2032 3905 Hi
2065 3854 2205 3906 sunt
2234 3850 2590 3914 Genuenses,
2623 3847 2816 3920 Angli,
2849 3847 3255 3920 Venetu-mque
3288 3844 3544 3904 colentes

1963 3937 2380 4007 Pisani,cuncti
2415 3935 2601 3991 navali
2635 3939 2820 3991 marte
2853 3936 3044 4008 periti.

1963 4032 2225 4100 Dumque
2255 4027 2433 4082 duces
2463 4026 2724 4094 aberant,
2759 4024 2968 4097 reliqui
2994 4029 3321 4098 torpescere
3353 4027 3610 4098 sperant,

1960 4117 2020 4175 Si
2051 4133 2166 4172 non
2197 4116 2544 4188 impeterent
2574 4113 2749 4178 cives,
2781 4113 3028 4184 urbique
3057 4116 3349 4170 nocerent.

1959 4203 2231 4261 Protinus
2258 4202 2472 4258 afﬂatis
2504 4201 2719 4257 animis
2748 4205 2920 4256 vento
2952 4200 3228 4266 levitatis,

1960 4294 2258 4354 Urbanum
2291 4296 2506 4348 temere
2533 4295 2768 4362 pontem
2799 4289 2981 4345 nostri
3016 4290 3249 4362 petiere.

1957 4383 2050 4439 Sic
2082 4379 2422 4438 inconsulta:
2454 4378 2644 4451 gentis
2675 4378 2825 4434 facto
2856 4393 3048 4450 grege,
3079 4377 3258 4435 stulte

190 4469 422 4532 Tumu;
453 4463 602 4542 equo
633 4471 918 4542 gaudens,
950 4488 1055 4528 nec
1088 4471 1291 4544 praelia
1329 4472 1597 4542 cominus
1629 4475 1853 4536 audens
1881 4474 1929 4540 D
1957 4473 2235 4528 Provocat
2263 4468 2506 4525 hostiles
2539 4469 2759 4524 Turcos
2791 4483 2970 4539 prope
3001 4466 3217 4523 moenia
3249 4464 3439 4522 miles.

192 4556 560 4636 Esspectare,
589 4563 754 4614 tonat
782 4559 995 4624 verbis,
1028 4564 1378 4632 nostrosque
1408 4567 1668 4618 coronat.

188 4644 384 4700 Nostri
413 4645 610 4702 vallati
644 4651 803 4716 stant
833 4647 893 4710 in
919 4648 1110 4710 medio
1141 4647 1471 4720 glomerati,

187 4733 256 4788 Et
281 4734 496 4809 Turcis
515 4736 774 4808 obstant,
807 4735 992 4810 clypei
1019 4736 1314 4812 galeisque
1343 4739 1640 4802 resultant

185 4821 406 4879 Ictibus
438 4822 778 4902 immensis,
796 4842 1124 4898 ensemque,
1143 4827 1483 4894 reverberat,
1502 4829 1684 4886 ensis.

182 4910 438 4982 Jamque
467 4912 690 4985 fatigati
721 4913 917 4980 Turci,
952 4914 1183 4986 lateque
1215 4916 1426 4984 necati,

182 4999 308 5054 Non
343 5016 446 5071 spe
473 4999 741 5056 vincendi
775 5003 1154 5070 contendunt,
1183 5003 1298 5070 sed.
1317 5002 1602 5076 fugiendi.

181 5087 316 5143 Mox
337 5088 521 5144 versis
551 5089 736 5146 scutis
766 5089 982 5162 petitur
1012 5092 1134 5162 (49),
1160 5092 1318 5165 fuga,
1351 5109 1529 5152 causa
1568 5092 1797 5154 salutis.

250 5248 364 5320 (42)
397 5248 572 5320 Edit.,
604 5259 808 5307 nostro.

251 5319 367 5392 (43)
397 5319 573 5392 Edita
606 5323 877 5392 timentes-

251 5391 364 5465 (44)
395 5391 576 5465 Edit.,
611 5395 730 5465 ipsa
751 5395 1013 5465 furentes.

276 5463 368 5537 45)
395 5462 572 5537 Edit.,
605 5462 1030 5537 quadringintos
1059 5474 1109 5523 et
1141 5474 1421 5537 trecentos.

276 5529 366 5606 46)
397 5533 531 5604 Ms.,
558 5529 1041 5612 perﬁciamlforte
1066 5529 1374 5611 perﬁdiam.

1959 4561 2311 4622 Funduntur
2338 4557 2519 4630 portis
2550 4555 2743 4612 subito
2775 4554 3130 4618 clamoribus
3163 4553 3305 4612 ortis

1957 4649 2169 4706 Nudati
2203 4648 2446 4721 pedites,
2481 4663 2731 4718 quorum
2760 4644 2852 4701 vix
2883 4643 3111 4716 spicula
3137 4643 3305 4714 vites,

1956 4737 2389 4807 Prosiliuntque
2421 4733 2516 4790 citi
2541 4736 2788 4806 juvenes
2817 4733 2979 4788 vittis
3006 4732 3282 4790 redimiti.

1954 4827 2020 4881 Et
2049 4823 2251 4898 procul
2280 4823 2491 4878 exertis
2515 4821 2860 4894 jaculantur
2889 4821 3162 4893 utrinque
3193 4819 3444 4876 lacertis.

1950 4914 2051 4970 Ille
2083 4914 2261 4969 sudes
2284 4911 2448 4983 jacit,
2480 4910 2574 4967 hic
2607 4911 2852 4983 lapides,
2884 4910 2979 4965 hic
3001 4909 3134 4979 tela,
3168 4910 3269 4966 sed
3301 4908 3398 4965 ille

1948 5004 2096 5059 Dum
2132 5001 2384 5058 trahitur
2411 5000 2630 5074 gemit;
2663 4999 2755 5055 hic
2788 5000 3006 5073 petitur
3030 5016 3134 5072 per
3163 4998 3388 5073 spicula
3417 4997 3599 5067 mille,

1947 5092 2199 5148 Lumina
2229 5077 2566 5147 nostrorum
2598 5089 2873 5146 hebetant
2903 5089 3090 5146 nubes
3114 5088 3472 5161 jaculorum,

2015 5254 2128 5322 (47)
2159 5251 2332 5318 Edit.,
2365 5250 2560 5306 deinde
2590 5252 2798 5320 vigens.

2017 5323 2126 5397 (48)
2159 5323 2312 5397 Edit.
2327 5367 2340 5391 ,
2370 5324 2608 5397 agmine.

1998 5393 2127 5463 ’(49)
2159 5393 2335 5458 Edit.,
2362 5395 2594 5464 patitur.

2013 5467 2126 5536 (50)
2159 5465 2334 5521 Edit..
2361 5465 2463 5534 ﬁli.
