3998 6088
373 276 498 342 ’955

378 412 567 483 Atque
597 409 878 466 coarctati
907 410 1126 467 crudeli
1159 413 1360 468 cedere
1392 411 1584 479 marti,

381 500 490 568 Qui
522 504 605 556 tot
632 501 896 556 vicerunt
925 502 1118 566 toties,
1153 501 1316 574 prius
1345 501 1438 556 hic
1471 501 1577 573 (51)
1613 500 1960 556 didicerunt.

383 590 614 646 Laxatis
645 589 786 645 loris
817 589 1067 662 fugiunt,
1102 591 1471 662 multumque
1503 589 1727 646 cruoris

381 681 491 751 (52)
524 678 815 734 Amittunt
845 679 1092 734 Parthus
1123 680 1446 734 confractos
1479 679 1721 751 proterit
1753 695 1922 733 arcus

383 768 487 824 Hic
521 768 708 840 pedis,
746 767 838 822 hic
871 764 987 823 oris
1019 768 1231 823 vulnus
1261 768 1464 841 gemit,
1499 768 1592 823 ille
1623 767 1862 823 cruoris"

382 857 711 912 Exhaustas
738 874 915 912 venas
947 857 1084 910 dum
1119 857 1374 928 respicit,
1407 856 1557 912 inter
1587 857 1844 912 habenas

385 945 644 1012 Labitur,
678 950 733 1000 et
765 944 994 1016 plenam
1029 946 1317 1000 defunctis
1351 947 1575 1002 mordet
1601 963 1858 1000 arenam.

383 1033 591 1088 Nullus
617 1033 751 1105 equi
785 1034 1032 1089 frontem
1065 1035 1252 1102 vertit,
1287 1036 1469 1092 donec
1505 1037 1640 1107 fuga
1666 1040 1901 1107 pontem

386 1123 638 1194 Reperit,
665 1128 728 1177 ut
758 1122 894 1189 dixi,
932 1141 1104 1195 quem
1139 1125 1362 1179 dudum
1397 1123 1643 1179 navibus
1673 1123 1782 1194 ipsi

386 1212 752 1279 Struxerunt,
788 1213 888 1267 sed
915 1212 991 1267 ibi
1027 1217 1248 1268 restant
1277 1213 1459 1268 animi
1492 1213 1750 1269 melioris

384 1300 652 1373 Agmina.
687 1318 812 1371 quae
846 1303 1093 1356 necdum
1129 1303 1357 1358 fuerant
1377 1302 1560 1358 oblita
1589 1303 1832 1358 decoris.

390 1390 455 1444 Et
487 1407 548 1445 se
582 1391 905 1445 defendunt
935 1391 1170 1462 clypeis,
1194 1391 1509 1464 hostesque
1542 1393 1652 1464 (53)
1684 1392 1998 1447 retardant.

389 1477 590 1534 Plures
618 1479 757 1534 dum
787 1479 996 1551 trepidi
1030 1485 1266 1552 pontem
1299 1481 1687 1536 conscendere
1719 1481 1971 1549 tardant,

389 1567 664 1640 Turpiter
693 1569 957 1641 oppressi
989 1569 1322 1626 moriuntur
1352 1571 1591 1625 flumine
1625 1569 1820 1624 mersi.

390 1657 562 1711 Turci
594 1656 882 1724 laetantur,
918 1658 1056 1712 ﬂent
1089 1658 1292 1727 nostri,
1327 1663 1517 1714 castra
1550 1663 1847 1730 petuntur.

389 1745 504 1800 Nec
535 1745 619 1800 sic
649 1745 906 1802 lassatus
940 1747 1096 1804 ferus
1125 1747 1333 1813 hostis,
1366 1753 1424 1803 at
1455 1747 1787 1814 insidiatur,

391 1833 542 1889 Dum
574 1835 833 1890 succedit
863 1835 910 1890 ei
941 1835 1092 1891 male
1125 1836 1372 1892 callidus
1403 1837 1540 1892 hinc
1563 1837 1728 1904 aciei,

392 1924 525 1988 Quae
557 1923 723 1978 ducis
745 1923 976 1979 hortatu
1010 1925 1276 1981 veniebat
1300 1942 1433 1982 cum
1467 1925 1746 1982 comitatu

393 2010 570 2078 Forti,
603 2011 938 2084 multiplici,
972 2015 1072 2070 sed
1107 2019 1164 2070 et
1194 2014 1351 2070 hunc
1382 2020 1660 2087 superant
1689 2015 1932 2082 inimici,

389 2102 579 2172 Atque
611 2106 820 2156 necant
843 2101 1066 2173 pedites
1097 2104 1210 2158 tria
1241 2103 1425 2159 millia
1455 2109 1650 2159 turma
1681 2105 1985 2176 quiritum,

395 2188 587 2244 Evasit
617 2188 856 2245 latitans
887 2208 990 2264 per
1016 2191 1211 2260 colles,
1246 2192 1446 2265 praelia
1479 2193 1684 2248 vitans.

393 2277 508 2333 Nec
541 2293 705 2332 mora
733 2279 1054 2350 gaudentes
1083 2281 1154 2336 de
1185 2281 1447 2337 turribus
1475 2280 1578 2336 illa
1605 2282 1866 2337 videntes

394 2366 600 2434 Persea,
635 2366 908 2423 ridebant
938 2373 1170 2426 nostros
1202 2371 1300 2442 qui
1329 2375 1522 2426 castra
1551 2371 1846 2437 tenebant,

396 2449 654 2527 Itemque
677 2455 884 2512 docent
906 2456 1771 2532 signis,strepitu,clamoribus,
1787 2459 2042 2532 hymnis.

593 2544 1008 2617 Redintegratur
1030 2549 1312 2619 prazlz'um.
1361 2551 1519 2605 Turci
1547 2549 1851 2607 caeduntur.

468 2633 615 2706 Ergo
646 2634 734 2688 vir
764 2634 1090 2708 intrepidus
1123 2637 1514 2706 Flandrensis,
1541 2639 1657 2693 dux
1679 2638 2042 2706 Codefridus,

398 2722 704 2789 Robertus,
737 2724 1087 2795 Stephanus,
1122 2727 1695 2801 Tancretius,'IIugo,
1721 2727 2008 2794 Statinus,

399 2809 529 2878 Qui,
563 2811 702 2866 dum
734 2813 978 2882 vivebat,
1013 2832 1175 2884 naso,
1210 2833 1326 2871 non
1357 2815 1529 2873 laude
1559 2818 1812 2885 carebat,

398 2898 469 2953 Et
497 2898 705 2972 reliqui
737 2901 914 2958 fortes
945 2909 1268 2972 armantur,
1305 2909 1362 2960 et
1390 2922 1520 2961 ecce
1551 2906 1818 2961 cohortes

399 2988 744 3058 Procedunt,
779 2990 1026 3062 plorant,
1061 2993 1200 3064 quia
1232 3011 1382 3066 saepe
1414 2995 1633 3050 frustra
1662 2994 1947 3050 laborant.

400 3076 574 3149 Optat
603 3077 852 3152 quisque
883 3081 1051 3151 mori,
1085 3083 1144 3137 ni
1179 3083 1398 3139 bellum
1429 3084 1599 3139 cedat
1628 3085 1854 3140 honori.

401 3165 558 3222 Mors
589 3167 816 3240 ingrata
844 3171 1056 3242 gravis,
1091 3171 1235 3227 foret
1263 3171 1345 3227 illi
1377 3177 1543 3246 grata
1573 3175 1788 3241 suavis,

401 3254 659 3328 Integrat
682 3256 919 3314 illorum
942 3263 1168 3316 mentes
1199 3259 1418 3317 solator
1446 3262 1559 3333 (54)
1589 3279 1812 3331 eorum,

401 3343 472 3399 Et
501 3347 665 3417 rogat
690 3343 933 3402 intentis
957 3348 1228 3418 precibus
1258 3350 1468 3421 praesul
1502 3351 1823 3421 Podiensis,

403 3431 485 3487 Ne
516 3433 912 3505 desperarent,
945 3436 1086 3506 quia
1115 3438 1416 3496 credentes
1447 3445 1809 3511 superarent,

403 3520 777 3593 Cervicesque
805 3524 998 3595 gregis
1029 3526 1248 3581 summi
1279 3527 1473 3600 signat
1503 3546 1669 3584 cruce
1699 3529 1872 3601 regis.

407 3608 680 3665 Pliiribus
712 3610 948 3680 hortati,
984 3618 1347 3688 mortemque
1376 3618 1572 3673 subire
1603 3617 1810 3690 parati,

405 3699 518 3753 Aut
547 3715 824 3770 superare
856 3701 991 3756 boni
1023 3720 1294 3775 proceres
1325 3706 1574 3778 ﬁdeique
1609 3707 1860 3778 patroni.

407 3785 551 3842 Illuc
582 3787 924 3858 accelerant,
960 3791 1058 3846 ubi
1091 3810 1152 3848 se
1183 3809 1526 3849 concurrere
1557 3799 1794 3867 Sperant

406 3875 703 3943 Hostibus,
738 3881 794 3933 et
825 3879 996 3935 tacite
1025 3881 1292 3953 graditur
1323 3883 1498 3955 prior,
1525 3889 1582 3939 et
1611 3885 1738 3939 sine
1770 3883 1870 3940 lite

406 3963 657 4036 Corripit
688 3965 957 4038 ignarum
990 3968 1156 4043 Hugo
1186 3971 1393 4026 ductor
1424 3973 1937 4046 Francigenarum,

405 4053 714 4126 Amotique
745 4071 953 4126 parum
981 4074 1249 4115 cursores
1280 4059 1781 4116 Christicolarum.

407 4141 634 4198 Stantia
680 4160 915 4199 summa
963 4146 1069 4217 (55)
1115 4147 1331 4204 dueum
1379 4148 1586 4204 vexilla
1629 4148 1826 4206 vident
1887 4150 2056 4223 quasi

1811 4238 2053 4310 [lucum.

407 4320 522 4376 Nec
554 4337 716 4377 mora
747 4339 848 4394 per
877 4323 1064 4380 scalas
1095 4324 1444 4380 Godefridus
1474 4330 1739 4400 segregat
1767 4327 1911 4384 alas.

410 4410 489 4464 En
519 4411 690 4466 modo
723 4412 984 4469 devictus
1014 4414 1131 4469 dux
1161 4417 1217 4468 et
1248 4415 1317 4469 de
1341 4418 1534 4487 strage
1559 4414 1818 4485 relictus,

407 4498 660 4555 Emersit
691 4501 884 4557 subito
918 4503 987 4558 de
1020 4502 1341 4571 montibus,
1375 4507 1433 4558 et
1463 4503 1702 4575 repetito

410 4586 590 4643 Milite
611 4588 779 4661 signa
808 4605 1016 4663 gerens
1047 4591 1326 4662 demissa,
1359 4592 1558 4664 fugam
1591 4593 1703 4649 sibi
1735 4611 2022 4669 quaerens,

407 4675 548 4732 Visa
584 4679 916 4752 recognovit
939 4679 1167 4748 vexilla,
1201 4686 1544 4753 metumque
1577 4684 1838 4739 removit.

409 4765 674 4838 Praecipit
699 4771 755 4823 et
784 4771 936 4824 stare
968 4787 1076 4825 sua
1106 4770 1294 4842 signa,
1324 4770 1600 4843 tubisque
1629 4789 1857 4828 sonare.

408 4854 770 4912 Alterutrum
801 4858 1061 4930 gaudent
1091 4857 1381 4914 sociorum
1415 4859 1582 4933 signa
1613 4861 1720 4934 (56)
1752 4863 1964 4933 videre,

483 4997 591 5070 (51)
624 4997 795 5071 Edit.,
825 5007 944 5071 post
971 4998 1092 5055 hoc.

482 5069 596 5145 (52)
625 5069 705 5145 I_{i_
719 5069 856 5145 duo
872 5087 1075 5126 versus
1106 5071 1321 5128 desunt
1349 5072 1408 5128 in
1440 5073 1631 5145 editis,

485 5141 598 5214 (53)
631 5140 803 5214 Edit..
831 5141 1160 5214 besemque.

484 5210 596 5282 (54)
633 5210 804 5282 Edit.,
835 5210 1058 5267 solatus.

484 5281 600 5355 <55)
631 5281 807 5355 Edit..
836 5284 1014 5354 signa.

484 5351 596 5429 (se.
631 5351 801 5429 ede.
830 5351 1004 5429 δςξιεα.

487 5422 600 5501 (5.7.)
634 5422 807 5501 ἓίὲἓιοι
837 5427 1024 5501 ﬁmus-

488 5494 603 5570 (58)
636 5494 811 5570 Edit.,
837 5494 1044 5557 Persae.

489 5566 605 5644 (59)
635 5566 807 5641 Edit.,
835 5571 1080 5643 fortuna.

895 278 998 341 AD
1043 276 1558 342 GODEFRIDUM
1599 278 1933 341 APPEND.
1980 276 2057 338 11.
2090 308 2168 323 -
2199 263 2511 340 MONUM.
2555 276 2658 338 DE
2699 274 2950 338 BELLO
2995 274 3276 338 SACltO.

3670 274 3791 336 956

2056 411 2112 477 Α
2142 408 2502 465 Alterutrum
2533 408 2672 466 viris
2703 407 2922 465 resides
2953 407 3134 464 animi
3166 405 3405 463 rediere.

2139 498 2375 554 Exacuit
2406 498 2610 554 Persas
2639 497 2879 553 victoria
2910 501 3075 570 parta
3107 502 3385 552 recenter.

2137 588 2396 660 Erigitur
2428 589 2684 660 sonipes,
2718 587 3021 642 dominum
3054 585 3202 658 gerit
3231 585 3626 658 impatienter.

2139 679 2324 732 Arcus
2354 676 2638 732 lunantur
2668 675 2846 740 nervi,
2872 677 2997 746 jam
3031 675 3202 730 Turci
3234 675 3348 730 tela
3380 676 3632 748 protervi

2139 767 2500 838 Intorquent,
2527 767 2652 837 jam
2685 764 3026 836 cornipedes
3057 764 3276 819 saliunt
3307 766 3474 836 quasi
3507 765 3680 830 cervi,

2138 857 2269 911 Jam
2299 855 2535 913 tubicen
2560 860 2704 910 teter
2728 853 2910 908 lituus
2944 853 3050 926 (57)
3075 858 3264 920 sonat,
3287 853 3572 926 obstrepit
3593 855 3790 910 aether.

2139 945 2271 1000 Jam
2294 961 2433 999 cava
2462 961 2600 998 saxa
2629 945 2794 998 datas
2819 959 2985 997 voces
3017 943 3270 997 reddunt
3298 943 3644 1014 geminatas.

2141 1033 2409 1104 Undique
2442 1032 2710 1099 bellatur,
2742 1031 2876 1086 belli
2911 1032 3138 1086 fortuna
3171 1037 3435 1104 vagatur.

2143 1122 2288 1177 Nam
2328 1139 2354 1174 μ
2384 1122 2493 1176 odo
2524 1126 2685 1194 terga
2731 1121 2950 1176 dabant
2979 1121 3176 1176 hostes
3206 1122 3334 1193 (58),
3370 1122 3542 1177 modo
3593 1126 3798 1178 nostra

3495 1211 3798 1283 [fugantur

2144 1299 2414 1374 Agmina,
2449 1318 2550 1373 per
2580 1298 2798 1356 bellum
2839 1303 3033 1354 versat
3065 1298 3298 1355 Bellona
3335 1300 3443 1372 (59)
3475 1300 3794 1372 ﬂagellum.

2145 1391 2450 1447 Diversum
2475 1390 2697 1461 jacitur
2722 1406 2826 1444 nec
2857 1388 3078 1445 eisdem
3111 1388 3337 1444 missile
3368 1388 3537 1443 votis.

2150 1479 2409 1536 Destinat
2439 1479 2533 1533 hic
2554 1478 2820 1550 jaculum
2852 1477 3250 1551 prazsentibus
3293 1477 3389 1533 ille
3420 1479 3679 1547 remotis,

2147 1569 2359 1624 Cedere
2388 1568 2633 1623 crinitus
2655 1567 2913 1639 juvenis,
2946 1585 3058 1622 non
3094 1566 3304 1638 pellere
3335 1567 3541 1624 doctus

2149 1657 2439 1713 Funditur
2467 1656 2526 1710 in
2561 1656 2754 1729 plano,
2780 1657 2940 1727 jacto
2971 1654 3107 1711 terit
3137 1672 3271 1711 aera
3299 1672 3465 1712 vano.

2148 1747 2296 1802 Neve
2323 1749 2478 1818 petat
2509 1745 2790 1817 palmam,
2814 1760 2958 1816 gens
2991 1743 3403 1816 conspicienda
3428 1744 3676 1817 capillis,

2152 1836 2442 1890 Libertate
2475 1835 2622 1906 fuga:
2653 1834 2893 1889 libertas
2921 1833 3215 1888 clauditur
3243 1833 3378 1889 illis.

2148 1925 2293 1997 Ergo
2325 1923 2426 1979 Dei
2458 1940 2726 1994 proceres
2760 1922 3118 1978 umbonibus
3149 1921 3350 1978 ordine
3375 1924 3732 1996 (60)junctis

2150 2015 2244 2070 Sic
2274 2013 2502 2068 cinxere
2535 2013 2640 2084 (6t)
2673 2013 2848 2077 viros,
2883 2015 2947 2066 ut
2979 2011 3138 2083 sylva
3167 2013 3476 2067 cacumina
3507 2013 3747 2068 montis.

2151 2102 2418 2174 Undiq‘ue
2450 2105 2607 2157 stant
2631 2101 2833 2170 turbes,
2869 2099 3218 2156 Godefridus
3250 2101 3321 2156 ab
3355 2103 3496 2156 urbe

2152 2191 2427 2247 Imminet
2456 2208 2490 2246 a
2520 2194 2703 2262 tergo,
2737 2189 3104 2245 Boimundus
3125 2189 3413 2258 cominus,
3449 2207 3584 2263 ergo

2151 2283 2355 2354 Pugna
2384 2280 2450 2336 fit
2478 2279 2748 2346 immitis,
2781 2283 2944 2335 tanto
2976 2279 3173 2335 minus
3205 2284 3341 2351 apta
3371 2278 3620 2353 sagit.is,

2155 2369 2358 2427 Flectit
2387 2385 2606 2441 equum
2635 2368 2904 2436 Parthus,
2938 2385 3233 2440 nusquam
3279 2372 3435 2424 vetat
3464 2369 3588 2440 .hoc
3637 2367 3806 2424 locus

3593 2460 3808 2529 [artus,

2155 2547 2355 2622 Tingit
2382 2549 2692 2604 Persarum
2723 2565 2894 2604 cruor
2923 2565 3092 2604 enses
3124 2548 3638 2622 Francigenarum.

2157 2639 2325 2695 Ensis
2355 2637 2633 2710 inexperti
2670 2637 2776 2710 (62)
2811 2637 3006 2693 studio
3028 2642 3314 2693 conantur
3342 2638 3510 2694 inerti

2156 2727 2329 2784 Turci
2350 2744 2453 2799 per
2483 2726 2792 2782 minimam
2827 2743 3033 2798 campo
3069 2743 3129 2781 se
3163 2727 3401 2782 reddere
3433 2728 3642 2799 ripam,

2157 2817 2230 2872 Ut
2259 2820 2495 2888 pateant
2525 2815 2743 2881 aditus,
2779 2815 2988 2870 rimam
3022 2815 3209 2886 possit
3237 2819 3474 2888 tangere
3505 2815 3693 2884 littus,

2158 2906 2230 2962 Se
2262 2904 2406 2961 satis
2435 2908 2726 2971 exercent,
2759 2904 2857 2959 sed
2889 2919 2986 2958 eos
3019 2903 3235 2974 stipata
3265 2909 3528 2960 coercent

2156 2994 2424 3069 Agmina,
2459 2992 2811 3048 constrictus
2844 2990 3048 3064 nequit
3077 2991 3184 3048 hos
3216 2993 3536 3065 praecedere
3563 2993 3779 3050 victus.

2159 3085 2286 3140 Stat
2311 3082 2584 3154 stupidus
2618 3082 2779 3137 furor
2809 3081 2959 3152 ejus,
2990 3081 3085 3136 via
3114 3080 3275 3136 nulla
3304 3081 3500 3150 saluti,

2077 3155 2121 3222 (ἶ
2158 3173 2284 3229 Non
2306 3169 2522 3244 jaculis
2552 3170 2687 3226 licet
2716 3173 2818 3226 aut
2847 3169 3036 3226 solitis
3066 3171 3424 3227 anfractibus
3454 3171 3560 3227 uti.

2157 3261 2362 3318 Audax
2391 3264 2448 3317 et
2477 3258 2719 3316 timidus
2751 3259 2860 3332 (63)
2882 3263 3128 3332 pereunt
3150 3259 3349 3326 simul,
3385 3260 3522 3316 huic
3553 3260 3664 3334 (64)
3688 3277 3822 3334 pro-

3554 3350 3824 3422 [hibetur

2162 3439 2228 3494 In
2261 3455 2460 3511 pugna
2491 3453 2788 3510 pugnare;
2823 3437 2923 3493 sed
2955 3437 3090 3493 huic
3123 3439 3261 3510 fuga
3290 3438 3409 3494 ﬁda
3439 3443 3706 3513 negatur.

2161 3527 2489 3584 Immodicae
2520 3527 2703 3581 turbae
2735 3525 2963 3581 modico
2995 3528 3308 3599 capiuntur
3336 3528 3407 3583 ab
3439 3529 3596 3584 orbe.

2163 3618 2391 3672 Turcus
2422 3615 2482 3670 in
2513 3615 2850 3687 oppositum
2875 3615 3016 3670 dum
3050 3615 3264 3688 saapius
3294 3617 3469 3690 erigit
3500 3617 3708 3685 ictum,

2163 3705 2460 3762 Confossis
2489 3704 2669 3760 costis
2701 3703 2863 3770 socii,
2898 3709 3122 3776 partem
3147 3706 3316 3776 juvat
3346 3705 3553 3762 hostis.

2163 3796 2401 3850 Pectora
2430 3793 2764 3866 pectoribus
2795 3797 2852 3848 et
2879 3793 3162 3850 membris
3191 3795 3457 3850 membra
3486 3800 3787 3853 teruntur.

2164 3882 2282 3940 Soli
2314 3881 2466 3938 bella
2496 3886 2706 3954 gerunt
2736 3881 2939 3951 nostri,
2974 3882 3144 3938 Turci
3179 3883 3501 3954 patiuntur.

2164 3972 2436 4040 Parthus,
2469 3971 2676 4038 Arabs,
2709 3971 2876 4043 proni
2910 3972 3018 4045 (65)
3049 3973 3444 4028 succumbunt
3491 3973 3642 4029 ultro
3687 3992 3826 4031 mu-

3606 4065 3821 4133 [croni,

2163 4151 2278 4206 Nec
2309 4149 2492 4206 nostri
2525 4153 2756 4205 tantum
2786 4152 3036 4221 possunt
3073 4154 3459 4222 prosternere,
3492 4157 3790 4222 quantum

2163 4238 2413 4312 Agmina
2442 4239 2626 4294 densa
2657 4238 2824 4304 mori,
2859 4236 3079 4293 claudit
3109 4238 3434 4293 madefacta
3465 4240 3654 4295 cruori

2165 4329 2347 4384 Terra
2373 4327 2552 4393 viam,
2587 4327 2768 4383 rimas
2799 4327 2938 4399 quia
2959 4328 3086 4398 jam
3119 4326 3507 4400 compleverat
3539 4329 3688 4385 imas

2167 4416 2418 4489 Sanguis
2451 4419 2757 4489 cognatus,
2789 4431 2896 4471 nec
2925 4415 3101 4471 habet
3131 4433 3279 4488 quos
3310 4417 3515 4488 pandit
3545 4415 3771 4474 hiatus.

2091 4524 2134 4588 Ι)
2169 4505 2361 4561 Pulvis
2405 4503 2507 4560 ubi
2555 4503 2749 4572 cessit,
2801 4519 2984 4575 quem
3034 4505 3340 4577 sanguinis
3385 4505 3545 4560 unda
3593 4522 3826 4577 repres-

3579 4593 3657 4648 sit
3689 4594 3825 4658 (66),

3579 4594 3657 4648 sit

2161 4681 2445 4738 Vincendi
2476 4685 2700 4737 certum
2731 4680 2968 4754 signum
2999 4698 3272 4754 campum
3306 4698 3409 4754 per
3437 4594 3804 4754 apeituniw)

2164 4770 2546 4844 Conspiciunt
2575 4771 2758 4826 nostri
2795 4769 2976 4826 factos
3009 4771 3078 4826 de
3109 4771 3396 4843 sanguine
3425 4773 3604 4838 vivos,

2165 4862 2237 4918 Et
2268 4862 2666 4916 sustentantes
2695 4863 2895 4930 erepta
2924 4859 3039 4931 (67)
3068 4860 3349 4916 cadavera
3376 4860 3554 4916 vivos.

2241 5002 2351 5074 (60)
2382 5001 2555 5074 Edit.,
2585 4999 2846 5072 undique.

2261 5073 2354 5143 61)
2386 5073 2563 5142 Edit.,
2581 5079 2911 5128 sueeexerat.

2264 5145 2355 5201 62)
2383 5144 2562 5201 Edit..
2597 5145 2911 5201 inexvvrtis.

2265 5145 2355 5272 62)
2383 5144 2562 5225 Edit.,
2597 5145 2918 5226 inexpvrtis.

2265 5217 2336 5272 63
2390 5215 2565 5272 Edit..
2597 5214 2846 5272 pavidus.

2390 5214 2565 5281 Edit.,
2593 5214 2846 5286 pavidus.

2268 5286 2359 5352 64)
2392 5286 2568 5352 Edit.,
2602 5287 2708 5341 hic.

2268 5356 2356 5430 65)
2391 5357 2564 5431 Edit.,
2598 5356 2752 5413 addit
2779 5358 2945 5414 Indus
2973 5361 3170 5415 omisso
3196 5361 3378 5431 proni.

2250 5429 2361 5498 (66)
2393 5429 2528 5497 Ms.,
2559 5444 2796 5485 recessu.

2255 5433 2343 5498 (66
2393 5432 2528 5497 Ms.,
2559 5444 2796 5485 recessu.

2255 5432 2362 5575 (67)
2398 5500 2571 5569 Edit.,
2603 5509 2798 5557 erecta.

2243 5075 2265 5432 Ξ

2339 5145 2359 5430 ξ
