3994 6066
207 333 327 394 957

196 464 271 520 Et
297 461 577 536 quoniam
611 464 844 518 tantum
877 459 1043 517 licuit
1071 477 1176 532 pro
1208 463 1401 534 strage
1431 463 1766 526 nocentum,

201 554 276 610 Se
305 553 532 610 stolidae
564 555 768 625 gentes
799 551 1155 624 reputabant
1185 567 1313 607 esse
1345 555 1638 606 nocentes.

274 642 442 698 Miles
474 646 541 698 ut
569 658 674 697 eoo
705 641 861 696 videt
891 658 1028 696 arva
1058 657 1262 696 cruore
1295 644 1515 705 natare,

199 732 408 797 Cessit,
443 735 500 786 et
528 730 849 786 exhaustas
873 729 1025 785 vires
1055 729 1240 784 voluit
1269 730 1384 798 (68)
1417 744 1710 784 renovare.

202 820 383 894 Rupit
413 823 480 875 ut
508 818 609 874 illa
639 819 884 874 chorum
914 818 1104 874 nubes
1133 818 1455 890 glomerata
1481 817 1764 884 virorum,

199 909 510 965 Conversis
541 907 722 963 frenis
744 907 802 962 in
838 924 898 964 se
930 907 1066 974 ruit,
1093 911 1263 980 urget
1293 905 1537 961 habenis

202 999 421 1054 Lassos
452 997 819 1069 cornipedes,
853 996 1158 1067 caruitque
1191 996 1362 1050 modo
1393 1012 1540 1050 nova
1579 994 1783 1060 caedes,

203 1087 310 1143 Hic
339 1086 576 1141 fratrem
607 1085 763 1152 terit,
799 1084 896 1140 ille
927 1089 1174 1156 patrem,
1209 1083 1399 1139 civilia
1422 1083 1575 1139 bella

201 1176 505 1241 Exercent,
530 1173 956 1245 dominumque
987 1173 1407 1247 premit‘super
1437 1174 1646 1228 obruta
1693 1171 1857 1228 sella.

204 1265 276 1320 Et
303 1262 462 1320 velut
490 1263 550 1317 in
582 1262 806 1335 stagnis
829 1279 961 1316 cum
980 1279 1130 1334 saepe
1154 1262 1472 1318 recluditur
1494 1261 1703 1334 anguis
1724 1261 1858 1332 (69),

205 1351 374 1408 Unde
402 1352 650 1407 detentae
683 1351 948 1422 disrupto
978 1351 1134 1405 fonte
1165 1356 1400 1423 repente

206 1439 550 1505 Prosiliunt,
585 1439 788 1511 primaa
824 1439 1075 1511 fugiunt,
1109 1438 1464 1511 reliquaeque
1514 1441 1860 1512 sequuntur.

207 1527 546 1601 Impediunt
567 1527 732 1595 alias,
766 1526 893 1583 alia:
927 1530 1150 1582 certare
1179 1527 1469 1583 videntur.

208 1617 378 1674 Haud
412 1633 582 1672 secus
615 1616 685 1671 ad
717 1615 958 1688 planum
993 1620 1280 1689 praeparat
1324 1616 1536 1689 vulgus
1588 1617 1739 1673 male
1771 1634 1864 1672 sa-

1605 1707 1791 1776 [num,

211 1795 280 1850 Et
307 1793 457 1865 fugit
491 1795 565 1849 ad
596 1796 833 1866 pontem
866 1793 1103 1848 calcans
1137 1793 1255 1848 dux
1288 1793 1547 1849 Bullicus
1583 1795 1691 1896 (70)
1724 1795 1862 1849 hos—
1896 1833 1943 1896 B

1631 1881 1791 1956 [tem.

214 1973 474 2044 Occupat
503 1971 837 2044 ingressum
871 1970 1068 2042 pontis
1099 1971 1482 2044 prohibetque
1511 1988 1866 2044 regressum.

212 2062 368 2117 Ense
398 2064 720 2127 cruentato,
747 2059 960 2132 populo
990 2059 1243 2131 graviter
1271 2065 1563 2131 superato,

215 2148 531 2217 Ira,locus,
556 2146 808 2221 gladius,
834 2151 1120 2220 pugnant,
1142 2147 1259 2203 vim
1292 2149 1563 2220 quodque
1592 2149 1701 2221 (71)
1735 2148 1869 2205 duci

1644 2239 1782 2309 [ἀτη.

219 2326 352 2383 Hac
384 2326 612 2381 animos
645 2326 858 2395 firmat,
890 2325 985 2380 hic
1016 2325 1279 2398 impedit,
1312 2325 1410 2383 ille
1440 2327 1711 2382 trucidat.

460 2416 584 2469 Duo:
614 2413 935 2485 Godefridus
955 2415 1192 2469 ’I'urcum
1220 2415 1461 2470 medium
1481 2424 1640 2471 secat.

297 2505 421 2558 Dux
451 2519 585 2575 spes
617 2507 976 2567 nostrorum,
1010 2503 1218 2557 Turcis
1249 2503 1534 2571 confusio,
1570 2505 1767 2560 luctus

219 2595 481 2650 Truncat
503 2609 708 2664 equos,
734 2591 1310 2664 equites,recipitque
1333 2593 1616 2647 cadavera
1638 2593 1871 2648 ﬂuctus.

220 2682 385 2749 Quod
416 2699 528 2737 non
562 2682 632 2736 de
663 2681 856 2749 Tydeo
887 2679 1118 2752 legitur,
1137 2696 1242 2734 nec
1272 2680 1343 2735 de
1375 2680 1703 2754 Campaneo
1737 2683 1872 2750 (72).

219 2771 384 2838 Quod
416 2787 531 2825 non
556 2769 819 2825 {Eacides
851 2770 982 2840 (73),
1009 2785 1122 2824 non
1155 2768 1379 2836 Hector,
1407 2787 1523 2825 non
1546 2770 1872 2838 Diomedes,

219 2861 350 2917 Dux
379 2859 589 2932 potuit,
627 2874 816 2929 neque
851 2874 956 2912 nos
989 2857 1160 2912 latuit
1181 2873 1273 2913 res
1307 2857 1483 2930 digna
1515 2857 1722 2914 relatu.

222 2948 376 3005 Mole
407 2965 514 3003 sua
544 2952 769 3002 terrens
803 2948 912 3016 (74)
949 2962 1235 3018 proceres,
1268 2947 1569 3019 multoque
1600 2951 1807 3020 paratu

220 3036 397 3093 Dirus
426 3035 632 3103 Arabs,
665 3033 930 3107 gladium
960 3035 1193 3090 volvens
1225 3035 1488 3092 radiante
1521 3041 1734 3104 rotatu,

222 3123 511 3197 Pracipiti
546 3128 815 3197 portatus
847 3140 996 3195 equo
1029 3123 1320 3196 celerique
1351 3124 1567 3180 volatu.

1051 329 1362 412 GILONIS
1410 326 1664 390 PARIS.
1711 326 1919 389 HIST.
1963 322 2372 387 HlEltOSOL.
2408 355 2485 368 -
2513 320 2662 384 LIB.
2707 317 2785 381 II.

1878 461 1934 527 Α

3491 305 3612 373 958

2340 457 2497 527 Regi:
2529 453 2755 510 Casiam'
2781 451 2933 523 ﬁlius
2963 447 3246 504 occumbit.

2036 546 2138 602 Hic
2171 547 2347 602 decus
2370 561 2572 600 eorum
2604 538 3186 608 cecidit,nullumque
3217 532 3542 606 trophasum

1964 637 2081 692 Hoc
2112 635 2300 707 magis
2334 635 2540 689 afflixit
2571 633 2742 688 cives.
2765 630 2867 685 Hic
2896 629 3007 698 (77)
3039 628 3240 681 dextra
3269 621 3473 678 revixit

1965 727 2194 782 Mortua
2226 729 2560 780 nostrorum
2592 722 2802 778 satiata
2831 735 3036 776 cruore
3065 716 3344 781 virorum,

1965 814 2066 871 Hic
2093 814 2368 870 admirati
2405 812 2682 885 primates
2713 814 2850 865 sunt
2872 805 3152 880 jugulati,

1965 904 2070 959 Hic
2102 905 2265 958 urbis
2293 920 2519 975 magna:
2550 903 2745 956 fracta:
2779 898 3036 953 cecidere
3069 893 3373 957 columnae,

1968 993 2070 1049 Hic
2102 1009 2334 1064 quoque
2362 989 2602 1046 consilio
2635 1006 2733 1044 rex
2763 987 3106 1058 designatus
3139 980 3297 1037 inani

1970 1081 2151 1137 Filius
2174 1079 2446 1136 occubuit
2477 1078 2675 1151 magni
2711 1075 2863 1147 regis
2895 1071 3144 1129 Casiani.

1967 1171 2317 1242 Corporibus
2349 1169 2586 1242 plenum
2621 1168 2834 1221 flumen
2869 1161 3027 1219 stetit
3055 1157 3482 1215 Antiochenum

1969 1259 2253 1330 Undaque
2275 1257 2554 1330 pallorem
2585 1259 2824 1310 mutans
2855 1251 3081 1306 imitata
3111 1247 3403 1302 ruborem.

1971 1351 2037 1405 In
2071 1347 2265 1421 pontis
2298 1351 2481 1403 strata
2512 1350 2649 1400 sunt
2680 1342 2865 1398 millia
2896 1341 3158 1412 quinque
3180 1338 3405 1390 necata.

1973 1439 2178 1510 Fitque
2209 1437 2609 1509 pavimentum
2642 1434 2711 1488 de
2741 1429 3082 1502 corporibus
3113 1421 3511 1480 morientium.

1971 1529 2216 1600 Jsmque
2249 1525 2473 1598 fatigati
2505 1523 2708 1579 multis
2739 1518 2940 1592 spoliis
2963 1514 3210 1581 onerati,

1973 1596 2151 1674 Nocte
2182 1596 2502 1671 duces—laeti
2535 1613 2798 1678 redeunt,
2833 1610 2976 1664 dant
3005 1603 3271 1660 membra
3300 1596 3504 1672 quieti.

1975 1709 2085 1764 Sed
2112 1705 2355 1778 vigilant
2385 1720 2614 1768 sensus,
2647 1701 2964 1771 hostesque
2995 1696 3195 1767 fugare
3225 1691 3507 1744 videntur.

1975 1797 2199 1868 Quique
2232 1811 2392 1856 suos,
2425 1791 2750 1863 capuloque
2783 1804 2994 1843 manus
3027 1784 3266 1839 absente
3294 1778 3622 1832 moventur.

1977 1867 2295 1956 Postquam
2331 1885 2441 1950 (78)
2474 1881 2628 1937 clara
2659 1879 2784 1934 dies
2815 1875 3010 1940 nituit,
3045 1869 3228 1927 nostri
3262 1867 3486 1922 nituere

1976 1974 2273 2041 Vestibus,
2307 1989 2422 2026 aera
2451 1970 2573 2026 suis
2604 1969 2854 2023 victores
2886 1963 3256 2019 distribuere.

1978 2065 2141 2119 Tnnc
2172 2061 2324 2134 capti
2359 2062 2742 2116 numerantur
2772 2055 2926 2126 equi,
2963 2055 3304 2123 septemque
3330 2046 3488 2099 fuere

1978 2152 2181 2221 Millia,
2214 2156 2354 2206 tunc
2388 2147 2613 2220 equites
2641 2145 2882 2201 totidem
2917 2154 3184 2214 proceres
3217 2138 3492 2191 statuere.

1981 2241 2082 2296 His
2114 2241 2194 2296 ita
2223 2237 2557 2299 transactis,
2591 2233 2896 2291 castellum
2923 2229 3184 2284 turribus
3217 2223 3351 2280 altis

1981 2332 2049 2386 Et
2081 2329 2265 2386 solido
2298 2328 2477 2382 fundo
2511 2323 2838 2380 stabilitum
2871 2321 3014 2375 dant
3046 2311 3410 2387 Raymundo.

2053 2420 2204 2474 Dum
2237 2419 2382 2473 bene
2413 2413 2692 2477 succedit,
2726 2411 2866 2466 dum
2900 2406 3114 2478 saepius
3145 2402 3272 2458 alea
3303 2397 3404 2454 fati

1985 2508 2194 2580 Mergit
2223 2505 2492 2578 gentiles,
2526 2506 2668 2557 sunt
2695 2504 2852 2555 extra
2885 2500 3076 2552 castra
3104 2490 3291 2546 vocati

1983 2599 2028 2652 A
2059 2575 2309 2651 ducibus
2342 2593 2530 2665 magis
2562 2592 2833 2646 audaces.
2867 2585 3198 2654 meliusque
3230 2575 3437 2651 parati.

1985 2685 2240 2752 Quilibet
2273 2663 2469 2738 hostili
2503 2681 2765 2754 gaudens
2795 2689 3096 2732 occurrere
3136 2671 3349 2725 damno
3380 2663 3527 2736 (79)!

1987 2775 2231 2830 Ducitur
2260 2773 2330 2828 ad
2367 2772 2640 2842 praedam,
2679 2768 2774 2822 sed
2810 2782 2925 2820 non
2956 2758 3284 2817 hortamine
3313 2769 3551 2825 magno,

1989 2865 2096 2928 Qui
2131 2862 2473 2918 festinantes
2506 2859 2865 2927 ﬂuviumque
2899 2852 3007 2907 sub
3040 2851 3182 2904 urbe
3213 2845 3511 2908 vadantes,

1989 2951 2175 3009 Mulas
2205 2955 2261 3005 et
2290 2949 2480 3003 mulos
2503 2945 2758 3018 capiunt,
2785 2941 3119 3009 multosque
3150 2932 3423 2996 camelos,

1989 3042 2057 3096 Et
2087 3039 2280 3096 subito
2309 3036 2544 3107 rapiunt
2577 3030 2856 3088 animalia
2886 3026 3071 3083 millia
3101 3023 3379 3097 quinque,

1992 3132 2135 3186 Cum
2166 3127 2433 3196 totidem,
2467 3124 2599 3178 licet
2629 3119 2839 3176 urbani
2863 3115 3222 3191 jaculentur,
3254 3107 3565 3178 utrinque:

224 3214 501 3272 Constitit
529 3217 662 3269 ante
693 3214 938 3282 ducem;
972 3217 1140 3285 putat
1177 3213 1329 3268 hanc
1377 3214 1745 3286 exstinguere
1795 3213 1880 3269 lu-
1911 3202 1952 3268 C
1993 3218 2095 3275 Hic
2128 3232 2380 3289 quoque,
2415 3231 2528 3286 quo
2551 3214 2798 3284 juvenes
2843 3206 3099 3280 praedam
3149 3214 3370 3272 cepere,
3405 3198 3642 3250 notatur

1661 3321 1690 3358 c
1729 3321 1785 3358 m

227 3393 296 3449 Et
325 3407 502 3465 super
531 3389 812 3446 invictum
842 3395 1017 3463 caput
1046 3389 1225 3448 altius
1259 3391 1431 3465 erigit
1462 3305 1668 3457 ictum[,
1695 3320 1724 3359 ϐ
1795 3346 1808 3372 ²

229 3483 520 3536 Precavet
546 3479 731 3538 iratus
761 3479 898 3549 dux,
929 3483 1046 3535 stat
1074 3479 1274 3553 clypeo
1305 3479 1639 3552 replicatus.

231 3570 481 3641 Moxque
530 3572 934 3624 coruscantem
983 3568 1246 3641 gladium
1294 3568 1444 3625 levat
1473 3569 1604 3642 (75),
1649 3573 1706 3624 et
1753 3569 1884 3624 ferit

1535 3658 1812 3728 [hostem,

229 3748 329 3816 Os,
362 3750 539 3820 caput
567 3745 761 3814 illidit,
795 3745 996 3801 vitalia
1025 3750 1147 3801 tota
1178 3746 1407 3802 cecidit.

231 3836 472 3909 Spargit
499 3840 558 3891 et
587 3835 848 3891 arvinam
882 3835 1103 3907 rumpit
1133 3852 1266 3890 cum
1299 3840 1526 3908 pectore
1557 3837 1810 3908 spinam.

232 3925 328 3982 Sic
355 3924 531 3980 homo
560 3928 867 3980 truncatus
896 3925 1054 3980 cadit
1083 3923 1141 3978 in
1164 3925 1279 3980 duo
1306 3923 1669 3993 dimidiatus,

226 4017 418 4086 Atque
447 4031 624 4085 super
654 4017 889 4069 scutum
921 4017 1114 4085 partes
1146 4013 1205 4068 in
1238 4013 1398 4068 mille
1431 4013 1751 4080 minutum,

233 4104 377 4160 Pars
396 4102 624 4171 cecidit,
655 4119 793 4175 pars
823 4103 1000 4158 hmret
1030 4118 1200 4173 equo,
1234 4101 1603 4175 trahiturque
1651 4103 1885 4175 supina.

232 4193 456 4263 Estque
485 4190 577 4246 sui
610 4192 942 4247 moderator
971 4190 1108 4263 equi
1139 4208 1256 4246 non
1280 4192 1446 4263 justa
1476 4191 1700 4264 rapina.

232 4281 400 4345 Jesu,
433 4279 516 4336 sic
548 4297 666 4335 uno
699 4281 764 4334 ﬁt
792 4296 1006 4353 magna
1036 4296 1141 4335 nec
1173 4297 1292 4336 una
1321 4280 1510 4336 ruina.

307 4367 509 4424 Dicere
540 4368 834 4424 succincte
866 4369 913 4424 si
947 4368 1150 4425 vellem
1183 4369 1390 4424 funera
1421 4368 1578 4425 victa:

235 4456 460 4523 Gentis,
494 4473 641 4529 quas
673 4462 890 4513 mortes
921 4462 1059 4513 sunt
1089 4475 1272 4530 passae
1304 4457 1463 4513 mille
1492 4458 1784 4526 cohortes,

1993 3307 2293 3374 Quoddam
2325 3301 2651 3367 castellum,
2683 3297 3017 3368 vallumque
3046 3295 3212 3348 vetus
3245 3290 3565 3359 reparatur.

1993 3395 2143 3451 Illnd
2175 3393 2474 3449 Tancredo
2505 3389 2892 3446 committitur
2921 3383 3115 3440 omine
3145 3379 3307 3444 laeto;

1992 3486 2138 3541 Nam
2172 3481 2661 3556 praemonstrabat
2692 3475 2923 3532 minimi
2955 3469 3224 3528 custodia
3249 3461 3402 3521 muri

1994 3572 2165 3631 Urbis
2195 3572 2496 3627 custodem
2529 3566 2860 3641 przenuntia
2891 3564 3044 3619 facta
3072 3555 3274 3614 futuri.

1993 3663 2125 3719 Jam
2155 3661 2323 3716 timet
2353 3661 2631 3715 obsessus
2663 3656 2824 3724 civis,
2859 3653 3196 3720 clamorque
3225 3656 3527 3716 repressus

1994 3753 2094 3807 Est
2127 3748 2465 3806 insultantis
2496 3746 2693 3819 populi
2722 3745 2792 3800 de
2824 3760 2884 3798 se
2916 3734 3277 3802 meditantis,

1996 3840 2266 3896 Pluribus
2298 3837 2553 3892 amictus
2578 3834 2750 3900 dolet,
2787 3836 2845 3887 at
2877 3827 3122 3902 penuria
3149 3824 3359 3890 victus,

1997 3929 2196 3985 Acrius
2227 3927 2499 3999 angebat,
2533 3924 2673 3996 quia
2702 3922 2794 3977 vix
2813 3919 2966 3976 exire
2996 3916 3224 3972 licebat.

1997 4042 2120 4092 Pax
2148 4034 2218 4089 ad
2248 4036 2438 4088 horam
2467 4032 2741 4101 ﬁrmatur.
2769 4027 2936 4101 Gualo
2964 4022 3165 4101 perﬁde
3195 4016 3460 4101 occiditur
3489 4013 3646 4068 Chri-

2065 4107 2242 4162 stiani
2270 4095 2603 4160 obsidionem
2634 4097 3043 4172 quatuordecim
3072 4095 3267 4164 jurant
3294 4095 3352 4144 in
3384 4101 3574 4142 annos.

2070 4196 2206 4250 Post
2236 4194 2356 4248 hazc
2387 4191 2540 4245 inter
2569 4205 2630 4244 se
2662 4188 2996 4242 statuerunt
3025 4181 3166 4237 talia
3196 4179 3381 4234 Persae

2000 4285 2074 4341 Ut
2105 4301 2218 4357 pax
2248 4283 2317 4337 ad
2351 4285 2582 4352 tempus
2611 4295 2743 4333 cum
2775 4272 3135 4332 Christicolis
3168 4269 3474 4324 habeatur.

2001 4372 2262 4440 Qualiter
2289 4370 2510 4423 interea
2540 4384 2600 4422 se
2629 4365 2875 4421 reddant
2903 4360 3270 4417 discutiatur.

2002 4463 2096 4519 Sic
2126 4461 2306 4533 igitur
2335 4472 2530 4512 coram
2565 4472 2674 4528 pax
2705 4452 3084 4508 confirmatur
3114 4447 3186 4502 ad
3217 4446 3442 4500 horam.

233 4547 309 4602 At
367 4545 506 4618 quid
563 4546 1009 4603 Northmannus
1066 4548 1251 4620 egerit
1310 4564 1527 4615 comes,
1561 4552 1664 4603 aut
1727 4549 1891 4621 Hugo
1923 4571 1968 4634 Β
2002 4552 2183 4607 Portae
2215 4548 2411 4605 celata:
2444 4549 2583 4601 sunt
2613 4543 2833 4598 interea
2865 4542 3152 4634 reseratas,

1525 4639 1818 4708 [magnus,

1525 4653 1774 4710 (magna:

241 4723 690 4780 Flandrensisve
721 4740 962 4792 manus;
996 4741 1186 4780 essem
1219 4741 1312 4779 me
1335 4725 1537 4795 judice
1566 4743 1774 4782 vanus.

238 4812 369 4869 Non
425 4813 610 4882 Maro,
643 4829 759 4868 non
818 4813 1009 4869 Macer
1054 4815 1166 4882 (76)
1214 4813 1354 4885 quid
1413 4813 1495 4868 ibi
1550 4815 1892 4873 Tancretius

1693 4919 1822 4960 8091‘

1693 4922 1712 4958 ε

243 4988 470 5047 Fecerit
497 4990 911 5064 exprimerent,
945 4993 1003 5047 et
1028 4990 1220 5048 verbis
1249 4991 1401 5048 facta
1432 4905 1712 5048 carerenl.

313 5186 433 5257 (68)
463 5186 640 5256 Edit.,
675 5188 882 5242 timuit.

339 5259 410 5314 69
466 5257 640 5327 Edit.,
664 5260 867 5314 amnis.

339 5261 434 5401 70)
461 5329 636 5401 Edit.,
664 5331 867 5401 publia

337 5329 431 5401 70)
461 5329 636 5398 Edit.,
664 5331 939 5402 publicus.

337 5402 432 5468 71)
463 5400 638 5474 Edit.,
672 5416 898 5474 quaque
922 5400 1202 5457 ducebant.

377 5475 436 5544 2)
466 5470 563 5544 Al.
588 5470 860 5544 Gaaapeo.

377 5543 431 5615 3)
463 5543 642 5615 Edit.,
673 5543 858 5600 Aeaci.

382 5613 437 5687 4)
467 5613 642 5685 Edit.,
674 5616 898 5683 Turcus,

2003 4641 2200 4695 Muros
2232 4637 2473 4693 hostiles
2505 4633 2693 4706 posita
2727 4628 3038 4685 formidine
3071 4623 3242 4679 miles

2002 4729 2218 4784 Circuit
2247 4731 2303 4782 et
2332 4729 2460 4781 tuto
2493 4721 2688 4778 Parthi
2721 4719 3075 4788 tandemque
3104 4713 3295 4770 soluto

1998 4821 2173 4886 Arcu,
2205 4815 2474 4872 ridebant
2503 4810 2740 4878 nostris,
2764 4812 2823 4864 et
2852 4809 3045 4862 castra
3072 4802 3363 4877 petebant.

1999 4911 2072 4966 At
2101 4885 2284 4964 Gualo
2314 4904 2400 4959 vir
2430 4902 2618 4965 fortis,
2643 4900 2783 4955 dum
2815 4895 3047 4952 lumina
3076 4890 3264 4965 pascit
3296 4887 3357 4942 in
3405 4885 3614 4950 hortis,

2004 4996 2262 5054 Perﬁdiae
2294 4991 2483 5066 geutis
2512 4989 2694 5046 nimis
2724 4987 3037 5042 immemor
3065 4982 3187 5037 haec
3219 4974 3582 5038 simulantis,

2079 5190 2191 5260 (75)
2221 5188 2398 5256 Edit.,
2431 5186 2612 5260 gladio
2641 5192 2803 5241 secat.
2862 5254 2872 5260 _
2923 5254 2938 5260 _
2999 5253 3013 5260 _
3107 5251 3119 5260 _
3382 5245 3393 5256 _
3436 5249 3445 5260 ι
3503 5242 3537 5260 ι,

2084 5193 2172 5260 (75
2221 5190 2398 5256 Edit.,
2431 5190 2612 5259 gladio
2641 5192 2803 5241 secat.
3382 5245 3393 5256 _
3526 5242 3537 5254 ο

2084 5190 2416 5345 (76l_Macer
2447 5258 2554 5313 fuit
2583 5262 2753 5328 poeta
2778 5254 2876 5328 qui
2907 5254 2978 5309 de
2999 5251 3314 5308 herbarum
3343 5243 3659 5300 Virtutibus

2010 5338 2262 5405 scripsit.

2082 5408 2196 5473 (77)
2227 5403 2400 5468 Edit.,
2433 5401 2532 5455 sic.

2082 5468 2192 5545 (78)
2223 5473 2398 5545 Edit.,
2425 5477 2546 5545 post
2575 5468 2690 5523 ubi.

2081 5543 2194 5616 (79)
2228 5543 2399 5613 Edit.,
2424 5543 2670 5613 jamque.
