3998 6088
351 238 472 314 939

353 374 496 431 Cum
526 371 868 440 delectatur,
901 371 1054 429 male
1083 373 1206 431 ﬁda
1233 374 1376 429 ﬁdes
1405 372 1671 439 violatur,

353 463 637 520 Occubuit
661 479 868 536 nempe
897 462 1027 519 loca
1054 463 1195 518 dum
1224 463 1382 518 videt
1411 461 1622 518 aemula
1651 463 1891 534 Tempe,

351 553 498 609 Jura
525 553 668 608 ﬁdes
699 553 837 608 data
865 557 1002 608 sunt
1035 557 1219 608 morte
1250 551 1358 607 viri
1390 555 1694 617 temerata,

353 643 531 708 Quem
565 640 742 696 simul
773 640 968 708 elusit,
1003 657 1063 698 se
1095 640 1237 697 civis
1267 641 1326 695 in
1358 641 1500 696 urbe
1532 640 1788 706 retrusit,

420 729 619 786 Audiit
649 735 713 786 ut
743 730 926 786 funus
953 730 1242 804 Umberga
1273 730 1483 786 decens
1512 735 1567 785 et
1599 727 1880 801 Hugonis,

354 818 498 874 Filia
526 823 709 892 nupta
737 819 902 892 prius
931 819 1181 886 comitis,
1217 837 1373 876 nunc
1404 823 1586 891 nupta
1626 816 1926 883 Gualonis,

353 907 592 976 Palluit;
627 913 801 981 atque
831 925 1009 980 genas
1042 914 1198 964 secat
1238 908 1536 981 unguibus
1565 907 1665 962 illa
1693 905 1996 979 protervis,

352 997 421 1052 Et
450 1001 813 1054 sustentatur
843 1001 1097 1054 matrum
1130 999 1346 1069 stipata
1377 997 1640 1053 catervis.

352 1085 562 1141 Dextra
581 1102 782 1142 comas
801 1085 1047 1154 lacerat;
1075 1087 1174 1142 sed
1210 1105 1336 1158 qua:
1368 1086 1585 1142 lacerat
1611 1085 1924 1154 laceratur;

352 1173 712 1247 Subtilisque
745 1193 955 1232 manus
977 1175 1176 1232 subtili
1211 1177 1370 1232 crine
1389 1180 1640 1231 secatur.

351 1262 806 1336 Examincmque
840 1265 937 1319 diu
971 1282 1076 1321 vox
1124 1282 1330 1337 pressa
1375 1264 1572 1321 dolore
1621 1263 1858 1336 reliquit
1889 1265 2001 1336 (80)

352 1353 463 1408 Sed
493 1354 729 1408 tandem
765 1356 883 1408 voci
916 1354 1010 1410 via
1036 1353 1283 1422 laxatur,
1318 1360 1376 1410 et
1408 1354 1598 1427 inquit
1629 1370 1641 1408 :

350 1441 608 1497 Tantane
640 1443 924 1498 sustinuit
954 1444 1108 1499 Deus
1139 1443 1458 1500 infortunia
1487 1443 1679 1517 gentis

423 1530 758 1588 Occurrisse
790 1550 937 1600 suae;
972 1532 1110 1605 plus
1135 1533 1376 1588 inimica
1401 1533 1582 1589 mihi?

352 1618 637 1675 Occubuit
664 1637 736 1676 ne
769 1621 947 1678 decus
979 1623 1354 1689 Francorum,
1381 1623 1673 1678 maximus
1706 1621 1894 1678 hostis

422 1707 700 1764 Hostibus
732 1709 828 1765 ille
861 1727 1026 1766 meus
1055 1728 1303 1784 spesque
1336 1712 1612 1786 salusque
1643 1712 1804 1768 suis?

355 1795 610 1869 Languet
641 1802 824 1855 morte
856 1799 1037 1872 gravi,
1053 1799 1206 1856 bella
1231 1817 1345 1857 non
1368 1801 1650 1874 languida
1666 1803 1872 1857 dextra
1887 1801 1996 1874 (81)

423 1886 704 1960 Languet,
737 1893 795 1943 et
823 1889 1098 1945 occubuit
1123 1890 1213 1945 vir
1242 1889 1425 1947 Gualo
1457 1891 1572 1947 vita
1602 1908 1750 1948 mea.

353 1975 444 2031 Me
475 1976 752 2033 miseram
783 1993 899 2032 non
932 1978 1281 2051 obsequium
1313 1979 1644 2036 miserabile
1675 1979 1804 2046 feci,

421 2064 523 2120 Vir
551 2065 678 2132 tibi,
713 2082 848 2121 cum
881 2068 1127 2136 caderis,
1162 2069 1517 2141 compariter
1546 2069 1752 2125 cecidi.

353 2153 456 2209 Hei
485 2153 663 2209 mihi!
700 2171 814 2210 non
849 2155 982 2228 iovi,
1007 2173 1120 2212 non
1153 2156 1358 2226 clausi,
1393 2175 1509 2214 non
1543 2175 1647 2232 ego
1677 2157 1789 2213 lavi

423 2243 520 2310 Os,
555 2242 754 2300 oculos
774 2243 990 2313 vultus,
1020 2249 1198 2314 veste,
1225 2263 1424 2313 manu,
1452 2246 1747 2320 lacrymis.

354 2332 441 2386 Tu
464 2330 632 2400 mihi,
666 2335 728 2386 tu
761 2336 935 2401 certe,
970 2333 1232 2401 memini,
1257 2336 1460 2407 jurare
1490 2334 1740 2392 solebas.

425 2421 505 2476 Te
534 2420 853 2478 vitaturum
885 2423 1115 2480 cautius
1145 2424 1412 2481 insidias.

354 2509 466 2566 Sed
496 2526 673 2582 quam
701 2528 816 2567 non
847 2516 1075 2585 poterat
1103 2529 1246 2586 gens
1277 2515 1501 2588 perﬁda
1547 2515 1777 2572 demere
1828 2513 2002 2584 bello,

422 2599 528 2656 Est
556 2598 789 2658 sublata
815 2600 920 2657 tibi
940 2601 1059 2658 vita
1087 2602 1260 2660 beata
1289 2603 1474 2660 dolor.

863 239 965 302 AD
1011 239 1525 308 GODEFRIDUM
1565 240 1901 304 APPEND.
1946 237 2027 300 ΙΙ.
2057 271 2135 282 -
2164 237 2477 302 MONUM.
2522 237 2627 300 DE
2666 238 2917 302 BELLO
2963 237 3240 302 SACRO.

3641 236 3763 302 960

2023 375 2078 442 Α
2106 371 2220 442 (82)
2251 371 2397 439 Quid
2458 371 2666 428 faciam
2718 369 2919 444 procul
2966 388 3000 428 a
3047 370 3256 444 patria,
3288 367 3489 443 procul
3524 386 3560 427 a
3596 375 3761 445 patre

3406 461 3644 534 [degens
3660 461 3689 515 ?

2177 551 2325 618 Quid
2357 551 2528 608 faciet
2558 551 2782 626 fragilis
2815 550 3035 608 femina
3063 555 3256 607 castra
3288 551 3587 623 sequens?

2109 641 2288 714 Figite
2319 658 2410 698 me
2443 641 2660 714 quibus
2690 645 2780 698 est
2810 641 3018 714 pietas,
3051 639 3324 712 opponite
3355 639 3487 697 telis

2179 729 2526 787 Parthorum
2559 730 2854 796 miseram,
2882 747 3040 786 mors
3073 729 3218 786 mihi
3251 746 3423 803 poma
3451 727 3614 785 levis.

2109 820 2284 888 Mors,
2320 837 2478 877 mors
2508 837 2680 893 poena
2708 820 2870 887 levis,
2905 820 2954 876 si
2976 822 3197 893 jungar
3227 823 3414 875 morte
3444 817 3672 887 Galoni,

2178 909 2238 966 Si
2271 927 2384 967 non
2420 909 2531 965 sim
2562 911 2752 966 Turco
2782 910 2976 981 praeda
3006 910 3202 965 futura
3221 907 3390 964 truci.

2107 999 2224 1055 Nos
2255 998 2405 1054 levat
2435 999 2725 1054 Evrardus
2759 1000 2934 1054 frater
2963 997 3246 1054 solamine
3267 1001 3531 1070 questus,

2181 1089 2248 1144 Et
2278 1088 2542 1161 reprimit
2571 1088 2788 1144 blanda
2816 1105 2951 1144 voce
2977 1104 3180 1160 graves
3209 1087 3487 1160 gemitus.

2110 1177 2205 1233 Sic
2225 1179 2380 1251 apud
2412 1177 2688 1235 hostilem
2720 1177 2896 1233 Variis
2925 1177 3227 1233 eventibus
3259 1177 3466 1232 urbem

2109 1267 2413 1323 Ducebant
2440 1267 2678 1341 longam
2710 1271 3000 1323 nostrates
3029 1265 3416 1322 obsidionem.

2111 1358 2266 1413 Inter
2294 1356 2666 1413 Christicolas
2698 1360 2754 1412 et
2785 1355 2998 1412 Christi
3031 1354 3287 1412 nominis
3312 1354 3534 1420 hostes,

2109 1445 2312 1519 Pugna
2341 1445 2683 1502 trahebatur
2702 1462 2881 1519 prope
2911 1446 3092 1502 denos
3123 1461 3336 1517 aspera
3361 1447 3590 1499 montes

2110 1535 2414 1590 Instabant
2442 1534 2536 1590 isti
2570 1535 2659 1590 ﬁsi
2693 1535 2905 1590 virtute
2936 1551 3209 1607 superna.

2109 1624 2433 1681 Obstabant
2462 1622 2545 1678 illi
2578 1623 2829 1680 nitentes
2860 1623 3063 1679 fraude
3094 1622 3338 1694 patenti.

2030 1745 2078 1810 Β
2111 1713 2436 1785 Sperabant
2465 1711 2514 1768 si
2546 1711 2786 1784 quidem
2814 1716 3044 1768 nostros
3073 1711 3158 1768 vel
3189 1709 3524 1810 deﬁcientes

2110 1803 2380 1858 Deserere
2413 1802 2471 1856 in
2503 1801 2692 1858 medio
2725 1801 3034 1858 frustratos
3057 1817 3209 1874 saepe
3239 1799 3488 1865 labores,

2109 1890 2210 1948 Vel
2241 1889 2352 1947 sibi
2383 1891 2676 1964 myriadas
2707 1891 3014 1948 Persarum
3043 1890 3234 1963 gentis
3264 1891 3488 1957 adesse,

2112 1979 2270 2035 More
2299 1978 2662 2036 locustarum
2693 1979 2790 2052 qui
2825 1978 3120 2036 obstantia
3150 1981 3365 2034 cuncta
3392 1993 3617 2035 vorare.

2113 2067 2241 2126 Tali
2271 2073 2566 2142 comperto
2599 2086 2832 2126 rumore
2863 2070 3032 2126 beata
3051 2073 3300 2124 caterva.
3689 2067 3692 2069 λ

2114 2157 2176 2213 In
2208 2162 2519 2230 conspectu
2555 2157 2718 2215 urbis
2749 2157 3019 2230 producit
3049 2158 3295 2230 pignora
3327 2173 3512 2213 sacra.

2115 2245 2235 2302 Illic
2267 2247 2494 2303 obsidio
2524 2252 2748 2320 septem
2773 2247 3009 2319 juratur
3037 2247 3098 2302 in
3129 2263 3338 2315 annos,

2117 2335 2344 2391 Rursus
2373 2339 2430 2391 et
2459 2335 2519 2391 in
2550 2335 2814 2404 totidem,
2851 2335 2964 2391 nisi
2995 2335 3182 2392 virtus
3213 2334 3416 2391 coelica
3443 2351 3647 2390 muros

2117 2425 2402 2481 Panderet
2428 2429 2564 2481 ante
2595 2424 2728 2491 sibi,
2762 2442 2890 2498 quae
2921 2442 3090 2497 spem
3121 2423 3402 2481 resecavit
3427 2423 3664 2480 inanem

2115 2513 2366 2583 Civibus,
2402 2513 2904 2587 immodicamque
2943 2513 3193 2572 incussit
3243 2530 3422 2570 causa
3467 2512 3775 2569 timorem.

1845 2735 2268 2752 ww

1597 2903 1927 2988 LIBER
1999 2900 2525 2989 TERTIUS.

548 3103 808 3160 Edessam’
840 3105 1162 3177 legationem
1192 3108 1423 3162 miitunt
1452 3106 1800 3172 Christiams,

425 3191 590 3248 Talia
619 3194 770 3266 apud
804 3193 1031 3266 Syriam
1061 3194 1222 3249 varia
1249 3195 1388 3249 dum
1421 3200 1575 3251 sorte
1606 3199 1910 3268 geruntur,

353 3281 636 3354 Nuncque
659 3281 977 3349 binc,nune
998 3282 1160 3339 illinc
1185 3283 1340 3339 mala
1358 3283 1444 3339 vel
1466 3285 1618 3340 bona
1637 3284 2001 3339 distribuun-

1791 3375 1928 3444 [tur,

352 3459 524 3516 Venit
555 3460 626 3516 ad
658 3460 866 3516 heroas
901 3461 1146 3534 supplex
1175 3461 1386 3534 legatio
1419 3467 1671 3529 nostros,

354 3548 590 3605 Consilii
626 3564 870 3620 poscens
893 3549 1068 3605 simul
1101 3550 1419 3623 auxiliique
1450 3551 1753 3606 ministros

357 3638 762 3710 Praecipueque
791 3638 957 3694 ducis
989 3639 1302 3712 compellat
1331 3639 1525 3696 nobile
1556 3656 1767 3694 nomen

353 3725 669 3798 Vulgatum
702 3726 857 3782 fama
887 3731 1104 3783 terram
1134 3727 1408 3784 volitante
1430 3745 1534 3801 per
1553 3744 1787 3783 omnem

356 3815 519 3870 Unde
550 3819 742 3871 tamen
773 3815 859 3872 vel
893 3833 996 3871 cur
1024 3815 1236 3890 legatio
1269 3815 1492 3872 venerit
1520 3816 1653 3885 ista,

357 3903 557 3959 Restat
586 3909 649 3959 ut
679 3905 946 3976 expediat
977 3905 1231 3960 narratio
1263 3905 1655 3977 suppeditata.

427 3993 606 4048 Terra
637 3993 787 4048 inter
817 3993 1083 4066 geminos
1113 3993 1406 4050 ditissima
1435 3993 1730 4049 clauditur
1777 4009 2002 4062 amnes,

355 4081 574 4154 Tygrin
607 4086 664 4137 et
692 4082 1069 4154 Euphratem,
1093 4082 1341 4156 populos
1373 4083 1598 4138 famosa
1630 4099 1730 4154 per
1777 4099 2001 4138 omnes.

357 4170 421 4226 In
451 4174 644 4227 Graeco
673 4172 998 4227 retinens...
1035 4171 1455 4245 Mesopotamia
1484 4187 1718 4238 nomen,

356 4260 438 4317 Ex
462 4259 736 4315 babit.....
768 4264 1072 4316 conservat
1102 4261 1360 4316 nominis
1391 4277 1582 4315 omen.

356 4351 403 4404 A
431 4347 603 4404 ﬂuvio
634 4349 822 4404 ad.....
855 4352 1086 4404 tantum
1119 4350 1336 4406 distare
1364 4350 1615 4416 videtur,

281 4512 290 4518 _
359 4441 726 4504 Quantum...
760 4437 1009 4510 pedibus
1043 4443 1265 4510 septem
1295 4438 1426 4493 luce
1457 4443 1704 4494 meatur.

361 4528 490 4582 Hac
521 4526 675 4582 inter
703 4526 900 4598 plures
931 4527 1153 4600 gremio
1185 4545 1332 4599 quas
1363 4527 1624 4582 continet
1653 4527 1846 4595 urbes,

363 4616 511 4672 Urbs
542 4614 784 4688 antiqua
816 4620 1043 4688 potens,
1076 4617 1358 4688 speciosa,
1392 4619 1450 4670 et
1471 4615 1644 4671 divite
1675 4633 1840 4683 vena,

362 4705 594 4761 Eminet
623 4704 874 4777 antiqua:
908 4704 1184 4778 Babyloni
1217 4719 1427 4775 nempe
1447 4719 1654 4760 coaeva.

363 4795 512 4850 Nam
546 4811 661 4866 quo
685 4794 1016 4850 Chaldaeum
1049 4794 1386 4866 pharetrata
1431 4792 1772 4850 Semiramis
1820 4809 2014 4849 arcem

364 4883 648 4955 Tempore
706 4884 1031 4940 construxit
1088 4881 1266 4937 simul
1327 4882 1450 4938 haec
1502 4899 1735 4955 quoque
1783 4883 2018 4939 condita

1726 4972 1906 5040 [fulsit
1929 4989 1942 5029 :

366 5061 615 5118 Nomine
645 5065 917 5132 corrupto
949 5077 1075 5132 quae
1107 5077 1264 5116 nunc
1299 5060 1552 5117 Rahasia
1581 5061 1756 5129 dicta,

365 5149 672 5222 Temporis
703 5148 933 5221 antiqui
966 5150 1224 5221 possedit
1253 5166 1468 5206 nomen
1497 5151 1738 5223 Edyssa.

367 5237 499 5295 Haec
520 5253 691 5294 secus
719 5236 989 5310 Assyrias
1010 5237 1167 5309 jacet
1198 5239 1270 5294 ad
1304 5255 1404 5296 sex
1434 5238 1621 5295 millia
1641 5239 1908 5308 Charras,

441 5379 552 5452 (80)
582 5376 757 5452 ﬁdit,
792 5380 1076 5452 relinquit.

367 5450 555 5577 vigil)
584 5450 760 5517 Edit.,
808 5450 959 5509 Ehezi
1002 5453 1122 5524 quis
1177 5454 1334 5510 mihi“
1365 5454 1454 5511 det
1499 5455 1704 5512 misera
1750 5454 2021 5512 discedere

2027 3106 2070 3172 C
2111 3105 2391 3162 Romanis
2422 3105 2672 3162 ducibus
2702 3105 3047 3162 Crassorum
3080 3106 3266 3158 morte
3298 3118 3555 3174 perosas,

2115 3195 2177 3250 In
2205 3193 2422 3266 quibus
2454 3194 2735 3266 antiquus
2769 3193 3014 3265 degebat
3042 3191 3257 3246 Abram
3290 3189 3642 3263 patriarcha.

2110 3283 2256 3339 Cum
2285 3284 2354 3339 de
2377 3281 2690 3338 Chaldaica
2724 3281 2917 3338 divino
2942 3279 3184 3334 numine
3215 3279 3455 3334 flamma

2110 3372 2324 3426 Erutus
2355 3371 2539 3427 evasit
2566 3371 2774 3434 fuerat,
2806 3385 2923 3440 qua
2953 3369 3128 3424 frater
3157 3369 3426 3433 adustus,

2111 3459 2273 3515 Unde
2304 3464 2362 3514 et
2389 3475 2524 3515 voce
2555 3459 2654 3514 Dei
2684 3473 2818 3513 mox
2847 3462 2936 3512 est
2965 3457 3236 3512 excedere
3259 3457 3488 3528 jussus.

2112 3549 2221 3605 Sed
2247 3550 2374 3620 jam
2406 3547 2721 3620 pramissaa
2751 3550 2944 3602 textus
2977 3549 3272 3618 repetatur
3301 3545 3551 3616 Edyssaa.

2113 3640 2178 3693 In
2202 3654 2320 3709 qua
2350 3653 2531 3708 regna
2561 3640 2768 3692 tenens
2800 3635 2913 3690 fuit
2943 3635 3199 3707 abgarus
3231 3633 3328 3709 ille
3361 3633 3594 3705 beatus;

2112 3727 2192 3782 Ex
2216 3725 2446 3780 Domini
2477 3723 2690 3780 Christi
2723 3723 3003 3795 rescripto
3026 3721 3440 3795 magniﬁcatus
3471 3719 3606 3792 (83).

2109 3817 2196 3869 Ac
2220 3814 2407 3870 morbi
2439 3812 2650 3869 veteris
2685 3811 3043 3868 cruciatibus
3067 3815 3437 3877 exoneratus,

2113 3904 2243 3959 Haec
2272 3901 2352 3959 ibi
2383 3901 2747 3974 temporibus
2779 3900 3106 3972 permansit
3135 3899 3384 3972 epistola
3416 3897 3638 3964 multis,

2112 3994 2300 4063 Atque
2330 4008 2396 4047 ea
2427 3991 2499 4046 ab
2531 3989 2793 4045 adversis
2822 3988 3036 4044 tutavit
3065 3987 3282 4044 muenia
3313 3987 3558 4044 cunctis.

2114 4081 2261 4137 Nam
2292 4080 2341 4136 si
2373 4079 2715 4136 barbaricus
2747 4079 2912 4134 furor
2937 4077 3074 4133 illuc
3107 4076 3500 4148 perveniebat,

2115 4171 2450 4243 Baptizatus
2468 4183 2592 4226 eam
2628 4185 2773 4240 puer
2803 4165 2920 4222 alta
2949 4181 3018 4222 ex
3045 4183 3177 4221 arce
3207 4164 3456 4238 legebat,

2117 4261 2364 4331 Moxque
2391 4257 2480 4313 vel
2509 4257 2568 4313 in
2595 4271 2799 4330 pacem
2827 4271 2969 4329 gens
3003 4271 3071 4309 ex
3100 4255 3326 4310 feritate
3361 4253 3606 4323 redibat,

2115 4351 2230 4405 Aut
2258 4353 2475 4405 terrore
2506 4347 2704 4419 fugam
2734 4345 2929 4401 divino
2959 4349 3115 4400 tacta
3145 4343 3397 4418 petebat.

2042 4471 2088 4535 Ι)
2119 4437 2222 4495 Hic
2255 4452 2486 4510 quoque
2517 4435 2808 4491 Thadzsus
2836 4433 3316 4535 in‘Septuaginta
3344 4431 3646 4534 probatus,

2120 4529 2190 4584 Et
2219 4527 2352 4582 ﬁdei
2387 4541 2654 4582 normam
2684 4522 3039 4580 contradidit
3068 4528 3126 4578 et
3156 4521 3456 4594 requievit,

2122 4618 2226 4673 Hic
2256 4616 2432 4672 etiam
2460 4613 2718 4680 Thomas,
2753 4612 2852 4684 qui
2886 4610 3100 4667 Christi
3132 4609 3374 4666 vulnera
3405 4607 3610 4674 sensit,

2121 4708 2191 4762 Et
2222 4705 2499 4760 dubitans
2531 4701 2702 4758 nobis
2732 4699 3039 4757 dubitandi
3071 4699 3292 4755 crimen
3326 4697 3566 4763 ademit,

2123 4795 2347 4868 Corpus
2377 4795 2450 4848 ab
2480 4793 2757 4848 Indorum
2789 4789 3126 4863 regionibus
3157 4805 3285 4844 esse
3319 4787 3574 4843 relatum

2123 4883 2406 4952 Creditur,
2435 4887 2493 4938 et
2521 4880 2752 4954 magnis
2779 4879 2875 4936 hic
2909 4877 3230 4934 honoribus
3262 4874 3706 4933 accumulatum

2125 4972 2255 5028 Hec
2287 4968 2466 5027 semel
2495 4969 2555 5024 in
2584 4967 2796 5024 Christi
2829 4970 3207 5039 postquam...
3241 4977 3520 5032 amorem,

2125 5063 2440 5132 Nunquam
2469 5057 2756 5116 sustinuit
2784 5056 3090 5128 frigescere
3119 5053 3480 5126 religionem,

2126 5151 2240 5208 Sed
2291 5165 2479 5220 neque
2525 5144 2861 5204 schismatis
2910 5145 3140 5217 patiens
3185 5143 3514 5200 concedere
3543 5141 3617 5197 ad
3666 5139 3786 5198 bo-

3534 5228 3717 5304 imm,

2199 5378 2558 5455 (83)_1!i,du9
2581 5376 3030 5455 versusﬁesant
3053 5374 3114 5455 Ψ
3141 5373 3336 5455 θᾴίῒὶεξ

2199 5446 2315 5524 (83)
2334 5452 2481 5508 Nota
2509 5450 2582 5506 de
2609 5447 2858 5522 epistola
2886 5446 3102 5503 Christi
3128 5447 3201 5502 ad
3223 5446 3544 5520 Abgarum.
