3998 6088
201 211 304 275 961
735 227 746 240 ⁸
1015 213 1324 276 GILONIS
1369 213 1622 276 PA‘RIS.
1668 213 1870 277 HIST.
1919 213 2331 278 HIEROSOL.
2363 251 2440 260 —
2469 216 2620 278 LIB.
2665 215 2770 279 III.

201 343 477 400 Catholici
508 344 697 400 tenuit
727 344 1144 402 moderaminis
1175 345 1591 419 integritatem,

202 434 356 490 Unde
389 437 446 489 et
470 433 708 507 gentilis
740 433 896 490 mala
926 432 1180 507 plurima
1212 435 1582 492 conditionis.

201 525 267 580 Et
292 522 427 579 tulit
455 523 737 579 heretica
769 523 1025 580 feritates
1057 523 1396 597 impietatis.

202 613 449 670 Maxima
477 613 576 668 sed
609 612 723 668 fuit
753 611 875 668 haec
905 613 1172 669 odiorum
1207 614 1510 688 primaque
1539 632 1738 681 causa,

203 704 330 769 Quae
360 719 538 775 super
563 701 716 758 hanc
749 702 983 776 gravius
1014 703 1327 760 commovit
1359 703 1611 768 ﬁnitima
1659 721 1844 774 arma,

202 793 359 859 Quod
390 791 566 864 Syriae
596 791 837 848 veniens
866 791 1078 848 Christi
1110 792 1322 848 chorus
1355 794 1427 849 ad
1461 794 1756 867 regionem

202 880 466 938 Antiochi
499 885 769 954 quateret
797 880 976 938 variis
1007 882 1378 938 conﬂictibus
1411 884 1634 942 urbem.

203 972 270 1026 Et
299 986 402 1026 nec
431 987 531 1032 eos
561 987 775 1044 magno
807 970 1130 1027 valuissent
1157 973 1386 1028 vincere
1415 971 1586 1040 bello,

203 1061 311 1116 Sed
343 1077 448 1115 nec
478 1059 550 1115 ab
582 1060 820 1120 obsesso
852 1060 1059 1118 saltem
1085 1061 1372 1134 depellere
1405 1079 1593 1119 muro.

203 1149 339 1205 Inde
369 1165 574 1221 graves
607 1149 703 1204 irae
735 1153 936 1206 contra
965 1166 1151 1222 genus
1182 1166 1354 1206 omne
1384 1151 1637 1222 piorum,

203 1240 270 1294 Et
298 1237 652 1294 desiderium
678 1237 906 1294 delendi
940 1255 1153 1293 nomen
1185 1256 1409 1295 eorum.

202 1332 510 1400 Propterea
536 1326 754 1383 celsam
789 1327 943 1382 circa
972 1344 1294 1386 concursus
1326 1330 1608 1403 Edyssam

201 1417 479 1472 Vastabat
508 1420 694 1472 totam
724 1416 979 1488 regionis
1004 1416 1386 1476 fertilitatem.

203 1506 345 1563 Illuc
375 1505 550 1561 vicini
581 1511 792 1562 cuncta
822 1506 892 1560 de
923 1511 1086 1578 parte
1116 1508 1358 1580 gregati,

203 1594 344 1650 llluc
375 1593 681 1667 longinqui
713 1594 870 1650 fama
902 1593 1240 1652 stimulante
1270 1599 1478 1656 vocati.

203 1683 444 1757 Oppida,
477 1700 636 1753 rura,
665 1701 854 1754 casas,
886 1684 1241 1757 castellaque
1271 1687 1700 1757 concutiebant,

201 1777 432 1840 Matres,
465 1777 648 1844 prata,
680 1772 858 1841 viros,
889 1773 1166 1829 animalia
1196 1774 1566 1848 diripiebant.

201 1862 637 1933 Nonnunquam
666 1862 848 1934 portis
879 1880 1113 1935 quoque
1144 1865 1519 1936 pugnabatur
1547 1865 1607 1924 in
1640 1866 1790 1935 istis,

204 1951 851 2007 Mutua......fervebant
880 1952 1122 2007 vulnera
1152 1953 1302 2010 telis.

203 2039 755 2096 Civibus......fessis
787 2056 900 2096 non
934 2040 1096 2096 futile
1121 2042 1334 2111 visum,

201 2127 498 2184 Auxilium
529 2132 730 2184 contra
762 2129 1049 2201 perquirit
1079 2129 1582 2189 Christicolarum.

199 2222 460 2273 Hac......
493 2234 673 2274 causa
703 2217 916 2290 legatio
940 2218 1068 2289 jam
1100 2226 1443 2287 memorata,

204 2306 383 2363 Missa
416 2307 832 2379 superveniens
864 2308 1185 2379 penetravit
1216 2309 1438 2366 Gallica
1466 2316 1678 2367 castra.

202 2396 527 2452 Monstrant
551 2399 607 2450 et
636 2395 827 2452 socios
856 2395 915 2450 in
947 2396 1159 2452 Christi
1193 2397 1489 2471 religione,

203 2487 272 2542 Et
302 2490 642 2541 conservata
674 2501 906 2557 semper
935 2485 1069 2542 fidei
1101 2485 1456 2560 integritate,

472 2575 670 2646 gravia
699 2574 820 2629 haec
853 2575 964 2631 sibi
997 2577 1429 2648 proveniebant,

201 2662 495 2718 Auxilium
531 2679 634 2735 per
662 2680 761 2719 eos
790 2663 901 2719 sibi
933 2665 1194 2720 dandum
1218 2665 1353 2736 jure
1376 2666 1655 2722 ferebant.

201 2752 612 2824 Pracipueque
643 2752 811 2810 ducis
843 2770 1154 2825 personam
1175 2753 1589 2824 sollicitabant,

201 2842 612 2915 Namque......
645 2841 778 2916 plus
809 2841 1178 2897 formidabile
1211 2848 1440 2900 norant.

1835 1697 1840 1700 ’
1877 1719 1924 1784 B

3481 221 3600 282 962

1875 349 1928 413 Α
1957 347 2073 402 Nec
2105 346 2219 403 nisi
2254 347 2354 420 qui
2387 347 2560 404 latuit
2592 349 2950 405 Francorum
2982 347 3222 404 vulnera
3252 349 3419 424 fugit.

1958 437 2072 492 Nec
2103 437 2202 508 qui
2235 436 2472 493 desiluit
2501 437 2644 493 sella
2673 442 2804 512 post
2823 438 2976 495 hanc
3007 439 3292 512 repetivit.

1955 527 2070 582 Nec
2099 525 2338 582 veniens
2365 527 2579 583 vulnus
2605 527 2756 584 cutis
2785 528 3206 586 exteriora......

1957 616 2069 672 Sed
2097 615 2292 671 caesim
2323 617 2707 689 punctimque
2737 619 3106 675 animae.......

1956 704 2070 760 Nec
2102 705 2212 760 fuit
2240 703 2332 761 his
2365 705 2582 760 mirum
2615 705 2910 762 Gallorum
2943 707 3059 764 tela
3089 725 3314 781 pavere,

1955 793 2027 849 Et
2057 793 2262 849 collisa
2293 793 2470 849 nimis
2499 799 2634 866 post
2668 800 2901 868 pectora
2931 801 3094 870 terga
3123 798 3331 855 fovere.

1956 882 2108 938 Dum
2142 900 2392 955 quorum
2427 883 2656 940 fuerant
2685 884 2999 942 virtutibus
3027 887 3224 942 omnia
3254 905 3455 960 prona,

1956 970 2208 1043 Solaque
2236 971 2564 1027 habebatur
2593 973 2831 1046 gentilis
2863 973 3049 1047 gloria
3079 992 3295 1049 pugna.

1956 1060 2101 1116 Cum
2135 1059 2316 1117 Gallis
2348 1061 2498 1118 sueti
2529 1079 2630 1133 pro
2663 1061 2786 1118 sola
2805 1062 2956 1118 bella
2985 1063 3172 1120 salute

1956 1150 2198 1217 Ducere,
2232 1167 2384 1222 saepe
2415 1151 2613 1223 fugam
2645 1151 2755 1206 sibi
2789 1170 2891 1224 pro
2920 1155 3162 1211 Victoria
3190 1155 3422 1214 habere.

1955 1242 2110 1306 Quos
2141 1257 2175 1295 a
2201 1256 2262 1295 se
2293 1240 2483 1296 Crassi
2519 1239 2928 1298 meminissent
2960 1243 3159 1302 funere
3188 1245 3392 1312 victos,

1955 1327 2333 1402 Sublatisque
2363 1328 2537 1384 etiam
2571 1328 2759 1402 signis
2787 1348 2892 1386 sua
2923 1333 3034 1388 sub
3057 1333 3204 1406 juga
3229 1335 3444 1393 missos
3477 1353 3490 1393 :

1954 1418 2099 1474 Cum
2131 1419 2524 1476 Romanorum
2557 1435 2660 1490 per
2690 1418 2944 1492 plurima
2974 1423 3214 1480 nomina
3245 1424 3457 1496 gentis,

1954 1507 2162 1564 Obruit
2193 1506 2538 1579 Euphrates,
2573 1511 2630 1563 et
2660 1508 2848 1564 multa
2879 1511 3156 1567 cadavera
3187 1513 3380 1585 Tigris

1953 1595 2174 1654 Detulit
2204 1595 2262 1651 in
2295 1601 2482 1652 terras
2510 1613 2575 1652 ac
2607 1597 2880 1654 reddidit.
2914 1599 3062 1673 Ergo
3094 1601 3344 1674 repulsis

1956 1685 2255 1753 Hostibus,
2288 1689 2344 1741 et
2370 1684 2535 1741 caecis
2567 1687 2955 1743 condentibus
2985 1705 3086 1744 ora
3113 1691 3394 1763 cavernis,

1959 1775 2128 1831 Omni
2164 1779 2370 1847 pacata
2400 1775 2633 1847 regione
2663 1779 2720 1832 et
2743 1777 3134 1848 constabilita,

1957 1862 2129 1918 Nulla
2159 1879 2221 1918 se
2252 1861 2396 1916 laetis
2429 1861 2621 1933 specie
2652 1862 2932 1920 miscente
2962 1863 3220 1939 maligna
3251 1885 3265 1924 :

1957 1951 2129 2007 Urbis
2160 1954 2432 2023 regnator
2460 1951 2697 2006 fratrem
2727 1950 2986 2008 ductoris
3019 1953 3277 2028 adoptat,

1956 2040 2144 2113 thue
2177 2044 2339 2112 pater
2368 2043 2572 2094 natum
2604 2039 2838 2111 penitus
2870 2039 2982 2097 sibi
3013 2047 3240 2101 nectere
3271 2051 3470 2105 certat.

1957 2128 2195 2202 Delegat
2224 2133 2462 2195 terram,
2496 2127 2789 2202 regionem
2823 2129 3102 2204 subjugat
3128 2149 3384 2202 omnem,

1958 2218 2021 2274 In
2054 2234 2162 2272 sua
2193 2221 2362 2289 pacta
2392 2232 2606 2272 manus
2636 2215 2775 2272 facit
2803 2216 2991 2290 ipsam
3017 2221 3267 2293 jungcre
3297 2223 3548 2296 plebem.

1959 2307 2114 2361 Lasta
2145 2309 2454 2361 coronatur
2484 2303 2659 2361 facies
2687 2310 2743 2360 et
2765 2306 3019 2362 concinit
3047 2308 3230 2367 urbis.

1958 2393 2211 2472 Diversis
2242 2392 2498 2448 modulis
2522 2393 2796 2466 jubilatio
2827 2402 3109 2452 consonat
3136 2401 3332 2458 astris.

1958 2482 2224 2549 Quotidie
2256 2481 2470 2538 celsam
2503 2483 2684 2538 fervet
2713 2500 3034 2541 concursus
3064 2487 3136 2542 ad
3168 2488 3387 2560 aulam,

1958 2572 2276 2628 Unanimes
2308 2575 2569 2627 nostram
2591 2576 2819 2628 certant
2848 2573 3150 2632 addiscere
3179 2576 3386 2650 legem,

1959 2662 2245 2717 Funditur
2277 2661 2336 2715 in
2367 2665 2609 2716 cunctos
2643 2677 2751 2732 pax
2781 2666 2836 2716 et
2865 2665 3176 2720 concordia
3195 2666 3370 2724 cives.

1956 2750 2179 2806 Jur.....
2213 2754 2574 2822 componunt
2599 2749 2859 2822 undique
2887 2750 3040 2820 lites,

1959 2839 2228 2895 Militiam
2259 2841 2483 2894 exercet
2513 2839 2622 2894 sub
2654 2843 2812 2894 certo
2840 2840 3038 2912 judice
3066 2842 3196 2899 tiro.

1958 2929 2103 2984 Hinc
2129 2944 2308 3000 eques
2337 2927 2592 2999 hincque
2621 2927 2798 3000 pedes
2827 2933 2983 2985 recto
3008 2933 3444 3007 movetagmina
3461 2952 3602 3011 gyro

197 3003 286 3058 Fit
312 3001 693 3074 confwdcmtio
721 3001 1276 3094 σωηᾼξᾴςξξῇξῖῴυδ
1305 3004 1546 3061 Cll-8130111?!
1581 3005 1847 3062 Βαιάαἰηο
1883 3081 1922 3094 _
1959 3017 2199 3074 Pellitur
2227 3021 2352 3072 atra
2378 3016 2581 3084 fames,
2615 3016 2912 3088 opulentia
2940 3024 3143 3091 regnat
3175 3019 3231 3076 in
3248 3001 3490 3094 ‘0mnesv,

831 3077 1209 3131 committitur.

272 3196 438 3252 Talia
469 3201 773 3258 moverunt
803 3215 1107 3272 procerum
1142 3199 1483 3256 miserantia
1511 3202 1704 3268 corda,

199 3286 365 3351 Quod
397 3286 471 3342 sit
498 3303 647 3359 opus
678 3287 826 3343 facto
857 3292 1109 3343 tractant
1139 3287 1415 3362 indagine
1447 3290 1654 3346 multa.

198 3374 457 3430 Credunt
486 3376 814 3447 proficuum
848 3375 958 3431 sibi
989 3376 1264 3450 deinceps
1297 3395 1422 3434 esse
1454 3379 1739 3448 futurum,

199 3464 260 3519 Si
293 3480 397 3536 per
425 3481 487 3520 se
519 3464 789 3524 columen
813 3469 1125 3536 praastetur
1152 3467 1327 3523 rebus
1357 3485 1580 3524 eorum.

203 3552 349 3608 llinc
381 3553 492 3609 sibi
515 3555 830 3625 juncturos
861 3554 1102 3610 socialia
1135 3556 1351 3612 fmdera
1378 3557 1616 3614 multos.

199 3641 472 3714 Magnam
503 3659 638 3698 vero
671 3643 784 3698 sibi
817 3660 994 3716 super
1013 3643 1121 3700 hoc
1155 3661 1481 3702 accressere
1511 3646 1768 3716 laudem,

173 3732 728 3804 Spargendumque
760 3749 936 3788 suum
967 3732 1138 3806 longe
1168 3733 1397 3806 lateque
1427 3735 1717 3805 timorem,

198 3820 260 3876 Si
294 3837 429 3875 cum
462 3827 808 3894 prtesentem
841 3823 1156 3878 retinerent
1177 3823 1562 3892 obsidionem,

199 3909 583 3983 Largirentur
612 3927 782 3983 opem
817 3910 1160 3984 longinquis
1192 3913 1560 3970 auxiliarem.

197 3999 304 4053 llis
335 3998 585 4070 aliisque
616 4000 807 4056 modis
840 4001 994 4058 dicta
1025 4001 1249 4056 ratione
1281 4003 1545 4073 probata,

195 4087 390 4142 Ardor
421 4087 573 4143 inest
601 4089 827 4144 cunctis
858 4089 1031 4145 citius
1063 4105 1314 4162 gnavare
1345 4098 1598 4164 precata.

196 4177 313 4232 Sed
349 4177 489 4250 quia
519 4179 822 4250 praesentis
852 4179 1178 4236 domitandi
1202 4180 1452 4237 fulmina
1481 4182 1672 4255 gentis

196 4265 390 4336 Major
420 4283 560 4322 cura
589 4267 796 4324 ducem
829 4267 1146 4324 socialibus
1179 4269 1466 4325 abstrahit
1494 4271 1694 4328 armis.

195 4355 365 4422 Quod
396 4354 609 4428 pignus
643 4374 746 4429 pro
777 4373 838 4413 se
871 4358 1008 4414 dare
1036 4357 1230 4413 carius
1261 4375 1389 4414 esse
1421 4360 1703 4431 probavit,

198 4444 467 4499 Fratrem
502 4445 718 4518 quippe
749 4463 922 4502 suum
956 4447 1332 4520 poscentibus
1361 4449 1691 4506 associavit.

196 4532 349 4588 Cum
382 4549 498 4604 quo
529 4533 748 4589 militia:
771 4539 994 4608 partem
1025 4553 1203 4608 quam
1236 4535 1464 4593 mittere
1495 4537 1741 4611 dignum

196 4621 477 4692 Credidit,
514 4623 710 4679 emisit
736 4624 1029 4697 populatis
1061 4625 1482 4698 suppetiatum.

198 4710 319 4766 Iste
350 4710 543 4767 minor
574 4717 715 4769 natu
747 4712 860 4769 fuit
890 4715 1017 4786 ejus
1049 4715 1303 4787 denique
1334 4715 1530 4784 frater,

196 4798 312 4864 Qui
343 4804 475 4870 post
502 4816 564 4856 se
595 4801 743 4858 rexit
773 4802 1142 4875 Solymorum
1169 4809 1402 4876 sceptra
1434 4805 1723 4861 decenter.

197 4888 375 4943 Tunc
399 4889 836 4960 proﬁciscentes
869 4891 1178 4966 longarum
1211 4896 1394 4949 strata
1422 4892 1672 4960 viarum,

193 4975 425 5050 Nempe
454 4978 654 5035 decem
686 4979 894 5053 spatiis
922 4980 1076 5036 inter
1107 4981 1292 5038 divisa
1313 4982 1564 5051 dierum,

194 5065 466 5122 Tandem
499 5068 843 5140 perveniunt
872 5074 1255 5126 memoratam
1289 5071 1504 5144 sacpius
1537 5072 1763 5129 urbem.

190 5153 531 5211 Conﬁciunt
560 5161 817 5232 stragem
849 5159 922 5216 de
949 5160 1342 5216 vastatoribus
1373 5178 1583 5218 acrem.

186 5244 492 5300 Arsacidae
524 5246 679 5316 victi,
712 5265 900 5320 neque
931 5248 1201 5305 cominus
1227 5267 1393 5306 arma
1424 5250 1674 5308 ferentes

189 5331 532 5407 Diffugiunt
560 5351 731 5392 arcus
763 5343 828 5393 ut
858 5336 1065 5394 inutile
1095 5338 1440 5410 rejicientes.

188 5421 355 5479 Dum
388 5439 504 5480 non
535 5430 834 5499 expertam
863 5432 1164 5499 nequeunt
1185 5427 1600 5501 protendere...

190 5512 262 5570 In
295 5513 668 5590 pedibusque
699 5516 830 5575 citis
861 5519 1042 5574 totam
1063 5532 1310 5592 posuere
1323 5513 1613 5582 salutem.

1879 4453 1927 4518 D

1877 3081 1924 3147 δ
1958 3107 2082 3163 Non
2116 3105 2343 3178 aliquos
2373 3081 2594 3178 patitur
2623 3081 2852 3161 b-onitas
2883 3081 3213 3165 communis
3245 3081 3498 3184 egentes:

1959 3195 2227 3252 Ductoris
2257 3193 2441 3250 nostri
2475 3193 2657 3249 nimio
2688 3193 2854 3267 plebs
2885 3196 3049 3252 ardet
3077 3214 3295 3268 amore,

1959 3285 2074 3340 Nec
2105 3284 2246 3340 satis
2277 3282 2492 3355 expleri
2523 3282 2648 3339 visu
2680 3282 2830 3338 valet
2859 3283 3256 3358 alloquioque,

1961 3374 2177 3429 Felices
2209 3389 2334 3428 sese
2356 3375 2630 3445 reputant
2660 3373 2779 3428 fore
2800 3373 3002 3444 judice
3031 3375 3153 3430 tali.

1961 3463 2024 3518 In
2056 3479 2172 3535 quo
2201 3479 2316 3517 non
2348 3461 2457 3516 nisi
2492 3478 2602 3534 pax
2631 3465 2855 3533 poterat
2880 3462 3228 3537 bonitasque
3257 3466 3460 3536 videri,

1962 3553 2025 3607 ln
2057 3568 2172 3624 quo
2204 3549 2424 3606 militiae
2457 3551 2628 3606 decor
2656 3555 2712 3605 et
2739 3551 2973 3608 virtutis
3003 3551 3283 3628 honestae,

1959 3640 2247 3698 Omnibus
2273 3639 2537 3712 exemplo
2571 3643 2796 3712 poterat
2821 3642 3212 3700 communiter
3239 3661 3388 3702 esse.

1959 3731 2105 3786 Nam
2137 3727 2315 3786 veluti
2346 3728 2560 3784 Paulus
2592 3729 2675 3784 sic
2705 3732 2956 3786 omnibus
2987 3734 3171 3788 omnia
3201 3736 3381 3805 factus

1960 3821 2053 3876 Sic
2084 3822 2208 3876 erat
2234 3817 2295 3872 in
2325 3823 2568 3874 cunctos
2598 3818 2970 3874 moderanter
3000 3822 3409 3896 morigeratus,

1964 3909 2231 3964 Fortibus
2263 3911 2328 3963 ut
2355 3905 2542 3974 fortis,
2578 3906 2828 3963 infirmis
2851 3925 2996 3980 pene
3027 3911 3266 3982 sodalis,

1957 3999 2244 4053 Gauderet
2276 3995 2442 4063 laetis,
2477 4000 2533 4051 et
2563 3999 2994 4068 compateretur
3025 4000 3266 4056 amaris.

1961 4087 2182 4158 Largus
2213 4089 2335 4140 erat
2365 4083 2564 4157 largis,
2598 4084 2766 4156 quasi
2800 4102 3014 4156 parcus
3045 4088 3297 4161 denique
3329 4091 3554 4163 paucis.

1959 4175 2200 4230 Mitibus
2231 4178 2289 4230 et
2321 4172 2500 4240 mitis,
2535 4173 2762 4228 feritate
2793 4176 3158 4232 tumentibus
3189 4195 3379 4251 asper,

1960 4265 2054 4320 Sic
2085 4280 2146 4318 se
2175 4262 2548 4318 conformans
2579 4262 2808 4318 cunctis
2840 4264 3239 4322 moderamine
3271 4269 3442 4335 miro,

1960 4354 2033 4410 Ut
2059 4351 2215 4408 velut
2245 4351 2305 4406 in
2337 4349 2572 4422 speculo
2604 4367 2664 4406 se
2690 4351 2940 4422 quisque
2969 4353 3192 4409 videret
3222 4355 3281 4410 in
3311 4355 3428 4415 illo.

2178 4439 2454 4496 Balduino
2482 4456 2664 4495 necem
2694 4440 2993 4496 meditatur
3021 4442 3232 4500 Edessa:
3263 4461 3380 4500 rex.

2031 4531 2148 4587 Hoc
2177 4528 2527 4602 inspectanti
2559 4527 2739 4584 divini
2773 4529 3077 4602 plasmatis
3107 4530 3284 4604 hosti,

1963 4620 2196 4676 Invidiae
2228 4617 2378 4690 patri
2410 4634 2525 4672 non
2557 4633 2686 4673 esse
2716 4617 2945 4674 valebat
2974 4620 3212 4676 amoris.

1961 4709 2125 4766 Unde
2155 4707 2268 4765 sibi
2299 4706 2543 4780 ingeniti
2576 4706 2772 4763 livoris
2804 4707 3004 4765 fomite
3032 4713 3213 4778 moto,

1960 4798 2327 4870 Collectoque
2357 4813 2475 4853 sua:
2509 4795 2828 4869 impietatis
2860 4796 2919 4853 in
2949 4814 3116 4854 arma
3146 4815 3392 4857 veneno.

1961 4889 2346 4960 Regnatorem
2378 4885 2543 4941 urbis
2574 4885 2738 4959 prius
2770 4885 2878 4942 hoc
2908 4904 2970 4942 se
3001 4885 3414 4950 laetiﬁcantem.

1963 4977 2140 5033 Movit
2171 4976 2229 5030 in
2253 4975 2534 5031 invidiam
2568 4975 2781 5031 mentis
2807 4974 3175 5048 nimiumque
3201 4977 3459 5035 dolorem
3494 4997 3509 5038 :

1961 5066 2228 5122 Crescere
2261 5063 2550 5137 quidquid
2583 5063 2719 5120 huic
2750 5065 2935 5120 cernit
2965 5066 3037 5122 de
3067 5065 3255 5138 plebis
3287 5085 3484 5125 amore

1927 5165 1934 5170 '
1961 5153 2221 5212 Diminui
2255 5153 2488 5209 sibimet
2519 5157 2716 5226 sperat
2747 5155 3003 5213 dictante
3031 5155 3259 5212 timore.

1962 5245 2124 5301 Unde
2153 5243 2212 5297 in
2243 5243 2456 5317 dogma
2483 5243 2699 5301 cadens
2729 5260 3067 5316 perversum
3098 5245 3344 5302 heredis
3364 5246 3572 5320 iniqui,

1960 5335 2034 5390 Et
2062 5335 2331 5390 metuens
2361 5331 2433 5387 ab
2461 5347 2528 5387 eo
2553 5333 2623 5388 de
2655 5330 2818 5405 regni
2849 5333 3108 5390 culmine
3139 5333 3274 5407 pelli
3311 5353 3324 5391 :

1964 5424 2130 5482 Hunc
2163 5437 2338 5492 quem
2369 5419 2682 5478 submissis
2714 5419 2988 5493 precibus
3018 5422 3129 5479 sibi
3153 5423 3614 5498 muneribusque

1966 5517 2054 5577 Ad
2084 5511 2547 5574 succurrendum
2577 5511 2930 5588 rogitaverat
2959 5515 3093 5571 ante
3120 5511 3334 5585 venire,
