3994 6066
329 240 446 299 963

333 372 558 443 Quique
589 366 698 423 sibi
727 366 977 438 patriam
1008 366 1240 438 penitus
1271 367 1463 420 tutore
1495 366 1810 427 carentem,

332 462 484 515 Pene
512 463 568 513 et
596 458 667 512 ab
700 456 864 511 hoste
896 453 1048 510 malo
1081 455 1230 510 ferro
1263 454 1615 524 ﬂammaque
1646 455 1935 519 ruentem,

332 549 598 603 (noiibus
628 550 684 600 et
716 545 928 616 praedis
958 543 1117 598 omni
1148 543 1217 598 de
1249 547 1410 614 parte
1442 543 1792 614 gementem,

333 636 684 694 Reddiderat
715 650 946 689 summo
979 632 1284 687 conamine
1317 630 1397 685 nil
1431 633 1806 697 metuentem,

333 725 547 792 Quaerit
578 741 692 796 quo
723 740 931 797 genere
963 722 1271 794 specieque
1303 721 1591 791 modoque
1619 719 1707 774 vel
1738 722 1858 773 arte

332 815 525 872 Possit
554 815 626 869 ad
660 813 931 867 interitus
963 828 1164 866 casum
1197 811 1536 880 foveamque
1568 813 1775 863 rotare.
1809 800 1812 801 ⁷

334 905 392 961 Si
424 904 618 969 faciat,
653 901 865 972 sceptri
899 902 1151 955 fructum
1186 903 1352 971 putat
1382 916 1507 954 esse
1536 897 1774 965 retenti;

333 993 394 1049 Si
427 1010 563 1059 non,
597 993 866 1063 desperat
893 989 1020 1044 vitae
1047 992 1343 1044 momenta
1370 987 1602 1042 lucrari.

334 1084 404 1138 Et
432 1088 553 1138 tam
587 1096 865 1153 perversae
896 1077 1110 1134 mentis
1141 1077 1250 1131 fuit
1281 1077 1647 1148 invidizeque,

335 1172 405 1228 Ut
436 1188 566 1227 cum
599 1167 1005 1225 Christicolam
1039 1184 1100 1222 se
1132 1167 1244 1221 dici
1275 1165 1445 1220 vellet
1475 1169 1531 1220 et
1561 1181 1708 1231 esse,

338 1258 570 1314 Duxerit
601 1255 908 1327 indignum
941 1271 1001 1309 se
1033 1252 1407 1308 Christicolas
1438 1251 1673 1319 adiisse,

336 1351 404 1405 Et
432 1348 766 1403 tristaretur
797 1361 898 1416 per
929 1360 1026 1399 eos
1059 1359 1166 1397 sua
1197 1347 1321 1396 tuta
1351 1341 1551 1407 fuisse,

337 1442 556 1510 Optans
586 1432 848 1489 idolatris
881 1432 1075 1504 potius
1108 1431 1233 1485 sine
1255 1431 1470 1485 honore
1504 1430 1764 1497 subesse,

337 1531 521 1594 Quam
552 1523 762 1581 Christi
797 1520 1032 1575 famulis
1063 1520 1250 1573 l'mdus
1282 1517 1494 1573 sociale
1520 1519 1770 1574 dedisse.

727 1614 951 1666 Pactum
984 1611 1088 1663 init
1117 1625 1241 1662 cum
1273 1608 1602 1678 inﬁdelibus.

411 1704 522 1761 Sed
553 1701 690 1774 quia
721 1699 906 1771 plebis
940 1715 1103 1753 amor
1133 1697 1313 1751 nimio
1345 1698 1537 1752 favore
1567 1697 1795 1752 favebat

339 1791 451 1859 Illi,
484 1789 576 1847 cui
604 1787 796 1844 malus
827 1785 922 1841 hic
950 1785 1231 1857 placitum
1262 1783 1472 1840 lethale
1502 1785 1766 1857 parabat,

339 1882 750 1937 Demonstrare
783 1875 974 1947 palam
1008 1873 1209 1928 timuit
1239 1873 1395 1945 quod
1430 1878 1622 1928 mente
1651 1874 1908 1946 gerebat.

340 1971 488 2042 Ergo
518 1968 742 2040 legatos
773 1963 997 2020 similes
1029 1962 1141 2018 sibi
1173 1968 1380 2018 nactus
1413 1962 1667 2034 iniquos,

342 2060 546 2114 Hostes
576 2057 796 2111 vicinos
825 2071 858 2109 a
882 2052 1096 2107 Christi
1129 2051 1317 2108 milite
1346 2051 1547 2122 pulsos

343 2147 554 2203 Invitat
583 2143 848 2217 proprios
871 2140 1107 2196 veniant
1136 2147 1200 2195 ut
1233 2157 1437 2195 rursus
1469 2141 1527 2194 in
1561 2157 1748 2212 agros.

343 2237 621 2291 Pmniteat
646 2232 796 2304 quod
832 2248 892 2286 se
923 2231 1111 2284 socios
1144 2229 1387 2301 cmpisse
1421 2228 1661 2284 alienos.

343 2327 460 2382 Hos
490 2340 552 2380 se
584 2323 905 2377 missurum
938 2318 1191 2374 bellandi
1225 2318 1459 2373 nomine
1490 2318 1560 2373 ad
1593 2317 1746 2386 illos,

344 2416 778 2482 Jussurumque
808 2409 934 2464 suis
965 2412 1029 2462 ut
1058 2407 1247 2480 primo
1279 2406 1482 2462 limine
1513 2406 1649 2462 belli

345 2503 677 2561 Destituant
704 2497 834 2555 illos
857 2496 1150 2569 fugiendo,
1185 2496 1245 2549 in
1275 2501 1438 2568 terga
1467 2495 1736 2569 regressi.

345 2597 463 2648 Hos
494 2603 910 2664 permansuros
944 2585 1203 2658 fugiendi
1235 2585 1502 2640 obstante
1532 2585 1771 2656 pudore,

347 2682 442 2739 Sic
471 2695 672 2736 omnes
704 2692 873 2749 posse
903 2673 1080 2730 simul
1105 2691 1221 2729 una
1251 2677 1436 2728 morte
1466 2674 1673 2745 perire.

346 2769 654 2828 Exsultant
683 2764 878 2822 Parthi
911 2763 1204 2835 capientes
1238 2762 1393 2834 quod
1426 2764 1758 2835 cupiebant,

348 2862 418 2916 Et
446 2858 660 2914 celeres
691 2856 907 2910 adsunt
937 2858 999 2908 ut
1028 2857 1162 2908 vota
1193 2851 1452 2924 maligna
1482 2857 1810 2924 capescant.

348 2949 447 3005 Ille
479 2946 635 3002 acuit
664 2949 892 3000 nostros
919 2942 1153 3015 penitus
1183 2941 1262 2996 nil
1297 2941 1408 2997 tale
1440 2946 1727 3008 caventes,

350 3039 538 3094 Donat
569 3035 651 3090 eis
683 3033 923 3089 comites
955 3029 1068 3088 sibi
1097 3031 1422 3103 proditione
1455 3031 1705 3087 sodales.

350 3127 476 3184 Non
509 3131 704 3182 tamen
739 3121 989 3178 associat
1019 3119 1225 3176 saltem
1259 3120 1329 3175 de
1357 3119 1582 3176 civibus
1609 3137 1816 3187 unum,

350 3217 432 3273 Ne
463 3218 658 3288 pateat
689 3216 942 3284 emptum
973 3214 1140 3282 pacto
1173 3226 1522 3281 quocunque
1544 3211 1883 3265 nefandum.

353 3307 525 3361 Extra
545 3300 773 3374 quaesiti
804 3300 1059 3356 subeunt
1087 3314 1153 3353 ea
1182 3303 1374 3354 castra
1396 3297 1658 3370 manipli,

354 3391 650 3465 Indigenis
680 3389 928 3444 ducibus
955 3387 1269 3442 concedere
1299 3387 1371 3442 ad
1402 3387 1600 3443 omnia
1622 3386 1796 3458 jussi.

354 3482 683 3538 Procedunt
711 3477 932 3533 alacres
962 3481 1242 3531 consueta
1272 3476 1342 3530 ad
1375 3474 1601 3530 ludicra
1629 3475 1833 3542 nostri,

356 3571 682 3627 Occurrunt
714 3570 915 3622 contra
951 3563 1189 3620 structis
1221 3563 1549 3636 legionibus
1579 3563 1683 3619 illi.

357 3658 548 3716 Primo
581 3671 898 3727 congressu
926 3656 1233 3726 penetrant
1264 3653 1454 3707 media
1487 3653 1723 3724 agmina
1754 3652 1921 3721 Galli,

357 3749 617 3813 Caedunt,
653 3747 1051 3816 prosternunt,
1083 3743 1176 3796 via
1207 3741 1269 3796 ﬁt
1299 3741 1624 3797 calcaribus
1657 3748 1713 3797 et
1742 3742 1816 3796 vi.

359 3837 469 3893 Sed
503 3839 812 3907 postquam
843 3831 1070 3886 infestis
1103 3831 1478 3885 tenebrarunt
1509 3831 1678 3886 obvia
1704 3830 1855 3896 telis,

361 3927 541 3997 Inque
566 3923 768 3979 eadem
797 3921 980 3976 versis
1012 3921 1342 3974 referuntur
1370 3918 1566 3990 praelia
1594 3920 1771 3975 frenis
1807 3937 1819 3974 :

359 4017 502 4071 Ecce
532 4013 731 4067 vident
760 4010 948 4066 socios
979 4008 1291 4063 manifesta
1321 4007 1647 4080 proditione

362 4103 672 4175 Diffugere,
703 4103 759 4154 et
788 4103 940 4153 retro
972 4098 1128 4162 dare,
1162 4098 1395 4152 nemine
1426 4101 1587 4168 terga
1617 4098 1874 4169 fugante.

364 4193 527 4248 Tunc
557 4187 852 4244 intellecta
884 4204 984 4259 per
1014 4186 1182 4258 signa
1215 4187 1472 4258 patentia
1503 4187 1725 4252 fraude,

366 4282 567 4337 Mutuo
601 4276 912 4343 adhortati,
947 4275 1006 4330 in
1040 4275 1430 4347 manibusque
1479 4275 1705 4331 animas
1739 4292 2002 4348 posuere.

365 4367 626 4441 Amplexi
657 4365 910 4439 clypeos,
944 4364 1240 4436 stringunt
1271 4364 1595 4419 animosius
1626 4381 1814 4433 enses,

366 4458 512 4512 Dam
543 4453 765 4510 validos
796 4453 948 4508 ictus
977 4450 1036 4506 in
1060 4451 1328 4507 cominus
1355 4457 1532 4523 atque
1563 4453 1849 4507 sedentes.

366 4546 593 4601 Norunt
620 4543 680 4598 in
713 4541 988 4596 manibus
1014 4539 1190 4595 vitam
1224 4540 1540 4596 consistere
1567 4546 1623 4595 et
1653 4541 1853 4612 armis,

368 4635 431 4690 In
464 4633 710 4706 pedibus
739 4647 872 4686 vero
904 4629 1195 4701 stipendia
1222 4629 1425 4684 mortis
1455 4628 1716 4684 inermis.

368 4722 590 4779 Malunt
619 4719 892 4776 nobiliter
920 4719 1236 4791 pugnando
1267 4719 1610 4773 occumbere
1641 4716 1827 4790 plagis

371 4816 555 4879 Quam
587 4829 948 4885 paganorum
975 4812 1238 4866 trucibus
1265 4811 1402 4865 dare
1425 4809 1572 4865 colla
1593 4809 1833 4864 catenis.

371 4902 496 4959 Non
529 4907 778 4974 parcunt
808 4901 1044 4964 dextris,
1080 4917 1194 4955 non
1226 4904 1474 4971 parcunt
1505 4899 1755 4970 denique
1788 4896 1938 4964 telis,

372 4990 579 5047 Nullus
611 4992 702 5046 hic
733 4996 820 5045 est
843 4989 1058 5061 jaculis
1091 4989 1314 5042 levibus
1345 4987 1511 5044 locus
1541 4992 1715 5060 atque
1761 4986 2010 5058 sagittis.

372 5080 677 5151 Aspiciunt
708 5077 902 5133 Parthi
935 5078 1155 5131 circum
1181 5075 1495 5146 jaculando
1525 5080 1800 5148 vagantes

377 5169 482 5224 Pro
512 5167 694 5222 tutela
723 5166 931 5221 anima:
965 5169 1194 5221 nostros
1215 5166 1343 5236 jam
1376 5165 1484 5220 rite
1513 5170 1799 5237 gerentes.

377 5256 748 5328 Perpendunt
779 5255 932 5326 quod
966 5255 1256 5327 erat,quia
1285 5254 1414 5309 laus
1435 5255 1546 5310 sibi
1570 5253 1731 5309 nulla
1751 5257 2015 5323 canatur,

377 5344 437 5401 Si
470 5344 855 5399 morientibus
887 5343 980 5399 his
1011 5344 1123 5415 ipsi
1157 5360 1388 5415 quoque
1420 5342 1899 5411 commoriantur,

379 5433 618 5488 Vincere
650 5433 802 5504 quod
835 5436 1153 5506 nequeunt,
1187 5432 1494 5487 dimittunt
1523 5431 1910 5504 aufugientes,

379 5521 808 5598 Dimittuntque
840 5522 993 5583 viros
1022 5522 1304 5583 damnata
1335 5519 1463 5580 luce
1495 5521 1734 5580 feroces.

834 235 936 294 AD
982 230 1494 295 GODEFRIDUM
1538 229 1872 291 APPEND.
1917 228 1995 290 ΙΙ.
2027 260 2100 272 --
2137 228 2446 291 MONUM.
2492 228 2596 290 DE
2638 229 2890 291 BELLO
2935 227 3215 294 ΒΑῧῆΟέ

3614 229 3740 289 964

2002 363 2058 430 Α
2086 361 2399 434 Desperata
2430 361 2592 418 salus
2621 362 2705 418 sic
2734 365 2822 418 est
2843 362 3159 435 pugnando
3188 362 3452 428 reducta,

2083 450 2156 506 Ut
2186 467 2320 523 spes
2351 450 2624 524 nequitia:
2657 450 2714 506 in
2743 450 2993 506 nihilum
3028 455 3372 522 stercusque
3403 451 3662 507 redacta.

2492 540 2798 596 Balduinus
2826 539 3072 596 recedere
3101 541 3318 611 cogitat.

2155 629 2436 703 Egregius
2467 630 2675 684 ductor
2705 630 2883 684 fortes
2914 630 3125 684 affatur
3155 628 3396 696 amicos,

2084 718 2163 773 De
2193 719 2353 774 fovea
2385 718 2590 774 mortis
2622 718 2858 792 propria
2886 717 3101 773 virtute
3131 735 3410 786 reversos,

2085 808 2210 864 Non
2241 809 2385 864 bene
2416 808 2736 864 barbaricis
2767 824 3025 879 unquam
3059 806 3340 879 permista
3365 808 3613 865 catervis

2085 898 2332 970 Agmina
2365 915 2488 970 quae
2521 898 2655 953 fidei
2690 903 2828 952 sunt
2857 897 3114 952 enutrita
3141 896 3440 969 trophaeis,

2086 988 2226 1042 Esse
2259 988 2371 1043 sibi
2403 991 2598 1042 tutum
2632 986 2978 1042 comitatum
3009 984 3276 1057 linquere
3306 985 3521 1058 gentis,

2087 1077 2220 1140 Qua
2253 1076 2441 1149 specie
2472 1075 2688 1131 blanda
2719 1075 2989 1148 propinet
3020 1074 3228 1147 pocula
3259 1074 3484 1132 mortis.

2089 1165 2397 1221 Monstrari
2428 1170 2625 1221 tamen
2658 1165 2779 1219 haec
2811 1163 3067 1220 collectis
3098 1163 3315 1219 foedera
3341 1165 3554 1220 turmis

2088 1254 2161 1310 Ut
2189 1254 2350 1311 nosci
2380 1254 2586 1322 valeat,
2619 1253 2888 1326 placeant
2915 1252 2964 1308 si
2994 1252 3134 1308 talia
3160 1253 3409 1311 cunctis.

2089 1345 2234 1400 Cum
2266 1343 2418 1399 dicto
2452 1345 2671 1399 factum
2701 1342 2990 1398 celeratur
3020 1341 3218 1398 concio
3252 1346 3373 1398 tota

2089 1433 2346 1506 Cogitur,
2380 1437 2436 1488 et
2467 1433 2531 1487 fit
2562 1433 2645 1487 eis
2679 1449 2813 1487 mox
2844 1431 2963 1486 haec
2986 1431 3367 1504 querimonia
3397 1435 3554 1487 nota.

2090 1522 2174 1578 Ob
2207 1540 2332 1595 qua:
2365 1523 2480 1578 sint
2511 1521 2675 1577 missi
2710 1538 2771 1577 se
2802 1520 3184 1592 complevisse
3215 1524 3507 1594 perorant,

2090 1613 2348 1684 Tempus
2381 1613 2584 1667 adesse
2617 1610 2729 1666 sibi
2759 1614 2828 1666 ut
2857 1615 3050 1666 castra
3073 1609 3432 1666 Antiochena
3459 1609 3742 1668 revisant.

2091 1705 2229 1757 Post
2259 1700 2368 1756 hac
2399 1699 2615 1756 auxilia
2645 1700 2693 1755 si
2725 1703 2971 1772 poscant
3001 1716 3107 1754 nec
3138 1703 3490 1768 mereantur,

2095 1791 2211 1846 Hoc
2242 1789 2353 1845 sibi
2384 1807 2489 1862 pro
2520 1789 2743 1845 meritis
2775 1789 2899 1844 fieri
2932 1806 3047 1845 non
3071 1787 3453 1844 difﬁteantur.

2095 1880 2335 1952 Propter
2365 1895 2533 1951 opem
2566 1894 2704 1934 nece
2735 1881 2985 1934 tractata
3016 1894 3080 1933 se
3109 1894 3254 1951 pene
3284 1877 3544 1950 periisse.

2093 1969 2194 2025 His
2226 1969 2382 2039 quod
2414 1967 2605 2024 adhuc
2635 1967 2828 2022 vivant
2863 1984 2924 2023 se
2964 1966 3188 2023 nullam
3221 1967 3471 2040 gratiam
3503 1966 3746 2039 habere,

2094 2059 2200 2114 Per
2226 2058 2524 2113 Christum
2556 2061 2614 2112 et
2644 2057 2876 2112 dextras
2909 2060 3129 2113 restare
3149 2057 3465 2129 superstite
3491 2056 3629 2116 vita.

2093 2147 2240 2218 Ergo
2275 2146 2538 2202 recedere
2567 2162 2630 2201 se
2660 2145 3018 2218 melioraque
3050 2162 3305 2218 quaerere
3336 2150 3524 2218 pacta.

2164 2234 2266 2291 Sed
2291 2235 2522 2306 populus
2553 2251 2676 2303 rege
2695 2235 2973 2313 proditore
2998 2242 3273 2308 perempto
3293 2250 3418 2292 eum
3448 2237 3663 2292 retinet.

2164 2324 2265 2379 His
2297 2323 2469 2378 dictis
2500 2327 2743 2378 onerant
2773 2341 2898 2395 quas
2931 2324 3290 2396 deportanda
3315 2322 3571 2380 fuerunt.

2095 2416 2347 2484 Quaeque
2377 2411 2535 2484 gravi
2565 2411 2718 2468 bello
2746 2429 2849 2485 per
2879 2430 2941 2470 se
2972 2430 3080 2468 sua
3111 2413 3265 2469 facta
3294 2413 3549 2470 fuerunt.

2099 2501 2376 2572 Dispssiti
2407 2501 2466 2554 in
2497 2504 2726 2556 turmas
2757 2501 2899 2556 dant
2928 2500 3164 2574 agmina
3194 2500 3401 2557 bellica
3433 2505 3606 2569 retro,

2096 2591 2166 2645 Et
2197 2588 2347 2645 male
2377 2593 2632 2644 mercato
2667 2588 2920 2644 celerant
2950 2590 3260 2646 abscedere
3292 2606 3490 2663 regno.

2097 2679 2372 2734 Protinus
2404 2677 2461 2732 in
2496 2682 2619 2734 tota
2650 2678 2714 2732 fit
2743 2677 3083 2734 lamentatio
3114 2677 3299 2751 plebe.

2098 2767 2172 2822 Ut
2201 2772 2334 2839 pote
2363 2783 2490 2838 qua
2523 2767 2712 2822 fuerat
2745 2784 2861 2822 non
2893 2767 3074 2839 hujus
3104 2767 3340 2823 conscia
3371 2765 3553 2838 culpae

2101 2857 2173 2913 Se
2202 2857 2451 2912 miseros
2483 2854 2760 2928 clamant,
2794 2856 3021 2928 inopes,
3053 2855 3300 2912 rationis
3330 2871 3546 2928 egenos

2099 2947 2171 3001 Et
2200 2945 2322 3000 vice
2353 2944 2574 3000 crudeli
2598 2944 2724 2999 sine
2751 2945 3053 3001 defensore
3085 2943 3338 3000 relictos.

2104 3034 2417 3106 Postquam
2451 3033 2607 3089 dicta
2635 3033 2780 3089 satis
2811 3050 2937 3106 qua:
2969 3033 3084 3089 dici
3116 3033 3296 3106 digna
3325 3033 3584 3099 fuerunt,

2025 3101 2071 3169 (ἶ
2103 3125 2237 3190 Quae
2259 3101 2431 3179 dolor
2460 3126 2633 3194 atque
2661 3101 2847 3178 timor
2866 3123 3110 3179 comites
3143 3101 3390 3179 dicenda
3437 3121 3754 3190 dederunt,

2102 3212 2375 3268 Protinus
2405 3211 2465 3266 in
2497 3209 2634 3267 belli
2667 3211 2952 3268 rationem
2981 3211 3226 3284 quaestio
3254 3210 3461 3284 surgit.

2103 3303 2237 3367 Qua:
2270 3299 2381 3357 sibi
2411 3317 2591 3356 causa
2619 3299 2768 3373 fugae
2799 3300 3028 3357 fervens
3057 3299 3441 3373 querimonia
3467 3298 3676 3373 poscit.

2104 3392 2178 3446 Ac
2209 3390 2399 3463 primo
2432 3389 2625 3445 tacitis
2656 3388 2920 3462 gladium
2949 3393 3315 3462 mortemque
3346 3388 3671 3445 minantur.

2103 3479 2174 3535 Ni
2206 3495 2486 3550 responsa
2517 3477 2630 3534 sibi
2659 3478 2886 3534 veracia
2918 3495 3051 3534 mox
3081 3478 3427 3535 referantur.

2104 3572 2286 3623 Nemo
2318 3571 2522 3639 sponte
2552 3566 2663 3622 luit
2691 3571 2929 3639 peccata
2948 3566 3138 3622 aliena
3169 3566 3427 3633 silenter.

2109 3658 2324 3730 Regem
2355 3656 2437 3712 sic
2470 3657 2651 3712 nostri
2685 3661 3014 3712 memorant
3039 3657 3290 3729 jussisse
3321 3661 3606 3730 potenter.

2107 3747 2270 3801 Tunc
2301 3762 2662 3818 quaecunque
2687 3745 2824 3800 mali
2857 3744 3014 3802 illius
3043 3750 3374 3801 commenta
3403 3745 3661 3812 fuerunt,

2108 3837 2178 3890 Et
2208 3853 2324 3907 qua
2347 3835 2417 3889 de
2446 3851 2624 3890 causa
2655 3835 3019 3890 concorditer
3049 3835 3431 3892 edocuerunt.

2108 3924 2223 3979 Nec
2256 3940 2418 3978 mora
2451 3924 2514 3977 ﬁt
2545 3923 2758 3979 celsam
2792 3923 2988 3996 populi
3022 3940 3342 3980 concursus
3375 3925 3445 3978 ad
3480 3921 3700 3986 aulam,

2109 4014 2180 4068 Et
2211 4029 2344 4067 cum
2375 4029 2508 4084 rege
2538 4013 2760 4084 agitant
2792 4014 3076 4068 rationem
3104 4011 3468 4084 judicialem.

2111 4102 2236 4157 Non
2271 4102 2416 4156 bene
2447 4102 2719 4173 purganti
2755 4101 2978 4157 fraudis
3006 4101 3345 4174 crimenque
3379 4105 3688 4165 retectum,

2115 4191 2244 4246 Mox
2273 4194 2363 4245 est
2392 4207 2686 4261 purpurea
2716 4195 2891 4263 caput
2921 4209 2955 4246 a
2984 4191 3202 4246 cervice
3233 4190 3536 4246 refectum.

2116 4280 2278 4334 Tunc
2310 4284 2569 4336 oratores
2601 4296 2733 4335 mox
2755 4280 2827 4334 ad
2860 4279 3109 4335 tentoria
3141 4279 3401 4347 mittunt,

2115 4368 2188 4423 Ut
2218 4368 2329 4424 sibi
2363 4367 2695 4423 consultum
2730 4369 2990 4436 redeant,
3020 4367 3394 4441 lacrymando
3427 4368 3764 4440 reposcunt.

2039 4473 2084 4536 D
2116 4457 2390 4522 Quamvis
2421 4456 2636 4512 invitus
2669 4457 2875 4512 ductor
2904 4456 3091 4512 multa
3123 4474 3292 4529 prece
3321 4457 3529 4522 victus,

2121 4545 2356 4601 Consilii
2389 4562 2568 4600 causa
2594 4549 2681 4600 est
2707 4545 2779 4599 ad
2811 4547 3028 4600 mcenia
3057 4545 3211 4600 celsa
3240 4546 3538 4600 reductus.

2122 4635 2311 4706 thue
2344 4633 2451 4688 fuit
2476 4633 2734 4704 primum
2766 4634 2950 4704 portis
2983 4633 3287 4705 murisque
3319 4635 3608 4704 receptus,

2123 4723 2326 4779 Omnis
2357 4738 2490 4778 eum
2519 4738 2761 4793 propere
2793 4723 3137 4777 circumstat
3166 4728 3363 4776 turma
3394 4725 3658 4776 senatus.

2124 4814 2339 4867 Omnes
2371 4827 2432 4866 se
2463 4814 2717 4882 purgant
2748 4827 2781 4864 a
2811 4810 3054 4865 crimine
3077 4808 3442 4882 proditionis,

2126 4900 2341 4955 Omnes
2373 4898 2678 4970 deplorant
2708 4898 2863 4954 mala
2891 4916 3079 4971 pravae
3113 4896 3490 4970 suspicionis,

2124 4990 2259 5054 Quae
2291 4987 2403 5042 sibi
2433 4987 2690 5043 ductoris
2721 4988 2985 5043 animum
3014 5005 3118 5060 per
3146 4990 3359 5042 cuneta
3380 4983 3702 5055 benignum

2124 5077 2478 5143 Abstulerat,
2511 5093 2645 5132 cum
2678 5076 2760 5130 nil
2792 5077 2939 5132 foret
2967 5093 3000 5131 a
3032 5093 3091 5131 se
3123 5091 3364 5148 pergere
3397 5076 3650 5147 gestum.

2128 5165 2344 5221 Omnes
2376 5182 2611 5237 poscere
2639 5182 2700 5221 se
2731 5165 3003 5237 precibus
3034 5164 3428 5236 lacrymisque
3459 5159 3741 5234 profusis,

2128 5255 2209 5311 Ne
2239 5272 2300 5311 se
2329 5254 2632 5310 dedecoret
2660 5258 2792 5326 post
2820 5253 2943 5309 haec
2972 5252 3215 5308 infamia
3242 5251 3453 5324 turpis,

2130 5344 2212 5399 Ne
2244 5361 2304 5399 se
2335 5343 2614 5398 destituat
2641 5341 2822 5398 tutela
2853 5359 2972 5397 sua:
3003 5340 3259 5413 pietatis,

2131 5434 2253 5488 Neu
2287 5449 2348 5488 se
2376 5431 2692 5487 mortiferis
2723 5430 2859 5486 velit
2888 5431 3178 5501 objectare
3208 5427 3463 5501 periclis,

2133 5523 2274 5598 Ejus
2307 5520 2629 5596 primatum
2660 5537 2838 5596 super
2865 5519 3064 5578 omnia
3091 5517 3263 5577 vellet
3291 5533 3509 5587 amare,
