3998 6088
222 292 344 353 965

221 425 352 480 Non
385 421 726 495 indignetur
755 439 954 477 secum
991 423 1287 496 regnando
1318 439 1574 479 manere.

229 513 336 569 llle
369 516 542 584 negat
573 527 704 567 sese
734 509 1093 583 superillum
1126 512 1372 584 praetore
1405 529 1600 585 posse,

228 604 358 668 Quo
391 618 450 656 se
483 601 806 672 contigerat
837 601 1040 655 urbem
1077 601 1355 656 invitante
1395 601 1632 673 petisse,

227 691 395 757 Quod
427 707 488 746 se
518 692 838 762 purgarent
869 689 1011 745 satis
1039 687 1156 744 illis
1188 690 1437 762 gratiam
1468 689 1701 760 habere,

227 779 398 836 Illius
427 796 598 852 porro
630 777 923 834 consortia
955 777 1104 834 nolle
1131 783 1347 836 tenere.

223 869 317 925 Illi
353 868 628 925 continuo
663 873 996 923 meust-rant
1027 885 1153 940 quae
1187 872 1354 941 gesta
1383 869 1652 938 fuissent,

223 961 362 1025 Qua:
394 976 497 1030 pro
524 957 777 1029 perfidiae
808 956 918 1012 sibi
953 956 1195 1013 crimine
1225 959 1379 1013 dona
1407 958 1704 1022 tulissent.

223 1048 557 1104 Ostendunt
588 1051 783 1119 caput,
816 1046 1042 1118 hocque
1074 1046 1165 1102 sui
1201 1047 1345 1102 dant
1377 1047 1590 1119 pignus
1641 1046 1882 1116 amoris,

223 1137 393 1204 Quod
427 1135 559 1191 fidei
594 1134 742 1191 lissaz
772 1135 986 1190 tulerat
1017 1135 1275 1191 vindicta
1307 1136 1516 1192 fidelis.

225 1225 376 1281 Hinc
406 1224 554 1280 votis
587 1229 719 1279 vota
742 1225 1027 1296 jungunt,
1061 1225 1455 1297 precibusque
1486 1229 1739 1297 precata,

222 1314 479 1386 Vimque
508 1317 740 1385 parant,
775 1312 888 1367 nisi
924 1313 1189 1368 ﬂectatur
1219 1313 1508 1369 sententia
1539 1315 1652 1370 fixa

229 1403 551 1476 Obstupuit
580 1403 792 1458 ductor
820 1406 982 1461 tanto
1014 1420 1075 1458 se
1106 1403 1318 1459 fmdere
1349 1403 1530 1475 qumri

233 1493 298 1548 In
333 1491 648 1548 Dominum
683 1489 880 1563 populi
914 1508 1016 1563 pro
1050 1507 1110 1547 se
1141 1491 1250 1546 hac
1282 1492 1509 1549 feritate
1538 1493 1741 1550 severi.

231 1581 385 1648 Quid
420 1581 495 1636 sit
525 1598 674 1653 opus
705 1581 856 1636 facto
890 1581 1182 1636 sociorum
1211 1581 1466 1637 consulit
1509 1599 1740 1654 agmen,

229 1669 586 1727 Collaudant
612 1686 814 1726 omnes
847 1669 1110 1725 oblatum
1143 1670 1420 1726 scandere
1453 1670 1716 1726 culmen.

230 1759 567 1832 Ingreditur
596 1758 812 1815 celsam
845 1759 1072 1815 cunctis
1101 1758 1435 1815 laetantibus
1466 1777 1681 1828 arcem,

227 1847 631 1920 Jurisjurandi
650 1847 804 1920 capit
834 1848 1094 1920 undique
1122 1847 1535 1904 conditionem.

231 1939 295 1994 In
329 1955 438 1994 sua
467 1938 550 1993 sic
577 1941 762 1992 totam
791 1935 1090 2009 componit
1119 1937 1337 1993 foedera
1367 1942 1623 2010 gentem,

235 2028 665 2099 Defensamque
695 2027 844 2099 regit
875 2025 1126 2098 propriis
1156 2026 1470 2083 virtutibus
1497 2027 1722 2083 urbem.

235 2135 350 2189 Rex
383 2133 677 2206 Babylonis
732 2132 971 2206 dolosam
1026 2132 1097 2188 ad
1143 2134 1486 2189 Christianos
1543 2134 1889 2189 Antiochiam

626 2204 927 2260 obsidentes
959 2205 1282 2273 legationem
1308 2207 1495 2261 mittit.

311 2293 411 2348 His
439 2293 520 2348 ita
549 2293 912 2365 compositis,
947 2297 1022 2359 et,
1057 2293 1216 2348 fama
1247 2293 1604 2362 notificante,

235 2383 481 2438 Nostros
511 2381 736 2438 obsidio
769 2382 911 2437 dum
943 2381 1166 2437 detinet
1196 2383 1357 2438 urbis
1388 2399 1650 2450 amoena,

237 2471 431 2528 Altera
463 2472 532 2526 ad
561 2471 767 2528 heroas
797 2470 1010 2542 legatio
1037 2471 1108 2526 de
1139 2470 1450 2543 Babylonis

237 2561 488 2616 Arcibus
519 2560 750 2616 advenit
782 2578 898 2615 non
929 2577 1134 2632 expers
1165 2560 1531 2632 proditionis.

243 2650 375 2704 Haec
407 2654 602 2704 autem
636 2649 889 2722 Babylon
923 2666 1048 2720 quae
1081 2665 1237 2704 nunc
1269 2649 1606 2705 habitabilis
1647 2655 1852 2717 exstat,

241 2739 439 2812 Longe
469 2756 503 2794 a
531 2737 853 2794 Chaldaicis
885 2737 1196 2810 Babylonis
1227 2735 1460 2792 climate
1499 2739 1695 2794 distat.

248 2827 354 2883 Illa
385 2826 599 2882 etenim
629 2843 832 2882 versus
864 2825 1197 2898 aquilonem
1231 2826 1483 2895 ducitur,
1516 2825 1648 2882 ista.

241 2919 605 2974 Euronotum
637 2920 908 2988 spectans
935 2915 1147 2988 frangit
1178 2915 1555 2987 Memphitica
1583 2933 1781 2989 regna.

240 3005 427 3062 Alluit
461 3005 785 3078 Euphrates
815 3003 977 3060 illam
1007 3004 1362 3060 torrentibus
1392 3005 1588 3062 undis.

244 3093 480 3152 Fertilis
509 3095 660 3150 hanc
691 3093 858 3150 Nilus
891 3093 1074 3166 nigris
1105 3093 1379 3148 fecundat
1408 3093 1622 3150 arenis.

242 3183 411 3240 Illam
445 3187 577 3256 post
605 3183 855 3238 Nemrod
888 3181 1233 3238 fundamina
1263 3181 1715 3254 praajacientem,

245 3273 432 3344 Inque
464 3271 630 3344 polos
658 3271 870 3326 turrim
902 3268 1212 3326 sustollere
1241 3270 1700 3342 percupientem,

246 3360 473 3418 Struxit
501 3360 844 3416 Semiramis
875 3361 1098 3432 quadro
1129 3358 1308 3415 latere
1339 3376 1504 3432 aequa
1531 3363 1826 3416 tenentem

249 3449 643 3522 Perquelatus
669 3449 940 3521 quodque
954 3465 1053 3504 sex
1065 3449 1331 3519 denaque
1354 3447 1541 3504 millia
1560 3448 1895 3520 habentem,

249 3538 430 3594 Millia
461 3523 739 3594 circuitus
770 3537 853 3592 sic
887 3553 1173 3610 sexagena
1205 3537 1505 3604 ferentem,

249 3631 438 3700 Atque
469 3632 751 3700 quaterna
782 3625 959 3682 simul
991 3629 1111 3681 tota
1141 3623 1459 3681 ambitione
1482 3625 1823 3698 replentem.

252 3717 524 3788 Undique
555 3715 860 3771 coctilibus
895 3715 1082 3770 forma
1111 3715 1233 3769 hinc
1262 3713 1626 3770 circumdata
1655 3717 1864 3782 muris,

251 3808 440 3878 Atque
469 3805 774 3878 gigantaeis
807 3803 1055 3875 pedibus
1089 3803 1198 3857 fuit
1225 3802 1344 3858 alta
1370 3802 1636 3860 dicentis.

253 3896 324 3950 Et
353 3911 487 3949 cum
515 3892 730 3949 vicenis
763 3892 978 3964 pariter
1007 3891 1260 3963 spissata
1285 3891 1544 3959 tricenis,

259 3983 541 4038 Praeterea
571 3982 753 4054 portis
785 3986 1014 4035 tantum
1047 3978 1328 4035 stridebat
1356 3979 1580 4036 ahenis.

259 4071 322 4128 In
358 4071 548 4127 medio
576 4070 786 4126 turrim
819 4069 1041 4143 gremio
1074 4067 1376 4140 complexa
1405 4071 1740 4142 superbam,

252 4162 436 4226 Quam
471 4160 762 4232 scriptura
793 4160 966 4214 refert
994 4162 1225 4231 gentem
1257 4157 1543 4214 struxisse
1573 4165 1902 4232 protervam

251 4252 397 4306 Cum
433 4253 565 4322 post
594 4248 881 4304 diluvium
912 4247 1153 4303 veniens
1185 4246 1428 4302 orientis
1461 4248 1534 4302 ab
1565 4265 1688 4316 axe,

253 4337 531 4410 Repperit
561 4337 719 4393 hunc
749 4353 1023 4409 campum
1057 4334 1248 4391 medio
1279 4334 1506 4392 telluris
1535 4341 1765 4409 apertae.

255 4427 438 4498 Cujus
464 4425 706 4496 planitie
741 4441 873 4480 mox
903 4423 1191 4478 delectata
1219 4422 1438 4494 capaci,

1031 289 1338 352 GILONIS
1382 289 1636 352 PARIS.
1685 287 1887 352 HIST.
1937 289 2353 354 HIEROSOL.
2389 327 2466 338 —-
2494 292 2642 354 LIB.
2689 293 2791 354 III.

2687 0 3028 20 nassam-.2
3077 5 3094 16 '
3109 9 3118 12 -
3137 9 3190 22 ..-'.
3259 9 3298 24 ._._'.
3313 11 3366 24 ._—
3419 21 3424 24 .

3517 299 3636 360 966

1909 427 1961 492 Α
1993 423 2182 480 Donec
2213 426 2322 480 sub
2355 429 2496 495 Cyro
2528 427 2727 482 Medos
2746 426 3066 499 Persasque
3093 433 3348 502 regente,

1994 513 2236 569 Summo
2263 530 2440 586 regno
2472 515 2588 570 Deo
2619 514 2728 570 sibi
2760 514 3016 586 plurima
3043 516 3406 586 subjiciente,

1993 601 2174 674 Capta
2199 606 2257 658 et
2288 603 2586 658 destructa
2616 605 2768 676 quod
2801 604 3013 660 fecerat
3043 611 3132 661 est
3179 622 3408 679 quoque
3441 625 3634 680 passa.

1994 691 2264 746 Praedans
2294 693 2571 764 praedata.
2604 692 2903 765 captivans
2933 693 3217 750 exsiliata.

1991 782 2178 851 Atque
2210 781 2626 854 prophetarum
2651 783 2823 854 juxta
2851 783 3126 854 praedicta
3152 802 3471 855 sacrorum,

1995 869 2389 926 Monstrorum
2422 871 2574 926 facta
2604 877 2692 927 est
2722 872 3005 927 habitatio
3037 874 3543 932 multimodorum.

1990 959 2061 1012 At
2093 962 2406 1030 postquam
2436 964 2612 1032 Cyrus
2646 960 2913 1033 Scythico
2946 961 3055 1016 fuit
3077 979 3215 1018 ense
3247 970 3505 1034 necatus,

1994 1047 2178 1103 Filius
2213 1047 2400 1119 ipsius
2430 1048 2746 1122 Cambyses
2775 1053 3000 1122 patrem
3033 1051 3322 1122 imitatus,

1994 1138 2128 1202 Quae
2161 1154 2317 1192 nunc
2347 1137 2622 1193 incolitur
2651 1137 3002 1210 Babylonem
3035 1141 3311 1210 condidit,
3345 1148 3520 1214 atque

1992 1225 2247 1294 Judseos,
2279 1226 2498 1282 Arabes
2529 1226 2640 1282 sibi
2673 1227 2956 1296 subdidit,
2987 1229 3425 1303 zEthiopasque.

1995 1315 2090 1370 Sic
2121 1331 2188 1370 ex
2219 1332 2375 1370 nunc
2399 1319 2456 1370 et
2486 1319 2624 1370 tunc
2655 1316 2910 1389 Babylon
2941 1319 3208 1390 Egyptia
3239 1324 3462 1392 regnat,

1994 1404 2065 1458 Et
2092 1403 2312 1458 circum
2345 1404 2501 1460 circa
2531 1403 2877 1460 famulantia
2908 1423 3086 1479 regna
3118 1413 3391 1464 coarctat.

1996 1493 2186 1563 Hujus
2217 1498 2490 1566 regnator
2520 1494 2737 1550 nostris
2768 1495 2922 1566 apud
2955 1496 3401 1563 Antiochenam,

1998 1581 2264 1654 Insignes
2294 1581 2457 1637 misit
2487 1581 2706 1654 legatos
2736 1583 2994 1654 perfidus
3026 1585 3250 1641 urbem.

1998 1669 2217 1725 Horum
2247 1668 2474 1741 primus
2505 1674 2626 1724 erat
2660 1669 2759 1742 qni
2790 1673 2932 1726 tunc
2961 1671 3072 1726 fuit
3103 1671 3251 1727 alter
3273 1673 3344 1728 ab
3377 1671 3497 1740 illo,

2000 1757 2104 1812 Vir
2132 1758 2390 1813 bonuset
2419 1759 2700 1830 prudens,
2733 1775 2847 1814 non
2880 1759 3186 1832 igenioque
3220 1759 3498 1834 maligno.

1998 1846 2243 1902 Nescius
2275 1861 2410 1918 ergo
2441 1846 2579 1916 doli,
2615 1863 2802 1919 neque
2833 1849 3102 1904 conscius
3132 1849 3502 1905 insidiarum.

1997 1934 2354 2006 Simpliciter
2383 1935 2529 1990 dixit
2559 1935 2670 1990 sibi
2704 1937 2859 2008 quod
2887 1936 2998 1992 fuit
3027 1937 3450 2010 imperitatum.

2001 2024 2214 2096 Regem
2245 2040 2502 2095 namque
2533 2041 2708 2080 suum
2755 2029 3092 2082 nostrorum
3141 2031 3306 2099 gesta
3353 2026 3643 2100 legentem

1998 2112 2277 2184 Exposuit
2309 2112 2526 2168 nostris
2558 2113 2812 2168 multum
2844 2115 3125 2172 mandare
3156 2115 3429 2172 salutem.

2001 2201 2212 2256 Urbem
2249 2200 2605 2256 Hierusalem
2638 2201 2748 2257 sibi
2782 2220 2937 2258 nunc
2962 2204 3180 2260 ditione
3208 2205 3536 2274 subactam,

2000 2290 2188 2360 Hujus
2219 2307 2400 2345 causa
2425 2290 2570 2345 istos
2599 2294 2829 2345 tantum
2863 2293 3190 2364 sumpsisse
3219 2293 3501 2350 laborem.

1999 2377 2158 2433 Velle
2189 2377 2416 2450 aliquos
2447 2379 2560 2434 sibi
2591 2383 2923 2435 nostrorum
2953 2387 3331 2453 properanter
3372 2384 3576 2440 adesse

2001 2467 2166 2535 Visu,
2203 2467 2514 2539 colloquio,
2546 2467 2701 2524 victu
2735 2468 2848 2524 cibi
2873 2469 3223 2542 participare
3258 2489 3271 2526 :

2001 2556 2060 2612 Si
2093 2557 2174 2611 ibi
2204 2555 2293 2610 vel
2324 2557 2470 2612 ratio
2501 2556 2587 2612 vel
2619 2557 2894 2614 honestas
2923 2558 3224 2632 religionis

2002 2646 2256 2700 Suadeat
2285 2649 2349 2699 ut
2378 2647 2566 2701 faveat
2596 2663 2705 2701 sua
2733 2647 3092 2703 conversatio
3123 2651 3362 2706 nostris.

1999 2735 2130 2789 Jain
2164 2734 2288 2790 fieri
2319 2751 2491 2806 posse
2523 2738 2586 2789 ut
2614 2735 2856 2806 gentilia
2885 2741 3146 2793 monstra
3178 2739 3407 2808 refutet,

2002 2823 2077 2878 Ut
2106 2823 2295 2894 posito
2325 2823 2621 2879 Christum
2654 2823 2984 2880 dlademate
3011 2825 3238 2897 primus
3267 2827 3487 2884 adoret.

2003 2913 2166 2966 Tunc
2197 2910 2310 2966 sibi
2340 2911 2702 2967 Hierusalem
2733 2912 2858 2968 fieri
2891 2929 2995 2984 per
3025 2919 3238 2971 cuncta
3258 2901 3575 2988 patentem,

2003 3002 2168 3056 Tunc
2198 3016 2435 3056 sacrum
2465 2999 3072 3068 tumulum,cunctum
3087 3019 3318 3075 quoque
3341 3005 3540 3061 cedere
3553 3005 3652 3062 ho-

3389 3092 3614 3166 [norem

1925 3163 1968 3231 C
2007 3179 2171 3234 Tunc
2203 3177 2458 3250 palmata
2489 3178 2612 3234 suis
2643 3179 2906 3234 insontes
2937 3197 3247 3253 suggerere
3277 3163 3498 3239 hastas.

2008 3267 2190 3339 Inque
2221 3266 2324 3323 Dei
2353 3266 2560 3324 laudes
2589 3267 2814 3324 habiles
2844 3269 3157 3325 concedere
3187 3269 3398 3343 spicas.

2007 3376 2355 3444 Legationem
2384 3375 2505 3443 regi
2527 3376 2752 3430 mittunt
2782 3375 3102 3431 Christiani.
3137 3378 3358 3446 Legatos
3403 3381 3654 3435 truncari

2004 3462 2106 3502 rex
2126 3446 2300 3517 jubet,
2333 3446 2426 3502 sed
2453 3462 2640 3501 eorum
2670 3446 2890 3502 ductore
2939 3457 3296 3519 repugnante.
3342 3459 3648 3506 servantur.

2078 3533 2384 3590 Exsultant
2415 3533 2598 3590 nostri
2627 3534 2773 3590 nihil
2803 3535 2899 3591 hic
2928 3536 3140 3592 hostile
3168 3542 3455 3594 caventes.

2008 3625 2118 3680 Sed
2151 3640 2363 3679 nomen
2396 3623 2632 3678 Domini
2664 3623 2802 3679 hinc
2835 3623 3114 3680 celebrari
3145 3627 3552 3698 suspicientes.

2009 3712 2110 3768 Ille
2139 3714 2317 3767 etiam
2350 3713 2622 3784 princeps
2654 3711 2902 3768 aliorum
2935 3719 3130 3769 mente
3163 3715 3437 3788 benigna,
3735 3787 3740 3792 α

2009 3802 2250 3857 Constat
2278 3806 2335 3856 et
2366 3801 2649 3868 hortatur,
2685 3803 2982 3874 spondens
3001 3803 3651 3877 foreprosperecuncta.

2010 3891 2125 3946 Hos
2155 3890 2370 3946 etenim
2403 3890 2726 3946 incolumes
2757 3891 3045 3947 deducere
3075 3909 3136 3948 se
3170 3894 3288 3949 fore
3319 3899 3562 3963 certum,

2011 3979 2238 4036 Rursus
2266 3979 2584 4034 honorifice
2614 3980 2854 4035 reduces
2884 3981 3022 4036 dare
3046 3985 3276 4053 pectore
3297 3984 3478 4038 ﬁxum

2010 4070 2159 4141 Ergo
2192 4068 2342 4123 inter
2370 4069 2594 4140 primos
2623 4067 2909 4124 bellorum
2939 4069 3113 4125 laude
3142 4076 3429 4143 potentes,

2011 4158 2280 4228 Interque
2310 4156 2552 4212 eximios
2583 4157 2840 4228 insignia
2870 4157 3027 4213 clara
3048 4161 3316 4228 terentes,

2010 4247 2290 4302 Ductores
2319 4245 2594 4311 vocitant,
2626 4245 2957 4317 complures
2988 4247 3244 4320 digniter
3281 4255 3509 4306 ornant.

1949 4356 1954 4361 ·
2010 4335 2248 4391 Cunctis
2275 4333 2496 4388 militia
2529 4333 2708 4388 simul
2741 4334 3096 4391 utilitatibus
3127 4343 3380 4406 armant,

2011 4425 2084 4480 Et
2112 4439 2248 4479 cum
2279 4421 2486 4495 legatis
2518 4421 2740 4495 legatos
2771 4439 3010 4496 pergere
3042 4426 3342 4482 mandant.

254 4515 417 4571 Hanc
449 4513 653 4570 statuit
681 4513 892 4570 turrim
925 4513 1125 4601 facere
1142 4527 1322 4601 asque
1344 4511 1415 4566 ad
1447 4510 1708 4568 culmina
1751 4511 1900 4570 cmli.
1933 4535 1981 4601 D
2013 4513 2210 4569 chere
2239 4510 2326 4568 vel
2349 4512 2543 4601 facere
2574 4511 2851 4601 quagsint
2870 4528 2946 4601 ise
2976 4512 3154 4585 digna
3182 4520 3476 4586 perorant.

254 4607 517 4674 Cumque
546 4602 826 4658 evasisset
847 4601 974 4673 jam
1007 4598 1194 4655 millia
1217 4600 1289 4654 ad
1321 4616 1506 4672 usque
1547 4604 1852 4672 quaterna,

253 4693 444 4762 Atque
475 4690 623 4746 foret
651 4689 891 4746 totidem
925 4687 1243 4762 spatiosius
1272 4687 1531 4760 undique
1561 4688 1698 4746 lata.

257 4779 419 4836 Hanc
451 4780 530 4834 ita
561 4778 898 4844 stultitiam,
930 4777 1116 4850 pietas
1148 4775 1346 4832 divina
1375 4776 1600 4846 recidit,
1638 4840 1640 4842 τ

254 4867 610 4940 Uniloquam
643 4866 908 4942 linguam
938 4864 1289 4938 permultas
1319 4866 1669 4934 extenuavit,

236 4958 352 5032 _Sic
380 4957 716 5013 intermissa
745 4962 832 5012 est
863 4972 1107 5028 operum
1140 4953 1520 5027 prtesumptio
1553 4971 1742 5024 cassa,

250 5047 381 5103 Non
411 5045 706 5102 intellecta
735 5045 1084 5102 alterutrum
1114 5047 1382 5100 currente
1411 5042 1662 5116 loquela.

249 5135 474 5191 Taliter
501 5139 796 5191 exstructa
824 5134 1008 5208 viguit
1035 5150 1139 5205 per
1166 5135 1431 5204 tempora
1458 5131 1668 5201 multa,

249 5224 511 5297 Regibus
541 5241 608 5280 ac
639 5221 872 5297 populis
901 5221 1306 5296 compluribus
1337 5220 1675 5293 imperiosa.

249 5312 441 5370 Multa
473 5313 628 5370 mala
656 5330 950 5383 exercens,
985 5311 1246 5369 crudelia
1275 5314 1487 5366 cuncta
1504 5311 1905 5383 frequentans,

249 5402 442 5475 Reges
467 5419 781 5471 excecans,
813 5417 1082 5476 proceres
1113 5398 1480 5474 populosque
1537 5403 1836 5457 catenans.

251 5489 503 5563 Templa
531 5491 622 5548 dei
655 5492 900 5561 violans,
933 5507 1101 5548 sacra
1127 5505 1266 5546 vasa
1296 5503 1400 5560 per
1457 5485 1613 5544 idola
1660 5490 1908 5560 fmdans,

252 5579 498 5655 Ignibus
529 5585 706 5656 atque
725 5579 863 5638 feris
893 5583 1229 5639 sanctorum
1260 5591 1505 5651 corpora
1532 5576 1772 5653 dedens,

2013 4601 2161 4667 Quid
2194 4600 2396 4657 multis
2425 4617 2572 4673 opus
2603 4599 2734 4656 est?
2764 4600 2962 4656 sociali
2994 4602 3206 4657 fcedere
3226 4603 3443 4673 juncti,

2015 4690 2208 4748 Nostri
2237 4695 2294 4746 et
2324 4707 2440 4746 non
2473 4688 2656 4745 nostri
2688 4689 2943 4745 subeunt
2972 4690 3200 4746 navalia
3227 4692 3443 4748 cuncti.

2015 4781 2239 4852 Perque
2271 4778 2453 4834 maris
2485 4777 2683 4850 magni
2711 4778 2960 4834 divortia
2991 4779 3248 4851 plurima
3275 4780 3442 4848 vecti,

2015 4867 2276 4923 Tandem
2308 4871 2448 4922 sunt
2477 4865 2718 4938 prepius
2753 4865 3097 4939 Babylonica
3126 4867 3340 4922 moenia
3367 4867 3551 4934 ducti,

2016 4955 2288 5028 Princeps
2319 4955 2496 5010 officii
2525 4955 2813 5026 quosdam
2843 4956 3192 5026 praemittere
3223 4961 3407 5025 curat,

2015 5047 2199 5117 Atque
2231 5061 2336 5100 suo
2368 5043 2489 5116 regi
2520 5061 2646 5115 quae
2677 5049 2937 5117 gesserat
2966 5045 3168 5101 ordine
3199 5050 3418 5101 narrat.

2017 5133 2116 5190 Ille
2145 5135 2308 5190 dolos
2339 5149 2577 5189 versans
2609 5138 2961 5206 praeceptum
2992 5134 3108 5190 tale
3140 5135 3466 5208 remandat,

2016 5223 2099 5278 Ne
2131 5222 2359 5278 lucente
2391 5221 2482 5278 die
2516 5221 2768 5278 Francos
2791 5223 2848 5277 in
2881 5223 3097 5278 mmnia
3127 5223 3322 5278 ducat.

2017 5312 2167 5369 Neve
2198 5310 2347 5367 situs
2380 5309 2542 5366 urbis
2572 5326 2816 5368 cernens
2847 5327 3062 5370 manus
3092 5316 3288 5368 extera
3328 5317 3558 5382 noscat,

2018 5401 2229 5474 Sicque
2259 5399 2487 5456 animos
2516 5397 2577 5452 in
2609 5415 2670 5454 se
2701 5417 2844 5473 gens
2874 5399 3044 5457 bellis
3075 5417 3286 5472 aspera
3313 5399 3500 5458 tollat.

2018 5490 2124 5549 Ille
2151 5486 2353 5546 dolum
2387 5490 2650 5545 metuens
2681 5493 2867 5561 paret,
2899 5489 3001 5544 sed
3033 5493 3264 5563 pectore
3289 5487 3466 5562 tristi,

2021 5576 2370 5653 Inducitque
2397 5576 2550 5636 viros
2577 5575 2640 5635 in
2669 5576 2886 5638 moenia
2913 5583 3085 5637 nocte
3109 5575 3327 5638 silenti.
