3994 6066
360 306 478 363 967
894 301 995 363 AD
1043 248 1559 364 GODEFItlDUM
1605 298 1933 362 APPEND.
1980 299 2055 360 II.
2092 331 2169 344 --
2199 298 2509 363 MONUM.
2557 301 2660 361 DE
2702 301 2951 362 BELLO
2994 299 3268 361 SACRO.
3651 301 3775 362 968

362 439 475 491 Nnc
507 433 699 490 malus
730 450 838 489 nos
869 433 1141 506 princeps
1173 433 1402 506 patiens
1451 431 1724 490 asslstere
1782 447 1999 500 coram,
2032 432 2087 498 Α
2118 431 2261 486 Cum
2295 429 2605 487 vehemens
2637 429 2857 486 bellum
2892 430 3062 503 quasi
3094 430 3334 503 quidam
3364 429 3540 487 ludus
3571 430 3768 489 eissit.

362 530 578 580 ()nmes
609 523 669 578 in
700 523 1018 595 quamdam
1052 523 1260 578 deduci
1292 523 1553 595 prmcipit
1583 521 1800 578 aulam.
2120 521 2282 575 Tunc
2314 520 2423 575 sibi
2456 519 2805 576 dissimilem
2839 525 2970 592 post
2993 537 3053 576 se
3087 519 3768 577 locasummatenentem

362 616 507 670 Illuc
539 613 818 681 inclusos,
852 617 908 668 et
939 628 1232 684 nusquam
1265 611 1722 685 progredientes,
2119 609 2424 677 Convocat,
2457 613 2512 664 et
2542 609 2718 682 gestit
2748 611 2932 665 facere
2963 627 3030 664 ex
3061 608 3280 665 ratione
3311 609 3622 665 furentem.

360 703 646 773 Tempore
678 720 788 758 non
823 701 1050 757 modico
1082 701 1270 757 tenuit
1301 701 1558 774 suspiria
1587 701 1814 756 dantes.
2118 696 2256 752 Orat
2281 702 2347 753 ut
2374 698 2481 754 hos
2510 699 2780 765 Francos,
2816 697 3263 770 quosjussurus
3293 698 3538 754 duxerat
3577 700 3648 755 ad
3681 716 3766 769 se,

358 792 545 849 Jussit
576 791 972 847 abundantem
1005 795 1200 846 tamen
1233 789 1349 846 illis
1383 790 1558 845 affore
1585 789 1824 857 victum,
2117 789 2271 851 Quos
2302 787 2717 860 perpendebat,
2744 803 2920 843 sensu
2951 803 3060 842 sua
3089 791 3302 842 cuncta
3331 791 3586 844 notasse.

360 882 456 938 Sic
489 879 676 936 celare
705 878 908 935 volens
937 879 1159 934 infandi
1193 879 1443 951 pectoris
1475 883 1704 934 aestum.
2116 876 2198 932 Ne
2226 877 2469 932 reduces
2499 876 2634 931 facti
2670 876 2860 933 socios
2890 875 3003 931 huc
3034 877 3209 932 affore
3239 879 3482 932 cunctos

357 970 620 1026 Tandem
652 969 972 1024 conductor
1003 972 1227 1040 quaestu
1258 967 1528 1039 pulsatus
1550 968 1620 1022 ab
1652 966 1788 1034 illis,
2117 965 2451 1030 Procurent,
2487 963 2596 1020 sibi
2631 963 2780 1020 clam
2812 969 3085 1037 procuret
3115 964 3551 1038 decapitandos.

358 1060 426 1114 Et
457 1059 709 1131 graviter
733 1062 927 1112 motus
959 1074 1062 1130 pro
1093 1056 1334 1112 crimine
1367 1055 1738 1128 suspicionis,
2119 1053 2214 1110 Ille
2243 1053 2400 1109 velut
2429 1053 2606 1126 gladii
2634 1070 2738 1126 per
2767 1059 2974 1126 pectus
3003 1053 3276 1110 acumine
3308 1056 3478 1122 fixus,

357 1149 736 1220 Regnatorem
775 1146 937 1210 adiit,
972 1146 1179 1218 qumrit
1210 1163 1334 1218 quae
1369 1163 1547 1201 causa
1587 1145 1661 1200 sit
1692 1146 1823 1213 ista,
2115 1142 2376 1198 Pessima
2405 1143 2784 1198 mandantem
2815 1142 2915 1198 tali
2947 1159 3081 1198 mox
3110 1160 3245 1199 voce
3277 1148 3546 1200 secutus:

355 1237 514 1303 Quod
548 1252 609 1291 se
639 1235 897 1308 legatum
932 1236 1287 1290 Francorum
1322 1235 1595 1290 accedere
1635 1238 1826 1289 castra
2115 1232 2391 1298 Quaenam
2423 1231 2622 1286 vesani
2652 1229 2964 1304 compellat
2993 1248 3174 1288 causa
3205 1231 3440 1300 furoris,

351 1325 623 1382 Jusserit.
658 1330 832 1396 atque
859 1324 1015 1379 viros
1044 1323 1203 1378 illinc
1234 1324 1519 1379 deducere
1551 1323 1761 1394 claros,
2113 1320 2187 1375 Ut
2217 1324 2485 1376 sanctum
2517 1337 2731 1376 nomen
2763 1321 2997 1393 pepulis
3028 1338 3131 1394 per
3158 1321 3371 1377 saecula
3401 1325 3628 1378 cunctis

353 1418 508 1481 Quos
539 1432 572 1470 a
603 1418 910 1484 conspectu
949 1413 1182 1484 proprio
1212 1412 1347 1468 velit
1375 1429 1502 1468 esse
1535 1417 1823 1468 remotos.
2113 1409 2359 1465 Nomine
2388 1410 2497 1465 sub
2529 1410 2688 1482 pacis
2720 1409 2940 1482 legatos
2971 1414 3166 1466 evocet
3194 1412 3265 1466 ad
3299 1428 3379 1478 se,

353 1503 412 1560 Si
444 1502 584 1575 quid
619 1503 761 1557 forte
794 1500 930 1556 mali
965 1502 1301 1556 contradere
1334 1501 1548 1572 cogitet
1593 1500 1732 1567 illis,
2113 1498 2268 1563 Quos
2299 1503 2556 1554 mactare
2587 1497 2722 1553 velit
2753 1500 2862 1555 sub
2895 1503 3096 1571 operta
3118 1499 3464 1571 proditione.

352 1593 477 1648 Non
512 1609 572 1647 se
601 1607 770 1664 posse
800 1590 913 1662 pati
950 1590 1242 1645 consortia
1273 1589 1622 1662 proditionis
1657 1606 1669 1643 :
2111 1585 2414 1658 Nusquam
2446 1591 2575 1642 tuta
2607 1587 2750 1642 fides
2783 1588 3045 1660 posthac,
3081 1588 3160 1643 nil
3190 1588 3463 1661 gentibus
3495 1606 3752 1661 aequum,

353 1683 464 1738 Sed
493 1685 842 1736 cenaturum
878 1683 992 1734 toto
1021 1677 1358 1734 discriminc
1388 1679 1539 1747 vitaz,
2115 1677 2228 1730 Hac
2262 1676 2311 1730 si
2341 1676 2640 1748 contingat
2671 1676 2795 1731 ﬁeri
2824 1676 3159 1732 damnabile
3181 1677 3443 1748 jussum.

353 1771 428 1828 Ut
457 1785 565 1827 sua
596 1769 871 1842 procedat
904 1768 1136 1840 penitus
1166 1767 1376 1840 legatio
1408 1768 1536 1833 rite,
2031 1821 2074 1842 ἡ
2111 1764 2277 1820 Pacis
2311 1765 2370 1820 in
2401 1764 2509 1819 hoc
2540 1764 2811 1837 equidem
2838 1782 2900 1820 se
2931 1767 3285 1837 processisse
3315 1767 3676 1834 ministrum,

362 1821 963 1842 νη-ντη--ρηικ
1118 1821 1129 1822 κ
1200 1821 1289 1840 κυη
1356 1821 1535 1833 η
2590 1821 2609 1837 ι
2932 1821 2949 1837 ι
3086 1821 3273 1822 νηί

353 1863 468 1916 Aut
494 1860 591 1914 det
619 1857 961 1930 magniﬁcos
994 1873 1187 1912 coram
1221 1873 1282 1911 se
1312 1861 1465 1912 stare
1497 1857 1762 1929 quirites,
2028 1821 2075 1884 B
2105 1853 2385 1925 Nequitias
2416 1871 2721 1925 nunquam
2755 1860 3084 1910 consortem
3118 1872 3180 1910 se
3212 1855 3331 1911 fore
3361 1855 3575 1922 vivum,

352 1951 420 2005 Et
451 1947 637 2022 patria
666 1945 874 2020 dignos
897 1945 1014 2001 illis
1035 1946 1314 2001 concedat
1345 1946 1616 2014 honores,
2106 1941 2165 1996 Si
2198 1941 2280 1997 sic
2303 1941 2660 2014 complaceat
2691 1960 2806 2015 quo
2839 1944 3044 1999 Franci
3082 1945 3504 2017 decapitentur,

349 2043 466 2093 Aut
497 2054 556 2093 se
589 2037 660 2091 de
685 2035 918 2108 proprio
951 2035 1197 2090 donatos
1228 2051 1294 2089 ac
1325 2036 1662 2101 renitentes,
2105 2031 2305 2087 Cervix
2332 2037 2466 2088 ante
2499 2049 2606 2087 sua
2635 2031 2829 2104 gladio
2860 2036 3164 2106 grassante
3197 2038 3445 2090 secetur.

349 2129 587 2183 Efﬁcere
619 2130 679 2179 ut
712 2129 976 2195 repetant
1003 2125 1293 2178 sociorum
1325 2127 1516 2178 castra
1554 2128 1850 2178 canentes.
2106 2120 2216 2175 Sed
2249 2121 2725 2192 perpendendum
2759 2137 3107 2194 quocunque
3138 2121 3256 2176 haec
3287 2123 3444 2177 fama
3483 2121 3722 2189 volaret,

347 2215 508 2272 Talia
541 2231 642 2288 per
672 2213 881 2282 socios,
917 2211 1013 2266 illo
1045 2217 1428 2276 monstrante,
1462 2216 1746 2284 potentes,
2105 2208 2512 2264 Incurabiliter
2541 2224 2602 2264 se
2633 2209 2875 2265 infamia
2904 2213 3068 2266 tanta
3098 2214 3342 2279 notaret,

347 2303 664 2374 Obstupuit
695 2305 880 2356 rector
911 2304 1179 2355 metuens
1205 2301 1495 2355 offendere
1512 2299 1730 2371 plures.
2105 2297 2245 2352 Esse
2278 2296 2514 2369 quidem
2549 2298 2830 2353 damnum
2863 2299 3168 2371 probitatis
3199 2299 3559 2372 militiaeque,

346 2395 602 2464 Imperat
630 2389 805 2446 acciri
838 2405 1140 2461 personas,
1166 2387 1572 2460 colloquioque
2105 2385 2164 2440 Si
2196 2402 2412 2457 paucos
2445 2386 2590 2442 istos
2621 2387 2980 2459 contingeret
3012 2389 3346 2460 oppetiisse.

343 2480 708 2552 Participans
738 2477 891 2545 illos,
921 2477 1236 2548 interprete
1266 2477 1366 2532 sed
1398 2476 1708 2545 mediante,
2105 2475 2214 2530 Sed
2248 2480 2442 2531 tamen
2474 2475 2709 2531 amissis
2742 2476 2892 2532 inter
2921 2480 3006 2532 tot
3035 2476 3222 2533 millia
3250 2477 3472 2551 paucis,

345 2569 558 2638 Quaerit
589 2569 659 2624 de
686 2567 858 2623 sociis
892 2565 990 2638 qui
1020 2566 1159 2631 sint,
1192 2582 1318 2638 quae
1353 2566 1591 2621 nomina
1620 2569 1866 2638 gestent,
2103 2563 2228 2619 Non
2260 2563 2516 2620 multum
2547 2564 2743 2620 Gallos
2775 2582 3051 2621 sensuros
3091 2566 3426 2622 debilitatis.

341 2659 562 2726 Quidve
593 2654 895 2729 potestatis
925 2654 1161 2726 propria
1190 2655 1249 2709 in
1282 2655 1514 2726 regione
1543 2660 1848 2723 retentent,
2105 2653 2216 2708 Sed
2247 2656 2442 2708 tamen
2476 2653 2769 2709 immensa
2799 2653 3084 2711 dolituros
3114 2671 3243 2710 esse
3270 2655 3485 2720 dolore,

343 2747 434 2802 Illi
467 2761 748 2818 responsa
776 2744 956 2817 digna
987 2748 1042 2798 et
1071 2743 1298 2798 veracia
1326 2744 1599 2810 reddunt,
2103 2747 2293 2814 Atque
2325 2742 2383 2797 in
2414 2742 2731 2798 vindictam
2762 2744 2984 2815 majore
3016 2744 3201 2800 calere
3232 2745 3446 2800 furore.

341 2837 412 2892 Et
444 2834 662 2908 pavidae
694 2831 875 2888 menti
908 2836 1204 2887 crementa
1233 2831 1464 2886 timoris
1494 2831 1759 2901 inurunt,
2103 2832 2228 2886 Non
2253 2832 2379 2902 jam
2413 2832 2690 2904 gentilem
2726 2831 2937 2906 legatio
2969 2839 3206 2906 sumpta
3228 2834 3484 2904 juvaret,

344 2924 463 2991 Ille,
497 2927 719 2978 metum
755 2921 952 2977 celans
982 2921 1146 2975 vultu
1179 2921 1433 2992 ﬂetuque
1473 2921 1745 2976 renidens
2104 2919 2253 2974 Dum
2286 2937 2378 2975 res
2409 2920 2543 2975 facti
2577 2921 2756 2992 hujus
2783 2920 3047 2993 exempla
3076 2923 3374 2994 sequenda
3420 2922 3712 2994 probaret.

340 3013 408 3068 Et
436 3016 658 3086 gestus,
697 3009 1047 3082 habitusque
1075 3009 1268 3064 vicum
1301 3009 1619 3081 spectando
1663 3021 1990 3082 pererrans,
2103 3008 2252 3075 Quin
2285 3008 2479 3082 potius
2506 3009 2653 3065 tales
2685 3027 2898 3082 magno
2924 3010 3251 3066 cumularet
3280 3011 3520 3082 honore,

340 3102 558 3157 Suadet
589 3105 654 3155 ut
679 3099 893 3154 armati
927 3097 1150 3169 campis
1181 3097 1482 3169 potiantur
1509 3099 1726 3170 apertis
2105 3097 2444 3170 Ditatosque
2475 3098 2685 3170 opibus
2717 3098 3093 3170 praemitteret
3122 3099 3179 3154 in
3213 3116 3320 3155 sua
3350 3099 3529 3156 abire.

338 3191 407 3245 Et
437 3207 544 3246 sua
574 3190 976 3244 demonstrent
1007 3185 1145 3258 quid
1177 3185 1362 3240 Gallia
1395 3187 1579 3258 possit
1608 3186 1666 3241 in
1713 3187 1912 3243 armis.
2019 3187 2062 3255 C
2171 3186 2413 3243 Talibus
2443 3187 2692 3242 inﬂexus
2723 3187 3046 3244 rationibus
3075 3188 3174 3244 ille
3212 3194 3497 3261 tyrannus

340 3279 614 3346 Paretur;
644 3277 883 3349 capiunt
913 3275 1129 3331 celeres
1160 3274 1415 3347 insignia
1443 3280 1500 3330 et
1522 3292 1706 3346 acres,
2101 3274 2423 3330 Consilium
2456 3281 2664 3346 mutat,
2700 3277 2965 3348 sequitur
2994 3294 3123 3349 quae
3147 3277 3328 3333 dictat
3357 3278 3601 3334 amicus.

338 3367 697 3423 Scandentes
729 3367 788 3420 in
819 3381 1020 3436 equos,
1054 3364 1319 3436 geminas
1351 3368 1606 3420 statuere
1635 3365 1902 3420 cohortes
2102 3364 2194 3420 Sic
2224 3369 2358 3438 post
2388 3365 2770 3434 immensum,
2802 3367 2989 3435 miles,
3022 3383 3299 3440 generose
3329 3368 3601 3423 timorem

336 3459 626 3528 Aspectus
655 3454 858 3528 galeis,
893 3452 1088 3508 loricis
1120 3469 1362 3524 corpora
1393 3451 1546 3518 tecti,
2102 3451 2162 3507 In
2196 3457 2298 3508 tua
2317 3459 2481 3527 terga
2511 3455 2686 3521 redis,
2719 3455 2873 3511 claro
2905 3457 3048 3511 duce
3080 3455 3262 3511 fretus
3293 3455 3515 3512 eodem.

335 3546 622 3600 Ardentes
653 3543 884 3614 clypeos
916 3547 972 3597 et
1001 3540 1225 3614 spicula
1256 3541 1448 3595 lucida
1479 3542 1654 3608 nacti,
2097 3541 2175 3596 Ac
2207 3559 2310 3613 per
2338 3542 2652 3598 Jordanem
2688 3545 2995 3600 redeuntes
3023 3543 3502 3617 Hierusalemque

333 3635 556 3706 Aspera
585 3630 930 3702 coriripiunt
961 3631 1289 3685 imitantem
1323 3628 1518 3701 praelia
1553 3630 1817 3696 Martem,
2097 3630 2372 3702 Accipitis
2402 3631 2648 3704 palmas,
2683 3633 2878 3704 petitis
2910 3633 3036 3689 loca
3066 3637 3268 3689 sancta
3291 3632 3634 3706 domosque.

337 3722 406 3777 Et
435 3720 614 3776 variis
645 3723 976 3774 monstrant
1006 3718 1256 3790 patriam
1291 3718 1657 3773 discursibus
1690 3725 1895 3774 artem.
2099 3717 2308 3773 Omnia
2338 3718 2621 3788 lustratis,
2653 3725 2958 3793 pascentes
2983 3721 3212 3777 lumina
3258 3722 3388 3778 visu

336 3808 680 3882 Conﬂigunt
711 3807 926 3863 dociles
959 3806 1137 3879 relegi
1171 3806 1503 3878 docilesque
1534 3806 1806 3879 relinqui,
2096 3805 2352 3876 Discitis,
2387 3807 2584 3881 ignoto
2619 3810 2930 3865 referentes
2962 3809 3140 3883 digna
3169 3809 3374 3865 relatu.

335 3897 504 3954 Nunc
538 3896 740 3970 procul
773 3897 1044 3951 absentes
1076 3913 1106 3950 a
1140 3911 1220 3963 se,
1256 3912 1411 3950 nunc
1459 3911 1592 3950 vero
1653 3896 1985 3969 propinqui,
2098 3895 2162 3949 Et
2193 3896 2383 3952 bonus
2413 3897 2510 3952 ille
2540 3914 2735 3954 comes
2769 3915 2881 3954 non
2909 3897 3072 3955 vobis
3103 3898 3308 3958 defuit.
3344 3915 3530 3972 usque

336 3991 406 4041 Et
436 4003 592 4042 nunc
623 3991 789 4058 terga
818 3985 965 4057 fugae
998 3986 1226 4049 dantes,
1260 4001 1417 4039 nunc
1448 4001 1614 4040 versa
1644 3986 1915 4056 fugantes
2094 3989 2243 4040 Dum
2273 4003 2375 4041 vos
2406 4001 2644 4042 securos
2675 3987 2849 4042 sociis
2882 3986 3041 4041 dedit
3073 3986 3535 4059 incolumesque.

336 4075 670 4147 Impediunt
690 4091 898 4129 cursus
929 4074 1332 4140 concursibus,
1369 4073 1609 4128 orbibus
1641 4074 1809 4130 orbes
2095 4072 2190 4130 Sic
2222 4072 2402 4146 igitur
2429 4091 2463 4130 a
2495 4073 2664 4130 celeri
2697 4079 3022 4147 repetentes
3045 4078 3237 4130 castra
3266 4092 3527 4131 recursu.

335 4163 502 4219 Nunc
532 4163 689 4218 velut
720 4161 948 4218 infestis
979 4163 1035 4216 in
1069 4166 1276 4217 mutua
1303 4161 1541 4217 vulnera
1569 4161 1702 4218 telis
2096 4162 2380 4218 Laetentes
2411 4162 2652 4218 comites
2680 4163 2914 4236 proprio
2944 4163 3127 4219 fecere
3160 4178 3450 4235 regressu.

333 4252 496 4320 Itur;
531 4255 589 4306 at
618 4249 678 4306 in
710 4266 902 4305 rerum
936 4254 1075 4306 sunt
1105 4250 1302 4305 omnia
1329 4255 1456 4306 tuta
1479 4251 1700 4322 potitis.
2095 4251 2206 4306 Sed
2239 4251 2376 4323 quia
2399 4252 2525 4322 jam
2561 4256 2753 4307 textus
2782 4251 3074 4323 capienda:
3106 4251 3323 4307 texitur
3351 4252 3535 4320 urbis,

334 4341 614 4412 Spectant
637 4338 912 4409 Nilicolae,
947 4343 1170 4410 spectat
1203 4355 1299 4393 rex
1330 4339 1454 4410 ipse
1481 4339 1797 4412 malignus,
2094 4339 2211 4394 Hoc
2244 4339 2454 4396 melius
2486 4341 2694 4396 referet
2725 4340 2858 4396 libri
2889 4344 3119 4396 textura
3167 4341 3489 4413 sequentis.

333 4429 523 4500 Atque
555 4428 904 4484 hebetentur
935 4428 1018 4483 eis
1049 4427 1241 4500 gelida
1270 4427 1580 4483 formidine
1611 4445 1839 4484 sensus.
2094 4428 2261 4485 Nunc
2293 4446 2418 4502 age,
2443 4430 2722 4485 virtutem
2754 4430 3008 4495 solitam,
3042 4447 3141 4486 rex
3171 4429 3416 4499 Christe,
3449 4430 3638 4487 revela

334 4517 612 4623 Sollicitis
643 4515 782 4588 quia
814 4515 862 4623 si
894 4533 1037 4623 gens
1067 4516 1202 4572 talis
1233 4515 1750 4623 Fr‘ancigenarum,
2016 4557 2064 4623 D
2096 4520 2280 4585 Quam
2312 4535 2502 4592 neque
2531 4519 2617 4575 vis
2650 4519 2961 4576 hominum
2983 4520 3089 4576 tibi
3122 4521 3283 4586 dant,
3320 4536 3426 4576 nec
3485 4519 3745 4623 plurima

333 4603 695 4660 Hierusalem
727 4610 897 4676 capta
928 4606 1075 4661 fines
1106 4605 1382 4677 pervadat
1411 4621 1634 4672 eorum,
2016 4603 2063 4623 "
3579 4610 3740 4683 [tela.

331 4692 425 4751 Nil
457 4694 579 4750 fore
600 4693 804 4750 virtuti
835 4694 990 4766 quod
1023 4709 1226 4750 eorum
1259 4693 1542 4750 obsistere
1573 4693 1780 4766 possit.

1827 4861 2225 4881 W—

1566 5002 1901 5088 LIBER
1959 5002 2508 5118 QUARTUS

407 5178 574 5234 Nunc
605 5177 988 5250 age,Christe,
1022 5177 1141 5233 tuis
1172 5177 1245 5233 da
1257 5193 1409 5250 saepe
1424 5178 1624 5234 datum
1641 5177 1990 5235 Machabaeis
2352 5181 2511 5236 Turci
2538 5181 2832 5236 comitium
2859 5180 2925 5237 de
2961 5179 3225 5237 tradenda
3253 5182 3488 5237 civitate.

344 5267 619 5323 Divinum
651 5284 891 5334 munus,
925 5271 1013 5322 tot
1041 5267 1226 5322 millia
1254 5267 1448 5322 vincat
1479 5271 1544 5322 ut
1574 5285 1747 5324 unus.
2169 5269 2318 5342 Ergo
2349 5270 2451 5326 Dei
2479 5268 2669 5342 pietas
2697 5287 2801 5342 per
2829 5270 3088 5342 pondera
3115 5274 3279 5326 tanta
3309 5268 3598 5326 malorum

341 5353 526 5410 Millia
555 5355 790 5410 famosae
832 5354 1025 5427 gentis
1056 5355 1210 5410 cives
1238 5355 1430 5427 gentis
1463 5356 1756 5429 populosae
2101 5357 2426 5430 Inspiciens
2453 5358 2684 5414 animos
2714 5375 2830 5415 non
2862 5358 3144 5415 defecisse
3175 5375 3439 5427 suorum,

333 5442 534 5511 Urbis,
567 5442 1095 5514 Christe,fave,vim
1127 5443 1318 5520 gentis
1349 5445 1671 5520 comprime
1709 5463 1917 5520 pravae.
2100 5447 2352 5522 Inspirat
2380 5447 2612 5504 cuidam
2645 5449 2835 5504 Turco
2865 5447 3196 5506 miserendo
3225 5447 3496 5506 laborum
3536 5446 3673 5524 (84),

406 5585 520 5663 (84)
555 5583 732 5659 Edit.,
763 5601 1010 5646 suorum.
