3994 6066
183 303 297 362 969

182 433 250 489 Ut
279 427 496 488 nostris
526 431 732 486 urbem
764 431 974 496 tradat,
1009 446 1367 502 murumque
1397 430 1670 486 decorum

186 521 489 586 Turribus,
524 524 579 576 et
609 519 803 591 capiat
830 536 932 590 pro
967 536 1206 574 munere
1241 518 1468 574 culmen
1519 520 1827 575 honorum.

178 617 295 668 Ista
323 611 424 666 diu
458 626 658 666 secum
688 609 776 664 vir
803 626 1060 676 versans,
1089 609 1320 679 judicat
1350 626 1583 680 aequum

181 701 247 756 Ut
277 700 439 773 prius
471 699 593 753 haec
625 698 847 770 pandat
868 698 1224 766 Boimundo;
1251 715 1356 753 nec
1379 697 1828 765 mora,mandat,

177 789 260 845 Illi
292 793 513 861 quanta
542 792 727 860 paret,
761 803 822 842 se
855 786 1254 859 nequidquam
1287 787 1603 854 dubitaret,

178 877 437 951 Praecipit
466 881 531 932 ut
561 876 753 949 capiat
782 875 1055 943 missum,
1091 877 1230 931 dum
1265 893 1356 932 res
1387 892 1455 931 ea
1485 877 1604 942 ﬁat,

177 968 321 1023 Neve
355 966 611 1039 parando
644 982 869 1021 moram
903 965 1246 1036 producant,
1277 969 1510 1037 tempus
1541 969 1597 1020 et
1625 964 1830 1021 horam

177 1057 275 1111 llic
306 1054 650 1128 designavit,
682 1055 785 1110 sed
820 1054 877 1108 in
911 1054 1020 1109 hoc
1049 1054 1166 1108 dux
1197 1053 1564 1126 participavit

176 1144 428 1201 Consilio
461 1160 804 1216 procerum;
839 1144 1119 1198 comitum
1152 1159 1288 1215 pars
1332 1142 1588 1198 maxima
1628 1158 1828 1198 verum

179 1233 421 1290 Missum
455 1235 602 1288 ferre
631 1236 821 1304 putat,
852 1232 1130 1286 dubitans
1161 1249 1297 1304 pars
1328 1232 1510 1288 altera
1540 1235 1728 1287 nutat.

175 1324 337 1379 Dicta
367 1326 533 1378 nocte
553 1325 750 1377 tamen
784 1320 1145 1377 Boimundus
1175 1319 1396 1394 colligit
1428 1337 1637 1394 agmen

177 1412 479 1468 Pulchrius
509 1416 826 1477 armatum,
860 1409 997 1466 belli
1026 1412 1237 1466 sudore
1270 1411 1600 1483 probatum.

174 1507 295 1557 Dux
327 1501 524 1557 animo
556 1501 782 1573 flagrat,
808 1499 1054 1555 divortia
1085 1505 1222 1555 nota
1251 1505 1538 1573 peragrat.

173 1591 429 1663 Quisque
461 1589 584 1663 pari
614 1594 743 1645 voto
775 1591 1036 1662 suspirat
1068 1594 1298 1661 pectore
1331 1595 1469 1645 toto.

174 1681 275 1736 Per
301 1681 574 1735 tenebras
605 1679 723 1734 dux
752 1679 908 1751 capit
936 1679 1064 1746 iter,
1097 1678 1380 1751 galeaque
1411 1679 1629 1734 nitente

172 1769 444 1842 Deposita
475 1767 627 1837 silet,
661 1773 716 1824 et
744 1767 1013 1841 graditur
1041 1769 1152 1824 sub
1185 1777 1350 1824 nocte
1381 1768 1604 1824 silente.

171 1861 270 1914 Est
297 1858 392 1914 via
421 1857 710 1913 militibus
741 1857 984 1925 timidis,
1019 1859 1158 1931 iuga
1186 1859 1368 1926 devia,
1401 1857 1602 1926 valles,

171 1951 422 2021 Quaeque
454 1965 556 2020 per
584 1947 863 2003 obscuros
893 1947 1123 2003 lucebat
1151 1948 1363 2003 semita
1391 1945 1588 2015 calles,

172 2038 251 2095 Ne
283 2036 438 2093 male
468 2054 562 2092 res
593 2037 841 2105 caderet,
876 2038 1083 2092 ductor
1112 2036 1245 2092 licet
1274 2037 1396 2108 ipse
1428 2035 1677 2103 timeret,

1007 297 1318 359 GILONIS
1363 296 1617 359 PARIS.
1664 296 1864 358 HIST.
1912 296 2321 361 HIEROSOL.
2357 299 2609 360 —LIB.
2655 299 2756 360 IV.

3470 300 3586 358 970

1857 436 1910 502 Α
1941 431 2502 488 Praemonstrabatur
2530 432 2690 506 regni
2722 430 2966 487 mutatio
2997 430 3146 486 laeta.

1938 522 2109 576 Astra
2139 521 2426 594 polusque
2458 539 2602 578 novo
2635 525 2774 578 sunt
2803 521 3107 577 obfuscata
3136 520 3364 583 rubore,

1942 610 2240 681 Cordaque
2271 616 2409 665 sunt
2438 611 2744 666 hominum
2777 609 2958 664 nimio
2992 608 3259 680 perculsa
3288 609 3515 663 timore.

2527 700 2782 756 Traditur
2810 700 3020 756 civitas.

1942 787 2140 844 Noctis
2171 793 2296 844 erat
2326 789 2586 844 medium
2618 805 2752 844 cum
2785 787 2952 844 miles
2981 789 3052 844 ad
3087 786 3185 842 illa
3214 789 3472 859 paratus,

1941 877 2214 933 Constitit
2244 879 2328 933 ad.
2345 878 2578 944 turrim,
2612 895 2788 950 quam
2818 877 3064 932 traditor
3092 877 3189 932 ille
3220 878 3426 932 beatus

1942 967 2236 1036 Servabat,
2272 969 2614 1040 stupuitque
2647 967 2824 1023 nimis
2852 968 2922 1022 de
2951 971 3110 1023 turre
3138 971 3396 1022 vocatus.

1939 1055 2072 1112 Eia!
2106 1057 2394 1112 clamabat
2427 1059 2674 1123 Turcus,
2708 1057 3077 1114 conscendite
3107 1073 3328 1112 muros.

1939 1146 2184 1202 Summa
2213 1151 2372 1219 petat
2401 1146 2608 1210 virtus,
2642 1153 2868 1220 premat
2897 1147 3094 1203 hostes
3130 1147 3256 1218 jam
3307 1145 3584 1215 ruituros,

1939 1235 2356 1310 Scalarumque
2389 1238 2561 1293 modo
2593 1238 2762 1294 funes
2793 1237 2906 1292 huc
2939 1237 3081 1292 ferte
3106 1236 3370 1308 plicatos.

1938 1324 2114 1380 Movit
2144 1343 2240 1382 eos
2271 1328 2508 1382 tandem
2540 1326 2859 1398 latitantes,
2894 1343 3042 1398 sape
3073 1330 3324 1400 rogatos.

1936 1413 2195 1486 Denique
2227 1415 2446 1472 calcata
2478 1415 2805 1485 formidine,
2838 1417 2890 1471 vi
2925 1419 3210 1481 revocata,

1933 1502 2221 1574 Vepribus
2251 1506 2489 1560 extracti
2520 1505 2630 1573 vix,
2662 1505 3076 1576 vincentesque
3106 1504 3290 1560 coacti

1937 1592 2073 1647 Sese
2104 1595 2453 1661 confortant,
2478 1595 2667 1651 scalas
2697 1595 2768 1651 ad
2802 1594 3017 1650 mmnia
3047 1597 3298 1665 portant,

1933 1681 2201 1754 Dantque
2231 1687 2382 1738 retro
2415 1699 2656 1755 gressus
2707 1683 2918 1739 iterum
2949 1687 3267 1757 turpesque
3297 1699 3581 1740 recessus.

1854 1812 1900 1877 Β
1935 1769 2225 1827 Fructetis
2256 1772 2432 1828 mersi
2464 1773 2725 1828 referunt
2750 1775 2862 1845 (86)
2894 1773 2965 1828 ad
2997 1777 3124 1828 tuta
3153 1771 3386 1841 reversi,

1931 1859 2001 1914 Et
2030 1859 2162 1915 licet
2189 1860 2435 1917 instaret
2464 1864 2711 1930 Turcus,
2745 1861 2841 1918 lux
2873 1861 3262 1934 appropiaret,

1932 1948 2022 2003 Nil
2053 1954 2249 2004 tamen
2281 1951 2592 2018 audebant,
2622 1953 2723 2007 sed
2754 1953 2929 2008 corda
2958 1950 3149 2024 gelata
3177 1951 3510 2023 stupebant.

1934 2037 2200 2110 Increpat
2229 2056 2258 2094 e
2289 2038 2475 2095 muris
2506 2040 2594 2095 vir
2618 2041 2857 2097 vocibus
2889 2040 3126 2114 agmina
3156 2038 3340 2107 duris,

171 2127 330 2194 Quod
363 2131 560 2182 tamen
593 2126 842 2198 angebat
873 2131 1128 2182 mentem
1170 2127 1330 2182 frons
1361 2126 1470 2197 (85)
1503 2124 1634 2181 lzeta
1661 2129 1822 2197 tege-
1930 2127 2180 2199 Jamque
2211 2129 2542 2202 recedebat‘
2546 2146 2677 2197 nox,
2710 2133 2767 2184 et
2795 2131 3018 2186 Matuta
3046 2130 3157 2202 (87)
3191 2129 3457 2196 rubebat,

1606 2215 1748 2286 [bat.

169 2307 279 2362 Dat
309 2323 476 2379 spem
507 2306 784 2371 tardanti,
818 2305 1162 2377 tristemque
1193 2308 1422 2361 serenat
1452 2303 1643 2360 ovanti

175 2395 370 2461 Vultu,
404 2395 679 2451 virtutem
713 2394 998 2462 stimulat,
1034 2393 1364 2466 populoque
1395 2393 1643 2450 salutem

167 2490 465 2540 Hactenus
494 2489 755 2557 optatam
787 2501 942 2539 nunc
973 2483 1168 2539 innuit
1192 2500 1318 2539 esse
1349 2488 1633 2555 paratam.

171 2574 359 2646 thue
390 2574 583 2630 locum
612 2574 762 2629 votis
792 2573 1092 2645 multoque
1121 2573 1313 2628 labore
1346 2573 1593 2644 petitum

169 2663 558 2736 Prospiciuut,
591 2663 941 2736 hostemque
969 2663 1165 2717 vident
1193 2661 1430 2732 vigilare
1462 2660 1736 2734 peritum.

171 2755 343 2808 Stant
375 2753 596 2825 procul,
628 2758 685 2808 et
712 2752 952 2808 latebris
984 2752 1137 2819 tecti,
1165 2751 1467 2823 noctisque
1499 2750 1751 2805 tenebris

169 2841 462 2897 Colluccre
494 2843 649 2897 faces
679 2846 964 2914 spectant,
999 2857 1285 2912 arcusque
1316 2840 1592 2905 minaces,

172 2932 236 2986 Et
268 2932 671 2986 discurrentes
702 2947 805 3002 per
835 2930 1277 3002 propugnacula
1307 2931 1527 2985 Turcos

171 3021 504 3092 Purpureas
535 3020 728 3075 cristis
761 3019 986 3092 gladios
1017 3035 1244 3074 versare
1276 3035 1571 3074 coruscos.

170 3108 277 3176 Qui
309 3110 438 3165 loca
468 3113 762 3165 mutantes
794 3109 1130 3174 commissa,
1162 3109 1317 3164 vices
1346 3107 1656 3172 variantes,

171 3199 457 3254 Evcubias
489 3198 674 3254 noctis
704 3198 1102 3267 succederent,
1135 3202 1191 3253 et
1219 3197 1528 3264 faciebant,

168 3288 455 3343 Militibus
486 3287 814 3342 clamando.
841 3287 980 3352 Quis
1009 3291 1097 3342 est
1115 3287 1142 3341 ‘I
1172 3303 1275 3343 nec
1309 3287 1510 3343 adesse
1541 3285 1820 3342 sciebant.

166 3378 283 3432 Nec
315 3395 500 3446 mora,
522 3378 620 3431 dat
641 3377 757 3431 dux
781 3377 1195 3449 magnanimus
1226 3377 1436 3449 dignas
1466 3377 1612 3431 duce
1634 3392 1821 3441 voces,

167 3465 596 3522 Instimulando
628 3465 779 3522 viros
808 3466 1000 3522 verbis
1031 3466 1377 3538 animosque
1409 3466 1627 3522 feroces
1653 3483 1664 3521 :

165 3555 444 3611 Pluribus
474 3559 741 3628 optatum
770 3555 939 3626 votis,
973 3555 1116 3611 satis
1150 3555 1540 3628 invigilatum,

169 3668 196 3696 ‹‹
230 3646 490 3717 Tempus
517 3645 702 3712 adest,
737 3661 1025 3717 proceres,
1050 3645 1280 3700 Domini
1311 3643 1524 3716 pietate
1556 3649 1824 3718 paratum

165 3736 431 3807 Tempus
460 3734 520 3789 in
554 3734 662 3789 hoc
693 3738 985 3806 protracta
1017 3735 1126 3788 fuit
1154 3733 1390 3790 victoria
1426 3751 1574 3802 sera,

166 3829 394 3896 Perque
426 3841 633 3880 novem
666 3841 899 3880 menses
931 3823 1160 3878 Domini
1192 3823 1451 3878 vindicta
1481 3840 1678 3879 severa

165 3914 284 3970 Nos
315 3913 654 3986 castigavit;
689 3914 789 3968 sed
824 3917 964 3969 sunt
996 3929 1174 3984 prope
1205 3911 1421 3985 gaudia
1449 3929 1602 3968 vera.

167 4004 341 4076 Ergo,
373 4002 481 4057 viri
506 4002 702 4069 fortes,
732 4002 865 4057 forti
897 4001 1191 4074 persistite
1223 4006 1436 4057 mente.

165 4091 403 4163 Vosque
435 4090 530 4146 citi
557 4091 826 4162 juvenes,
861 4107 1062 4147 muros
1093 4097 1361 4163 superate
1394 4093 1647 4161 repente,

167 4179 398 4235 Vincite
431 4180 533 4235 sed
563 4179 798 4246 celeres,
833 4180 1050 4252 pudeat
1078 4196 1179 4235 vos
1202 4179 1430 4235 vincere
1461 4177 1635 4234 lente.

168 4269 270 4325 Ille
299 4268 468 4324 locus
499 4272 931 4341 (monstratque
975 4268 1212 4339 locum),
1245 4268 1408 4339 prius
1457 4266 1833 4339 aggrediatur

167 4358 284 4412 Vos
315 4357 396 4412 ibi
450 4357 648 4428 palma
677 4358 864 4414 ﬁdens
895 4363 1077 4426 vocat,
1113 4363 1170 4413 et
1202 4357 1365 4430 prius
1396 4357 1530 4411 inde
1578 4360 1829 4428 petatur.

169 4447 340 4502 Dona
375 4452 616 4502 manent
645 4464 868 4516 omnes,
903 4449 1003 4503 sed
1036 4464 1148 4503 non
1182 4465 1311 4502 mea
1341 4448 1494 4502 dona
1523 4446 1758 4514 vocabo,

168 4536 337 4602 Quod
373 4535 488 4591 sibi
524 4535 774 4608 quisque
805 4537 968 4591 dabit
996 4536 1195 4592 victori
1228 4535 1388 4591 nulla
1418 4537 1661 4608 negabo.

170 4625 283 4678 Sed
320 4640 538 4692 moror,
574 4625 670 4693 ite,
704 4623 830 4693 viri,
867 4642 1001 4680 cum
1035 4625 1236 4696 paucis
1266 4625 1360 4680 hic
1390 4641 1494 4697 ego
1526 4625 1711 4681 stabo.

167 4712 527 4780 Accelerate,
563 4713 699 4767 boni
733 4730 1018 4785 proceres,
1049 4729 1154 4786 ego
1186 4713 1410 4768 tardius
1441 4714 1556 4769 ibo.

172 4802 229 4856 Si
266 4802 346 4857 sit
378 4819 547 4874 opus,
583 4804 759 4874 pedes
790 4802 914 4875 ipse
946 4805 1103 4876 prior
1132 4809 1424 4859 certamen
1457 4803 1631 4859 inibo.
1670 4827 1698 4852 »

175 4890 451 4958 Finierat,
487 4891 823 4964 dubiusque
854 4891 987 4948 silet
1019 4893 1155 4960 dux,
1191 4897 1364 4964 atque
1392 4896 1681 4965 vagantur

176 4979 282 5034 Per
313 4984 496 5034 totam
529 4985 784 5037 mentem
817 4998 1179 5052 quaecunque
1211 4984 1408 5037 futura
1437 4987 1718 5054 putantur

175 5069 515 5124 Accelerant
535 5070 802 5141 juvenes.
826 5069 1166 5126 Fulcherius
1201 5071 1469 5126 imminet
1500 5077 1652 5127 ante.

177 5160 287 5213 Per
317 5159 591 5216 tenebras
620 5159 761 5232 legit
790 5159 888 5216 ille
925 5159 1046 5216 vias
1077 5177 1282 5232 gressu
1315 5161 1620 5217 titubante.

179 5245 301 5303 Illis
330 5248 700 5321 temporibus
729 5248 924 5306 radios
955 5250 1205 5306 ducente
1233 5254 1480 5318 cometa,

250 5389 372 5465 (βξ)
399 5389 581 5465 Edit.,
612 5408 763 5465 mens
791 5400 844 5448 et
864 5394 1042 5465 fraus.

254 5459 370 5530 (86)
401 5461 578 5530 Edit.,
611 5463 855 5520 redeunt.

249 5533 370 5601 (87)
401 5531 574 5601 Edit.,
606 5538 876 5592 matutina
909 5536 1106 5593 minus
1136 5536 1318 5593 bene:
1352 5539 1441 5592 est
1489 5540 1685 5594 autem
1717 5537 1836 5595 Ma-

178 5603 312 5663 tuta
343 5619 575 5665 aurora.

509 5733 775 5802 PATBOL.
821 5733 994 5801 CLV.

1931 2217 2077 2290 Cum
2108 2221 2270 2272 stans
2304 2217 2361 2272 in
2393 2217 2582 2274 medio
2613 2219 2970 2291 reliquorum
2993 2219 3198 2290 jnnior
3227 2236 3403 2286 unus,

1933 2307 2026 2362 Sic
2057 2306 2138 2362 ait
2171 2323 2184 2362 :
2220 2306 2513 2374 Oblatum,
2533 2307 2799 2379 juvenes,
2832 2325 2904 2364 ne
2935 2307 3190 2380 spernite
3222 2325 3457 2364 munus.

1933 2395 2183 2467 Surgite,
2217 2395 2444 2468 primus
2473 2414 2592 2452 ero.
2627 2397 2856 2466 Parent,
2888 2396 3231 2454 Fulcherius
3260 2395 3358 2453 ille

1930 2482 2114 2539 Natus
2144 2483 2378 2540 Carnoti
2411 2501 2676 2556 proceres
2707 2485 3029 2558 praecedere
3058 2485 3218 2541 mille

1933 2571 2056 2626 Non
2091 2571 2275 2639 timet,
2311 2571 2534 2628 invicta:
2568 2591 2885 2645 properans
2917 2573 3026 2645 (88)
3057 2574 3130 2628 ad
3170 2574 3386 2630 mmnia
3414 2573 3580 2630 villae.

1931 2658 2053 2714 Non
2087 2659 2242 2715 hunc
2272 2662 2464 2716 tardat
2493 2679 2641 2717 onus
2673 2662 2878 2734 clypei,
2912 2663 3011 2719 sed
3046 2663 3118 2718 ad
3151 2665 3333 2719 ardua
3364 2681 3585 2736 pronus

1933 2747 2132 2803 Evolat
2157 2765 2320 2804 arma
2349 2766 2576 2821 gerens,
2611 2750 2896 2822 scalaeque
2926 2751 3165 2808 viriliter
3192 2753 3439 2820 haerens,

1936 2837 2105 2892 Illum
2141 2837 2450 2895 Veneticus
2482 2839 2768 2910 sequitur,
2802 2845 3000 2912 stupet
3029 2842 3214 2897 hostis
3250 2842 3510 2914 iniquus,

1936 2925 2006 2980 Ut
2037 2926 2196 2980 stetit
2227 2928 2338 2998 (89)
2368 2925 2424 2980 in
2472 2928 2659 2984 muris
2713 2928 3069 2995 Fulcherius,
3122 2946 3252 2985 ecce
3301 2935 3586 2985 necantur

1936 3013 2235 3070 Fulmineo
2265 3015 2490 3088 vigiles,
2522 3021 2578 3071 et
2608 3018 2679 3072 ad
2711 3017 2914 3073 intima
2945 3018 3402 3090 prmeipitantur.

1933 3104 2198 3160 Exsultat
2227 3105 2425 3172 victor,
2460 3105 2793 3179 laniataque
2825 3108 3066 3180 proterit
3093 3124 3214 3163 ora.

1855 3184 1898 3249 C
1937 3195 2187 3266 Corpora
2218 3200 2424 3251 trunca
2454 3195 3039 3264 cadunt,lacerantur
3059 3197 3324 3254 membra
3353 3197 3580 3255 decora.

1931 3285 2164 3357 Aspirat
2192 3284 2427 3340 fortuna
2454 3285 2596 3353 viro,
2632 3285 2978 3358 plebemque
3008 3285 3261 3344 solutam

1933 3375 2172 3440 Turbat,
2209 3391 2336 3446 quae
2368 3375 2626 3446 requiem
2660 3375 2838 3430 trahit
2865 3375 3018 3432 inter
3046 3377 3255 3450 pocula
3285 3381 3492 3434 tutam.

1932 3465 2136 3521 Evellit
2161 3468 2378 3536 postes,
2408 3469 2716 3536 turresque
2741 3465 3052 3533 subintrat,
3085 3471 3141 3522 et
3170 3467 3369 3524 hostes

1933 3553 2222 3626 Opprimit
2250 3552 2536 3620 incautos,
2564 3557 2906 3625 prospectus
2936 3561 3182 3626 occupat
3210 3554 3377 3624 altos,

1934 3645 2194 3714 Tresque
2224 3642 2380 3714 capit
2407 3647 2596 3698 turres
2628 3643 2861 3714 propria
2887 3643 3101 3699 virtute
3129 3643 3381 3701 Boellus.

1936 3734 2100 3788 Hunc
2131 3736 2342 3788 natura
2367 3735 2532 3787 vocat
2559 3731 2660 3786 tali
2692 3731 3036 3803 cognomine
3066 3733 3260 3790 tellus.

1936 3822 2257 3877 Germanos
2289 3820 2382 3875 hic
2413 3821 2556 3876 forte
2584 3825 2736 3888 tuos,
2773 3822 2920 3877 bone
2949 3821 3198 3879 traditor
3226 3823 3410 3892 urbis,

1937 3911 2172 3978 Sternit,
2208 3927 2356 3981 quos
2387 3907 2562 3982 pallet
2592 3909 2976 3967 morientibus
3007 3912 3219 3968 addere
3249 3913 3458 3980 turbis,

1936 4001 2005 4056 Et
2036 4000 2241 4056 fratres
2271 3998 2535 4071 geminos
2569 3998 2819 4071 impellit
2850 4017 2979 4056 arce
3010 4001 3275 4073 supinos.

1937 4089 2185 4161 Jamque
2215 4089 2320 4144 viri
2351 4088 2530 4145 fortes
2561 4089 2893 4160 pendebant
2922 4091 3180 4163 undique
3211 4091 3406 4148 scalis.

1936 4177 2050 4234 Nec
2081 4177 2308 4232 dubitat
2337 4177 2653 4249 quisquam
2685 4177 2789 4232 niti
2820 4195 2922 4250 per
2951 4181 3216 4236 membra
3246 4179 3462 4236 sodalis

1938 4269 2196 4323 Ascensu
2229 4271 2508 4338 superant
2539 4283 2760 4334 muros,
2794 4268 3028 4340 fastigia
3059 4269 3275 4325 dextris

1943 4357 2239 4424 Prensant,
2273 4355 2557 4427 objiciunt
2585 4355 2816 4428 clypeos
2847 4374 2913 4412 ac
2943 4357 3058 4412 tela
3086 4357 3361 4414 sinistris.

1942 4447 2280 4500 Instaurant
2309 4444 2538 4500 animos
2569 4444 2763 4516 Turci,
2796 4446 3102 4502 detrudere
3131 4447 3353 4518 primos

1865 4557 1912 4620 D
1945 4534 2183 4589 Frustra
2212 4533 2527 4602 luctantur,
2563 4533 2903 4606 trepidaque
2943 4550 3118 4589 manu
3142 4533 3483 4606 jaculautur

1945 4624 2212 4678 Fratrum
2244 4623 2361 4678 fata
2389 4623 2592 4679 dolens
2625 4624 2872 4689 Turcus,
2906 4625 3005 4678 sed
3037 4624 3107 4678 de
3137 4639 3274 4679 nece
3304 4622 3508 4679 nolens

1943 4713 2182 4768 Sumere
2210 4712 2548 4779 vindictam,
2584 4728 2903 4784 pacemque
2934 4711 3214 4768 resolvere
3246 4713 3465 4781 fictam,

1944 4803 2128 4857 Frena
2158 4802 2256 4856 dat
2283 4801 2420 4856 huic
2451 4800 2568 4868 iraa,
2603 4806 2874 4874 properat
2905 4805 3100 4874 portas
3130 4801 3374 4874 aperire.

1943 4891 2322 4963 Educensquc
2353 4907 2556 4964 graves
2586 4891 2840 4963 gemitus
2870 4892 2941 4946 de
2972 4896 3219 4963 pectore,
3252 4890 3441 4948 claves

1944 4979 2121 5034 Portae
2154 4981 2407 5050 porrexit
2439 4980 2783 5048 Boimundo,
2814 4981 3046 5052 duxque
3080 4980 3298 5038 reﬂexit
3325 4981 3438 5053 (90)

1943 5068 2198 5142 Supplex
2229 5075 2359 5126 ante
2386 5070 2575 5126 virum
2609 5087 2839 5142 corpus,
2871 5071 3217 5143 vultumque
3249 5087 3536 5127 severum.

1944 5159 2271 5231 Diffugiunt
2302 5159 2499 5214 miseri
2531 5159 2703 5228 cives,
2740 5160 2837 5216 ubi
2867 5166 3053 5217 morte
3082 5161 3266 5218 teneri

1945 5248 2167 5304 Cuncta
2197 5247 2412 5320 vident,
2444 5248 2576 5304 telis
2608 5254 2952 5306 sternuntur
2979 5251 3196 5308 muenia
3223 5254 3365 5319 tota,

2019 5393 2126 5466 (88)
2159 5393 2334 5468 Edit.,
2365 5409 2678 5468 properare.

2017 5465 2132 5534 (89)
2162 5465 2337 5531 Edit.,
2365 5465 2525 5521 stem.

2019 5536 2128 5613 (90)
2158 5536 2334 5610 Edit.,
2366 5535 2483 5594 dux
2509 5552 2716 5613 quoque
2741 5539 2916 5612 ﬂexit.

3171 5739 3245 5808 31
