3994 6066
412 362 524 424 971

921 360 1022 420 AD
1068 357 1578 420 GODEFRIDUM
1622 354 1958 416 APPEND.

2171 347 2529 411 -ΜΟΝΠΜ,
2577 348 2678 410 DE
2723 347 2974 409 BELLO
3019 345 3290 408 SACRO.

3694 341 3822 402 972

411 495 481 550 Et
509 497 648 550 sunt
677 494 748 550 de
778 493 963 550 muris
995 492 1191 549 Parthi
1223 492 1333 565 (91)
1365 491 1544 546 rubra
1594 489 1762 562 signa
1807 489 2052 552 remota,
2084 486 2140 552 Α
2173 482 2807 551 Viribus,ammentant
2835 481 3053 537 Arabes
3081 479 3151 535 de
3183 476 3440 534 culmine
3471 475 3690 533 montis

408 583 671 655 Albaque
707 600 806 656 pro
838 583 1035 639 rubeis
1065 582 1184 638 illic
1213 581 1421 637 vexilla
1451 580 1738 636 locantur.

405 672 492 726 Ad
525 688 836 727 commune
868 672 1086 728 bonum
1119 671 1204 726 sic
1234 669 1470 744 agmina
1501 669 1615 722 fida
1643 670 1942 731 vocantur,

407 759 870 833 Clangoremque
899 761 1050 816 tubae
1086 759 1217 815 tulit
1249 760 1318 814 ad
1352 758 1602 814 tentoria
1633 761 1858 812 ventus.

409 850 426 921 [
458 849 571 920 (92)
605 850 1010 922 Impediuntur
1038 849 1173 921 equi
1204 848 1405 915 frenis,
1441 847 1634 902 fremit
1667 846 2056 917 armajuven-

1825 935 1990 1008 [tus-1

407 1029 524 1086 Nec
554 1046 736 1096 mora,
769 1028 1084 1101 prosiliunt
1115 1029 1184 1084 de
1216 1027 1426 1084 castris
1456 1026 1692 1100 agmina
1717 1026 1916 1091 densa,

408 1118 726 1174 Deseruere
755 1118 932 1174 duces
964 1117 1189 1190 campis
1211 1117 1463 1173 tentoria
1493 1117 1692 1181 densa,

410 1207 560 1264 Dum
593 1208 719 1264 sine
752 1207 876 1280 lege
905 1211 1105 1275 ruunt,
1140 1224 1208 1262 ex
1233 1207 1378 1261 urbe
1409 1206 1561 1260 viros
1599 1203 1887 1277 fugientes

410 1295 740 1369 Excipiunt,
773 1300 1057 1368 terraeque
1089 1299 1365 1369 premunt
1393 1295 1501 1349 hos
1532 1297 1738 1366 sponte
1768 1293 2063 1347 cadentes.

411 1384 629 1458 Sponte
652 1386 872 1441 cadunt
896 1385 1113 1457 quibus
1135 1384 1469 1440 exciderant
1490 1399 1624 1438 cum
1649 1399 1887 1454 corpore
1909 1398 2069 1436 mcn-

1747 1472 1855 1543 [tes
1887 1470 1994 1544 (93)

410 1563 659 1638 Agmina
688 1581 791 1636 per
817 1568 1014 1636 portas
1046 1580 1179 1619 mox
1211 1563 1470 1635 irrupere
1504 1565 1790 1634 patentes,

413 1654 483 1709 Et
512 1669 775 1726 pressere
803 1652 910 1708 viri
944 1653 1269 1725 primorum
1295 1656 1457 1724 terga
1488 1654 1818 1724 sequentes.

416 1741 692 1798 Protinus
723 1741 1008 1796 invadunt
1039 1741 1265 1808 urbem,
1297 1741 1440 1796 dant
1466 1739 1708 1796 vulnera
1739 1738 1943 1807 multa,

416 1831 644 1887 Passim
677 1831 850 1886 turba
882 1830 1032 1903 perit
1060 1830 1191 1886 vino
1218 1846 1539 1902 somnoque
1572 1828 1820 1901 sepulta.

417 1920 597 1994 Signa
627 1923 863 1988 canunt,
898 1925 1231 1992 matresque
1269 1922 1531 1992 gemunt,
1566 1922 1656 1974 est
1705 1918 1897 1973 luctus
1943 1915 2070 1972 ubi-

1841 2009 1996 2079 ique,

419 2099 637 2171 Perque
669 2099 793 2154 vias
824 2115 1028 2154 omnes
1058 2097 1248 2170 gentis
1275 2114 1446 2152 cruor
1475 2101 1628 2151 errat
1657 2095 1889 2167 iniquas.

418 2188 526 2243 Ore
557 2187 737 2244 vomit
768 2188 1071 2242 cerebrum
1105 2185 1310 2258 capitis
1341 2202 1618 2258 compage
1651 2185 1842 2240 soluta

418 2203 526 2243 ure
557 2203 737 2244 vomit
768 2203 1071 2242 cerebrum
1105 2203 1310 2258 capitis
1341 2203 1406 2240 co
1515 2203 1618 2258 age
1651 2203 1842 2240 sciuta

416 2277 635 2343 Infans,
670 2280 725 2332 et
757 2275 977 2330 fcedant
1007 2275 1294 2330 nutricem
1333 2203 1535 2329 08:338.
1562 2278 1727 2329 muta
1759 2274 1890 2346 (94).

415 2364 503 2420 Ad
537 2368 756 2420 matres
788 2365 1040 2419 tendunt
1071 2363 1308 2436 captivae
1342 2363 1568 2418 lumina
1599 2367 1766 2432 natae,

315 2483 320 2490 ’
417 2454 668 2510 Lumina
699 2457 977 2525 (namque
1009 2470 1220 2508 manus
1251 2451 1438 2526 rigido
1485 2456 1623 2508 sunt
1671 2453 1805 2508 fune
1835 2452 2069 2525 ligatae),

419 2541 583 2598 Flent
612 2542 946 2614 hierentque
975 2558 1180 2608 senes;
1223 2540 1453 2612 templis
1485 2558 1628 2596 auro
1659 2540 1946 2613 spoliatis,

419 2632 694 2703 Duraque
725 2629 1058 2703 percutiunt
1083 2629 1212 2686 loca
1241 2630 1530 2686 frontibus
1561 2629 1914 2686 inveteratis.

933 2719 1200 2774 Casianus
1228 2720 1350 2774 neci
1379 2717 1560 2774 datur.

421 2807 646 2864 Emicat
676 2811 808 2864 ante
838 2806 1041 2863 volans
1071 2806 1437 2873 Godefridus,
1466 2806 1674 2862 inertia
1723 2808 1966 2880 spernit.

423 2897 696 2969 Corpora,
731 2913 992 2970 quosque
1021 2895 1178 2951 videt
1205 2900 1545 2968 torquentes
1576 2896 1802 2968 spicula
1843 2897 2072 2954 sternit.

426 2985 662 3042 Loricas
692 2985 1037 3058 clypeosque
1068 2984 1245 3040 simul
1276 2988 1432 3040 secat
1463 3002 1600 3041 ense
1632 2985 1858 3054 nitenti,

425 3074 673 3130 Territat
702 3074 986 3131 instantes
1016 3074 1144 3140 hoc,
1178 3073 1375 3145 objicit
1406 3073 1563 3128 hunc
1595 3073 1860 3147 fugienti.

425 3159 468 3216 Δ
499 3177 636 3217 nece
666 3160 758 3216 vix
787 3160 1048 3233 gladium
1081 3161 1199 3216 dux
1230 3161 1355 3233 ipse
1390 3165 1578 3233 potest
1609 3161 1891 3230 inhibere,

422 3249 696 3322 Quosque
727 3249 874 3304 mori
905 3249 1081 3304 nollet
1109 3249 1303 3322 gladio
1335 3248 1504 3304 multi
1535 3250 1775 3322 periere.

421 3337 674 3395 Vulnere
705 3355 842 3393 nam
874 3338 922 3394 si
955 3355 1129 3410 quem
1160 3355 1334 3411 parvo
1367 3339 1754 3411 perstringere
1783 3346 1998 3412 captat,

421 3427 587 3484 Hunc
619 3426 821 3499 rapido
855 3444 1133 3482 mucrone
1165 3443 1398 3487 manus.
1432 3426 1566 3483 licet
1598 3428 1804 3498 inscia,
1830 3436 2068 3488 mactat.

420 3519 569 3572 Dum
602 3532 966 3587 quaecunque
997 3515 1120 3571 suis
1150 3517 1358 3571 suadet
1385 3515 1625 3572 victoria
1655 3516 1802 3585 lata,

421 3605 575 3660 Gens
605 3604 747 3660 levis
779 3605 1134 3676 exsequitur,
1168 3604 1341 3660 licitis
1373 3605 1628 3661 miscens
1657 3606 1982 3677 inhonesta,

421 3692 636 3749 Celavit
665 3692 874 3765 pannis
904 3709 1096 3766 regem
1131 3710 1228 3748 rex
1254 3693 1480 3749 obsitus
1509 3695 1701 3762 annis,

418 3782 836 3854 Victorumque
868 3798 1079 3837 manus
1111 3782 1194 3838 sic
1223 3782 1404 3838 evasit
1432 3783 1735 3840 Casianus.

421 3871 548 3928 Non
579 3875 776 3926 tamen
809 3874 898 3926 est
928 3871 1062 3927 fatis
1092 3875 1345 3943 ereptus,
1379 3873 1476 3927 sed
1507 3873 1653 3929 bene
1684 3879 1857 3931 notus

419 3959 692 4017 Armenio
721 3959 952 4015 cuidam
986 3959 1215 4032 fugiens
1247 3963 1304 4015 et
1332 3961 1403 4016 ab
1438 3961 1580 4018 urbe
1610 3969 1891 4032 remotus,

422 4049 677 4106 Perdidit
707 4049 946 4104 annosis
971 4049 1228 4104 cinctum
1260 4054 1436 4121 caput
1464 4051 1723 4123 undique
1751 4053 1923 4124 villis,

417 4139 606 4210 Atque
636 4141 966 4210 reportatur
996 4137 1186 4193 cervix
1213 4155 1500 4210 suspensa
1525 4141 1771 4213 capillis.
1849 4185 1852 4187 λ

419 4226 526 4283 Per
551 4226 708 4282 vicos
738 4226 902 4282 urbis
933 4230 1109 4298 caput
1137 4226 1544 4299 applaudendo
1575 4236 1922 4302 sequuntur,

416 4315 640 4372 Emenii
673 4315 782 4388 (95)
815 4315 1106 4388 Turcique
1139 4333 1244 4372 suo
1277 4334 1380 4389 pro
1413 4335 1544 4391 rege
1576 4325 1920 4391 queruntur.

416 4404 555 4461 Urbi
584 4405 896 4477 contiguus
927 4421 1096 4460 mons
1127 4408 1234 4472 est,
1268 4406 1600 4479 montisque
1630 4425 1930 4479 cacumen,

415 4493 542 4549 Non
570 4494 770 4550 leviter
797 4493 948 4550 valet
967 4494 1292 4550 humanum
1327 4497 1740 4568 comprendere
1769 4497 1988 4568 lumen,

2101 1863 2148 1928 B

2165 575 2272 628 Ast
2305 571 2402 627 alii
2437 575 2724 628 conantur
2752 587 2887 626 eum
2917 568 3201 642 depellere
3233 566 3437 635 contis,

2168 661 2389 734 Perque
2409 660 2614 734 globos
2637 661 2888 716 densant
2908 676 3143 724 cuneos,
3169 663 3225 714 et
3243 655 3503 712 culmina
3523 658 3833 728 prensant.

2170 750 2371 806 Praalia
2400 749 2797 818 committunt,
2827 749 2920 804 vix
2947 747 3119 820 primi
3151 745 3379 820 spicula
3408 745 3652 800 mittunt

2169 838 2564 895 Assimilanda
2597 839 2736 906 nivi,
2769 837 3111 910 calcantque
3144 837 3425 892 cadavera
3455 834 3589 889 vivi.

2173 930 2300 986 Dux
2331 929 2675 1001 equitesque
2706 928 2874 984 ducis
2903 927 3257 993 consistunt,
3291 929 3349 981 et
3377 923 3696 980 morientes

2092 1019 2098 1029 “
2173 1017 2462 1074 Turribus
2493 1017 2786 1088 evolvunt,
2820 1016 3096 1088 civesque
3128 1018 3336 1070 necant
3366 1013 3706 1069 subeuntes.

2169 1107 2336 1162 Nunc
2366 1107 2588 1163 instant
2619 1107 2786 1172 sude,
2820 1121 2977 1161 nunc
3010 1121 3167 1173 saxo,
3203 1121 3305 1176 per
3334 1102 3449 1158 tela
3478 1106 3714 1158 ruentes

2173 1197 2288 1252 Hos
2319 1197 2573 1268 fugiunt,
2603 1196 2710 1251 hos
2739 1195 3047 1266 dejiciunt,
3078 1195 3194 1250 dux
3227 1209 3462 1249 summa
3491 1195 3760 1248 tenentes

2175 1288 2446 1359 Amputat
2478 1302 2616 1341 ense
2650 1302 2881 1352 manus,
2917 1282 3230 1357 clypeoque
3285 1285 3529 1338 sonante
3579 1281 3842 1336 furentes

2176 1373 2457 1443 Sustinet,
2492 1375 2761 1430 hortatur
2790 1390 3078 1447 proceres,
3113 1371 3246 1428 telis
3279 1372 3570 1427 oneratur.

2177 1465 2328 1520 Dum
2360 1467 2585 1519 certant
2615 1461 3076 1534 acies,jaculum
3113 1460 3316 1517 femori
3349 1461 3517 1516 ducis
3549 1459 3737 1526 haesit,

2177 1556 2364 1626 Atque
2394 1552 2555 1608 virile
2590 1553 2782 1608 femur
2810 1551 3062 1624 graviter
3095 1550 3306 1606 vulnus
3337 1549 3459 1605 leve
3490 1547 3655 1604 laesit.

2179 1643 2306 1699 Dux
2338 1642 2520 1716 igitur
2550 1642 2874 1715 reprimens
2908 1640 3186 1714 fugientis
3218 1639 3524 1712 sanguinis
3555 1638 3800 1706 undam,

2180 1732 2447 1788 Deseruit
2477 1732 2728 1804 primam
2760 1729 2994 1798 turrim,
3028 1729 3309 1802 petiitque
3339 1728 3676 1784 secundam.

2182 1820 2370 1892 thue
2401 1821 2492 1877 sui
2525 1819 2717 1876 videre
2747 1819 2914 1876 ducis
2945 1818 3326 1892 procumbere
3358 1822 3637 1886 mentem,

2178 1909 2404 1982 Apulus
2424 1914 2481 1966 et
2509 1908 2750 1966 Calaber
2779 1909 3015 1982 fugiunt
3042 1908 3255 1964 victam
3289 1908 3462 1963 modo
3491 1911 3747 1979 gentem.

2181 2000 2289 2056 Sed
2324 2003 2515 2056 tamen
2550 1999 2768 2054 amissa
2797 1998 2884 2054 vir
2905 1997 3068 2055 solus
3100 1997 3158 2052 in
3191 2014 3321 2053 arce
3348 1996 3652 2065 remansit,

2181 2088 2361 2161 Cujus
2392 2089 2640 2144 honesta
2669 2088 2816 2145 satis
2849 2087 3211 2144 Boimundus
3242 2087 3448 2142 funera
3479 2083 3724 2159 planxit.

2183 2179 2460 2234 Hostibus
2490 2178 2583 2234 hic
2615 2178 2824 2234 mediis
2856 2178 2956 2233 ubi
2989 2194 3050 2232 se
3079 2177 3236 2232 videt
3263 2192 3389 2232 esse
3421 2174 3707 2242 relictum,

2184 2267 2493 2340 Exagitans
2527 2267 2792 2340 clypeum
2826 2267 3044 2322 circum
3079 2284 3187 2322 sua
3216 2269 3478 2337 tempora
3507 2265 3757 2336 pictum,

2181 2356 2427 2412 Territat
2453 2357 2735 2412 instantes
2765 2357 2970 2412 turbas
3001 2357 3110 2411 sub
3143 2360 3301 2410 turre
3331 2359 3626 2426 vagantes,

2182 2445 2388 2501 Obruit
2418 2445 2632 2518 elapsis
2663 2447 2733 2501 de
2767 2461 3000 2502 summo
3031 2444 3290 2500 culmine
3322 2443 3495 2511 saxis,

2183 2535 2339 2590 Mille
2361 2552 2576 2610 manus.
2600 2535 2804 2603 lassat,
2827 2552 3038 2590 manus
3069 2551 3189 2590 una
3218 2534 3371 2590 viros
3398 2532 3542 2589 sude
3568 2538 3844 2605 quassat,

2186 2714 2507 2785 Frustaque
2538 2712 2801 2768 caementi
2833 2713 3179 2768 decrustans
3210 2727 3405 2785 ungue
3434 2709 3724 2778 trementi,

2184 2802 2486 2859 Stantibus
2518 2802 2748 2876 infligit,
2785 2803 2932 2858 ferro
2963 2819 3102 2858 cava
3132 2805 3396 2873 tempora
3423 2799 3566 2873 figit.

2182 2895 2350 2948 Hunc
2377 2893 2484 2948 sub
2516 2909 2656 2965 pace
2685 2895 2893 2947 vocant
2923 2891 3098 2958 cives,
3131 2890 3421 2946 succurrit
3450 2894 3508 2944 at
3540 2889 3634 2946 isti

2184 2983 2368 3048 Quam
2400 2981 2708 3054 pulchrum
2744 2981 2820 3036 sit
2841 2985 3024 3036 marte
3045 2980 3191 3035 mori
3214 2997 3318 3052 pro
3340 2978 3574 3035 nomine
3593 2979 3838 3051 Christi,

2182 3071 2432 3144 Jamque
2463 3071 2829 3144 superﬁciem
2861 3068 3044 3142 clypei
3077 3069 3419 3125 densaverat
3447 3068 3634 3125 hostis

2185 3159 2509 3216 Missilibus
2535 3177 2546 3228 ;
2573 3161 2730 3232 jacet
2759 3159 2916 3214 orbis
2944 3158 3123 3224 iners,
3173 3158 3403 3230 pondus
3431 3175 3602 3230 grave
3651 3159 3840 3215 costis

2104 3237 2146 3303 C
2185 3249 2454 3305 Protinus
2484 3249 2639 3304 haud
2674 3248 2876 3303 timide
2905 3265 3033 3304 sese
3065 3264 3242 3320 super
3266 3247 3502 3319 agmina
3523 3246 3686 3319 jecit.

2183 3337 2679 3411 Tormentumque
2711 3354 2925 3393 novum
2957 3337 3187 3409 proprio
3219 3337 3289 3392 de
3321 3353 3558 3409 corpore
3590 3336 3742 3404 fecit,

2185 3427 2252 3482 Et
2282 3427 2499 3483 fractus
2529 3427 2699 3499 fregit
2729 3425 2968 3482 multos.
3004 3426 3132 3481 Haec
3162 3424 3387 3497 Apulus
3417 3426 3553 3498 egit.

2182 3517 2293 3573 Sed
2327 3517 2460 3590 quis
2484 3517 2539 3572 id
2576 3517 2843 3589 expediat
2872 3515 3061 3571 verbis
3083 3515 3110 3570 ?
3139 3532 3266 3587 quae
3297 3514 3498 3587 lingua
3527 3519 3727 3571 notare

2183 3606 2409 3662 Funera
2437 3610 2522 3661 tot
2551 3605 2780 3678 poterit,
2817 3609 2900 3660 tot
2932 3604 3189 3677 captivos
3218 3604 3568 3659 numerare?

2179 3694 2292 3751 Nec
2323 3695 2560 3750 turbare
2591 3693 2826 3766 quidem
2859 3697 3033 3766 queat
3062 3691 3437 3765 ampliﬁcatio
3468 3709 3666 3748 verum
3697 3710 3710 3760 ;

2181 3783 2448 3841 Sufﬁciat
2476 3783 2618 3838 mihi
2650 3800 2885 3839 summa
2911 3783 3075 3854 sequi
3107 3782 3350 3856 vestigia
3380 3799 3596 3838 rerum.

2384 3928 2667 3983 Exercitus
2698 3927 3043 3983 Christianus
3072 3927 3263 3982 urbem
3292 3926 3619 3996 ingreditur.

2182 4053 2328 4109 Urbs
2360 4053 2624 4125 antiqua.
2657 4056 2883 4124 potens,
2917 4051 3066 4107 Petri
3099 4051 3377 4106 cathedra
3404 4050 3693 4118 decorata,

2177 4141 2444 4198 Ecclesiae
2471 4143 2638 4198 sedes
2671 4145 2802 4214 post
2833 4142 3076 4197 Romam
3109 4141 3236 4211 iure
3263 4145 3487 4205 vocata,

2178 4231 2432 4287 Urbibus
2463 4231 2788 4286 innumeris
2822 4231 2961 4286 urbs
2992 4230 3227 4286 assidue
3258 4229 3575 4300 dominata,

2178 4320 2384 4388 Muris,
2416 4319 2696 4386 delubris,
2734 4319 2886 4385 felix,
2914 4319 3194 4389 jucunda,
3229 4317 3503 4384 salubris,

2175 4408 2507 4481 Ignorantia
2535 4413 2660 4463 erat
2687 4407 2885 4480 pepuli
2918 4409 3186 4463 demersa
3215 4406 3491 4462 tenebris.

2175 4498 2313 4554 Inde
2344 4498 2443 4554 sed
2477 4497 2689 4568 erupit,
2725 4513 2871 4552 nova
2901 4496 3070 4564 facta,
3104 4494 3408 4568 magisque
3439 4494 3706 4563 celebris,

416 4582 542 4639 Stat
570 4601 746 4656 super
775 4583 883 4638 hoc
915 4586 1194 4651 castrum,
1227 4583 1298 4671 de
1343 4600 1456 4655 quo
1499 4588 1657 4656 patet
1709 4587 2067 4645 Antiochena
2094 4607 2141 4671 Ι)
2177 4586 2380 4642 Vestes
2411 4589 2761 4658 gemmatas,
2789 4601 3050 4657 auroque
3079 4584 3284 4639 domos
3315 4583 3615 4655 laqueatae

414 4671 665 4728 Pulchra
698 4672 871 4727 nimis
904 4672 1080 4744 regio,
1115 4688 1248 4726 cum
1281 4670 1381 4727 lux
1412 4672 1558 4728 solet
1585 4691 1712 4730 esse
1742 4691 1963 4732 serena.

415 4760 558 4817 Illuc
587 4761 842 4817 evadunt
872 4761 1077 4826 Persae,
1110 4765 1459 4834 nostrosque
1491 4762 1722 4835 sagittis

416 4849 553 4906 Inde
585 4854 877 4922 premunt,
913 4867 1016 4906 nec
1047 4854 1170 4905 tota
1197 4850 1355 4906 venit
1377 4849 1620 4907 victoria
1649 4853 1830 4909 mitis.

414 4938 559 4994 Cum
590 4939 814 5012 legione
848 4956 955 4994 sua
984 4938 1342 4994 Boimundus
1373 4940 1621 5012 suscipit
1649 4941 1799 4998 ictus

413 5026 672 5095 Illorum,
708 5029 850 5100 petit
878 5027 1064 5082 hostis
1093 5044 1226 5082 eum
1259 5043 1362 5100 per
1391 5028 1605 5084 moenia
1629 5030 1837 5087 victus.

412 5115 676 5188 Cumque
707 5133 886 5188 super
915 5133 1148 5170 murum
1186 5115 1392 5170 turrim
1427 5117 1544 5173 dux
1586 5118 1749 5174 fortis
1799 5119 2058 5177 haberet.

411 5206 546 5271 Quae
577 5205 804 5260 munita
837 5221 1044 5277 parum
1075 5209 1264 5260 castro
1290 5205 1534 5261 vicinius
1566 5207 1765 5275 haeret,

409 5293 792 5351 Incumbebat
822 5293 874 5348 ei
906 5291 1225 5348 saevissima
1254 5294 1448 5363 turba,
1483 5297 1797 5370 resumptis

479 5436 592 5509 (9i)
621 5436 796 5509 Edit.,
824 5437 1050 5509 partim.

479 5508 593 5577 (92)
624 5507 726 5563 Hic
755 5507 957 5564 versus
989 5507 1357 5565 desideratur
1386 5509 1443 5564 in
1475 5509 1666 5566 editis.

478 5579 594 5656 (93)
624 5579 796 5652 Edit.,
831 5585 945 5638 Hos
971 5597 1083 5639 non
1124 5588 1311 5657 sponte
1355 5581 1555 5639 cadunt
1602 5583 1801 5653 quibus
1843 5591 1894 5639 et
1933 5599 2059 5640 cum

1513 5668 1732 5729 corpore
1761 5662 1984 5712 mentes.

2177 4677 2391 4747 Agmen
2416 4674 2594 4730 habet
2615 4677 2904 4740 nostrum,
2924 4672 3295 4746 peregrinum
3320 4673 3579 4745 possidet
3598 4675 3836 4729 ostrum

2174 4763 2344 4819 Urbis
2375 4767 2432 4819 et
2463 4762 2640 4818 unius
2669 4762 2915 4834 explevit
2944 4761 3110 4835 copia
3140 4766 3361 4835 gentes,

2174 4851 2652 4925 Pauperibusque
2682 4851 2826 4906 nihil
2861 4855 3110 4924 possunt
3138 4851 3366 4906 auferre
3396 4853 3680 4923 potentes.

2173 4943 2383 4998 Servus
2414 4940 2472 4995 in
2504 4940 2614 4996 hac
2639 4957 2835 4996 servos
2857 4940 3032 4996 habet
3053 4941 3216 5007 urbe,
3239 4939 3536 5011 cliensque
3560 4938 3829 4996 clientes.

2173 5031 2336 5087 Illam
2367 5029 2495 5086 luce
2531 5030 2690 5087 Jovis
2719 5034 2859 5086 tuus
2891 5030 3089 5097 intrat,
3121 5029 3367 5098 Christe,
3403 5027 3676 5097 satelles;

2172 5121 2282 5176 Sed
2315 5118 2663 5176 castellanos
2693 5119 2896 5192 nequit
2925 5135 3272 5192 exsuperare
3303 5117 3568 5174 rebelles.

2169 5209 2317 5282 Ergo
2347 5208 2441 5264 die
2473 5212 2592 5264 tota
2621 5213 2860 5282 pugnat,
2897 5207 3167 5280 noctique
3196 5207 3457 5263 laborem

2169 5297 2500 5365 Continuat,
2534 5297 2882 5370 nullumque
2911 5296 3068 5371 capit
3099 5297 3209 5354 sub
3243 5302 3410 5353 nocte
3440 5313 3732 5369 soporem.

2237 5439 2351 5513 (94)
2381 5439 2556 5513 Edit.,
2589 5439 2813 5513 sordida
2841 5447 3021 5513 sputa.

2239 5512 2352 5579 (95)
2382 5511 2558 5577 Edit.,
2587 5511 2829 5566 Armcni.

2237 5582 2349 5655 (96)
2382 5583 2555 5652 Edit.,
2587 5595 2805 5656 unaque
2833 5583 2977 5641 viros
3007 5583 3139 5641 sude
3169 5593 3413 5658 quassat.
