  <div class='ocr_page' id='page_1' title='image "/cluster/home/n/w/nwhite01/storage/ocr_20150623/155/hvd.32044054760137/490.png"; bbox 0 0 3998 6088; ppageno 0'>
   <div class='ocr_carea' id='block_1_1' title="bbox 216 305 335 364">
    <p class='ocr_par' dir='ltr' id='par_1_1' title="bbox 216 305 335 364">
     <span class='ocr_line' id='line_1_1' title="bbox 216 305 335 364; baseline 0 0"><span class='ocrx_word' id='word_1_1' title='bbox 216 305 335 364; x_wconf 88' lang='lat'><strong>973</strong></span> 
     </span>
    </p>
   </div>
   <div class='ocr_carea' id='block_1_2' title="bbox 1047 303 2804 371">
    <p class='ocr_par' dir='ltr' id='par_1_2' title="bbox 1047 303 2804 371">
     <span class='ocr_line' id='line_1_2' title="bbox 1047 303 2804 371; baseline 0.001 -5"><span class='ocrx_word' id='word_1_2' title='bbox 1047 303 1353 369; x_wconf 90' lang='lat' dir='ltr'><strong>GILONIS</strong></span> <span class='ocrx_word' id='word_1_3' title='bbox 1397 305 1658 368; x_wconf 77' lang='lat' dir='ltr'><strong>PARIS.</strong></span> <span class='ocrx_word' id='word_1_4' title='bbox 1706 303 1911 369; x_wconf 87' lang='lat' dir='ltr'><strong>HIST.</strong></span> <span class='ocrx_word' id='word_1_5' title='bbox 1958 303 2368 369; x_wconf 82' lang='lat' dir='ltr'><strong>HIEROSOL.</strong></span> <span class='ocrx_word' id='word_1_6' title='bbox 2399 341 2477 351; x_wconf 93' lang='lat'>—</span> <span class='ocrx_word' id='word_1_7' title='bbox 2508 306 2652 368; x_wconf 85' lang='lat' dir='ltr'><strong>LIB.</strong></span> <span class='ocrx_word' id='word_1_8' title='bbox 2699 308 2804 371; x_wconf 87' lang='lat' dir='ltr'><strong>IV.</strong></span> 
     </span>
    </p>
   </div>
   <div class='ocr_carea' id='block_1_3' title="bbox 3507 309 3626 372">
    <p class='ocr_par' dir='ltr' id='par_1_3' title="bbox 3507 309 3626 372">
     <span class='ocr_line' id='line_1_3' title="bbox 3507 309 3626 372; baseline -0.008 -1"><span class='ocrx_word' id='word_1_9' title='bbox 3507 309 3626 372; x_wconf 75' lang='lat'><strong>9&#39;14</strong></span> 
     </span>
    </p>
   </div>
   <div class='ocr_carea' id='block_1_4' title="bbox 213 434 3426 512">
    <p class='ocr_par' dir='ltr' id='par_1_4' title="bbox 213 434 3426 512">
     <span class='ocr_line' id='line_1_4' title="bbox 213 434 3426 512; baseline 0 -19"><span class='ocrx_word' id='word_1_10' title='bbox 213 436 469 493; x_wconf 81' lang='lat' dir='ltr'><strong>Corbana</strong></span> <span class='ocrx_word' id='word_1_11' title='bbox 504 434 732 493; x_wconf 71' lang='lat' dir='ltr'><strong>militia:</strong></span> <span class='ocrx_word' id='word_1_12' title='bbox 779 437 1054 512; x_wconf 72' lang='lat' dir='ltr'><strong>princeps,</strong></span> <span class='ocrx_word' id='word_1_13' title='bbox 1074 508 1085 512; x_wconf 95' lang='lat'>_</span> <span class='ocrx_word' id='word_1_14' title='bbox 1105 453 1231 512; x_wconf 83' lang='lat' dir='ltr'><strong>cum</strong></span> <span class='ocrx_word' id='word_1_15' title='bbox 1276 439 1574 512; x_wconf 65' lang='lat' dir='ltr'><strong>Persarum</strong></span> <span class='ocrx_word' id='word_1_16' title='bbox 1625 440 1870 495; x_wconf 69' lang='lat' dir='ltr'><strong>exercitu</strong></span> <span class='ocrx_word' id='word_1_17' title='bbox 1898 440 1954 507; x_wconf 80' lang='grc' dir='ltr'><strong>Α</strong></span> <span class='ocrx_word' id='word_1_18' title='bbox 1985 438 2353 512; x_wconf 83' lang='lat' dir='ltr'><strong>Raptatoque</strong></span> <span class='ocrx_word' id='word_1_19' title='bbox 2380 438 2503 496; x_wconf 90' lang='lat' dir='ltr'><strong>viro</strong></span> <span class='ocrx_word' id='word_1_20' title='bbox 2533 439 2726 496; x_wconf 91' lang='lat' dir='ltr'><strong>subito</strong></span> <span class='ocrx_word' id='word_1_21' title='bbox 2747 441 2924 512; x_wconf 89' lang='lat' dir='ltr'><strong>caput</strong></span> <span class='ocrx_word' id='word_1_22' title='bbox 2952 441 3220 512; x_wconf 84' lang='lat' dir='ltr'><strong>amputat</strong></span> <span class='ocrx_word' id='word_1_23' title='bbox 3246 437 3426 496; x_wconf 82' lang='lat' dir='ltr'><strong>ensis.</strong></span> 
     </span>
    </p>
   </div>
   <div class='ocr_carea' id='block_1_5' title="bbox 652 508 1441 565">
    <p class='ocr_par' dir='ltr' id='par_1_5' title="bbox 652 508 1441 565">
     <span class='ocr_line' id='line_1_5' title="bbox 652 508 1441 565; baseline 0.003 -2"><span class='ocrx_word' id='word_1_24' title='bbox 652 515 843 564; x_wconf 80' lang='lat' dir='ltr'><strong>contra</strong></span> <span class='ocrx_word' id='word_1_25' title='bbox 872 508 1220 564; x_wconf 79' lang='lat' dir='ltr'><strong>Antiochiam</strong></span> <span class='ocrx_word' id='word_1_26' title='bbox 1248 509 1441 565; x_wconf 73' lang='lat' dir='ltr'><strong>tendit.</strong></span> 
     </span>
    </p>
   </div>
   <div class='ocr_carea' id='block_1_6' title="bbox 208 613 1778 688">
    <p class='ocr_par' dir='ltr' id='par_1_6' title="bbox 208 613 1778 688">
     <span class='ocr_line' id='line_1_6' title="bbox 208 613 1778 688; baseline 0.001 -18"><span class='ocrx_word' id='word_1_27' title='bbox 208 615 320 670; x_wconf 82' lang='lat' dir='ltr'><strong>Ast</strong></span> <span class='ocrx_word' id='word_1_28' title='bbox 360 613 459 670; x_wconf 92' lang='lat' dir='ltr'><strong>ubi</strong></span> <span class='ocrx_word' id='word_1_29' title='bbox 492 630 664 669; x_wconf 90' lang='lat' dir='ltr'><strong>mane</strong></span> <span class='ocrx_word' id='word_1_30' title='bbox 695 614 890 682; x_wconf 89' lang='lat' dir='ltr'><strong>datur,</strong></span> <span class='ocrx_word' id='word_1_31' title='bbox 921 613 1281 688; x_wconf 87' lang='lat' dir='ltr'><strong>Venerisque</strong></span> <span class='ocrx_word' id='word_1_32' title='bbox 1311 615 1434 672; x_wconf 91' lang='lat' dir='ltr'><strong>dies</strong></span> <span class='ocrx_word' id='word_1_33' title='bbox 1466 620 1778 687; x_wconf 83' lang='lat' dir='ltr'><strong>reseratur,</strong></span> 
     </span>
    </p>
   </div>
   <div class='ocr_carea' id='block_1_7' title="bbox 213 701 1867 776">
    <p class='ocr_par' dir='ltr' id='par_1_7' title="bbox 213 701 1867 776">
     <span class='ocr_line' id='line_1_7' title="bbox 213 701 1867 776; baseline 0 -16"><span class='ocrx_word' id='word_1_34' title='bbox 213 704 393 760; x_wconf 85' lang='lat' dir='ltr'><strong>Stans</strong></span> <span class='ocrx_word' id='word_1_35' title='bbox 424 719 604 776; x_wconf 86' lang='lat' dir='ltr'><strong>eques</strong></span> <span class='ocrx_word' id='word_1_36' title='bbox 633 701 693 758; x_wconf 90' lang='lat' dir='ltr'><strong>in</strong></span> <span class='ocrx_word' id='word_1_37' title='bbox 725 703 934 772; x_wconf 92' lang='lat' dir='ltr'><strong>muris,</strong></span> <span class='ocrx_word' id='word_1_38' title='bbox 969 703 1111 759; x_wconf 88' lang='lat' dir='ltr'><strong>dum</strong></span> <span class='ocrx_word' id='word_1_39' title='bbox 1143 709 1510 761; x_wconf 89' lang='lat' dir='ltr'><strong>sustentatur</strong></span> <span class='ocrx_word' id='word_1_40' title='bbox 1567 705 1638 761; x_wconf 89' lang='lat' dir='ltr'><strong>ab</strong></span> <span class='ocrx_word' id='word_1_41' title='bbox 1677 705 1867 775; x_wconf 90' lang='lat' dir='ltr'><strong>hasta,</strong></span> 
     </span>
    </p>
   </div>
   <div class='ocr_carea' id='block_1_8' title="bbox 212 790 1698 865">
    <p class='ocr_par' dir='ltr' id='par_1_8' title="bbox 212 790 1698 865">
     <span class='ocr_line' id='line_1_8' title="bbox 212 790 1698 865; baseline 0.002 -18"><span class='ocrx_word' id='word_1_42' title='bbox 212 792 585 865; x_wconf 89' lang='lat' dir='ltr'><strong>Sortitusque</strong></span> <span class='ocrx_word' id='word_1_43' title='bbox 614 790 834 859; x_wconf 92' lang='lat' dir='ltr'><strong>locum,</strong></span> <span class='ocrx_word' id='word_1_44' title='bbox 863 791 993 849; x_wconf 90' lang='lat' dir='ltr'><strong>loca</strong></span> <span class='ocrx_word' id='word_1_45' title='bbox 1020 791 1236 849; x_wconf 90' lang='lat' dir='ltr'><strong>lustrat</strong></span> <span class='ocrx_word' id='word_1_46' title='bbox 1265 793 1489 850; x_wconf 84' lang='lat' dir='ltr'><strong>lumine</strong></span> <span class='ocrx_word' id='word_1_47' title='bbox 1515 798 1698 863; x_wconf 87' lang='lat' dir='ltr'><strong>vasta,</strong></span> 
     </span>
    </p>
   </div>
   <div class='ocr_carea' id='block_1_9' title="bbox 212 879 1679 954">
    <p class='ocr_par' dir='ltr' id='par_1_9' title="bbox 212 879 1679 954">
     <span class='ocr_line' id='line_1_9' title="bbox 212 879 1679 954; baseline 0.002 -18"><span class='ocrx_word' id='word_1_48' title='bbox 212 879 478 938; x_wconf 86' lang='lat' dir='ltr'><strong>Pulveris</strong></span> <span class='ocrx_word' id='word_1_49' title='bbox 509 881 829 937; x_wconf 83' lang='lat' dir='ltr'><strong>obscuram</strong></span> <span class='ocrx_word' id='word_1_50' title='bbox 863 883 1161 954; x_wconf 83' lang='lat' dir='ltr'><strong>prospexit</strong></span> <span class='ocrx_word' id='word_1_51' title='bbox 1191 883 1246 936; x_wconf 88' lang='lat' dir='ltr'><strong>in</strong></span> <span class='ocrx_word' id='word_1_52' title='bbox 1281 899 1412 939; x_wconf 90' lang='lat' dir='ltr'><strong>aere</strong></span> <span class='ocrx_word' id='word_1_53' title='bbox 1442 883 1679 939; x_wconf 92' lang='lat' dir='ltr'><strong>nubem.</strong></span> 
     </span>
    </p>
   </div>
   <div class='ocr_carea' id='block_1_10' title="bbox 211 969 1865 1046">
    <p class='ocr_par' dir='ltr' id='par_1_10' title="bbox 211 969 1865 1046">
     <span class='ocr_line' id='line_1_10' title="bbox 211 969 1865 1046; baseline 0.002 -20"><span class='ocrx_word' id='word_1_54' title='bbox 211 970 430 1026; x_wconf 80' lang='lat' dir='ltr'><strong>Tristia</strong></span> <span class='ocrx_word' id='word_1_55' title='bbox 459 987 593 1026; x_wconf 87' lang='lat' dir='ltr'><strong>mox</strong></span> <span class='ocrx_word' id='word_1_56' title='bbox 621 969 912 1042; x_wconf 87' lang='lat' dir='ltr'><strong>reliquam</strong></span> <span class='ocrx_word' id='word_1_57' title='bbox 942 976 1108 1028; x_wconf 90' lang='lat' dir='ltr'><strong>vocat</strong></span> <span class='ocrx_word' id='word_1_58' title='bbox 1136 973 1207 1027; x_wconf 90' lang='lat' dir='ltr'><strong>ad</strong></span> <span class='ocrx_word' id='word_1_59' title='bbox 1249 972 1582 1045; x_wconf 89' lang='lat' dir='ltr'><strong>spectacula</strong></span> <span class='ocrx_word' id='word_1_60' title='bbox 1628 972 1865 1046; x_wconf 89' lang='lat' dir='ltr'><strong>pubem.</strong></span> 
     </span>
    </p>
   </div>
   <div class='ocr_carea' id='block_1_11' title="bbox 211 1059 1672 1133">
    <p class='ocr_par' dir='ltr' id='par_1_11' title="bbox 211 1059 1672 1133">
     <span class='ocr_line' id='line_1_11' title="bbox 211 1059 1672 1133; baseline 0.002 -19"><span class='ocrx_word' id='word_1_61' title='bbox 211 1059 531 1131; x_wconf 88' lang='lat' dir='ltr'><strong>Suspensis</strong></span> <span class='ocrx_word' id='word_1_62' title='bbox 561 1059 777 1116; x_wconf 90' lang='lat' dir='ltr'><strong>animis</strong></span> <span class='ocrx_word' id='word_1_63' title='bbox 810 1076 924 1132; x_wconf 58' lang='lat' dir='ltr'><strong>per»</strong></span> <span class='ocrx_word' id='word_1_64' title='bbox 944 1061 1386 1133; x_wconf 88' lang='lat' dir='ltr'><strong>propugnacula</strong></span> <span class='ocrx_word' id='word_1_65' title='bbox 1416 1061 1672 1117; x_wconf 86' lang='lat' dir='ltr'><strong>stabant.</strong></span> 
     </span>
    </p>
   </div>
   <div class='ocr_carea' id='block_1_12' title="bbox 212 1147 1530 1223">
    <p class='ocr_par' dir='ltr' id='par_1_12' title="bbox 212 1147 1530 1223">
     <span class='ocr_line' id='line_1_12' title="bbox 212 1147 1530 1223; baseline 0.001 -19"><span class='ocrx_word' id='word_1_66' title='bbox 212 1147 559 1222; x_wconf 89' lang='lat' dir='ltr'><strong>Diversique</strong></span> <span class='ocrx_word' id='word_1_67' title='bbox 582 1148 712 1216; x_wconf 89' lang='lat' dir='ltr'><strong>viri,</strong></span> <span class='ocrx_word' id='word_1_68' title='bbox 747 1148 977 1205; x_wconf 90' lang='lat' dir='ltr'><strong>diversa</strong></span> <span class='ocrx_word' id='word_1_69' title='bbox 1007 1149 1199 1206; x_wconf 89' lang='lat' dir='ltr'><strong>videre</strong></span> <span class='ocrx_word' id='word_1_70' title='bbox 1227 1151 1530 1223; x_wconf 79' lang='lat' dir='ltr'><strong>putabant.</strong></span> 
     </span>
    </p>
   </div>
   <div class='ocr_carea' id='block_1_13' title="bbox 215 1236 1808 1312">
    <p class='ocr_par' dir='ltr' id='par_1_13' title="bbox 215 1236 1808 1312">
     <span class='ocr_line' id='line_1_13' title="bbox 215 1236 1808 1312; baseline 0.003 -21"><span class='ocrx_word' id='word_1_71' title='bbox 215 1237 577 1310; x_wconf 80' lang='lat' dir='ltr'><strong>Appropiare</strong></span> <span class='ocrx_word' id='word_1_72' title='bbox 607 1236 843 1310; x_wconf 88' lang='lat' dir='ltr'><strong>quidem</strong></span> <span class='ocrx_word' id='word_1_73' title='bbox 877 1238 1099 1295; x_wconf 91' lang='lat' dir='ltr'><strong>Turcos</strong></span> <span class='ocrx_word' id='word_1_74' title='bbox 1130 1239 1238 1312; x_wconf 89' lang='grc'>(97)</span> <span class='ocrx_word' id='word_1_75' title='bbox 1273 1256 1409 1312; x_wconf 89' lang='lat' dir='ltr'><strong>pars</strong></span> <span class='ocrx_word' id='word_1_76' title='bbox 1438 1239 1808 1309; x_wconf 86' lang='lat' dir='ltr'><strong>vaticinatur,</strong></span> 
     </span>
    </p>
   </div>
   <div class='ocr_carea' id='block_1_14' title="bbox 208 1325 1670 1401">
    <p class='ocr_par' dir='ltr' id='par_1_14' title="bbox 208 1325 1670 1401">
     <span class='ocr_line' id='line_1_14' title="bbox 208 1325 1670 1401; baseline 0 -19"><span class='ocrx_word' id='word_1_77' title='bbox 208 1327 351 1382; x_wconf 87' lang='lat' dir='ltr'><strong>Pars</strong></span> <span class='ocrx_word' id='word_1_78' title='bbox 382 1325 731 1400; x_wconf 83' lang='lat' dir='ltr'><strong>Bysantinos</strong></span> <span class='ocrx_word' id='word_1_79' title='bbox 766 1327 886 1383; x_wconf 86' lang='lat' dir='ltr'><strong>fore</strong></span> <span class='ocrx_word' id='word_1_80' title='bbox 917 1328 1104 1384; x_wconf 88' lang='lat' dir='ltr'><strong>credit</strong></span> <span class='ocrx_word' id='word_1_81' title='bbox 1133 1344 1282 1400; x_wconf 92' lang='lat' dir='ltr'><strong>quos</strong></span> <span class='ocrx_word' id='word_1_82' title='bbox 1312 1328 1670 1401; x_wconf 84' lang='lat' dir='ltr'><strong>speculatur.</strong></span> 
     </span>
    </p>
   </div>
   <div class='ocr_carea' id='block_1_15' title="bbox 203 1414 1539 1490">
    <p class='ocr_par' dir='ltr' id='par_1_15' title="bbox 203 1414 1539 1490">
     <span class='ocr_line' id='line_1_15' title="bbox 203 1414 1539 1490; baseline 0.001 -19"><span class='ocrx_word' id='word_1_83' title='bbox 203 1416 490 1472; x_wconf 86' lang='lat' dir='ltr'><strong>Ardentes</strong></span> <span class='ocrx_word' id='word_1_84' title='bbox 521 1414 756 1489; x_wconf 66' lang='lat' dir='ltr'><strong>clypeos</strong></span> <span class='ocrx_word' id='word_1_85' title='bbox 789 1415 874 1473; x_wconf 92' lang='lat' dir='ltr'><strong>sol</strong></span> <span class='ocrx_word' id='word_1_86' title='bbox 905 1416 1128 1472; x_wconf 88' lang='lat' dir='ltr'><strong>lumine</strong></span> <span class='ocrx_word' id='word_1_87' title='bbox 1158 1417 1539 1490; x_wconf 90' lang='lat' dir='ltr'><strong>percutiebat,</strong></span> 
     </span>
    </p>
   </div>
   <div class='ocr_carea' id='block_1_16' title="bbox 204 1504 1637 1578">
    <p class='ocr_par' dir='ltr' id='par_1_16' title="bbox 204 1504 1637 1578">
     <span class='ocr_line' id='line_1_16' title="bbox 204 1504 1637 1578; baseline 0.002 -19"><span class='ocrx_word' id='word_1_88' title='bbox 204 1504 617 1577; x_wconf 84' lang='lat' dir='ltr'><strong>Paulatimque</strong></span> <span class='ocrx_word' id='word_1_89' title='bbox 650 1505 926 1578; x_wconf 87' lang='lat' dir='ltr'><strong>frequens</strong></span> <span class='ocrx_word' id='word_1_90' title='bbox 956 1506 1243 1562; x_wconf 87' lang='lat' dir='ltr'><strong>exercitus</strong></span> <span class='ocrx_word' id='word_1_91' title='bbox 1274 1506 1637 1563; x_wconf 90' lang='lat' dir='ltr'><strong>adveniebat.</strong></span> 
     </span>
    </p>
   </div>
   <div class='ocr_carea' id='block_1_17' title="bbox 205 1593 1777 1669">
    <p class='ocr_par' dir='ltr' id='par_1_17' title="bbox 205 1593 1777 1669">
     <span class='ocr_line' id='line_1_17' title="bbox 205 1593 1777 1669; baseline 0.002 -20"><span class='ocrx_word' id='word_1_92' title='bbox 205 1594 530 1650; x_wconf 89' lang='lat' dir='ltr'><strong>Consedere</strong></span> <span class='ocrx_word' id='word_1_93' title='bbox 557 1599 757 1650; x_wconf 90' lang='lat' dir='ltr'><strong>tamen</strong></span> <span class='ocrx_word' id='word_1_94' title='bbox 789 1593 1012 1668; x_wconf 89' lang='lat' dir='ltr'><strong>procul,</strong></span> <span class='ocrx_word' id='word_1_95' title='bbox 1045 1596 1432 1669; x_wconf 87' lang='lat' dir='ltr'><strong>exspectando</strong></span> <span class='ocrx_word' id='word_1_96' title='bbox 1464 1599 1777 1668; x_wconf 90' lang='lat' dir='ltr'><strong>sequentes</strong></span> 
     </span>
    </p>
   </div>
   <div class='ocr_carea' id='block_1_18' title="bbox 206 1682 1732 1758">
    <p class='ocr_par' dir='ltr' id='par_1_18' title="bbox 206 1682 1732 1758">
     <span class='ocr_line' id='line_1_18' title="bbox 206 1682 1732 1758; baseline 0.003 -20"><span class='ocrx_word' id='word_1_97' title='bbox 206 1683 473 1740; x_wconf 89' lang='lat' dir='ltr'><strong>Corbana</strong></span> <span class='ocrx_word' id='word_1_98' title='bbox 504 1682 725 1739; x_wconf 68' lang='lat' dir='ltr'><strong>militiae</strong></span> <span class='ocrx_word' id='word_1_99' title='bbox 757 1683 1051 1757; x_wconf 88' lang='lat' dir='ltr'><strong>princeps,</strong></span> <span class='ocrx_word' id='word_1_100' title='bbox 1086 1684 1416 1758; x_wconf 86' lang='lat' dir='ltr'><strong>reliquique</strong></span> <span class='ocrx_word' id='word_1_101' title='bbox 1447 1689 1732 1757; x_wconf 90' lang='lat' dir='ltr'><strong>potentes.</strong></span> 
     </span>
    </p>
   </div>
   <div class='ocr_carea' id='block_1_19' title="bbox 205 1772 1687 1848">
    <p class='ocr_par' dir='ltr' id='par_1_19' title="bbox 205 1772 1687 1848">
     <span class='ocr_line' id='line_1_19' title="bbox 205 1772 1687 1848; baseline 0.001 -20"><span class='ocrx_word' id='word_1_102' title='bbox 205 1772 318 1828; x_wconf 90' lang='lat' dir='ltr'><strong>Sed</strong></span> <span class='ocrx_word' id='word_1_103' title='bbox 349 1773 591 1845; x_wconf 91' lang='lat' dir='ltr'><strong>quidam</strong></span> <span class='ocrx_word' id='word_1_104' title='bbox 626 1773 808 1829; x_wconf 68' lang='lat' dir='ltr'><strong>Persae</strong></span> <span class='ocrx_word' id='word_1_105' title='bbox 835 1775 960 1846; x_wconf 90' lang='lat' dir='ltr'><strong>jam</strong></span> <span class='ocrx_word' id='word_1_106' title='bbox 995 1775 1212 1829; x_wconf 83' lang='lat' dir='ltr'><strong>moenia</strong></span> <span class='ocrx_word' id='word_1_107' title='bbox 1239 1790 1342 1848; x_wconf 91' lang='lat' dir='ltr'><strong>spe</strong></span> <span class='ocrx_word' id='word_1_108' title='bbox 1373 1773 1687 1847; x_wconf 63' lang='lat' dir='ltr'><strong>capientes,</strong></span> 
     </span>
    </p>
   </div>
   <div class='ocr_carea' id='block_1_20' title="bbox 204 1860 1572 1936">
    <p class='ocr_par' dir='ltr' id='par_1_20' title="bbox 204 1860 1572 1936">
     <span class='ocr_line' id='line_1_20' title="bbox 204 1860 1572 1936; baseline 0.001 -19"><span class='ocrx_word' id='word_1_109' title='bbox 204 1860 378 1917; x_wconf 88' lang='lat' dir='ltr'><strong>Urbis</strong></span> <span class='ocrx_word' id='word_1_110' title='bbox 411 1862 469 1916; x_wconf 90' lang='lat' dir='ltr'><strong>in</strong></span> <span class='ocrx_word' id='word_1_111' title='bbox 501 1867 741 1934; x_wconf 89' lang='lat' dir='ltr'><strong>aspectu</strong></span> <span class='ocrx_word' id='word_1_112' title='bbox 774 1878 1012 1935; x_wconf 89' lang='lat' dir='ltr'><strong>campos</strong></span> <span class='ocrx_word' id='word_1_113' title='bbox 1043 1863 1256 1934; x_wconf 89' lang='lat' dir='ltr'><strong>petiere</strong></span> <span class='ocrx_word' id='word_1_114' title='bbox 1289 1867 1572 1936; x_wconf 91' lang='lat' dir='ltr'><strong>patentes,</strong></span> 
     </span>
    </p>
   </div>
   <div class='ocr_carea' id='block_1_21' title="bbox 203 1949 1548 2024">
    <p class='ocr_par' dir='ltr' id='par_1_21' title="bbox 203 1949 1548 2024">
     <span class='ocr_line' id='line_1_21' title="bbox 203 1949 1548 2024; baseline 0.002 -19"><span class='ocrx_word' id='word_1_115' title='bbox 203 1949 578 2022; x_wconf 89' lang='lat' dir='ltr'><strong>Diversisque</strong></span> <span class='ocrx_word' id='word_1_116' title='bbox 609 1949 802 2006; x_wconf 89' lang='lat' dir='ltr'><strong>modis</strong></span> <span class='ocrx_word' id='word_1_117' title='bbox 831 1951 1092 2024; x_wconf 85' lang='lat' dir='ltr'><strong>gaudent</strong></span> <span class='ocrx_word' id='word_1_118' title='bbox 1119 1951 1198 2006; x_wconf 90' lang='lat' dir='ltr'><strong>ibi</strong></span> <span class='ocrx_word' id='word_1_119' title='bbox 1231 1951 1548 2019; x_wconf 83' lang='lat' dir='ltr'><strong>luxuriare,</strong></span> 
     </span>
    </p>
   </div>
   <div class='ocr_carea' id='block_1_22' title="bbox 201 2038 1854 2114">
    <p class='ocr_par' dir='ltr' id='par_1_22' title="bbox 201 2038 1854 2114">
     <span class='ocr_line' id='line_1_22' title="bbox 201 2038 1854 2114; baseline 0.002 -21"><span class='ocrx_word' id='word_1_120' title='bbox 201 2038 424 2112; x_wconf 88' lang='lat' dir='ltr'><strong>Turpia</strong></span> <span class='ocrx_word' id='word_1_121' title='bbox 443 2055 561 2094; x_wconf 91' lang='lat' dir='ltr'><strong>non</strong></span> <span class='ocrx_word' id='word_1_122' title='bbox 583 2043 816 2096; x_wconf 90' lang='lat' dir='ltr'><strong>cessant</strong></span> <span class='ocrx_word' id='word_1_123' title='bbox 833 2039 1276 2112; x_wconf 87' lang='lat' dir='ltr'><strong>speculantibus</strong></span> <span class='ocrx_word' id='word_1_124' title='bbox 1291 2040 1422 2113; x_wconf 88' lang='lat'><strong>(98,)</strong></span> <span class='ocrx_word' id='word_1_125' title='bbox 1437 2041 1854 2114; x_wconf 90' lang='lat' dir='ltr'><strong>improperare,</strong></span> 
     </span>
    </p>
   </div>
   <div class='ocr_carea' id='block_1_23' title="bbox 205 2129 1782 2202">
    <p class='ocr_par' dir='ltr' id='par_1_23' title="bbox 205 2129 1782 2202">
     <span class='ocr_line' id='line_1_23' title="bbox 205 2129 1782 2202; baseline 0.002 -19"><span class='ocrx_word' id='word_1_126' title='bbox 205 2129 562 2200; x_wconf 88' lang='lat' dir='ltr'><strong>Spumantes</strong></span> <span class='ocrx_word' id='word_1_127' title='bbox 595 2145 697 2200; x_wconf 91' lang='lat' dir='ltr'><strong>per</strong></span> <span class='ocrx_word' id='word_1_128' title='bbox 725 2145 968 2202; x_wconf 88' lang='lat' dir='ltr'><strong>gramen</strong></span> <span class='ocrx_word' id='word_1_129' title='bbox 1001 2146 1182 2202; x_wconf 90' lang='lat' dir='ltr'><strong>equos</strong></span> <span class='ocrx_word' id='word_1_130' title='bbox 1214 2129 1506 2189; x_wconf 85' lang='lat' dir='ltr'><strong>dimittere</strong></span> <span class='ocrx_word' id='word_1_131' title='bbox 1538 2133 1782 2197; x_wconf 89' lang='lat' dir='ltr'><strong>cértant,</strong></span> 
     </span>
    </p>
   </div>
   <div class='ocr_carea' id='block_1_24' title="bbox 201 2215 1656 2292">
    <p class='ocr_par' dir='ltr' id='par_1_24' title="bbox 201 2215 1656 2292">
     <span class='ocr_line' id='line_1_24' title="bbox 201 2215 1656 2292; baseline 0.003 -20"><span class='ocrx_word' id='word_1_132' title='bbox 201 2215 471 2273; x_wconf 84' lang='lat' dir='ltr'><strong>Nudatos</strong></span> <span class='ocrx_word' id='word_1_133' title='bbox 502 2233 674 2273; x_wconf 83' lang='lat' dir='ltr'><strong>enses</strong></span> <span class='ocrx_word' id='word_1_134' title='bbox 692 2216 941 2288; x_wconf 89' lang='lat' dir='ltr'><strong>jaciunt,</strong></span> <span class='ocrx_word' id='word_1_135' title='bbox 974 2217 1306 2291; x_wconf 89' lang='lat' dir='ltr'><strong>iterumque</strong></span> <span class='ocrx_word' id='word_1_136' title='bbox 1337 2224 1656 2292; x_wconf 88' lang='lat' dir='ltr'><strong>receptant.</strong></span> 
     </span>
    </p>
   </div>
   <div class='ocr_carea' id='block_1_25' title="bbox 200 2304 1801 2380">
    <p class='ocr_par' dir='ltr' id='par_1_25' title="bbox 200 2304 1801 2380">
     <span class='ocr_line' id='line_1_25' title="bbox 200 2304 1801 2380; baseline 0.002 -19"><span class='ocrx_word' id='word_1_137' title='bbox 200 2304 539 2376; x_wconf 87' lang='lat' dir='ltr'><strong>Exululant,</strong></span> <span class='ocrx_word' id='word_1_138' title='bbox 569 2306 792 2379; x_wconf 90' lang='lat' dir='ltr'><strong>passim</strong></span> <span class='ocrx_word' id='word_1_139' title='bbox 821 2305 1086 2378; x_wconf 88' lang='lat' dir='ltr'><strong>volitant,</strong></span> <span class='ocrx_word' id='word_1_140' title='bbox 1119 2307 1451 2380; x_wconf 89' lang='lat' dir='ltr'><strong>clausisque</strong></span> <span class='ocrx_word' id='word_1_141' title='bbox 1482 2307 1801 2379; x_wconf 88' lang='lat' dir='ltr'><strong>minantur,</strong></span> 
     </span>
    </p>
   </div>
   <div class='ocr_carea' id='block_1_26' title="bbox 202 2393 1669 2469">
    <p class='ocr_par' dir='ltr' id='par_1_26' title="bbox 202 2393 1669 2469">
     <span class='ocr_line' id='line_1_26' title="bbox 202 2393 1669 2469; baseline 0.004 -20"><span class='ocrx_word' id='word_1_142' title='bbox 202 2393 464 2467; x_wconf 88' lang='lat' dir='ltr'><strong>Telaque</strong></span> <span class='ocrx_word' id='word_1_143' title='bbox 494 2411 598 2468; x_wconf 91' lang='lat' dir='ltr'><strong>per</strong></span> <span class='ocrx_word' id='word_1_144' title='bbox 622 2411 839 2451; x_wconf 89' lang='lat' dir='ltr'><strong>vacuas</strong></span> <span class='ocrx_word' id='word_1_145' title='bbox 871 2412 1044 2452; x_wconf 89' lang='lat' dir='ltr'><strong>auras</strong></span> <span class='ocrx_word' id='word_1_146' title='bbox 1071 2400 1288 2453; x_wconf 87' lang='lat' dir='ltr'><strong>temere</strong></span> <span class='ocrx_word' id='word_1_147' title='bbox 1309 2395 1669 2469; x_wconf 89' lang='lat' dir='ltr'><strong>jaculantur.</strong></span> 
     </span>
    </p>
   </div>
   <div class='ocr_carea' id='block_1_27' title="bbox 201 2483 1591 2557">
    <p class='ocr_par' dir='ltr' id='par_1_27' title="bbox 201 2483 1591 2557">
     <span class='ocr_line' id='line_1_27' title="bbox 201 2483 1591 2557; baseline 0.001 -17"><span class='ocrx_word' id='word_1_148' title='bbox 201 2483 415 2541; x_wconf 90' lang='lat' dir='ltr'><strong>Tutius</strong></span> <span class='ocrx_word' id='word_1_149' title='bbox 444 2501 572 2541; x_wconf 90' lang='lat' dir='ltr'><strong>esse</strong></span> <span class='ocrx_word' id='word_1_150' title='bbox 601 2488 814 2557; x_wconf 88' lang='lat' dir='ltr'><strong>putant</strong></span> <span class='ocrx_word' id='word_1_151' title='bbox 843 2485 1028 2542; x_wconf 89' lang='lat' dir='ltr'><strong>nostri</strong></span> <span class='ocrx_word' id='word_1_152' title='bbox 1062 2485 1190 2542; x_wconf 87' lang='lat' dir='ltr'><strong>loca</strong></span> <span class='ocrx_word' id='word_1_153' title='bbox 1217 2491 1375 2542; x_wconf 89' lang='lat' dir='ltr'><strong>certa</strong></span> <span class='ocrx_word' id='word_1_154' title='bbox 1404 2487 1591 2543; x_wconf 89' lang='lat' dir='ltr'><strong>fovere</strong></span> 
     </span>
    </p>
   </div>
   <div class='ocr_carea' id='block_1_28' title="bbox 201 2572 1692 2647">
    <p class='ocr_par' dir='ltr' id='par_1_28' title="bbox 201 2572 1692 2647">
     <span class='ocr_line' id='line_1_28' title="bbox 201 2572 1692 2647; baseline 0.003 -19"><span class='ocrx_word' id='word_1_155' title='bbox 201 2574 387 2640; x_wconf 88' lang='lat' dir='ltr'><strong>Quam</strong></span> <span class='ocrx_word' id='word_1_156' title='bbox 407 2589 581 2628; x_wconf 88' lang='lat' dir='ltr'><strong>casus</strong></span> <span class='ocrx_word' id='word_1_157' title='bbox 607 2572 832 2630; x_wconf 90' lang='lat' dir='ltr'><strong>incerta</strong></span> <span class='ocrx_word' id='word_1_158' title='bbox 860 2573 1030 2646; x_wconf 91' lang='lat' dir='ltr'><strong>sequi</strong></span> <span class='ocrx_word' id='word_1_159' title='bbox 1069 2573 1410 2647; x_wconf 90' lang='lat' dir='ltr'><strong>bellumque</strong></span> <span class='ocrx_word' id='word_1_160' title='bbox 1441 2591 1692 2633; x_wconf 91' lang='lat' dir='ltr'><strong>movere.</strong></span> 
     </span>
    </p>
   </div>
   <div class='ocr_carea' id='block_1_29' title="bbox 200 2661 1625 2734">
    <p class='ocr_par' dir='ltr' id='par_1_29' title="bbox 200 2661 1625 2734">
     <span class='ocr_line' id='line_1_29' title="bbox 200 2661 1625 2734; baseline 0.003 -16"><span class='ocrx_word' id='word_1_161' title='bbox 200 2661 312 2718; x_wconf 92' lang='lat' dir='ltr'><strong>Sed</strong></span> <span class='ocrx_word' id='word_1_162' title='bbox 348 2677 481 2717; x_wconf 90' lang='lat' dir='ltr'><strong>cum</strong></span> <span class='ocrx_word' id='word_1_163' title='bbox 503 2661 629 2733; x_wconf 89' lang='lat' dir='ltr'><strong>jam</strong></span> <span class='ocrx_word' id='word_1_164' title='bbox 661 2661 836 2718; x_wconf 90' lang='lat' dir='ltr'><strong>Turci</strong></span> <span class='ocrx_word' id='word_1_165' title='bbox 865 2667 1192 2720; x_wconf 88' lang='lat' dir='ltr'><strong>remearent</strong></span> <span class='ocrx_word' id='word_1_166' title='bbox 1219 2663 1625 2734; x_wconf 76' lang='lat' dir='ltr'><strong>vociferantes,</strong></span> 
     </span>
    </p>
   </div>
   <div class='ocr_carea' id='block_1_30' title="bbox 198 2749 1498 2826">
    <p class='ocr_par' dir='ltr' id='par_1_30' title="bbox 198 2749 1498 2826">
     <span class='ocr_line' id='line_1_30' title="bbox 198 2749 1498 2826; baseline 0.002 -20"><span class='ocrx_word' id='word_1_167' title='bbox 198 2751 278 2807; x_wconf 93' lang='lat' dir='ltr'><strong>De</strong></span> <span class='ocrx_word' id='word_1_168' title='bbox 308 2749 641 2806; x_wconf 90' lang='lat' dir='ltr'><strong>Barnavilla</strong></span> <span class='ocrx_word' id='word_1_169' title='bbox 671 2750 940 2824; x_wconf 89' lang='lat' dir='ltr'><strong>sequitur</strong></span> <span class='ocrx_word' id='word_1_170' title='bbox 969 2753 1230 2826; x_wconf 86' lang='lat' dir='ltr'><strong>Rogerus</strong></span> <span class='ocrx_word' id='word_1_171' title='bbox 1261 2756 1498 2810; x_wconf 84' lang='lat' dir='ltr'><strong>ovantes</strong></span> 
     </span>
    </p>
   </div>
   <div class='ocr_carea' id='block_1_31' title="bbox 197 2839 1844 2916">
    <p class='ocr_par' dir='ltr' id='par_1_31' title="bbox 197 2839 1844 2916">
     <span class='ocr_line' id='line_1_31' title="bbox 197 2839 1844 2916; baseline 0.003 -20"><span class='ocrx_word' id='word_1_172' title='bbox 197 2839 345 2897; x_wconf 90' lang='lat' dir='ltr'><strong>Cum</strong></span> <span class='ocrx_word' id='word_1_173' title='bbox 373 2840 564 2896; x_wconf 88' lang='lat' dir='ltr'><strong>tribus</strong></span> <span class='ocrx_word' id='word_1_174' title='bbox 591 2840 856 2910; x_wconf 89' lang='lat' dir='ltr'><strong>armatis,</strong></span> <span class='ocrx_word' id='word_1_175' title='bbox 893 2857 1038 2913; x_wconf 91' lang='lat' dir='ltr'><strong>quos</strong></span> <span class='ocrx_word' id='word_1_176' title='bbox 1087 2846 1400 2914; x_wconf 88' lang='lat' dir='ltr'><strong>postquam</strong></span> <span class='ocrx_word' id='word_1_177' title='bbox 1461 2859 1607 2916; x_wconf 89' lang='lat' dir='ltr'><strong>gens</strong></span> <span class='ocrx_word' id='word_1_178' title='bbox 1655 2859 1844 2901; x_wconf 90' lang='lat' dir='ltr'><strong>remo-</strong></span> 
     </span>
    </p>
   </div>
   <div class='ocr_carea' id='block_1_32' title="bbox 1473 2932 1737 3006">
    <p class='ocr_par' dir='ltr' id='par_1_32' title="bbox 1473 2932 1737 3006">
     <span class='ocr_line' id='line_1_32' title="bbox 1473 2932 1737 3006; baseline 0 -19"><span class='ocrx_word' id='word_1_179' title='bbox 1473 2933 1622 3004; x_wconf 88' lang='lat' dir='ltr'><strong>[rata</strong></span> <span class='ocrx_word' id='word_1_180' title='bbox 1649 2932 1737 3006; x_wconf 79' lang='lat'><strong>99)</strong></span> 
     </span>
    </p>
   </div>
   <div class='ocr_carea' id='block_1_33' title="bbox 199 3019 1509 3094">
    <p class='ocr_par' dir='ltr' id='par_1_33' title="bbox 199 3019 1509 3094">
     <span class='ocr_line' id='line_1_33' title="bbox 199 3019 1509 3094; baseline -0.002 -17"><span class='ocrx_word' id='word_1_181' title='bbox 199 3019 494 3094; x_wconf 81' lang='lat' dir='ltr'><strong>Respexit,</strong></span> <span class='ocrx_word' id='word_1_182' title='bbox 529 3019 668 3076; x_wconf 87' lang='lat' dir='ltr'><strong>facit</strong></span> <span class='ocrx_word' id='word_1_183' title='bbox 697 3019 944 3077; x_wconf 89' lang='lat' dir='ltr'><strong>insidias</strong></span> <span class='ocrx_word' id='word_1_184' title='bbox 974 3020 1084 3077; x_wconf 92' lang='lat' dir='ltr'><strong>sub</strong></span> <span class='ocrx_word' id='word_1_185' title='bbox 1115 3037 1260 3092; x_wconf 91' lang='lat' dir='ltr'><strong>rupe</strong></span> <span class='ocrx_word' id='word_1_186' title='bbox 1291 3025 1509 3077; x_wconf 88' lang='lat' dir='ltr'><strong>cavata.</strong></span> 
     </span>
    </p>
   </div>
   <div class='ocr_carea' id='block_1_34' title="bbox 198 3108 1754 3182">
    <p class='ocr_par' dir='ltr' id='par_1_34' title="bbox 198 3108 1754 3182">
     <span class='ocr_line' id='line_1_34' title="bbox 198 3108 1754 3182; baseline 0 -16"><span class='ocrx_word' id='word_1_187' title='bbox 198 3109 468 3182; x_wconf 86' lang='lat' dir='ltr'><strong>Dumque</strong></span> <span class='ocrx_word' id='word_1_188' title='bbox 497 3108 852 3166; x_wconf 90' lang='lat' dir='ltr'><strong>lacessentes</strong></span> <span class='ocrx_word' id='word_1_189' title='bbox 882 3108 1112 3182; x_wconf 90' lang='lat' dir='ltr'><strong>aliquos</strong></span> <span class='ocrx_word' id='word_1_190' title='bbox 1137 3109 1321 3166; x_wconf 75' lang='lat' dir='ltr'><strong>nostri</strong></span> <span class='ocrx_word' id='word_1_191' title='bbox 1351 3112 1754 3181; x_wconf 90' lang='lat' dir='ltr'><strong>sequerentur,</strong></span> 
     </span>
    </p>
   </div>
   <div class='ocr_carea' id='block_1_35' title="bbox 1982 527 3524 602">
    <p class='ocr_par' dir='ltr' id='par_1_35' title="bbox 1982 527 3524 602">
     <span class='ocr_line' id='line_1_35' title="bbox 1982 527 3524 602; baseline -0.001 -18"><span class='ocrx_word' id='word_1_192' title='bbox 1982 528 2148 584; x_wconf 88' lang='lat' dir='ltr'><strong>Tunc</strong></span> <span class='ocrx_word' id='word_1_193' title='bbox 2175 544 2310 584; x_wconf 90' lang='lat' dir='ltr'><strong>vero</strong></span> <span class='ocrx_word' id='word_1_194' title='bbox 2342 532 2621 584; x_wconf 87' lang='lat' dir='ltr'><strong>resonant</strong></span> <span class='ocrx_word' id='word_1_195' title='bbox 2651 527 3008 585; x_wconf 89' lang='lat' dir='ltr'><strong>clamoribus</strong></span> <span class='ocrx_word' id='word_1_196' title='bbox 3039 527 3277 602; x_wconf 85' lang='lat' dir='ltr'><strong>agmina</strong></span> <span class='ocrx_word' id='word_1_197' title='bbox 3305 527 3524 584; x_wconf 90' lang='lat' dir='ltr'><strong>densis.</strong></span> 
     </span>
    </p>
   </div>
   <div class='ocr_carea' id='block_1_36' title="bbox 1980 615 3552 691">
    <p class='ocr_par' dir='ltr' id='par_1_36' title="bbox 1980 615 3552 691">
     <span class='ocr_line' id='line_1_36' title="bbox 1980 615 3552 691; baseline 0.001 -20"><span class='ocrx_word' id='word_1_198' title='bbox 1980 615 2228 673; x_wconf 89' lang='lat' dir='ltr'><strong>Parthus</strong></span> <span class='ocrx_word' id='word_1_199' title='bbox 2257 621 2408 684; x_wconf 86' lang='lat' dir='ltr'><strong>ovat,</strong></span> <span class='ocrx_word' id='word_1_200' title='bbox 2443 617 2641 690; x_wconf 86' lang='lat' dir='ltr'><strong>digitis</strong></span> <span class='ocrx_word' id='word_1_201' title='bbox 2668 617 2882 691; x_wconf 89' lang='lat' dir='ltr'><strong>premit</strong></span> <span class='ocrx_word' id='word_1_202' title='bbox 2903 622 3076 690; x_wconf 90' lang='lat' dir='ltr'><strong>caput</strong></span> <span class='ocrx_word' id='word_1_203' title='bbox 3103 617 3200 674; x_wconf 90' lang='lat' dir='ltr'><strong>ille</strong></span> <span class='ocrx_word' id='word_1_204' title='bbox 3220 620 3552 686; x_wconf 89' lang='lat' dir='ltr'><strong>cruentum,</strong></span> 
     </span>
    </p>
   </div>
   <div class='ocr_carea' id='block_1_37' title="bbox 1980 704 3626 780">
    <p class='ocr_par' dir='ltr' id='par_1_37' title="bbox 1980 704 3626 780">
     <span class='ocr_line' id='line_1_37' title="bbox 1980 704 3626 780; baseline 0.002 -20"><span class='ocrx_word' id='word_1_205' title='bbox 1980 704 2178 778; x_wconf 84' lang='grc'><strong>[(102)</strong></span> <span class='ocrx_word' id='word_1_206' title='bbox 2237 707 2624 779; x_wconf 72' lang='lat' dir='ltr'><strong>Praefigesque</strong></span> <span class='ocrx_word' id='word_1_207' title='bbox 2685 707 2817 763; x_wconf 91' lang='lat' dir='ltr'><strong>sudi</strong></span> <span class='ocrx_word' id='word_1_208' title='bbox 2889 708 3283 765; x_wconf 80' lang='lat' dir='ltr'><strong>madefactum</strong></span> <span class='ocrx_word' id='word_1_209' title='bbox 3341 705 3626 780; x_wconf 84' lang='lat' dir='ltr'><strong>sanguine</strong></span> 
     </span>
    </p>
   </div>
   <div class='ocr_carea' id='block_1_38' title="bbox 3237 797 3552 869">
    <p class='ocr_par' dir='ltr' id='par_1_38' title="bbox 3237 797 3552 869">
     <span class='ocr_line' id='line_1_38' title="bbox 3237 797 3552 869; baseline -0.003 -17"><span class='ocrx_word' id='word_1_210' title='bbox 3237 797 3552 869; x_wconf 86' lang='lat' dir='ltr'><strong>[mentum,</strong></span> 
     </span>
    </p>
   </div>
   <div class='ocr_carea' id='block_1_39' title="bbox 1978 881 3300 958">
    <p class='ocr_par' dir='ltr' id='par_1_39' title="bbox 1978 881 3300 958">
     <span class='ocr_line' id='line_1_39' title="bbox 1978 881 3300 958; baseline 0.003 -20"><span class='ocrx_word' id='word_1_211' title='bbox 1978 881 2091 939; x_wconf 93' lang='lat' dir='ltr'><strong>Ora</strong></span> <span class='ocrx_word' id='word_1_212' title='bbox 2121 885 2295 940; x_wconf 86' lang='lat' dir='ltr'><strong>refert</strong></span> <span class='ocrx_word' id='word_1_213' title='bbox 2326 885 2396 941; x_wconf 92' lang='lat' dir='ltr'><strong>ad</strong></span> <span class='ocrx_word' id='word_1_214' title='bbox 2431 889 2622 942; x_wconf 90' lang='lat' dir='ltr'><strong>castra</strong></span> <span class='ocrx_word' id='word_1_215' title='bbox 2649 886 2816 958; x_wconf 85' lang='lat' dir='ltr'><strong>nigro</strong></span> <span class='ocrx_word' id='word_1_216' title='bbox 2856 886 3116 943; x_wconf 87' lang='lat' dir='ltr'><strong>rorantia</strong></span> <span class='ocrx_word' id='word_1_217' title='bbox 3143 886 3300 955; x_wconf 89' lang='lat' dir='ltr'><strong>tabo,</strong></span> 
     </span>
    </p>
   </div>
   <div class='ocr_carea' id='block_1_40' title="bbox 1976 971 3371 1048">
    <p class='ocr_par' dir='ltr' id='par_1_40' title="bbox 1976 971 3371 1048">
     <span class='ocr_line' id='line_1_40' title="bbox 1976 971 3371 1048; baseline 0.001 -20"><span class='ocrx_word' id='word_1_218' title='bbox 1976 971 2148 1029; x_wconf 88' lang='lat' dir='ltr'><strong>Urbis</strong></span> <span class='ocrx_word' id='word_1_219' title='bbox 2177 974 2249 1030; x_wconf 91' lang='lat' dir='ltr'><strong>ad</strong></span> <span class='ocrx_word' id='word_1_220' title='bbox 2282 979 2520 1031; x_wconf 91' lang='lat' dir='ltr'><strong>eventus</strong></span> <span class='ocrx_word' id='word_1_221' title='bbox 2549 991 2705 1031; x_wconf 90' lang='lat' dir='ltr'><strong>nunc</strong></span> <span class='ocrx_word' id='word_1_222' title='bbox 2736 975 3035 1048; x_wconf 89' lang='lat' dir='ltr'><strong>ingenium</strong></span> <span class='ocrx_word' id='word_1_223' title='bbox 3075 975 3371 1032; x_wconf 89' lang='lat' dir='ltr'><strong>revocabo.</strong></span> 
     </span>
    </p>
   </div>
   <div class='ocr_carea' id='block_1_41' title="bbox 2342 1065 3254 1137">
    <p class='ocr_par' dir='ltr' id='par_1_41' title="bbox 2342 1065 3254 1137">
     <span class='ocr_line' id='line_1_41' title="bbox 2342 1065 3254 1137; baseline 0 -17"><span class='ocrx_word' id='word_1_224' title='bbox 2342 1065 2504 1120; x_wconf 86' lang='lat' dir='ltr'><strong>Turci</strong></span> <span class='ocrx_word' id='word_1_225' title='bbox 2533 1065 2876 1121; x_wconf 77' lang='lat' dir='ltr'><strong>Antiochiam</strong></span> <span class='ocrx_word' id='word_1_226' title='bbox 2909 1067 3254 1137; x_wconf 81' lang='lat' dir='ltr'><strong>impugnant.</strong></span> 
     </span>
    </p>
   </div>
   <div class='ocr_carea' id='block_1_42' title="bbox 2045 1151 3582 1226">
    <p class='ocr_par' dir='ltr' id='par_1_42' title="bbox 2045 1151 3582 1226">
     <span class='ocr_line' id='line_1_42' title="bbox 2045 1151 3582 1226; baseline 0.001 -18"><span class='ocrx_word' id='word_1_227' title='bbox 2045 1151 2184 1208; x_wconf 91' lang='lat' dir='ltr'><strong>Urbi</strong></span> <span class='ocrx_word' id='word_1_228' title='bbox 2214 1169 2446 1226; x_wconf 90' lang='lat' dir='ltr'><strong>quaque</strong></span> <span class='ocrx_word' id='word_1_229' title='bbox 2475 1153 2568 1208; x_wconf 91' lang='lat' dir='ltr'><strong>die</strong></span> <span class='ocrx_word' id='word_1_230' title='bbox 2599 1154 2772 1209; x_wconf 89' lang='lat' dir='ltr'><strong>Turci</strong></span> <span class='ocrx_word' id='word_1_231' title='bbox 2804 1171 2912 1210; x_wconf 89' lang='lat' dir='ltr'><strong>sua</strong></span> <span class='ocrx_word' id='word_1_232' title='bbox 2943 1157 3134 1210; x_wconf 89' lang='lat' dir='ltr'><strong>castra</strong></span> <span class='ocrx_word' id='word_1_233' title='bbox 3165 1153 3582 1226; x_wconf 87' lang='lat' dir='ltr'><strong>propinquant,</strong></span> 
     </span>
    </p>
   </div>
   <div class='ocr_carea' id='block_1_43' title="bbox 1975 1237 3618 1316">
    <p class='ocr_par' dir='ltr' id='par_1_43' title="bbox 1975 1237 3618 1316">
     <span class='ocr_line' id='line_1_43' title="bbox 1975 1237 3618 1316; baseline 0.004 -22"><span class='ocrx_word' id='word_1_234' title='bbox 1975 1239 2157 1296; x_wconf 87' lang='lat' dir='ltr'><strong>Marte</strong></span> <span class='ocrx_word' id='word_1_235' title='bbox 2186 1237 2364 1298; x_wconf 85' lang='lat' dir='ltr'><strong>&#39;minis</strong></span> <span class='ocrx_word' id='word_1_236' title='bbox 2396 1241 2631 1310; x_wconf 87' lang='lat' dir='ltr'><strong>clausis,</strong></span> <span class='ocrx_word' id='word_1_237' title='bbox 2658 1243 2906 1298; x_wconf 90' lang='lat' dir='ltr'><strong>suadent</strong></span> <span class='ocrx_word' id='word_1_238' title='bbox 2934 1247 2999 1298; x_wconf 92' lang='lat' dir='ltr'><strong>ut</strong></span> <span class='ocrx_word' id='word_1_239' title='bbox 3021 1244 3231 1316; x_wconf 89' lang='lat' dir='ltr'><strong>adepta</strong></span> <span class='ocrx_word' id='word_1_240' title='bbox 3264 1241 3618 1316; x_wconf 90' lang='lat' dir='ltr'><strong>relinquant.</strong></span> 
     </span>
    </p>
   </div>
   <div class='ocr_carea' id='block_1_44' title="bbox 1973 1328 3268 1405">
    <p class='ocr_par' dir='ltr' id='par_1_44' title="bbox 1973 1328 3268 1405">
     <span class='ocr_line' id='line_1_44' title="bbox 1973 1328 3268 1405; baseline 0.003 -21"><span class='ocrx_word' id='word_1_241' title='bbox 1973 1328 2040 1384; x_wconf 88' lang='lat' dir='ltr'><strong>Et</strong></span> <span class='ocrx_word' id='word_1_242' title='bbox 2071 1334 2330 1386; x_wconf 89' lang='lat' dir='ltr'><strong>castrum</strong></span> <span class='ocrx_word' id='word_1_243' title='bbox 2367 1329 2562 1404; x_wconf 90' lang='lat' dir='ltr'><strong>plures</strong></span> <span class='ocrx_word' id='word_1_244' title='bbox 2593 1348 2660 1387; x_wconf 86' lang='lat' dir='ltr'><strong>ex</strong></span> <span class='ocrx_word' id='word_1_245' title='bbox 2689 1331 2805 1387; x_wconf 91' lang='lat' dir='ltr'><strong>illis</strong></span> <span class='ocrx_word' id='word_1_246' title='bbox 2836 1331 3268 1405; x_wconf 90' lang='lat' dir='ltr'><strong>ingrediuntur,</strong></span> 
     </span>
    </p>
   </div>
   <div class='ocr_carea' id='block_1_45' title="bbox 1974 1419 3339 1496">
    <p class='ocr_par' dir='ltr' id='par_1_45' title="bbox 1974 1419 3339 1496">
     <span class='ocr_line' id='line_1_45' title="bbox 1974 1419 3339 1496; baseline 0.003 -22"><span class='ocrx_word' id='word_1_247' title='bbox 1974 1419 2136 1476; x_wconf 90' lang='lat' dir='ltr'><strong>Intus</strong></span> <span class='ocrx_word' id='word_1_248' title='bbox 2166 1425 2223 1477; x_wconf 90' lang='lat' dir='ltr'><strong>et</strong></span> <span class='ocrx_word' id='word_1_249' title='bbox 2253 1421 2506 1478; x_wconf 87' lang='lat' dir='ltr'><strong>exterius</strong></span> <span class='ocrx_word' id='word_1_250' title='bbox 2538 1421 2618 1478; x_wconf 90' lang='lat' dir='ltr'><strong>ita</strong></span> <span class='ocrx_word' id='word_1_251' title='bbox 2647 1425 2880 1478; x_wconf 89' lang='lat' dir='ltr'><strong>nostros</strong></span> <span class='ocrx_word' id='word_1_252' title='bbox 2910 1422 3339 1496; x_wconf 87' lang='lat' dir='ltr'><strong>aggrediuntur</strong></span> 
     </span>
    </p>
   </div>
   <div class='ocr_carea' id='block_1_46' title="bbox 1970 1507 3382 1584">
    <p class='ocr_par' dir='ltr' id='par_1_46' title="bbox 1970 1507 3382 1584">
     <span class='ocr_line' id='line_1_46' title="bbox 1970 1507 3382 1584; baseline 0.002 -21"><span class='ocrx_word' id='word_1_253' title='bbox 1970 1507 2096 1564; x_wconf 92' lang='lat' dir='ltr'><strong>Non</strong></span> <span class='ocrx_word' id='word_1_254' title='bbox 2128 1509 2307 1582; x_wconf 87' lang='lat' dir='ltr'><strong>igitur</strong></span> <span class='ocrx_word' id='word_1_255' title='bbox 2335 1509 2541 1584; x_wconf 89' lang='lat' dir='ltr'><strong>positis</strong></span> <span class='ocrx_word' id='word_1_256' title='bbox 2565 1509 2698 1568; x_wconf 91' lang='lat' dir='ltr'><strong>telis</strong></span> <span class='ocrx_word' id='word_1_257' title='bbox 2727 1527 2939 1567; x_wconf 88' lang='lat' dir='ltr'><strong>manus</strong></span> <span class='ocrx_word' id='word_1_258' title='bbox 2971 1510 3094 1567; x_wconf 90' lang='lat' dir='ltr'><strong>ulla</strong></span> <span class='ocrx_word' id='word_1_259' title='bbox 3119 1511 3382 1580; x_wconf 91' lang='lat' dir='ltr'><strong>vacabat,</strong></span> 
     </span>
    </p>
   </div>
   <div class='ocr_carea' id='block_1_47' title="bbox 1970 1596 3530 1673">
    <p class='ocr_par' dir='ltr' id='par_1_47' title="bbox 1970 1596 3530 1673">
     <span class='ocr_line' id='line_1_47' title="bbox 1970 1596 3530 1673; baseline 0.004 -21"><span class='ocrx_word' id='word_1_260' title='bbox 1970 1596 2084 1652; x_wconf 90' lang='lat' dir='ltr'><strong>Nec</strong></span> <span class='ocrx_word' id='word_1_261' title='bbox 2115 1597 2280 1670; x_wconf 87' lang='lat' dir='ltr'><strong>galea</strong></span> <span class='ocrx_word' id='word_1_262' title='bbox 2309 1599 2625 1672; x_wconf 89' lang='lat' dir='ltr'><strong>quisquam</strong></span> <span class='ocrx_word' id='word_1_263' title='bbox 2657 1616 2929 1672; x_wconf 87' lang='lat' dir='ltr'><strong>pressum</strong></span> <span class='ocrx_word' id='word_1_264' title='bbox 2956 1603 3133 1673; x_wconf 89' lang='lat' dir='ltr'><strong>caput</strong></span> <span class='ocrx_word' id='word_1_265' title='bbox 3161 1599 3530 1658; x_wconf 80' lang='lat' dir='ltr'><strong>exonerabat.</strong></span> 
     </span>
    </p>
   </div>
   <div class='ocr_carea' id='block_1_48' title="bbox 1969 1684 3302 1762">
    <p class='ocr_par' dir='ltr' id='par_1_48' title="bbox 1969 1684 3302 1762">
     <span class='ocr_line' id='line_1_48' title="bbox 1969 1684 3302 1762; baseline 0.002 -22"><span class='ocrx_word' id='word_1_266' title='bbox 1969 1684 2144 1742; x_wconf 86' lang='lat' dir='ltr'><strong>Nocte</strong></span> <span class='ocrx_word' id='word_1_267' title='bbox 2169 1687 2383 1744; x_wconf 89' lang='lat' dir='ltr'><strong>cubant</strong></span> <span class='ocrx_word' id='word_1_268' title='bbox 2414 1687 2552 1744; x_wconf 89' lang='lat' dir='ltr'><strong>tecti</strong></span> <span class='ocrx_word' id='word_1_269' title='bbox 2583 1687 2800 1762; x_wconf 81' lang='lat' dir='ltr'><strong>clypeis</strong></span> <span class='ocrx_word' id='word_1_270' title='bbox 2829 1688 2888 1744; x_wconf 93' lang='lat' dir='ltr'><strong>in</strong></span> <span class='ocrx_word' id='word_1_271' title='bbox 2920 1688 3154 1762; x_wconf 88' lang='lat' dir='ltr'><strong>pulvere</strong></span> <span class='ocrx_word' id='word_1_272' title='bbox 3182 1689 3302 1758; x_wconf 90' lang='lat' dir='ltr'><strong>vili,</strong></span> 
     </span>
    </p>
   </div>
   <div class='ocr_carea' id='block_1_49' title="bbox 1969 1773 3344 1850">
    <p class='ocr_par' dir='ltr' id='par_1_49' title="bbox 1969 1773 3344 1850">
     <span class='ocr_line' id='line_1_49' title="bbox 1969 1773 3344 1850; baseline 0.005 -22"><span class='ocrx_word' id='word_1_273' title='bbox 1969 1773 2346 1848; x_wconf 89' lang='lat' dir='ltr'><strong>Membraque</strong></span> <span class='ocrx_word' id='word_1_274' title='bbox 2383 1776 2666 1832; x_wconf 86' lang='lat' dir='ltr'><strong>deficiunt</strong></span> <span class='ocrx_word' id='word_1_275' title='bbox 2695 1777 2824 1850; x_wconf 90' lang='lat' dir='ltr'><strong>ipso</strong></span> <span class='ocrx_word' id='word_1_276' title='bbox 2856 1777 3114 1834; x_wconf 89' lang='lat' dir='ltr'><strong>cruciata</strong></span> <span class='ocrx_word' id='word_1_277' title='bbox 3143 1777 3344 1835; x_wconf 90' lang='lat' dir='ltr'><strong>cubili.</strong></span> 
     </span>
    </p>
   </div>
   <div class='ocr_carea' id='block_1_50' title="bbox 1969 1861 3327 1938">
    <p class='ocr_par' dir='ltr' id='par_1_50' title="bbox 1969 1861 3327 1938">
     <span class='ocr_line' id='line_1_50' title="bbox 1969 1861 3327 1938; baseline 0.006 -21"><span class='ocrx_word' id='word_1_278' title='bbox 1969 1861 2140 1920; x_wconf 91' lang='lat' dir='ltr'><strong>Urbis</strong></span> <span class='ocrx_word' id='word_1_279' title='bbox 2169 1865 2468 1931; x_wconf 90' lang='lat' dir='ltr'><strong>turbabat,</strong></span> <span class='ocrx_word' id='word_1_280' title='bbox 2501 1864 2628 1922; x_wconf 91' lang='lat' dir='ltr'><strong>loca</strong></span> <span class='ocrx_word' id='word_1_281' title='bbox 2653 1865 2958 1923; x_wconf 90' lang='lat' dir='ltr'><strong>discursus</strong></span> <span class='ocrx_word' id='word_1_282' title='bbox 2970 1865 3327 1938; x_wconf 88' lang='lat' dir='ltr'><strong>jaculorum.</strong></span> 
     </span>
    </p>
   </div>
   <div class='ocr_carea' id='block_1_51' title="bbox 1966 1952 3490 2028">
    <p class='ocr_par' dir='ltr' id='par_1_51' title="bbox 1966 1952 3490 2028">
     <span class='ocr_line' id='line_1_51' title="bbox 1966 1952 3490 2028; baseline 0.003 -20"><span class='ocrx_word' id='word_1_283' title='bbox 1966 1952 2182 2008; x_wconf 87' lang='lat' dir='ltr'><strong>Turres</strong></span> <span class='ocrx_word' id='word_1_284' title='bbox 2207 1952 2342 2010; x_wconf 91' lang='lat' dir='ltr'><strong>inde</strong></span> <span class='ocrx_word' id='word_1_285' title='bbox 2369 1953 2577 2026; x_wconf 89' lang='lat' dir='ltr'><strong>rigent,</strong></span> <span class='ocrx_word' id='word_1_286' title='bbox 2611 1954 2955 2028; x_wconf 88' lang='lat' dir='ltr'><strong>hirsutaque</strong></span> <span class='ocrx_word' id='word_1_287' title='bbox 2985 1959 3136 2012; x_wconf 89' lang='lat' dir='ltr'><strong>tecta</strong></span> <span class='ocrx_word' id='word_1_288' title='bbox 3160 1956 3490 2028; x_wconf 90' lang='lat' dir='ltr'><strong>domorum,</strong></span> 
     </span>
    </p>
   </div>
   <div class='ocr_carea' id='block_1_52' title="bbox 1967 2040 3473 2116">
    <p class='ocr_par' dir='ltr' id='par_1_52' title="bbox 1967 2040 3473 2116">
     <span class='ocr_line' id='line_1_52' title="bbox 1967 2040 3473 2116; baseline 0.003 -20"><span class='ocrx_word' id='word_1_289' title='bbox 1967 2040 2038 2096; x_wconf 88' lang='lat' dir='ltr'><strong>Se</strong></span> <span class='ocrx_word' id='word_1_290' title='bbox 2069 2057 2302 2114; x_wconf 91' lang='lat' dir='ltr'><strong>quoque</strong></span> <span class='ocrx_word' id='word_1_291' title='bbox 2332 2041 2580 2115; x_wconf 89' lang='lat' dir='ltr'><strong>gentiles</strong></span> <span class='ocrx_word' id='word_1_292' title='bbox 2609 2042 2670 2098; x_wconf 90' lang='lat' dir='ltr'><strong>in</strong></span> <span class='ocrx_word' id='word_1_293' title='bbox 2703 2047 2902 2116; x_wconf 85' lang='lat' dir='ltr'><strong>aperta</strong></span> <span class='ocrx_word' id='word_1_294' title='bbox 2922 2043 3184 2116; x_wconf 87' lang='lat' dir='ltr'><strong>pericula</strong></span> <span class='ocrx_word' id='word_1_295' title='bbox 3214 2045 3473 2116; x_wconf 89' lang='lat' dir='ltr'><strong>mittunt,</strong></span> 
     </span>
    </p>
   </div>
   <div class='ocr_carea' id='block_1_53' title="bbox 1964 2129 3490 2204">
    <p class='ocr_par' dir='ltr' id='par_1_53' title="bbox 1964 2129 3490 2204">
     <span class='ocr_line' id='line_1_53' title="bbox 1964 2129 3490 2204; baseline 0.004 -20"><span class='ocrx_word' id='word_1_296' title='bbox 1964 2129 2034 2184; x_wconf 90' lang='lat' dir='ltr'><strong>Et</strong></span> <span class='ocrx_word' id='word_1_297' title='bbox 2063 2146 2240 2202; x_wconf 88' lang='lat' dir='ltr'><strong>prope</strong></span> <span class='ocrx_word' id='word_1_298' title='bbox 2265 2130 2565 2186; x_wconf 87' lang='lat' dir='ltr'><strong>decertant</strong></span> <span class='ocrx_word' id='word_1_299' title='bbox 2595 2129 2828 2204; x_wconf 87' lang='lat' dir='ltr'><strong>gladiis,</strong></span> <span class='ocrx_word' id='word_1_300' title='bbox 2856 2148 3151 2204; x_wconf 87' lang='lat' dir='ltr'><strong>arcusque</strong></span> <span class='ocrx_word' id='word_1_301' title='bbox 3182 2132 3490 2190; x_wconf 89' lang='lat' dir='ltr'><strong>remittunt</strong></span> 
     </span>
    </p>
   </div>
   <div class='ocr_carea' id='block_1_54' title="bbox 1967 2219 3524 2290">
    <p class='ocr_par' dir='ltr' id='par_1_54' title="bbox 1967 2219 3524 2290">
     <span class='ocr_line' id='line_1_54' title="bbox 1967 2219 3524 2290; baseline 0.004 -17"><span class='ocrx_word' id='word_1_302' title='bbox 1967 2219 2193 2290; x_wconf 84' lang='lat' dir='ltr'><strong>Hostes,</strong></span> <span class='ocrx_word' id='word_1_303' title='bbox 2224 2223 2280 2274; x_wconf 90' lang='lat' dir='ltr'><strong>et</strong></span> <span class='ocrx_word' id='word_1_304' title='bbox 2310 2219 2494 2276; x_wconf 89' lang='lat' dir='ltr'><strong>nostri</strong></span> <span class='ocrx_word' id='word_1_305' title='bbox 2527 2220 2826 2276; x_wconf 90' lang='lat' dir='ltr'><strong>modicum</strong></span> <span class='ocrx_word' id='word_1_306' title='bbox 2860 2219 3179 2277; x_wconf 90' lang='lat' dir='ltr'><strong>discrimen</strong></span> <span class='ocrx_word' id='word_1_307' title='bbox 3209 2221 3524 2280; x_wconf 87' lang='lat' dir='ltr'><strong>habebant.</strong></span> 
     </span>
    </p>
   </div>
   <div class='ocr_carea' id='block_1_55' title="bbox 1963 2306 3404 2380">
    <p class='ocr_par' dir='ltr' id='par_1_55' title="bbox 1963 2306 3404 2380">
     <span class='ocr_line' id='line_1_55' title="bbox 1963 2306 3404 2380; baseline 0.003 -17"><span class='ocrx_word' id='word_1_308' title='bbox 1963 2306 2178 2364; x_wconf 90' lang='lat' dir='ltr'><strong>Omnes</strong></span> <span class='ocrx_word' id='word_1_309' title='bbox 2209 2324 2441 2380; x_wconf 90' lang='lat' dir='ltr'><strong>quaque</strong></span> <span class='ocrx_word' id='word_1_310' title='bbox 2467 2308 2562 2364; x_wconf 91' lang='lat' dir='ltr'><strong>die</strong></span> <span class='ocrx_word' id='word_1_311' title='bbox 2593 2309 2704 2364; x_wconf 91' lang='lat' dir='ltr'><strong>sub</strong></span> <span class='ocrx_word' id='word_1_312' title='bbox 2737 2313 2930 2366; x_wconf 89' lang='lat' dir='ltr'><strong>castro</strong></span> <span class='ocrx_word' id='word_1_313' title='bbox 2962 2308 3404 2368; x_wconf 88' lang='lat' dir='ltr'><strong>conveniebant.</strong></span> 
     </span>
    </p>
   </div>
   <div class='ocr_carea' id='block_1_56' title="bbox 1959 2395 3483 2472">
    <p class='ocr_par' dir='ltr' id='par_1_56' title="bbox 1959 2395 3483 2472">
     <span class='ocr_line' id='line_1_56' title="bbox 1959 2395 3483 2472; baseline 0.005 -21"><span class='ocrx_word' id='word_1_314' title='bbox 1959 2395 2210 2469; x_wconf 86' lang='lat' dir='ltr'><strong>Jamque</strong></span> <span class='ocrx_word' id='word_1_315' title='bbox 2233 2396 2446 2470; x_wconf 90' lang='lat' dir='ltr'><strong>opibus</strong></span> <span class='ocrx_word' id='word_1_316' title='bbox 2476 2397 2741 2454; x_wconf 89' lang='lat' dir='ltr'><strong>minimis</strong></span> <span class='ocrx_word' id='word_1_317' title='bbox 2773 2415 2808 2454; x_wconf 87' lang='lat' dir='ltr'><strong>a</strong></span> <span class='ocrx_word' id='word_1_318' title='bbox 2835 2398 3107 2471; x_wconf 86' lang='lat' dir='ltr'><strong>pluribus</strong></span> <span class='ocrx_word' id='word_1_319' title='bbox 3143 2399 3483 2472; x_wconf 84' lang='lat' dir='ltr'><strong>attenuatis,</strong></span> 
     </span>
    </p>
   </div>
   <div class='ocr_carea' id='block_1_57' title="bbox 1959 2484 3323 2558">
    <p class='ocr_par' dir='ltr' id='par_1_57' title="bbox 1959 2484 3323 2558">
     <span class='ocr_line' id='line_1_57' title="bbox 1959 2484 3323 2558; baseline 0.004 -19"><span class='ocrx_word' id='word_1_320' title='bbox 1959 2484 2067 2541; x_wconf 89' lang='lat' dir='ltr'><strong>Vix</strong></span> <span class='ocrx_word' id='word_1_321' title='bbox 2090 2485 2314 2558; x_wconf 91' lang='lat' dir='ltr'><strong>aliquid</strong></span> <span class='ocrx_word' id='word_1_322' title='bbox 2343 2486 2530 2543; x_wconf 90' lang='lat' dir='ltr'><strong>victus</strong></span> <span class='ocrx_word' id='word_1_323' title='bbox 2561 2487 2820 2544; x_wconf 80' lang='lat' dir='ltr'><strong>restabat</strong></span> <span class='ocrx_word' id='word_1_324' title='bbox 2849 2487 2909 2543; x_wconf 93' lang='lat' dir='ltr'><strong>in</strong></span> <span class='ocrx_word' id='word_1_325' title='bbox 2942 2487 3086 2544; x_wconf 88' lang='lat' dir='ltr'><strong>urbe</strong></span> <span class='ocrx_word' id='word_1_326' title='bbox 3116 2487 3323 2546; x_wconf 88' lang='lat' dir='ltr'><strong>beatis.</strong></span> 
     </span>
    </p>
   </div>
   <div class='ocr_carea' id='block_1_58' title="bbox 2433 2577 3148 2649">
    <p class='ocr_par' dir='ltr' id='par_1_58' title="bbox 2433 2577 3148 2649">
     <span class='ocr_line' id='line_1_58' title="bbox 2433 2577 3148 2649; baseline 0 -16"><span class='ocrx_word' id='word_1_327' title='bbox 2433 2577 2642 2634; x_wconf 72' lang='lat' dir='ltr'><strong>Civitas</strong></span> <span class='ocrx_word' id='word_1_328' title='bbox 2670 2578 2818 2649; x_wconf 81' lang='lat' dir='ltr'><strong>fame</strong></span> <span class='ocrx_word' id='word_1_329' title='bbox 2844 2577 3148 2633; x_wconf 77' lang='lat' dir='ltr'><strong>cruciatur.</strong></span> 
     </span>
    </p>
   </div>
   <div class='ocr_carea' id='block_1_59' title="bbox 2028 2664 3428 2738">
    <p class='ocr_par' dir='ltr' id='par_1_59' title="bbox 2028 2664 3428 2738">
     <span class='ocr_line' id='line_1_59' title="bbox 2028 2664 3428 2738; baseline 0.001 -18"><span class='ocrx_word' id='word_1_330' title='bbox 2028 2664 2178 2738; x_wconf 88' lang='lat' dir='ltr'><strong>Ergo</strong></span> <span class='ocrx_word' id='word_1_331' title='bbox 2208 2665 2394 2722; x_wconf 88' lang='lat' dir='ltr'><strong>fames</strong></span> <span class='ocrx_word' id='word_1_332' title='bbox 2423 2664 2680 2722; x_wconf 89' lang='lat' dir='ltr'><strong>crudelis</strong></span> <span class='ocrx_word' id='word_1_333' title='bbox 2709 2665 2896 2734; x_wconf 89' lang='lat' dir='ltr'><strong>adest,</strong></span> <span class='ocrx_word' id='word_1_334' title='bbox 2929 2665 3222 2723; x_wconf 90' lang='lat' dir='ltr'><strong>crudelior</strong></span> <span class='ocrx_word' id='word_1_335' title='bbox 3245 2667 3428 2724; x_wconf 91' lang='lat' dir='ltr'><strong>omni.</strong></span> 
     </span>
    </p>
   </div>
   <div class='ocr_carea' id='block_1_60' title="bbox 1957 2751 3336 2828">
    <p class='ocr_par' dir='ltr' id='par_1_60' title="bbox 1957 2751 3336 2828">
     <span class='ocr_line' id='line_1_60' title="bbox 1957 2751 3336 2828; baseline 0.004 -21"><span class='ocrx_word' id='word_1_336' title='bbox 1957 2751 2142 2822; x_wconf 90' lang='lat' dir='ltr'><strong>Peste,</strong></span> <span class='ocrx_word' id='word_1_337' title='bbox 2176 2753 2283 2809; x_wconf 93' lang='lat' dir='ltr'><strong>viri</strong></span> <span class='ocrx_word' id='word_1_338' title='bbox 2311 2753 2575 2827; x_wconf 86' lang='lat' dir='ltr'><strong>vigilant,</strong></span> <span class='ocrx_word' id='word_1_339' title='bbox 2611 2753 2845 2828; x_wconf 86' lang='lat' dir='ltr'><strong>fugiunt</strong></span> <span class='ocrx_word' id='word_1_340' title='bbox 2862 2754 3093 2826; x_wconf 90' lang='lat' dir='ltr'><strong>jejunia</strong></span> <span class='ocrx_word' id='word_1_341' title='bbox 3122 2755 3336 2812; x_wconf 87' lang='lat' dir='ltr'><strong>somni.</strong></span> 
     </span>
    </p>
   </div>
   <div class='ocr_carea' id='block_1_61' title="bbox 1956 2842 3318 2918">
    <p class='ocr_par' dir='ltr' id='par_1_61' title="bbox 1956 2842 3318 2918">
     <span class='ocr_line' id='line_1_61' title="bbox 1956 2842 3318 2918; baseline 0.003 -20"><span class='ocrx_word' id='word_1_342' title='bbox 1956 2842 2256 2899; x_wconf 86' lang='lat' dir='ltr'><strong>Deformat</strong></span> <span class='ocrx_word' id='word_1_343' title='bbox 2281 2842 2500 2901; x_wconf 88' lang='lat' dir='ltr'><strong>macies</strong></span> <span class='ocrx_word' id='word_1_344' title='bbox 2527 2843 2750 2914; x_wconf 88' lang='lat' dir='ltr'><strong>vultus,</strong></span> <span class='ocrx_word' id='word_1_345' title='bbox 2783 2843 3042 2917; x_wconf 89' lang='lat' dir='ltr'><strong>nigriora</strong></span> <span class='ocrx_word' id='word_1_346' title='bbox 3071 2843 3318 2918; x_wconf 88' lang='lat' dir='ltr'><strong>sepultis</strong></span> 
     </span>
    </p>
   </div>
   <div class='ocr_carea' id='block_1_62' title="bbox 1955 2930 3448 3004">
    <p class='ocr_par' dir='ltr' id='par_1_62' title="bbox 1955 2930 3448 3004">
     <span class='ocr_line' id='line_1_62' title="bbox 1955 2930 3448 3004; baseline 0.003 -17"><span class='ocrx_word' id='word_1_347' title='bbox 1955 2930 2202 2988; x_wconf 90' lang='lat' dir='ltr'><strong>Ossibus</strong></span> <span class='ocrx_word' id='word_1_348' title='bbox 2231 2949 2366 2989; x_wconf 88' lang='lat' dir='ltr'><strong>ossa</strong></span> <span class='ocrx_word' id='word_1_349' title='bbox 2392 2933 2632 3001; x_wconf 89' lang='lat' dir='ltr'><strong>micant,</strong></span> <span class='ocrx_word' id='word_1_350' title='bbox 2667 2937 2950 3004; x_wconf 89' lang='lat' dir='ltr'><strong>apparent</strong></span> <span class='ocrx_word' id='word_1_351' title='bbox 2977 2931 3202 2990; x_wconf 91' lang='lat' dir='ltr'><strong>viscera</strong></span> <span class='ocrx_word' id='word_1_352' title='bbox 3223 2933 3448 2992; x_wconf 90' lang='lat' dir='ltr'><strong>multis.</strong></span> 
     </span>
    </p>
   </div>
   <div class='ocr_carea' id='block_1_63' title="bbox 1953 3020 3534 3094">
    <p class='ocr_par' dir='ltr' id='par_1_63' title="bbox 1953 3020 3534 3094">
     <span class='ocr_line' id='line_1_63' title="bbox 1953 3020 3534 3094; baseline 0.004 -19"><span class='ocrx_word' id='word_1_353' title='bbox 1953 3020 2181 3093; x_wconf 86' lang='lat' dir='ltr'><strong>Vulgus</strong></span> <span class='ocrx_word' id='word_1_354' title='bbox 2217 3022 2373 3078; x_wconf 89' lang='lat' dir='ltr'><strong>iners</strong></span> <span class='ocrx_word' id='word_1_355' title='bbox 2395 3022 2608 3078; x_wconf 89' lang='lat' dir='ltr'><strong>herbas</strong></span> <span class='ocrx_word' id='word_1_356' title='bbox 2640 3020 2850 3078; x_wconf 91' lang='lat' dir='ltr'><strong>dubias</strong></span> <span class='ocrx_word' id='word_1_357' title='bbox 2875 3021 3218 3094; x_wconf 89' lang='lat' dir='ltr'><strong>lethumque</strong></span> <span class='ocrx_word' id='word_1_358' title='bbox 3242 3022 3534 3081; x_wconf 86' lang='lat' dir='ltr'><strong>minantes</strong></span> 
     </span>
    </p>
   </div>
   <div class='ocr_carea' id='block_1_64' title="bbox 1953 3109 3337 3183">
    <p class='ocr_par' dir='ltr' id='par_1_64' title="bbox 1953 3109 3337 3183">
     <span class='ocr_line' id='line_1_64' title="bbox 1953 3109 3337 3183; baseline 0.004 -19"><span class='ocrx_word' id='word_1_359' title='bbox 1953 3109 2144 3175; x_wconf 91' lang='lat' dir='ltr'><strong>Vellit,</strong></span> <span class='ocrx_word' id='word_1_360' title='bbox 2179 3114 2235 3166; x_wconf 91' lang='lat' dir='ltr'><strong>et</strong></span> <span class='ocrx_word' id='word_1_361' title='bbox 2265 3110 2323 3166; x_wconf 92' lang='lat' dir='ltr'><strong>in</strong></span> <span class='ocrx_word' id='word_1_362' title='bbox 2355 3111 2501 3166; x_wconf 91' lang='lat' dir='ltr'><strong>duro</strong></span> <span class='ocrx_word' id='word_1_363' title='bbox 2535 3109 2836 3166; x_wconf 87' lang='lat' dir='ltr'><strong>luctantur</strong></span> <span class='ocrx_word' id='word_1_364' title='bbox 2864 3109 3082 3183; x_wconf 90' lang='lat' dir='ltr'><strong>cespite</strong></span> <span class='ocrx_word' id='word_1_365' title='bbox 3112 3111 3337 3182; x_wconf 87' lang='lat' dir='ltr'><strong>dentes,</strong></span> 
     </span>
    </p>
   </div>
   <div class='ocr_carea' id='block_1_65' title="bbox 199 3186 3390 3272">
    <p class='ocr_par' dir='ltr' id='par_1_65' title="bbox 199 3186 3390 3272">
     <span class='ocr_line' id='line_1_65' title="bbox 199 3186 3390 3272; baseline 0.001 -18"><span class='ocrx_word' id='word_1_366' title='bbox 199 3199 240 3254; x_wconf 88' lang='lat' dir='ltr'><strong>E</strong></span> <span class='ocrx_word' id='word_1_367' title='bbox 264 3197 513 3255; x_wconf 86' lang='lat' dir='ltr'><strong>latebris</strong></span> <span class='ocrx_word' id='word_1_368' title='bbox 541 3197 698 3254; x_wconf 81' lang='lat' dir='ltr'><strong>fures</strong></span> <span class='ocrx_word' id='word_1_369' title='bbox 735 3197 960 3255; x_wconf 90' lang='lat' dir='ltr'><strong>saliunt</strong></span> <span class='ocrx_word' id='word_1_370' title='bbox 989 3199 1292 3272; x_wconf 91' lang='lat' dir='ltr'><strong>nostrique</strong></span> <span class='ocrx_word' id='word_1_371' title='bbox 1323 3198 1467 3270; x_wconf 76' lang='grc'>(100)</span> <span class='ocrx_word' id='word_1_372' title='bbox 1499 3203 1772 3255; x_wconf 89' lang='lat' dir='ltr'><strong>tenentur</strong></span> <span class='ocrx_word' id='word_1_373' title='bbox 1879 3186 1922 3254; x_wconf 87' lang='lat' dir='ltr'><strong><em>C</em></strong></span> <span class='ocrx_word' id='word_1_374' title='bbox 1962 3198 2291 3256; x_wconf 89' lang='lat' dir='ltr'><strong>Frondibus</strong></span> <span class='ocrx_word' id='word_1_375' title='bbox 2312 3199 2370 3254; x_wconf 90' lang='lat' dir='ltr'><strong>hi</strong></span> <span class='ocrx_word' id='word_1_376' title='bbox 2405 3199 2666 3272; x_wconf 87' lang='lat' dir='ltr'><strong>gaudent</strong></span> <span class='ocrx_word' id='word_1_377' title='bbox 2693 3199 2938 3255; x_wconf 91' lang='lat' dir='ltr'><strong>arbusta</strong></span> <span class='ocrx_word' id='word_1_378' title='bbox 2967 3198 3092 3255; x_wconf 91' lang='lat' dir='ltr'><strong>suis</strong></span> <span class='ocrx_word' id='word_1_379' title='bbox 3121 3199 3390 3272; x_wconf 90' lang='lat' dir='ltr'><strong>spoliare,</strong></span> 
     </span>
    </p>
   </div>
   <div class='ocr_carea' id='block_1_66' title="bbox 199 3286 1692 3362">
    <p class='ocr_par' dir='ltr' id='par_1_66' title="bbox 199 3286 1692 3362">
     <span class='ocr_line' id='line_1_66' title="bbox 199 3286 1692 3362; baseline 0.001 -20"><span class='ocrx_word' id='word_1_380' title='bbox 199 3287 444 3352; x_wconf 89' lang='lat' dir='ltr'><strong>Inclusi,</strong></span> <span class='ocrx_word' id='word_1_381' title='bbox 473 3286 741 3362; x_wconf 87' lang='lat' dir='ltr'><strong>versique</strong></span> <span class='ocrx_word' id='word_1_382' title='bbox 773 3292 1031 3361; x_wconf 91' lang='lat' dir='ltr'><strong>stupent,</strong></span> <span class='ocrx_word' id='word_1_383' title='bbox 1065 3288 1397 3361; x_wconf 89' lang='lat' dir='ltr'><strong>animisque</strong></span> <span class='ocrx_word' id='word_1_384' title='bbox 1426 3289 1692 3361; x_wconf 90' lang='lat' dir='ltr'><strong>receptis,</strong></span> 
     </span>
    </p>
   </div>
   <div class='ocr_carea' id='block_1_67' title="bbox 198 3375 1691 3451">
    <p class='ocr_par' dir='ltr' id='par_1_67' title="bbox 198 3375 1691 3451">
     <span class='ocr_line' id='line_1_67' title="bbox 198 3375 1691 3451; baseline 0.001 -21"><span class='ocrx_word' id='word_1_385' title='bbox 198 3375 505 3433; x_wconf 86' lang='lat' dir='ltr'><strong>Vallantes</strong></span> <span class='ocrx_word' id='word_1_386' title='bbox 536 3381 863 3449; x_wconf 87' lang='lat' dir='ltr'><strong>penetrant,</strong></span> <span class='ocrx_word' id='word_1_387' title='bbox 897 3376 1116 3450; x_wconf 83' lang='lat' dir='ltr'><strong>clypeis</strong></span> <span class='ocrx_word' id='word_1_388' title='bbox 1145 3377 1217 3433; x_wconf 90' lang='lat' dir='ltr'><strong>ad</strong></span> <span class='ocrx_word' id='word_1_389' title='bbox 1248 3383 1414 3451; x_wconf 89' lang='lat' dir='ltr'><strong>terga</strong></span> <span class='ocrx_word' id='word_1_390' title='bbox 1441 3377 1691 3448; x_wconf 86' lang='lat' dir='ltr'><strong>rejectis.</strong></span> 
     </span>
    </p>
   </div>
   <div class='ocr_carea' id='block_1_68' title="bbox 201 3465 1589 3541">
    <p class='ocr_par' dir='ltr' id='par_1_68' title="bbox 201 3465 1589 3541">
     <span class='ocr_line' id='line_1_68' title="bbox 201 3465 1589 3541; baseline -0.001 -19"><span class='ocrx_word' id='word_1_391' title='bbox 201 3465 273 3522; x_wconf 90' lang='lat' dir='ltr'><strong>Ut</strong></span> <span class='ocrx_word' id='word_1_392' title='bbox 303 3465 382 3522; x_wconf 91' lang='lat' dir='ltr'><strong>sit</strong></span> <span class='ocrx_word' id='word_1_393' title='bbox 409 3465 509 3521; x_wconf 91' lang='lat' dir='ltr'><strong>ubi</strong></span> <span class='ocrx_word' id='word_1_394' title='bbox 540 3465 786 3522; x_wconf 87' lang='lat' dir='ltr'><strong>canibus</strong></span> <span class='ocrx_word' id='word_1_395' title='bbox 814 3469 946 3541; x_wconf 91' lang='lat' dir='ltr'><strong>post</strong></span> <span class='ocrx_word' id='word_1_396' title='bbox 977 3467 1128 3523; x_wconf 92' lang='lat' dir='ltr'><strong>cervi</strong></span> <span class='ocrx_word' id='word_1_397' title='bbox 1160 3481 1332 3522; x_wconf 75' lang='lat' dir='ltr'><strong>crura</strong></span> <span class='ocrx_word' id='word_1_398' title='bbox 1359 3465 1589 3536; x_wconf 83' lang='lat' dir='ltr'><strong>solutis,</strong></span> 
     </span>
    </p>
   </div>
   <div class='ocr_carea' id='block_1_69' title="bbox 200 3554 1671 3630">
    <p class='ocr_par' dir='ltr' id='par_1_69' title="bbox 200 3554 1671 3630">
     <span class='ocr_line' id='line_1_69' title="bbox 200 3554 1671 3630; baseline 0 -18"><span class='ocrx_word' id='word_1_399' title='bbox 200 3555 271 3612; x_wconf 85' lang='lat' dir='ltr'><strong>Hi</strong></span> <span class='ocrx_word' id='word_1_400' title='bbox 300 3555 551 3630; x_wconf 87' lang='lat' dir='ltr'><strong>pedibus</strong></span> <span class='ocrx_word' id='word_1_401' title='bbox 583 3555 861 3627; x_wconf 63' lang='lat' dir='ltr'><strong>praedam,</strong></span> <span class='ocrx_word' id='word_1_402' title='bbox 895 3559 1129 3629; x_wconf 86' lang='lat' dir='ltr'><strong>portum</strong></span> <span class='ocrx_word' id='word_1_403' title='bbox 1163 3555 1306 3628; x_wconf 90' lang='lat' dir='ltr'><strong>petit</strong></span> <span class='ocrx_word' id='word_1_404' title='bbox 1336 3554 1434 3611; x_wconf 91' lang='lat' dir='ltr'><strong>ille</strong></span> <span class='ocrx_word' id='word_1_405' title='bbox 1464 3555 1671 3612; x_wconf 87' lang='lat' dir='ltr'><strong>salutis</strong></span> 
     </span>
    </p>
   </div>
   <div class='ocr_carea' id='block_1_70' title="bbox 201 3643 1501 3717">
    <p class='ocr_par' dir='ltr' id='par_1_70' title="bbox 201 3643 1501 3717">
     <span class='ocr_line' id='line_1_70' title="bbox 201 3643 1501 3717; baseline 0 -17"><span class='ocrx_word' id='word_1_406' title='bbox 201 3643 303 3700; x_wconf 85' lang='lat' dir='ltr'><strong>His</strong></span> <span class='ocrx_word' id='word_1_407' title='bbox 333 3643 457 3701; x_wconf 88' lang='lat' dir='ltr'><strong>alas</strong></span> <span class='ocrx_word' id='word_1_408' title='bbox 490 3643 650 3700; x_wconf 89' lang='lat' dir='ltr'><strong>addit</strong></span> <span class='ocrx_word' id='word_1_409' title='bbox 679 3660 836 3717; x_wconf 90' lang='lat' dir='ltr'><strong>spes,</strong></span> <span class='ocrx_word' id='word_1_410' title='bbox 872 3645 936 3700; x_wconf 81' lang='lat' dir='ltr'><strong>fit</strong></span> <span class='ocrx_word' id='word_1_411' title='bbox 965 3644 1116 3701; x_wconf 88' lang='lat' dir='ltr'><strong>celer</strong></span> <span class='ocrx_word' id='word_1_412' title='bbox 1143 3644 1240 3700; x_wconf 93' lang='lat' dir='ltr'><strong>ille</strong></span> <span class='ocrx_word' id='word_1_413' title='bbox 1270 3644 1501 3713; x_wconf 88' lang='lat' dir='ltr'><strong>timore,</strong></span> 
     </span>
    </p>
   </div>
   <div class='ocr_carea' id='block_1_71' title="bbox 203 3732 1570 3805">
    <p class='ocr_par' dir='ltr' id='par_1_71' title="bbox 203 3732 1570 3805">
     <span class='ocr_line' id='line_1_71' title="bbox 203 3732 1570 3805; baseline 0.001 -17"><span class='ocrx_word' id='word_1_414' title='bbox 203 3732 336 3788; x_wconf 84' lang='lat' dir='ltr'><strong>Mox</strong></span> <span class='ocrx_word' id='word_1_415' title='bbox 362 3732 477 3789; x_wconf 88' lang='lat' dir='ltr'><strong>voti</strong></span> <span class='ocrx_word' id='word_1_416' title='bbox 509 3749 748 3805; x_wconf 90' lang='lat' dir='ltr'><strong>compos</strong></span> <span class='ocrx_word' id='word_1_417' title='bbox 779 3749 984 3791; x_wconf 91' lang='lat' dir='ltr'><strong>cervus</strong></span> <span class='ocrx_word' id='word_1_418' title='bbox 1014 3732 1177 3789; x_wconf 91' lang='lat' dir='ltr'><strong>canis</strong></span> <span class='ocrx_word' id='word_1_419' title='bbox 1203 3735 1320 3789; x_wconf 83' lang='lat' dir='ltr'><strong>exit</strong></span> <span class='ocrx_word' id='word_1_420' title='bbox 1351 3734 1423 3790; x_wconf 91' lang='lat' dir='ltr'><strong>ab</strong></span> <span class='ocrx_word' id='word_1_421' title='bbox 1453 3750 1570 3790; x_wconf 91' lang='lat' dir='ltr'><strong>ore.</strong></span> 
     </span>
    </p>
   </div>
   <div class='ocr_carea' id='block_1_72' title="bbox 199 3821 1848 3896">
    <p class='ocr_par' dir='ltr' id='par_1_72' title="bbox 199 3821 1848 3896">
     <span class='ocr_line' id='line_1_72' title="bbox 199 3821 1848 3896; baseline 0.001 -18"><span class='ocrx_word' id='word_1_422' title='bbox 199 3821 318 3879; x_wconf 87' lang='lat' dir='ltr'><strong>Nos</strong></span> <span class='ocrx_word' id='word_1_423' title='bbox 350 3822 495 3895; x_wconf 83' lang='grc'><strong>(101)</strong></span> <span class='ocrx_word' id='word_1_424' title='bbox 527 3821 610 3878; x_wconf 90' lang='lat' dir='ltr'><strong>ita</strong></span> <span class='ocrx_word' id='word_1_425' title='bbox 641 3822 892 3879; x_wconf 87' lang='lat' dir='ltr'><strong>Parthus</strong></span> <span class='ocrx_word' id='word_1_426' title='bbox 921 3822 1042 3896; x_wconf 90' lang='lat' dir='ltr'><strong>agit</strong></span> <span class='ocrx_word' id='word_1_427' title='bbox 1061 3839 1337 3896; x_wconf 61' lang='lat' dir='ltr'><strong>praeceps,</strong></span> <span class='ocrx_word' id='word_1_428' title='bbox 1368 3822 1428 3879; x_wconf 89' lang='lat' dir='ltr'><strong>in</strong></span> <span class='ocrx_word' id='word_1_429' title='bbox 1449 3823 1690 3880; x_wconf 89' lang='lat' dir='ltr'><strong>verbera</strong></span> <span class='ocrx_word' id='word_1_430' title='bbox 1709 3840 1848 3896; x_wconf 88' lang='lat' dir='ltr'><strong>pen-</strong></span> 
     </span>
    </p>
   </div>
   <div class='ocr_carea' id='block_1_73' title="bbox 1586 3913 1774 3984">
    <p class='ocr_par' dir='ltr' id='par_1_73' title="bbox 1586 3913 1774 3984">
     <span class='ocr_line' id='line_1_73' title="bbox 1586 3913 1774 3984; baseline 0 -16"><span class='ocrx_word' id='word_1_431' title='bbox 1586 3913 1774 3984; x_wconf 90' lang='lat' dir='ltr'><strong>[dens.</strong></span> 
     </span>
    </p>
   </div>
   <div class='ocr_carea' id='block_1_74' title="bbox 201 4000 1709 4075">
    <p class='ocr_par' dir='ltr' id='par_1_74' title="bbox 201 4000 1709 4075">
     <span class='ocr_line' id='line_1_74' title="bbox 201 4000 1709 4075; baseline 0.001 -18"><span class='ocrx_word' id='word_1_432' title='bbox 201 4000 296 4058; x_wconf 91' lang='lat' dir='ltr'><strong>Sic</strong></span> <span class='ocrx_word' id='word_1_433' title='bbox 327 4001 476 4075; x_wconf 80' lang='lat' dir='ltr'><strong>fugit</strong></span> <span class='ocrx_word' id='word_1_434' title='bbox 505 4001 619 4058; x_wconf 92' lang='lat' dir='ltr'><strong>ista</strong></span> <span class='ocrx_word' id='word_1_435' title='bbox 646 4001 876 4073; x_wconf 89' lang='lat' dir='ltr'><strong>cohors,</strong></span> <span class='ocrx_word' id='word_1_436' title='bbox 905 4002 978 4058; x_wconf 88' lang='lat' dir='ltr'><strong>ad</strong></span> <span class='ocrx_word' id='word_1_437' title='bbox 1016 4001 1145 4058; x_wconf 67' lang='lat' dir='ltr'><strong>vitae</strong></span> <span class='ocrx_word' id='word_1_438' title='bbox 1177 4001 1416 4074; x_wconf 68' lang='lat' dir='ltr'><strong>praemia</strong></span> <span class='ocrx_word' id='word_1_439' title='bbox 1443 4003 1709 4059; x_wconf 90' lang='lat' dir='ltr'><strong>tendens.</strong></span> 
     </span>
    </p>
   </div>
   <div class='ocr_carea' id='block_1_75' title="bbox 201 4090 1528 4164">
    <p class='ocr_par' dir='ltr' id='par_1_75' title="bbox 201 4090 1528 4164">
     <span class='ocr_line' id='line_1_75' title="bbox 201 4090 1528 4164; baseline 0.001 -19"><span class='ocrx_word' id='word_1_440' title='bbox 201 4090 450 4164; x_wconf 85' lang='lat' dir='ltr'><strong>Instigat</strong></span> <span class='ocrx_word' id='word_1_441' title='bbox 479 4091 668 4148; x_wconf 89' lang='lat' dir='ltr'><strong>socios</strong></span> <span class='ocrx_word' id='word_1_442' title='bbox 700 4091 985 4164; x_wconf 85' lang='lat' dir='ltr'><strong>Rogerus,</strong></span> <span class='ocrx_word' id='word_1_443' title='bbox 1018 4094 1075 4147; x_wconf 93' lang='lat' dir='ltr'><strong>et</strong></span> <span class='ocrx_word' id='word_1_444' title='bbox 1103 4090 1319 4163; x_wconf 87' lang='lat' dir='ltr'><strong>excipit</strong></span> <span class='ocrx_word' id='word_1_445' title='bbox 1356 4090 1528 4148; x_wconf 90' lang='lat' dir='ltr'><strong>ictus.</strong></span> 
     </span>
    </p>
   </div>
   <div class='ocr_carea' id='block_1_76' title="bbox 197 4178 1668 4254">
    <p class='ocr_par' dir='ltr' id='par_1_76' title="bbox 197 4178 1668 4254">
     <span class='ocr_line' id='line_1_76' title="bbox 197 4178 1668 4254; baseline 0.002 -20"><span class='ocrx_word' id='word_1_446' title='bbox 197 4178 366 4236; x_wconf 88' lang='lat' dir='ltr'><strong>Nunc</strong></span> <span class='ocrx_word' id='word_1_447' title='bbox 397 4181 629 4236; x_wconf 89' lang='lat' dir='ltr'><strong>tardare</strong></span> <span class='ocrx_word' id='word_1_448' title='bbox 659 4178 798 4236; x_wconf 81' lang='lat' dir='ltr'><strong>facit</strong></span> <span class='ocrx_word' id='word_1_449' title='bbox 825 4180 1088 4254; x_wconf 90' lang='lat' dir='ltr'><strong>probitas</strong></span> <span class='ocrx_word' id='word_1_450' title='bbox 1117 4183 1174 4236; x_wconf 91' lang='lat' dir='ltr'><strong>et</strong></span> <span class='ocrx_word' id='word_1_451' title='bbox 1204 4180 1437 4236; x_wconf 90' lang='lat' dir='ltr'><strong>conscia</strong></span> <span class='ocrx_word' id='word_1_452' title='bbox 1464 4179 1668 4237; x_wconf 89' lang='lat' dir='ltr'><strong>virtus.</strong></span> 
     </span>
    </p>
   </div>
   <div class='ocr_carea' id='block_1_77' title="bbox 196 4267 1632 4342">
    <p class='ocr_par' dir='ltr' id='par_1_77' title="bbox 196 4267 1632 4342">
     <span class='ocr_line' id='line_1_77' title="bbox 196 4267 1632 4342; baseline 0.001 -18"><span class='ocrx_word' id='word_1_453' title='bbox 196 4268 471 4325; x_wconf 89' lang='lat' dir='ltr'><strong>Telorum</strong></span> <span class='ocrx_word' id='word_1_454' title='bbox 501 4269 709 4326; x_wconf 89' lang='lat' dir='ltr'><strong>silvam</strong></span> <span class='ocrx_word' id='word_1_455' title='bbox 739 4269 833 4326; x_wconf 85' lang='lat' dir='ltr'><strong>vix</strong></span> <span class='ocrx_word' id='word_1_456' title='bbox 861 4267 1113 4326; x_wconf 90' lang='lat' dir='ltr'><strong>sustinet</strong></span> <span class='ocrx_word' id='word_1_457' title='bbox 1141 4268 1382 4326; x_wconf 91' lang='lat' dir='ltr'><strong>horrida</strong></span> <span class='ocrx_word' id='word_1_458' title='bbox 1409 4286 1632 4342; x_wconf 87' lang='lat' dir='ltr'><strong>parma.</strong></span> 
     </span>
    </p>
   </div>
   <div class='ocr_carea' id='block_1_78' title="bbox 198 4357 1775 4432">
    <p class='ocr_par' dir='ltr' id='par_1_78' title="bbox 198 4357 1775 4432">
     <span class='ocr_line' id='line_1_78' title="bbox 198 4357 1775 4432; baseline 0.001 -19"><span class='ocrx_word' id='word_1_459' title='bbox 198 4357 517 4424; x_wconf 86' lang='lat' dir='ltr'><strong>Labentem</strong></span> <span class='ocrx_word' id='word_1_460' title='bbox 549 4361 843 4416; x_wconf 88' lang='lat' dir='ltr'><strong>sustentat</strong></span> <span class='ocrx_word' id='word_1_461' title='bbox 871 4375 1112 4432; x_wconf 87' lang='lat' dir='ltr'><strong>equum,</strong></span> <span class='ocrx_word' id='word_1_462' title='bbox 1145 4358 1364 4432; x_wconf 88' lang='lat' dir='ltr'><strong>tinguit</strong></span> <span class='ocrx_word' id='word_1_463' title='bbox 1391 4375 1564 4415; x_wconf 91' lang='lat' dir='ltr'><strong>cruor</strong></span> <span class='ocrx_word' id='word_1_464' title='bbox 1593 4376 1775 4416; x_wconf 89' lang='lat' dir='ltr'><strong>arma.</strong></span> 
     </span>
    </p>
   </div>
   <div class='ocr_carea' id='block_1_79' title="bbox 193 4445 1562 4520">
    <p class='ocr_par' dir='ltr' id='par_1_79' title="bbox 193 4445 1562 4520">
     <span class='ocr_line' id='line_1_79' title="bbox 193 4445 1562 4520; baseline 0.001 -17"><span class='ocrx_word' id='word_1_465' title='bbox 193 4445 508 4520; x_wconf 87' lang='lat' dir='ltr'><strong>Oppressis</strong></span> <span class='ocrx_word' id='word_1_466' title='bbox 542 4447 777 4504; x_wconf 82' lang='lat' dir='ltr'><strong>fortuna</strong></span> <span class='ocrx_word' id='word_1_467' title='bbox 807 4453 996 4504; x_wconf 90' lang='lat' dir='ltr'><strong>nocet.</strong></span> <span class='ocrx_word' id='word_1_468' title='bbox 1029 4448 1161 4505; x_wconf 88' lang='lat' dir='ltr'><strong>Jam</strong></span> <span class='ocrx_word' id='word_1_469' title='bbox 1193 4447 1562 4504; x_wconf 88' lang='lat' dir='ltr'><strong>deﬁciebant.</strong></span> 
     </span>
    </p>
   </div>
   <div class='ocr_carea' id='block_1_80' title="bbox 196 4535 1551 4611">
    <p class='ocr_par' dir='ltr' id='par_1_80' title="bbox 196 4535 1551 4611">
     <span class='ocr_line' id='line_1_80' title="bbox 196 4535 1551 4611; baseline 0.001 -20"><span class='ocrx_word' id='word_1_470' title='bbox 196 4535 517 4604; x_wconf 88' lang='lat' dir='ltr'><strong>Instantes,</strong></span> <span class='ocrx_word' id='word_1_471' title='bbox 550 4537 793 4611; x_wconf 83' lang='lat' dir='ltr'><strong>Rogere,</strong></span> <span class='ocrx_word' id='word_1_472' title='bbox 826 4537 914 4593; x_wconf 92' lang='lat' dir='ltr'><strong>tui</strong></span> <span class='ocrx_word' id='word_1_473' title='bbox 935 4537 1064 4608; x_wconf 87' lang='lat' dir='ltr'><strong>jam</strong></span> <span class='ocrx_word' id='word_1_474' title='bbox 1095 4540 1226 4592; x_wconf 89' lang='lat' dir='ltr'><strong>tuta</strong></span> <span class='ocrx_word' id='word_1_475' title='bbox 1255 4537 1551 4603; x_wconf 89' lang='lat' dir='ltr'><strong>tenebant,</strong></span> 
     </span>
    </p>
   </div>
   <div class='ocr_carea' id='block_1_81' title="bbox 192 4625 1668 4700">
    <p class='ocr_par' dir='ltr' id='par_1_81' title="bbox 192 4625 1668 4700">
     <span class='ocr_line' id='line_1_81' title="bbox 192 4625 1668 4700; baseline 0.001 -20"><span class='ocrx_word' id='word_1_476' title='bbox 192 4627 340 4680; x_wconf 85' lang='lat' dir='ltr'><strong>Cum</strong></span> <span class='ocrx_word' id='word_1_477' title='bbox 372 4629 428 4682; x_wconf 90' lang='lat' dir='ltr'><strong>te</strong></span> <span class='ocrx_word' id='word_1_478' title='bbox 452 4625 775 4700; x_wconf 64' lang='lat' dir='ltr'><strong>precipitat</strong></span> <span class='ocrx_word' id='word_1_479' title='bbox 804 4625 1039 4698; x_wconf 90' lang='lat' dir='ltr'><strong>sonipes</strong></span> <span class='ocrx_word' id='word_1_480' title='bbox 1070 4625 1225 4682; x_wconf 90' lang='lat' dir='ltr'><strong>male</strong></span> <span class='ocrx_word' id='word_1_481' title='bbox 1255 4625 1668 4699; x_wconf 68' lang='lat' dir='ltr'><strong>praecipitatus,</strong></span> 
     </span>
    </p>
   </div>
   <div class='ocr_carea' id='block_1_82' title="bbox 196 4713 1564 4789">
    <p class='ocr_par' dir='ltr' id='par_1_82' title="bbox 196 4713 1564 4789">
     <span class='ocr_line' id='line_1_82' title="bbox 196 4713 1564 4789; baseline 0.001 -19"><span class='ocrx_word' id='word_1_482' title='bbox 196 4714 318 4770; x_wconf 88' lang='lat' dir='ltr'><strong>Nec</strong></span> <span class='ocrx_word' id='word_1_483' title='bbox 345 4713 616 4772; x_wconf 90' lang='lat' dir='ltr'><strong>relevaris</strong></span> <span class='ocrx_word' id='word_1_484' title='bbox 643 4715 779 4789; x_wconf 89' lang='lat' dir='ltr'><strong>equi</strong></span> <span class='ocrx_word' id='word_1_485' title='bbox 811 4713 1058 4772; x_wconf 86' lang='lat' dir='ltr'><strong>revoluti</strong></span> <span class='ocrx_word' id='word_1_486' title='bbox 1087 4714 1241 4772; x_wconf 90' lang='lat' dir='ltr'><strong>mole</strong></span> <span class='ocrx_word' id='word_1_487' title='bbox 1269 4720 1564 4788; x_wconf 87' lang='lat' dir='ltr'><strong>gravatus.</strong></span> 
     </span>
    </p>
   </div>
   <div class='ocr_carea' id='block_1_83' title="bbox 197 4803 1488 4878">
    <p class='ocr_par' dir='ltr' id='par_1_83' title="bbox 197 4803 1488 4878">
     <span class='ocr_line' id='line_1_83' title="bbox 197 4803 1488 4878; baseline 0.004 -21"><span class='ocrx_word' id='word_1_488' title='bbox 197 4803 310 4869; x_wconf 86' lang='lat' dir='ltr'><strong>Qui</strong></span> <span class='ocrx_word' id='word_1_489' title='bbox 345 4821 460 4861; x_wconf 91' lang='lat' dir='ltr'><strong>non</strong></span> <span class='ocrx_word' id='word_1_490' title='bbox 494 4805 775 4878; x_wconf 88' lang='lat' dir='ltr'><strong>parcebas</strong></span> <span class='ocrx_word' id='word_1_491' title='bbox 805 4804 983 4873; x_wconf 88' lang='lat' dir='ltr'><strong>hosti,</strong></span> <span class='ocrx_word' id='word_1_492' title='bbox 1017 4804 1251 4862; x_wconf 70' lang='lat' dir='ltr'><strong>fmdaris</strong></span> <span class='ocrx_word' id='word_1_493' title='bbox 1281 4805 1340 4861; x_wconf 92' lang='lat' dir='ltr'><strong>in</strong></span> <span class='ocrx_word' id='word_1_494' title='bbox 1372 4803 1488 4862; x_wconf 88' lang='lat' dir='ltr'><strong>alto</strong></span> 
     </span>
    </p>
   </div>
   <div class='ocr_carea' id='block_1_84' title="bbox 196 4889 1727 4968">
    <p class='ocr_par' dir='ltr' id='par_1_84' title="bbox 196 4889 1727 4968">
     <span class='ocr_line' id='line_1_84' title="bbox 196 4889 1727 4968; baseline 0.003 -21"><span class='ocrx_word' id='word_1_495' title='bbox 196 4889 474 4963; x_wconf 89' lang='lat' dir='ltr'><strong>Vulnere,</strong></span> <span class='ocrx_word' id='word_1_496' title='bbox 510 4909 616 4950; x_wconf 90' lang='lat' dir='ltr'><strong>nec</strong></span> <span class='ocrx_word' id='word_1_497' title='bbox 635 4893 822 4950; x_wconf 90' lang='lat' dir='ltr'><strong>voluit</strong></span> <span class='ocrx_word' id='word_1_498' title='bbox 851 4895 1080 4951; x_wconf 92' lang='lat' dir='ltr'><strong>Tureus</strong></span> <span class='ocrx_word' id='word_1_499' title='bbox 1107 4894 1215 4950; x_wconf 91' lang='lat' dir='ltr'><strong>tibi</strong></span> <span class='ocrx_word' id='word_1_500' title='bbox 1247 4911 1483 4967; x_wconf 89' lang='lat' dir='ltr'><strong>parcere</strong></span> <span class='ocrx_word' id='word_1_501' title='bbox 1513 4898 1679 4968; x_wconf 90' lang='lat' dir='ltr'><strong>capto</strong></span> <span class='ocrx_word' id='word_1_502' title='bbox 1699 4894 1727 4951; x_wconf 85' lang='lat'><strong>?</strong></span> 
     </span>
    </p>
   </div>
   <div class='ocr_carea' id='block_1_85' title="bbox 275 4982 1662 5056">
    <p class='ocr_par' dir='ltr' id='par_1_85' title="bbox 275 4982 1662 5056">
     <span class='ocr_line' id='line_1_85' title="bbox 275 4982 1662 5056; baseline 0.001 -18"><span class='ocrx_word' id='word_1_503' title='bbox 275 4982 506 5038; x_wconf 70' lang='lat' dir='ltr'><strong>)Estuat</strong></span> <span class='ocrx_word' id='word_1_504' title='bbox 535 4982 596 5038; x_wconf 92' lang='lat' dir='ltr'><strong>in</strong></span> <span class='ocrx_word' id='word_1_505' title='bbox 627 4983 816 5040; x_wconf 89' lang='lat' dir='ltr'><strong>muris</strong></span> <span class='ocrx_word' id='word_1_506' title='bbox 843 4985 1086 5040; x_wconf 88' lang='lat' dir='ltr'><strong>confusa</strong></span> <span class='ocrx_word' id='word_1_507' title='bbox 1115 4983 1338 5056; x_wconf 90' lang='lat' dir='ltr'><strong>pudore</strong></span> <span class='ocrx_word' id='word_1_508' title='bbox 1360 4984 1662 5055; x_wconf 88' lang='lat' dir='ltr'><strong>juventus.</strong></span> 
     </span>
    </p>
   </div>
   <div class='ocr_carea' id='block_1_86' title="bbox 200 5071 1850 5145">
    <p class='ocr_par' dir='ltr' id='par_1_86' title="bbox 200 5071 1850 5145">
     <span class='ocr_line' id='line_1_86' title="bbox 200 5071 1850 5145; baseline 0 -17"><span class='ocrx_word' id='word_1_509' title='bbox 200 5071 360 5128; x_wconf 90' lang='lat' dir='ltr'><strong>Dum</strong></span> <span class='ocrx_word' id='word_1_510' title='bbox 392 5071 683 5144; x_wconf 89' lang='lat' dir='ltr'><strong>premitur</strong></span> <span class='ocrx_word' id='word_1_511' title='bbox 702 5072 922 5145; x_wconf 87' lang='lat' dir='ltr'><strong>jaculis</strong></span> <span class='ocrx_word' id='word_1_512' title='bbox 951 5073 1041 5129; x_wconf 92' lang='lat' dir='ltr'><strong>vir</strong></span> <span class='ocrx_word' id='word_1_513' title='bbox 1065 5071 1237 5128; x_wconf 87' lang='lat' dir='ltr'><strong>fortis</strong></span> <span class='ocrx_word' id='word_1_514' title='bbox 1267 5072 1340 5128; x_wconf 92' lang='lat' dir='ltr'><strong>ab</strong></span> <span class='ocrx_word' id='word_1_515' title='bbox 1371 5073 1536 5129; x_wconf 90' lang='lat' dir='ltr'><strong>hoste</strong></span> <span class='ocrx_word' id='word_1_516' title='bbox 1565 5075 1850 5130; x_wconf 89' lang='lat' dir='ltr'><strong>retentus.</strong></span> 
     </span>
    </p>
   </div>
   <div class='ocr_carea' id='block_1_87' title="bbox 200 5160 1631 5235">
    <p class='ocr_par' dir='ltr' id='par_1_87' title="bbox 200 5160 1631 5235">
     <span class='ocr_line' id='line_1_87' title="bbox 200 5160 1631 5235; baseline 0 -18"><span class='ocrx_word' id='word_1_517' title='bbox 200 5163 488 5217; x_wconf 81' lang='lat' dir='ltr'><strong>Avertunt</strong></span> <span class='ocrx_word' id='word_1_518' title='bbox 512 5160 716 5218; x_wconf 91' lang='lat' dir='ltr'><strong>oculos</strong></span> <span class='ocrx_word' id='word_1_519' title='bbox 751 5178 1020 5235; x_wconf 89' lang='lat' dir='ltr'><strong>proceres</strong></span> <span class='ocrx_word' id='word_1_520' title='bbox 1049 5161 1151 5234; x_wconf 91' lang='lat' dir='ltr'><strong>qui</strong></span> <span class='ocrx_word' id='word_1_521' title='bbox 1179 5160 1631 5234; x_wconf 88' lang='lat' dir='ltr'><strong>prospiciebant,</strong></span> 
     </span>
    </p>
   </div>
   <div class='ocr_carea' id='block_1_88' title="bbox 201 5248 1784 5325">
    <p class='ocr_par' dir='ltr' id='par_1_88' title="bbox 201 5248 1784 5325">
     <span class='ocr_line' id='line_1_88' title="bbox 201 5248 1784 5325; baseline 0 -19"><span class='ocrx_word' id='word_1_522' title='bbox 201 5248 356 5306; x_wconf 85' lang='lat' dir='ltr'><strong>Cum</strong></span> <span class='ocrx_word' id='word_1_523' title='bbox 383 5265 489 5323; x_wconf 90' lang='lat' dir='ltr'><strong>per</strong></span> <span class='ocrx_word' id='word_1_524' title='bbox 517 5267 657 5307; x_wconf 85' lang='lat' dir='ltr'><strong>saxa</strong></span> <span class='ocrx_word' id='word_1_525' title='bbox 684 5267 859 5308; x_wconf 90' lang='lat' dir='ltr'><strong>canes</strong></span> <span class='ocrx_word' id='word_1_526' title='bbox 880 5250 1138 5325; x_wconf 88' lang='lat' dir='ltr'><strong>insignia</strong></span> <span class='ocrx_word' id='word_1_527' title='bbox 1161 5251 1428 5307; x_wconf 88' lang='lat' dir='ltr'><strong>membra</strong></span> <span class='ocrx_word' id='word_1_528' title='bbox 1453 5251 1784 5321; x_wconf 89' lang='lat' dir='ltr'><strong>trahebant,</strong></span> 
     </span>
    </p>
   </div>
   <div class='ocr_carea' id='block_1_89' title="bbox 275 5392 822 5463">
    <p class='ocr_par' dir='ltr' id='par_1_89' title="bbox 275 5392 822 5463">
     <span class='ocr_line' id='line_1_89' title="bbox 275 5392 822 5463; baseline 0.015 -18"><span class='ocrx_word' id='word_1_529' title='bbox 275 5393 394 5463; x_wconf 87' lang='lat'><strong>(97)</strong></span> <span class='ocrx_word' id='word_1_530' title='bbox 427 5392 604 5463; x_wconf 88' lang='lat' dir='ltr'><strong>Edit.,</strong></span> <span class='ocrx_word' id='word_1_531' title='bbox 635 5411 822 5453; x_wconf 75' lang='lat' dir='ltr'><strong>muros</strong></span> 
     </span>
    </p>
   </div>
   <div class='ocr_carea' id='block_1_90' title="bbox 281 5464 1033 5539">
    <p class='ocr_par' dir='ltr' id='par_1_90' title="bbox 281 5464 1033 5539">
     <span class='ocr_line' id='line_1_90' title="bbox 281 5464 1033 5539; baseline 0.005 -21"><span class='ocrx_word' id='word_1_532' title='bbox 281 5464 394 5539; x_wconf 68' lang='lat'><strong>(9§)</strong></span> <span class='ocrx_word' id='word_1_533' title='bbox 418 5464 584 5539; x_wconf 51' lang='lat' dir='ltr'><strong>ﬁdit.</strong></span> <span class='ocrx_word' id='word_1_534' title='bbox 603 5506 617 5532; x_wconf 93' lang='lat'><strong>,</strong></span> <span class='ocrx_word' id='word_1_535' title='bbox 647 5468 1033 5539; x_wconf 70' lang='lat' dir='ltr'><strong>spectantibus.</strong></span> 
     </span>
    </p>
   </div>
   <div class='ocr_carea' id='block_1_91' title="bbox 274 5534 964 5606">
    <p class='ocr_par' dir='ltr' id='par_1_91' title="bbox 274 5534 964 5606">
     <span class='ocr_line' id='line_1_91' title="bbox 274 5534 964 5606; baseline 0.009 -17"><span class='ocrx_word' id='word_1_536' title='bbox 274 5534 392 5604; x_wconf 84' lang='grc'>(99)</span> <span class='ocrx_word' id='word_1_537' title='bbox 417 5536 577 5594; x_wconf 88' lang='lat' dir='ltr'><strong>Edit.</strong></span> <span class='ocrx_word' id='word_1_538' title='bbox 595 5579 609 5606; x_wconf 96' lang='lat'><strong>,</strong></span> <span class='ocrx_word' id='word_1_539' title='bbox 642 5534 964 5597; x_wconf 68' lang='grc' dir='ltr'><strong>γὶιετηοναεο.</strong></span> 
     </span>
    </p>
   </div>
   <div class='ocr_carea' id='block_1_92' title="bbox 274 5607 1019 5688">
    <p class='ocr_par' dir='ltr' id='par_1_92' title="bbox 274 5607 1019 5688">
     <span class='ocr_line' id='line_1_92' title="bbox 274 5607 1019 5688; baseline 0.008 -22"><span class='ocrx_word' id='word_1_540' title='bbox 274 5607 326 5685; x_wconf 78' lang='grc'><strong>(4</strong></span> <span class='ocrx_word' id='word_1_541' title='bbox 340 5610 432 5682; x_wconf 83' lang='grc'>00)</span> <span class='ocrx_word' id='word_1_542' title='bbox 465 5607 1019 5688; x_wconf 67' lang='grc' dir='ltr'><strong>Εὰίῐ.,1αυεηθδᾳαθ.</strong></span> 
     </span>
    </p>
   </div>
   <div class='ocr_carea' id='block_1_93' title="bbox 1959 3286 3126 3360">
    <p class='ocr_par' dir='ltr' id='par_1_93' title="bbox 1959 3286 3126 3360">
     <span class='ocr_line' id='line_1_93' title="bbox 1959 3286 3126 3360; baseline 0 -18"><span class='ocrx_word' id='word_1_543' title='bbox 1959 3286 2047 3343; x_wconf 90' lang='lat' dir='ltr'><strong>Illi</strong></span> <span class='ocrx_word' id='word_1_544' title='bbox 2077 3304 2237 3343; x_wconf 90' lang='lat' dir='ltr'><strong>more</strong></span> <span class='ocrx_word' id='word_1_545' title='bbox 2269 3289 2399 3343; x_wconf 70' lang='lat' dir='ltr'><strong>feras</strong></span> <span class='ocrx_word' id='word_1_546' title='bbox 2432 3287 2677 3359; x_wconf 88' lang='lat' dir='ltr'><strong>radices,</strong></span> <span class='ocrx_word' id='word_1_547' title='bbox 2710 3290 2878 3360; x_wconf 88' lang='lat' dir='ltr'><strong>prata</strong></span> <span class='ocrx_word' id='word_1_548' title='bbox 2904 3303 3126 3344; x_wconf 89' lang='lat' dir='ltr'><strong>vorare.</strong></span> 
     </span>
    </p>
   </div>
   <div class='ocr_carea' id='block_1_94' title="bbox 1957 3374 3604 3452">
    <p class='ocr_par' dir='ltr' id='par_1_94' title="bbox 1957 3374 3604 3452">
     <span class='ocr_line' id='line_1_94' title="bbox 1957 3374 3604 3452; baseline 0.003 -19"><span class='ocrx_word' id='word_1_549' title='bbox 1957 3374 2142 3433; x_wconf 89' lang='lat' dir='ltr'><strong>Multa</strong></span> <span class='ocrx_word' id='word_1_550' title='bbox 2173 3376 2410 3449; x_wconf 90' lang='lat' dir='ltr'><strong>quidem</strong></span> <span class='ocrx_word' id='word_1_551' title='bbox 2465 3377 2780 3434; x_wconf 85' lang='lat' dir='ltr'><strong>comedunt</strong></span> <span class='ocrx_word' id='word_1_552' title='bbox 2830 3374 3138 3432; x_wconf 91' lang='lat' dir='ltr'><strong>hominum</strong></span> <span class='ocrx_word' id='word_1_553' title='bbox 3197 3393 3314 3434; x_wconf 90' lang='lat' dir='ltr'><strong>non</strong></span> <span class='ocrx_word' id='word_1_554' title='bbox 3371 3379 3604 3452; x_wconf 84' lang='lat' dir='ltr'><strong>cognita</strong></span> 
     </span>
    </p>
   </div>
   <div class='ocr_carea' id='block_1_95' title="bbox 3263 3466 3528 3539">
    <p class='ocr_par' dir='ltr' id='par_1_95' title="bbox 3263 3466 3528 3539">
     <span class='ocr_line' id='line_1_95' title="bbox 3263 3466 3528 3539; baseline 0.011 -17"><span class='ocrx_word' id='word_1_555' title='bbox 3263 3466 3528 3539; x_wconf 86' lang='lat' dir='ltr'><strong>[mensis.</strong></span> 
     </span>
    </p>
   </div>
   <div class='ocr_carea' id='block_1_96' title="bbox 1955 3554 3415 3628">
    <p class='ocr_par' dir='ltr' id='par_1_96' title="bbox 1955 3554 3415 3628">
     <span class='ocr_line' id='line_1_96' title="bbox 1955 3554 3415 3628; baseline 0.001 -17"><span class='ocrx_word' id='word_1_556' title='bbox 1955 3555 2133 3611; x_wconf 86' lang='lat' dir='ltr'><strong>Arida</strong></span> <span class='ocrx_word' id='word_1_557' title='bbox 2163 3555 2314 3612; x_wconf 86' lang='lat' dir='ltr'><strong>facta</strong></span> <span class='ocrx_word' id='word_1_558' title='bbox 2345 3573 2557 3612; x_wconf 91' lang='lat' dir='ltr'><strong>manus</strong></span> <span class='ocrx_word' id='word_1_559' title='bbox 2582 3573 2676 3612; x_wconf 77' lang='lat' dir='ltr'><strong>VIX</strong></span> <span class='ocrx_word' id='word_1_560' title='bbox 2707 3555 2964 3628; x_wconf 90' lang='lat' dir='ltr'><strong>pondera</strong></span> <span class='ocrx_word' id='word_1_561' title='bbox 2988 3554 3239 3612; x_wconf 91' lang='lat' dir='ltr'><strong>sustinet</strong></span> <span class='ocrx_word' id='word_1_562' title='bbox 3267 3555 3415 3613; x_wconf 89' lang='lat' dir='ltr'><strong>ensi.</strong></span> 
     </span>
    </p>
   </div>
   <div class='ocr_carea' id='block_1_97' title="bbox 1959 3643 3305 3717">
    <p class='ocr_par' dir='ltr' id='par_1_97' title="bbox 1959 3643 3305 3717">
     <span class='ocr_line' id='line_1_97' title="bbox 1959 3643 3305 3717; baseline 0.001 -16"><span class='ocrx_word' id='word_1_563' title='bbox 1959 3643 2002 3701; x_wconf 94' lang='grc' dir='ltr'><strong>Ο</strong></span> <span class='ocrx_word' id='word_1_564' title='bbox 2032 3645 2336 3700; x_wconf 89' lang='lat' dir='ltr'><strong>referenda</strong></span> <span class='ocrx_word' id='word_1_565' title='bbox 2366 3645 2483 3701; x_wconf 91' lang='lat' dir='ltr'><strong>Deo</strong></span> <span class='ocrx_word' id='word_1_566' title='bbox 2512 3644 2720 3712; x_wconf 88' lang='lat' dir='ltr'><strong>virtus,</strong></span> <span class='ocrx_word' id='word_1_567' title='bbox 2755 3645 3118 3700; x_wconf 89' lang='lat' dir='ltr'><strong>circumdata</strong></span> <span class='ocrx_word' id='word_1_568' title='bbox 3141 3648 3305 3717; x_wconf 88' lang='lat' dir='ltr'><strong>peste</strong></span> 
     </span>
    </p>
   </div>
   <div class='ocr_carea' id='block_1_98' title="bbox 1959 3732 3506 3806">
    <p class='ocr_par' dir='ltr' id='par_1_98' title="bbox 1959 3732 3506 3806">
     <span class='ocr_line' id='line_1_98' title="bbox 1959 3732 3506 3806; baseline 0.002 -16"><span class='ocrx_word' id='word_1_569' title='bbox 1959 3733 2172 3790; x_wconf 88' lang='lat' dir='ltr'><strong>Nostra</strong></span> <span class='ocrx_word' id='word_1_570' title='bbox 2203 3733 2412 3790; x_wconf 91' lang='lat' dir='ltr'><strong>cohors</strong></span> <span class='ocrx_word' id='word_1_571' title='bbox 2442 3738 2640 3790; x_wconf 90' lang='lat' dir='ltr'><strong>saturo</strong></span> <span class='ocrx_word' id='word_1_572' title='bbox 2663 3734 2931 3806; x_wconf 87' lang='lat' dir='ltr'><strong>jejunam</strong></span> <span class='ocrx_word' id='word_1_573' title='bbox 2953 3732 3194 3789; x_wconf 88' lang='lat' dir='ltr'><strong>timetur</strong></span> <span class='ocrx_word' id='word_1_574' title='bbox 3218 3733 3291 3790; x_wconf 84' lang='lat' dir='ltr'><strong>ab</strong></span> <span class='ocrx_word' id='word_1_575' title='bbox 3320 3733 3506 3793; x_wconf 84' lang='lat' dir='ltr'><strong>hoste.</strong></span> 
     </span>
    </p>
   </div>
   <div class='ocr_carea' id='block_1_99' title="bbox 1959 3820 3449 3895">
    <p class='ocr_par' dir='ltr' id='par_1_99' title="bbox 1959 3820 3449 3895">
     <span class='ocr_line' id='line_1_99' title="bbox 1959 3820 3449 3895; baseline 0.002 -17"><span class='ocrx_word' id='word_1_576' title='bbox 1959 3823 2072 3879; x_wconf 83' lang='lat' dir='ltr'><strong>Res</strong></span> <span class='ocrx_word' id='word_1_577' title='bbox 2105 3823 2288 3878; x_wconf 81' lang='lat' dir='ltr'><strong>nova!</strong></span> <span class='ocrx_word' id='word_1_578' title='bbox 2325 3839 2458 3879; x_wconf 92' lang='lat' dir='ltr'><strong>crus</strong></span> <span class='ocrx_word' id='word_1_579' title='bbox 2483 3821 2632 3878; x_wconf 89' lang='lat' dir='ltr'><strong>asini</strong></span> <span class='ocrx_word' id='word_1_580' title='bbox 2664 3820 2832 3878; x_wconf 91' lang='lat' dir='ltr'><strong>libris</strong></span> <span class='ocrx_word' id='word_1_581' title='bbox 2863 3822 3052 3877; x_wconf 90' lang='lat' dir='ltr'><strong>tribus</strong></span> <span class='ocrx_word' id='word_1_582' title='bbox 3083 3822 3449 3895; x_wconf 89' lang='lat' dir='ltr'><strong>appretiatur</strong></span> 
     </span>
    </p>
   </div>
   <div class='ocr_carea' id='block_1_100' title="bbox 1958 3910 3561 3985">
    <p class='ocr_par' dir='ltr' id='par_1_100' title="bbox 1958 3910 3561 3985">
     <span class='ocr_line' id='line_1_100' title="bbox 1958 3910 3561 3985; baseline 0.003 -19"><span class='ocrx_word' id='word_1_583' title='bbox 1958 3911 2184 3984; x_wconf 87' lang='lat' dir='ltr'><strong>Quique</strong></span> <span class='ocrx_word' id='word_1_584' title='bbox 2214 3911 2374 3967; x_wconf 92' lang='lat' dir='ltr'><strong>dedit</strong></span> <span class='ocrx_word' id='word_1_585' title='bbox 2401 3910 2674 3983; x_wconf 89' lang='lat' dir='ltr'><strong>pretium,</strong></span> <span class='ocrx_word' id='word_1_586' title='bbox 2705 3928 2822 3967; x_wconf 91' lang='lat' dir='ltr'><strong>non</strong></span> <span class='ocrx_word' id='word_1_587' title='bbox 2845 3911 3124 3984; x_wconf 88' lang='lat' dir='ltr'><strong>prodigus</strong></span> <span class='ocrx_word' id='word_1_588' title='bbox 3146 3911 3283 3968; x_wconf 90' lang='lat' dir='ltr'><strong>inde</strong></span> <span class='ocrx_word' id='word_1_589' title='bbox 3299 3916 3561 3985; x_wconf 86' lang='lat' dir='ltr'><strong>putatur.</strong></span> 
     </span>
    </p>
   </div>
   <div class='ocr_carea' id='block_1_101' title="bbox 1959 3999 3534 4073">
    <p class='ocr_par' dir='ltr' id='par_1_101' title="bbox 1959 3999 3534 4073">
     <span class='ocr_line' id='line_1_101' title="bbox 1959 3999 3534 4073; baseline 0.002 -17"><span class='ocrx_word' id='word_1_590' title='bbox 1959 3999 2072 4056; x_wconf 91' lang='lat' dir='ltr'><strong>Ora</strong></span> <span class='ocrx_word' id='word_1_591' title='bbox 2104 4003 2336 4056; x_wconf 88' lang='lat' dir='ltr'><strong>movent</strong></span> <span class='ocrx_word' id='word_1_592' title='bbox 2365 3999 2552 4071; x_wconf 90' lang='lat' dir='ltr'><strong>pueri,</strong></span> <span class='ocrx_word' id='word_1_593' title='bbox 2587 4002 2924 4071; x_wconf 90' lang='lat' dir='ltr'><strong>matresque</strong></span> <span class='ocrx_word' id='word_1_594' title='bbox 2952 4003 3160 4055; x_wconf 88' lang='lat' dir='ltr'><strong>vocant</strong></span> <span class='ocrx_word' id='word_1_595' title='bbox 3198 4001 3534 4073; x_wconf 87' lang='lat' dir='ltr'><strong>morientes,</strong></span> 
     </span>
    </p>
   </div>
   <div class='ocr_carea' id='block_1_102' title="bbox 1957 4087 3472 4164">
    <p class='ocr_par' dir='ltr' id='par_1_102' title="bbox 1957 4087 3472 4164">
     <span class='ocr_line' id='line_1_102' title="bbox 1957 4087 3472 4164; baseline 0.003 -20"><span class='ocrx_word' id='word_1_596' title='bbox 1957 4090 2106 4144; x_wconf 87' lang='lat' dir='ltr'><strong>Aera</strong></span> <span class='ocrx_word' id='word_1_597' title='bbox 2135 4105 2239 4162; x_wconf 91' lang='lat' dir='ltr'><strong>pro</strong></span> <span class='ocrx_word' id='word_1_598' title='bbox 2267 4087 2454 4144; x_wconf 89' lang='lat' dir='ltr'><strong>solitis</strong></span> <span class='ocrx_word' id='word_1_599' title='bbox 2479 4087 2670 4160; x_wconf 90' lang='lat' dir='ltr'><strong>epulis</strong></span> <span class='ocrx_word' id='word_1_600' title='bbox 2701 4104 2992 4161; x_wconf 89' lang='lat' dir='ltr'><strong>aurasque</strong></span> <span class='ocrx_word' id='word_1_601' title='bbox 3021 4091 3274 4146; x_wconf 87' lang='lat' dir='ltr'><strong>terentes</strong></span> <span class='ocrx_word' id='word_1_602' title='bbox 3305 4091 3472 4164; x_wconf 72' lang='grc'><strong>(103.)</strong></span> 
     </span>
    </p>
   </div>
   <div class='ocr_carea' id='block_1_103' title="bbox 1957 4177 3487 4251">
    <p class='ocr_par' dir='ltr' id='par_1_103' title="bbox 1957 4177 3487 4251">
     <span class='ocr_line' id='line_1_103' title="bbox 1957 4177 3487 4251; baseline 0.003 -18"><span class='ocrx_word' id='word_1_603' title='bbox 1957 4177 2176 4234; x_wconf 88' lang='lat' dir='ltr'><strong>Cursor</strong></span> <span class='ocrx_word' id='word_1_604' title='bbox 2201 4193 2391 4250; x_wconf 91' lang='lat' dir='ltr'><strong>equus</strong></span> <span class='ocrx_word' id='word_1_605' title='bbox 2421 4193 2596 4248; x_wconf 89' lang='lat' dir='ltr'><strong>quem</strong></span> <span class='ocrx_word' id='word_1_606' title='bbox 2625 4177 2720 4233; x_wconf 84' lang='lat' dir='ltr'><strong>vix</strong></span> <span class='ocrx_word' id='word_1_607' title='bbox 2751 4193 2938 4250; x_wconf 90' lang='lat' dir='ltr'><strong>nuper</strong></span> <span class='ocrx_word' id='word_1_608' title='bbox 2957 4193 3153 4234; x_wconf 90' lang='lat' dir='ltr'><strong>carcer</strong></span> <span class='ocrx_word' id='word_1_609' title='bbox 3182 4179 3487 4251; x_wconf 90' lang='lat' dir='ltr'><strong>retinebat,</strong></span> 
     </span>
    </p>
   </div>
   <div class='ocr_carea' id='block_1_104' title="bbox 1959 4265 3407 4340">
    <p class='ocr_par' dir='ltr' id='par_1_104' title="bbox 1959 4265 3407 4340">
     <span class='ocr_line' id='line_1_104' title="bbox 1959 4265 3407 4340; baseline 0.003 -18"><span class='ocrx_word' id='word_1_610' title='bbox 1959 4267 2128 4323; x_wconf 90' lang='lat' dir='ltr'><strong>Nunc</strong></span> <span class='ocrx_word' id='word_1_611' title='bbox 2159 4265 2326 4322; x_wconf 90' lang='lat' dir='ltr'><strong>avido</strong></span> <span class='ocrx_word' id='word_1_612' title='bbox 2358 4282 2558 4322; x_wconf 89' lang='lat' dir='ltr'><strong>morsu</strong></span> <span class='ocrx_word' id='word_1_613' title='bbox 2587 4281 2837 4321; x_wconf 91' lang='lat' dir='ltr'><strong>vacuum</strong></span> <span class='ocrx_word' id='word_1_614' title='bbox 2868 4281 3125 4339; x_wconf 73' lang='lat' dir='ltr'><strong>praesepe</strong></span> <span class='ocrx_word' id='word_1_615' title='bbox 3155 4269 3407 4340; x_wconf 89' lang='lat' dir='ltr'><strong>petebat,</strong></span> 
     </span>
    </p>
   </div>
   <div class='ocr_carea' id='block_1_105' title="bbox 1960 4342 3290 4427">
    <p class='ocr_par' dir='ltr' id='par_1_105' title="bbox 1960 4342 3290 4427">
     <span class='ocr_line' id='line_1_105' title="bbox 1960 4342 3290 4427; baseline 0.002 -15"><span class='ocrx_word' id='word_1_616' title='bbox 1960 4357 2027 4412; x_wconf 85' lang='lat' dir='ltr'><strong>Et</strong></span> <span class='ocrx_word' id='word_1_617' title='bbox 2054 4342 2290 4413; x_wconf 83' lang='lat' dir='ltr'><strong>tandem</strong></span> <span class='ocrx_word' id='word_1_618' title='bbox 2326 4355 2518 4427; x_wconf 89' lang='lat' dir='ltr'><strong>posita</strong></span> <span class='ocrx_word' id='word_1_619' title='bbox 2545 4353 2791 4411; x_wconf 79' lang='lat' dir='ltr'><strong>feritate.</strong></span> <span class='ocrx_word' id='word_1_620' title='bbox 2824 4355 3018 4413; x_wconf 89' lang='lat' dir='ltr'><strong>furore</strong></span> <span class='ocrx_word' id='word_1_621' title='bbox 3046 4361 3290 4426; x_wconf 89' lang='lat' dir='ltr'><strong>remoto,</strong></span> 
     </span>
    </p>
   </div>
   <div class='ocr_carea' id='block_1_106' title="bbox 1959 4443 3229 4518">
    <p class='ocr_par' dir='ltr' id='par_1_106' title="bbox 1959 4443 3229 4518">
     <span class='ocr_line' id='line_1_106' title="bbox 1959 4443 3229 4518; baseline 0 -16"><span class='ocrx_word' id='word_1_622' title='bbox 1959 4445 2204 4502; x_wconf 90' lang='lat' dir='ltr'><strong>Labitur</strong></span> <span class='ocrx_word' id='word_1_623' title='bbox 2229 4443 2430 4500; x_wconf 87' lang='lat' dir='ltr'><strong>infelix</strong></span> <span class='ocrx_word' id='word_1_624' title='bbox 2460 4443 2793 4518; x_wconf 86' lang='lat' dir='ltr'><strong>singultans</strong></span> <span class='ocrx_word' id='word_1_625' title='bbox 2821 4461 3060 4516; x_wconf 90' lang='lat' dir='ltr'><strong>corpore</strong></span> <span class='ocrx_word' id='word_1_626' title='bbox 3089 4449 3229 4503; x_wconf 90' lang='lat' dir='ltr'><strong>toto.</strong></span> 
     </span>
    </p>
   </div>
   <div class='ocr_carea' id='block_1_107' title="bbox 1879 4532 3486 4625">
    <p class='ocr_par' dir='ltr' id='par_1_107' title="bbox 1879 4532 3486 4625">
     <span class='ocr_line' id='line_1_107' title="bbox 1879 4532 3486 4625; baseline 0.002 -35"><span class='ocrx_word' id='word_1_627' title='bbox 1879 4559 1928 4625; x_wconf 71' lang='grc' dir='ltr'>Β</span> <span class='ocrx_word' id='word_1_628' title='bbox 1959 4534 2204 4591; x_wconf 88' lang='lat' dir='ltr'><strong>Devorat</strong></span> <span class='ocrx_word' id='word_1_629' title='bbox 2231 4533 2389 4590; x_wconf 92' lang='lat' dir='ltr'><strong>hunc</strong></span> <span class='ocrx_word' id='word_1_630' title='bbox 2427 4534 2605 4590; x_wconf 91' lang='lat' dir='ltr'><strong>etiam</strong></span> <span class='ocrx_word' id='word_1_631' title='bbox 2637 4536 2922 4625; x_wconf 70' lang='lat' dir='ltr'><strong>praestans</strong></span> <span class='ocrx_word' id='word_1_632' title='bbox 2947 4532 3160 4625; x_wconf 79' lang='lat' dir='ltr'><strong>virtute</strong></span> <span class='ocrx_word' id='word_1_633' title='bbox 3183 4535 3486 4610; x_wconf 89' lang='lat' dir='ltr'><strong>juventus,</strong></span> 
     </span>
    </p>
   </div>
   <div class='ocr_carea' id='block_1_108' title="bbox 1960 4621 3458 4698">
    <p class='ocr_par' dir='ltr' id='par_1_108' title="bbox 1960 4621 3458 4698">
     <span class='ocr_line' id='line_1_108' title="bbox 1960 4621 3458 4698; baseline 0.002 -19"><span class='ocrx_word' id='word_1_634' title='bbox 1960 4624 2030 4679; x_wconf 85' lang='lat' dir='ltr'><strong>Et</strong></span> <span class='ocrx_word' id='word_1_635' title='bbox 2059 4622 2229 4680; x_wconf 91' lang='lat' dir='ltr'><strong>cibus</strong></span> <span class='ocrx_word' id='word_1_636' title='bbox 2258 4621 2371 4679; x_wconf 88' lang='lat' dir='ltr'><strong>iste</strong></span> <span class='ocrx_word' id='word_1_637' title='bbox 2399 4622 2589 4696; x_wconf 89' lang='lat' dir='ltr'><strong>placet</strong></span> <span class='ocrx_word' id='word_1_638' title='bbox 2617 4621 2850 4696; x_wconf 89' lang='lat' dir='ltr'><strong>populis</strong></span> <span class='ocrx_word' id='word_1_639' title='bbox 2880 4639 3013 4680; x_wconf 89' lang='lat' dir='ltr'><strong>caro</strong></span> <span class='ocrx_word' id='word_1_640' title='bbox 3042 4621 3177 4680; x_wconf 90' lang='lat' dir='ltr'><strong>licet</strong></span> <span class='ocrx_word' id='word_1_641' title='bbox 3205 4629 3458 4698; x_wconf 90' lang='lat' dir='ltr'><strong>emptus.</strong></span> 
     </span>
    </p>
   </div>
   <div class='ocr_carea' id='block_1_109' title="bbox 1959 4711 3530 4788">
    <p class='ocr_par' dir='ltr' id='par_1_109' title="bbox 1959 4711 3530 4788">
     <span class='ocr_line' id='line_1_109' title="bbox 1959 4711 3530 4788; baseline 0.003 -19"><span class='ocrx_word' id='word_1_642' title='bbox 1959 4713 2112 4769; x_wconf 91' lang='lat' dir='ltr'><strong>Dum</strong></span> <span class='ocrx_word' id='word_1_643' title='bbox 2143 4716 2408 4785; x_wconf 90' lang='lat' dir='ltr'><strong>pereunt,</strong></span> <span class='ocrx_word' id='word_1_644' title='bbox 2443 4712 2584 4768; x_wconf 90' lang='lat' dir='ltr'><strong>dum</strong></span> <span class='ocrx_word' id='word_1_645' title='bbox 2616 4711 2719 4784; x_wconf 89' lang='lat' dir='ltr'><strong>qui</strong></span> <span class='ocrx_word' id='word_1_646' title='bbox 2750 4716 2976 4785; x_wconf 87' lang='lat' dir='ltr'><strong>poterat</strong></span> <span class='ocrx_word' id='word_1_647' title='bbox 3002 4713 3314 4786; x_wconf 88' lang='lat' dir='ltr'><strong>persistere</strong></span> <span class='ocrx_word' id='word_1_648' title='bbox 3343 4715 3530 4788; x_wconf 82' lang='lat' dir='ltr'><strong>fortis,</strong></span> 
     </span>
    </p>
   </div>
   <div class='ocr_carea' id='block_1_110' title="bbox 1956 4799 3392 4874">
    <p class='ocr_par' dir='ltr' id='par_1_110' title="bbox 1956 4799 3392 4874">
     <span class='ocr_line' id='line_1_110' title="bbox 1956 4799 3392 4874; baseline 0.003 -18"><span class='ocrx_word' id='word_1_649' title='bbox 1956 4800 2129 4870; x_wconf 90' lang='lat' dir='ltr'><strong>Vivit,</strong></span> <span class='ocrx_word' id='word_1_650' title='bbox 2161 4801 2212 4858; x_wconf 92' lang='lat' dir='ltr'><strong>si</strong></span> <span class='ocrx_word' id='word_1_651' title='bbox 2241 4800 2383 4857; x_wconf 90' lang='lat' dir='ltr'><strong>vivit</strong></span> <span class='ocrx_word' id='word_1_652' title='bbox 2413 4799 2728 4874; x_wconf 89' lang='lat' dir='ltr'><strong>quisquam</strong></span> <span class='ocrx_word' id='word_1_653' title='bbox 2761 4801 2872 4857; x_wconf 91' lang='lat' dir='ltr'><strong>sub</strong></span> <span class='ocrx_word' id='word_1_654' title='bbox 2901 4799 3156 4874; x_wconf 87' lang='lat' dir='ltr'><strong>imagine</strong></span> <span class='ocrx_word' id='word_1_655' title='bbox 3187 4802 3392 4860; x_wconf 86' lang='lat' dir='ltr'><strong>mortis</strong></span> 
     </span>
    </p>
   </div>
   <div class='ocr_carea' id='block_1_111' title="bbox 1959 4888 3316 4962">
    <p class='ocr_par' dir='ltr' id='par_1_111' title="bbox 1959 4888 3316 4962">
     <span class='ocr_line' id='line_1_111' title="bbox 1959 4888 3316 4962; baseline 0.001 -16"><span class='ocrx_word' id='word_1_656' title='bbox 1959 4890 2064 4947; x_wconf 88' lang='lat' dir='ltr'><strong>Vir</strong></span> <span class='ocrx_word' id='word_1_657' title='bbox 2090 4890 2330 4962; x_wconf 88' lang='lat' dir='ltr'><strong>quidam</strong></span> <span class='ocrx_word' id='word_1_658' title='bbox 2365 4889 2502 4945; x_wconf 89' lang='lat' dir='ltr'><strong>data</strong></span> <span class='ocrx_word' id='word_1_659' title='bbox 2531 4893 2699 4946; x_wconf 90' lang='lat' dir='ltr'><strong>nocte</strong></span> <span class='ocrx_word' id='word_1_660' title='bbox 2727 4888 2841 4945; x_wconf 87' lang='lat' dir='ltr'><strong>sibi</strong></span> <span class='ocrx_word' id='word_1_661' title='bbox 2873 4888 3082 4946; x_wconf 88' lang='lat' dir='ltr'><strong>solatia</strong></span> <span class='ocrx_word' id='word_1_662' title='bbox 3111 4894 3316 4948; x_wconf 89' lang='lat' dir='ltr'><strong>sancta</strong></span> 
     </span>
    </p>
   </div>
   <div class='ocr_carea' id='block_1_112' title="bbox 1963 4976 3349 5048">
    <p class='ocr_par' dir='ltr' id='par_1_112' title="bbox 1963 4976 3349 5048">
     <span class='ocr_line' id='line_1_112' title="bbox 1963 4976 3349 5048; baseline 0.001 -13"><span class='ocrx_word' id='word_1_663' title='bbox 1963 4979 2026 5035; x_wconf 89' lang='lat' dir='ltr'><strong>In</strong></span> <span class='ocrx_word' id='word_1_664' title='bbox 2057 4976 2370 5035; x_wconf 87' lang='lat' dir='ltr'><strong>commune</strong></span> <span class='ocrx_word' id='word_1_665' title='bbox 2401 4978 2593 5034; x_wconf 87' lang='lat' dir='ltr'><strong>refert.</strong></span> <span class='ocrx_word' id='word_1_666' title='bbox 2628 4977 2786 5035; x_wconf 87' lang='lat' dir='ltr'><strong>Fidei</strong></span> <span class='ocrx_word' id='word_1_667' title='bbox 2809 4977 3025 5034; x_wconf 81' lang='lat' dir='ltr'><strong>ﬁducia</strong></span> <span class='ocrx_word' id='word_1_668' title='bbox 3046 4982 3212 5036; x_wconf 87' lang='lat' dir='ltr'><strong>tanta</strong></span> <span class='ocrx_word' id='word_1_669' title='bbox 3240 4983 3349 5048; x_wconf 87' lang='lat' dir='ltr'><strong>est,</strong></span> 
     </span>
    </p>
   </div>
   <div class='ocr_carea' id='block_1_113' title="bbox 1962 5066 3556 5142">
    <p class='ocr_par' dir='ltr' id='par_1_113' title="bbox 1962 5066 3556 5142">
     <span class='ocr_line' id='line_1_113' title="bbox 1962 5066 3556 5142; baseline 0.003 -18"><span class='ocrx_word' id='word_1_670' title='bbox 1962 5067 2064 5124; x_wconf 87' lang='lat' dir='ltr'><strong>Ille</strong></span> <span class='ocrx_word' id='word_1_671' title='bbox 2095 5068 2272 5126; x_wconf 88' lang='lat' dir='ltr'><strong>refert</strong></span> <span class='ocrx_word' id='word_1_672' title='bbox 2302 5066 2560 5141; x_wconf 90' lang='lat' dir='ltr'><strong>palmam</strong></span> <span class='ocrx_word' id='word_1_673' title='bbox 2594 5066 2812 5123; x_wconf 88' lang='lat' dir='ltr'><strong>nostris</strong></span> <span class='ocrx_word' id='word_1_674' title='bbox 2841 5070 2974 5139; x_wconf 94' lang='lat' dir='ltr'><strong>post</strong></span> <span class='ocrx_word' id='word_1_675' title='bbox 3001 5067 3263 5140; x_wconf 90' lang='lat' dir='ltr'><strong>quinque</strong></span> <span class='ocrx_word' id='word_1_676' title='bbox 3288 5074 3556 5142; x_wconf 88' lang='lat' dir='ltr'><strong>paratam</strong></span> 
     </span>
    </p>
   </div>
   <div class='ocr_carea' id='block_1_114' title="bbox 1963 5153 3494 5228">
    <p class='ocr_par' dir='ltr' id='par_1_114' title="bbox 1963 5153 3494 5228">
     <span class='ocr_line' id='line_1_114' title="bbox 1963 5153 3494 5228; baseline 0.003 -16"><span class='ocrx_word' id='word_1_677' title='bbox 1963 5156 2106 5213; x_wconf 91' lang='lat' dir='ltr'><strong>Esse</strong></span> <span class='ocrx_word' id='word_1_678' title='bbox 2136 5157 2282 5224; x_wconf 91' lang='lat' dir='ltr'><strong>dies,</strong></span> <span class='ocrx_word' id='word_1_679' title='bbox 2314 5155 2645 5228; x_wconf 88' lang='lat' dir='ltr'><strong>hilaratque</strong></span> <span class='ocrx_word' id='word_1_680' title='bbox 2673 5155 2827 5212; x_wconf 92' lang='lat' dir='ltr'><strong>viros</strong></span> <span class='ocrx_word' id='word_1_681' title='bbox 2854 5153 3203 5228; x_wconf 89' lang='lat' dir='ltr'><strong>plebemque</strong></span> <span class='ocrx_word' id='word_1_682' title='bbox 3231 5161 3494 5216; x_wconf 88' lang='lat' dir='ltr'><strong>vocatam</strong></span> 
     </span>
    </p>
   </div>
   <div class='ocr_carea' id='block_1_115' title="bbox 1967 5242 3217 5304">
    <p class='ocr_par' dir='ltr' id='par_1_115' title="bbox 1967 5242 3217 5304">
     <span class='ocr_line' id='line_1_115' title="bbox 1967 5242 3217 5304; baseline 0 -2"><span class='ocrx_word' id='word_1_683' title='bbox 1967 5247 2252 5303; x_wconf 63' lang='lat' dir='ltr'><strong>Praterea</strong></span> <span class='ocrx_word' id='word_1_684' title='bbox 2275 5249 2501 5303; x_wconf 89' lang='lat' dir='ltr'><strong>mentes</strong></span> <span class='ocrx_word' id='word_1_685' title='bbox 2529 5250 2869 5304; x_wconf 91' lang='lat' dir='ltr'><strong>nostrorum</strong></span> <span class='ocrx_word' id='word_1_686' title='bbox 2898 5242 3217 5303; x_wconf 73' lang='lat' dir='ltr'><strong>laetificavit</strong></span> 
     </span>
    </p>
   </div>
   <div class='ocr_carea' id='block_1_116' title="bbox 2039 5388 2545 5459">
    <p class='ocr_par' dir='ltr' id='par_1_116' title="bbox 2039 5388 2545 5459">
     <span class='ocr_line' id='line_1_116' title="bbox 2039 5388 2545 5459; baseline -0.004 -13"><span class='ocrx_word' id='word_1_687' title='bbox 2039 5389 2088 5459; x_wconf 72' lang='grc'><strong>(4</strong></span> <span class='ocrx_word' id='word_1_688' title='bbox 2099 5390 2188 5459; x_wconf 82' lang='lat' dir='ltr'><strong>Ol)</strong></span> <span class='ocrx_word' id='word_1_689' title='bbox 2220 5389 2399 5456; x_wconf 87' lang='lat' dir='ltr'><strong>Edit.,</strong></span> <span class='ocrx_word' id='word_1_690' title='bbox 2431 5388 2545 5444; x_wconf 80' lang='lat' dir='ltr'><strong>hos.</strong></span> 
     </span>
    </p>
   </div>
   <div class='ocr_carea' id='block_1_117' title="bbox 2072 5457 3070 5526">
    <p class='ocr_par' dir='ltr' id='par_1_117' title="bbox 2072 5457 3070 5526">
     <span class='ocr_line' id='line_1_117' title="bbox 2072 5457 3070 5526; baseline 0 -7"><span class='ocrx_word' id='word_1_691' title='bbox 2072 5457 2194 5526; x_wconf 77' lang='lat'><strong>102)</strong></span> <span class='ocrx_word' id='word_1_692' title='bbox 2230 5459 2337 5517; x_wconf 87' lang='lat' dir='ltr'><strong>Hic</strong></span> <span class='ocrx_word' id='word_1_693' title='bbox 2364 5475 2568 5517; x_wconf 88' lang='lat' dir='ltr'><strong>versus</strong></span> <span class='ocrx_word' id='word_1_694' title='bbox 2596 5460 2761 5519; x_wconf 89' lang='lat' dir='ltr'><strong>deest</strong></span> <span class='ocrx_word' id='word_1_695' title='bbox 2789 5458 2852 5515; x_wconf 89' lang='lat' dir='ltr'><strong>in</strong></span> <span class='ocrx_word' id='word_1_696' title='bbox 2885 5457 3070 5526; x_wconf 82' lang='lat' dir='ltr'><strong>editis</strong></span> 
     </span>
    </p>
   </div>
   <div class='ocr_carea' id='block_1_118' title="bbox 2049 5391 2698 5617">
    <p class='ocr_par' dir='ltr' id='par_1_118' title="bbox 2049 5391 2698 5617">
     <span class='ocr_line' id='line_1_118' title="bbox 2049 5391 2545 5459; baseline -0.004 -13"><span class='ocrx_word' id='word_1_697' title='bbox 2049 5391 2161 5459; x_wconf 74' lang='grc'><strong>[401</strong></span> <span class='ocrx_word' id='word_1_698' title='bbox 2220 5391 2399 5456; x_wconf 88' lang='lat' dir='ltr'><strong>Edit.,</strong></span> <span class='ocrx_word' id='word_1_699' title='bbox 2431 5391 2545 5444; x_wconf 80' lang='lat' dir='ltr'><strong>hos.</strong></span> 
     </span>
     <span class='ocr_line' id='line_1_119' title="bbox 2072 5459 2698 5519; baseline -0.002 0"><span class='ocrx_word' id='word_1_700' title='bbox 2072 5463 2177 5519; x_wconf 87' lang='grc'><strong>102</strong></span> <span class='ocrx_word' id='word_1_701' title='bbox 2230 5459 2337 5517; x_wconf 87' lang='lat' dir='ltr'><strong>Hic</strong></span> <span class='ocrx_word' id='word_1_702' title='bbox 2364 5475 2568 5517; x_wconf 88' lang='lat' dir='ltr'><strong>versus</strong></span> <span class='ocrx_word' id='word_1_703' title='bbox 2596 5460 2698 5518; x_wconf 89' lang='lat' dir='ltr'><strong>dee</strong></span> 
     </span>
     <span class='ocr_line' id='line_1_120' title="bbox 2049 5391 2698 5617; baseline -0.005 -23"><span class='ocrx_word' id='word_1_704' title='bbox 2049 5391 2198 5617; x_wconf 45' lang='grc' dir='ltr'><strong>ξ103ξ</strong></span> <span class='ocrx_word' id='word_1_705' title='bbox 2229 5531 2410 5592; x_wconf 87' lang='lat' dir='ltr'><strong>Edit..</strong></span> <span class='ocrx_word' id='word_1_706' title='bbox 2441 5538 2698 5610; x_wconf 76' lang='lat' dir='ltr'><strong>tenentes,</strong></span> 
     </span>
    </p>
   </div>
  </div>
