3998 6088
395 326 513 386 975

398 458 629 514 Lancea
660 472 789 530 qua
826 456 1051 513 Domini
1080 456 1236 514 latus
1268 458 1588 516 innocuum
1621 456 1961 532 penetravit.

574 551 772 603 Petrus
790 548 1031 603 Eremita
1048 547 1357 605 Gorbanam
1376 549 1564 605 dacem
1591 548 1860 604 convenit.

466 637 605 693 Post
633 635 756 692 haec
786 652 1167 710 congressum
1199 637 1531 694 castellanis
1563 642 1794 694 vetuere
1827 653 1840 691 :

394 726 468 781 At
496 741 735 782 murum
766 725 949 781 nostri
980 724 1300 799 gentilibus
1331 744 1673 800 opposuere.

397 813 674 872 Pluribus
703 812 1008 887 exemplis,
1039 815 1141 872 ubi
1167 832 1301 888 spes
1333 820 1422 872 est
1459 815 1687 872 reddita
1715 815 1840 884 viae,

396 903 592 961 Tertio
614 903 891 977 jejunant
919 919 1127 960 omnes
1159 905 1313 961 sicut
1343 905 1628 961 Ninivitae.

396 994 561 1051 Tune
586 988 844 1051 Eremita
871 993 1079 1050 ducem
1110 994 1435 1051 Turcorum
1468 995 1671 1051 Petrus
1699 993 1899 1050 adivit.

398 1082 665 1139 Corbana
693 1081 813 1137 dux
841 1080 1116 1139 sublimis
1146 1100 1296 1156 equo
1328 1101 1389 1140 se
1421 1083 1567 1139 forte
1596 1083 1817 1140 ferebat

396 1172 483 1229 Ad
512 1175 774 1244 portum,
804 1169 1029 1228 lusciva
1058 1171 1266 1229 cohors
1297 1171 1571 1245 utrinque
1602 1171 1900 1239 fremebat,

399 1260 547 1318 Cum
571 1258 767 1317 subito
798 1259 1004 1317 Petrus
1034 1261 1273 1317 turbam
1305 1262 1463 1318 subit
1491 1260 1927 1334 impedientem.

398 1350 516 1407 Nec
546 1348 746 1405 timuit
776 1350 1091 1422 quemdam
1120 1351 1375 1407 Turcum
1407 1350 1518 1408 sibi
1557 1349 2009 1424 praecipientem,

397 1440 470 1496 Et
497 1443 674 1512 caput
700 1439 978 1507 inﬂectat,
1010 1438 1357 1513 vultumque
1374 1440 1629 1514 potentis
1655 1439 1798 1513 (104)
1824 1439 2044 1507 adoret,

398 1530 635 1586 Pectore
665 1528 750 1586 sic
780 1527 1011 1601 placido
1042 1529 1300 1586 demissa
1326 1546 1462 1587 voce
1494 1534 1740 1605 peroret,

400 1619 553 1676 Dum
583 1622 759 1692 negat
787 1617 881 1673 hic
909 1617 1133 1673 homini
1164 1618 1398 1675 deitatis
1430 1619 1667 1676 riddere
1698 1617 1946 1686 cultum,

399 1706 566 1764 Illius
594 1706 861 1764 incurvat
888 1707 1121 1781 gentilis
1150 1708 1386 1765 dextera
1412 1708 1663 1777 vultum,

400 1797 567 1854 Illius
596 1814 631 1854 a
659 1795 888 1854 stolidis
917 1797 1071 1853 bona
1113 1797 1413 1854 deridetur
1438 1798 1736 1866 honestas,

402 1886 515 1943 Sed
547 1889 742 1943 tamen
775 1888 865 1942 est
896 1883 980 1941 illi
1014 1884 1175 1942 fandi
1206 1902 1485 1943 concessa
1513 1886 1783 1943 facultas.

816 1976 971 2031 Petri
998 1977 1173 2032 oratio
1204 1976 1274 2032 ad
1304 1976 1627 2034 Corbanam.

479 2088 508 2116 ‹‹
541 2063 791 2122 Maxime
809 2064 950 2134 dux,
968 2064 1281 2138 virparvus
1303 2065 1348 2138 (4
1358 2065 1448 2138 02)
1473 2064 1573 2134 ait,
1588 2082 1698 2122 nos
1723 2082 1838 2121 non
1863 2063 2053 2121 aliena

402 2154 730 2223 Qumrimus
755 2171 771 2222 ;
802 2153 874 2209 ad
904 2157 1138 2210 nostros
1168 2154 1312 2211 urbs
1337 2154 1587 2226 pertinet
1615 2153 1993 2211 Antiochena.

402 2244 519 2301 Cur
546 2243 726 2318 igitur
754 2259 862 2299 nos
893 2259 927 2298 a
954 2243 1191 2316 propria
1217 2243 1304 2300 vis
1334 2243 1546 2317 pellere
1576 2244 1712 2300 sede
1730 2243 1759 2298 ?

402 2332 463 2391 Si
493 2349 742 2390 censura
772 2336 962 2389 movet
988 2336 1045 2389 te
1065 2332 1242 2405 juris,
1275 2334 1346 2389 ab
1378 2334 1520 2390 urbe
1551 2333 1751 2391 recede
1775 2351 1788 2402 ;

400 2425 516 2480 Aut
544 2421 597 2479 si
621 2422 857 2479 credere
885 2421 994 2490 vis,
1027 2421 1241 2478 erroris
1271 2421 1397 2496 lege
1426 2428 1671 2492 remota,

402 2511 492 2569 Sit
520 2527 697 2586 regno
726 2509 1080 2583 transcripta
1105 2515 1207 2568 tuo
1239 2511 1522 2569 Romania
1550 2516 1693 2585 tota,

404 2600 533 2658 Fies
566 2618 665 2657 rex
691 2599 890 2673 Syriae,
925 2617 1023 2656 rex
1051 2599 1222 2658 istius
1250 2601 1528 2675 regionis,

401 2690 605 2763 Tuque
634 2693 842 2763 potens
873 2689 1127 2745 multum
1156 2689 1361 2747 multis
1390 2692 1704 2748 onerabere
1734 2690 1924 2747 donis.

401 2780 475 2835 At
504 2779 553 2835 si
592 2781 786 2835 mente
813 2779 977 2835 sedet
1005 2780 1305 2853 pugnandi
1338 2784 1502 2838 tanta
1526 2781 1817 2847 voluntas,

403 2867 463 2925 Si
496 2867 680 2924 mavis
710 2871 973 2941 spectare
1001 2885 1216 2925 manus
1248 2869 1321 2925 ad
1353 2869 1551 2943 praelia
1572 2870 1833 2941 junctae,

404 2957 468 3014 In
499 2957 741 3031 paribus
770 2960 983 3014 sortem
1016 2957 1375 3031 reliquorum
1408 2959 1654 3033 praecipe
1686 2960 1841 3033 poni.

403 3046 628 3120 Quique
659 3045 785 3120 pari
816 3045 967 3103 bello
996 3047 1221 3117 cedent,
1253 3048 1462 3105 cedant
1484 3048 1726 3123 regioni,

402 3136 672 3210 Pugnent
697 3152 833 3192 cum
864 3136 1107 3192 totidem
1134 3137 1377 3211 triginta
1405 3138 1523 3195 sive
1551 3138 1778 3212 viginti,

294 3252 313 3269 ι
401 3225 736 3294 Discedant,
768 3224 818 3281 si
850 3229 1003 3282 sorte
1030 3224 1223 3282 valent
1251 3227 1548 3285 discedere
1577 3228 1733 3284 victi.
1768 3251 1797 3279 ››

399 3313 572 3372 Dixit.
604 3315 692 3370 Ad
715 3314 836 3370 haec
852 3331 1054 3372 ensem
1077 3315 1347 3388 quatiens
1368 3317 1485 3373 dux
1501 3317 1766 3374 Corhana
1784 3319 2009 3375 nudum
2030 3336 2043 3375 :

403 3426 433 3456 «ι
460 3403 624 3460 Tune
655 3403 986 3477 putas(106)
1011 3404 1253 3477 impune
1270 3405 1416 3461 mihi
1439 3406 1611 3462 talem
1634 3407 1772 3464 dare
1792 3406 2000 3465 ludum
2021 3409 2050 3465 ?

399 3492 518 3549 Hoc
547 3491 743 3566 gladio
775 3496 952 3565 caput
981 3493 1235 3562 amittes,
1269 3493 1642 3551 truncabitnr
1670 3495 1802 3552 isto.

397 3584 553 3637 Gens
569 3597 697 3654 qua
714 3580 914 3637 nescio
927 3581 1020 3637 cui
1035 3582 1233 3638 studet
1243 3583 1593 3655 obsequium
1610 3585 1749 3641 dare
1760 3585 2043 3643 Christo.»

400 3669 660 3727 Discedit
688 3672 896 3726 Petrus
922 3668 1094 3727 dictis
1117 3676 1448 3728 commotus
1479 3673 1722 3731 acerbis.

399 3760 577 3815 Arma
605 3761 817 3831 parant
846 3775 1113 3830 proceres
1141 3759 1359 3816 auditis
1388 3761 1591 3819 ordine
1619 3764 1829 3822 verbis.

400 3846 510 3904 llla
535 3851 705 3904 nocte
733 3851 930 3921 patres
959 3846 1221 3921 vigilant,
1254 3854 1446 3907 errata
1476 3851 1750 3923 fatentur,

398 3937 595 3994 Turba
621 3953 862 4010 gemens
891 3954 1024 3994 aras
1054 3940 1230 4006 tenet,
1263 3938 1634 4014 ecclesizeque
1654 3943 1970 4015 replentur.

397 4025 558 4083 Duce
586 4025 724 4082 data
751 4029 842 4082 ter
862 4030 980 4084 tres
1011 4027 1084 4083 de
1110 4031 1232 4084 tota
1261 4044 1407 4102 gens
1437 4035 1668 4088 statutae

398 4116 549 4173 Sunt
577 4114 754 4182 acies,
786 4115 1206 4189 propriumque
1235 4118 1445 4175 ducem
1476 4126 1617 4177 sunt
1654 4138 1899 4196 quisque
1949 4141 2042 4182 se-

1773 4215 1964 4284 [cutem

394 4294 552 4360 Quas
576 4293 833 4352 habeant
862 4294 922 4352 in
954 4296 1143 4352 fronte
1174 4313 1409 4367 manus,
1445 4299 1524 4356 ibi
1557 4301 1921 4375 disposuere,

392 4384 546 4449 Quos
575 4383 790 4457 medio,
813 4383 899 4440 vel
934 4402 1082 4458 quos
1112 4386 1351 4460 cupiant
1378 4394 1633 4447 extrema
1665 4395 1879 4449 tenere.

535 4473 836 4552 Qhristt'ani
862 4491 988 4552 cum
1019 4477 1209 4552 Turcis
1228 4493 1476 4549 pugnare
1502 4495 1560 4552 se
1578 4479 1890 4552 disponunt.

548 4544 833 4603 Podiensis
854 4548 1092 4620 episcopi
1117 4544 1424 4605 exhortatio
1454 4549 1527 4605 ad
1554 4544 1873 4608 exercitum.

464 4631 708 4690 Sistitur
738 4634 903 4708 Hugo
935 4634 1113 4708 prior,
1147 4636 1406 4692 medium
1441 4639 1619 4694 robur
1647 4644 1904 4698 tenuere.

390 4722 750 4797 Magnanimi
782 4725 1030 4796 septem,
1064 4724 1386 4783 Boimundo
1417 4726 1726 4785 deseruere

389 4810 626 4881 Ultima,
658 4812 931 4868 custodes
960 4829 1065 4886 per
1093 4831 1295 4870 muros
1325 4815 1630 4873 instituere
1652 4820 1820 4887 (107).

387 4899 492 4956 Hic
519 4899 686 4956 ducis
717 4900 978 4957 ofﬁcium
1009 4902 1221 4975 praesul
1253 4904 1555 4960 Podiensis
1586 4906 1858 4977 habebat,

386 4988 457 5044 Et
486 4987 734 5061 populos
764 4991 914 5058 (108)
935 4990 1071 5063 aegri
1105 4992 1435 5065 Raymundi
1463 4993 1569 5050 rite
1602 4996 1855 5069 regebat.

387 5076 618 5132 Lancea
646 5081 850 5132 sancta
878 5077 981 5133 Dei
1010 5085 1287 5151 praevorto
1322 5083 1475 5138 viros
1503 5083 1821 5158 animabat,

384 5163 767 5236 Membraque
796 5167 1089 5238 pontiﬁcis
1118 5168 1319 5226 lucens
1350 5170 1528 5228 lorica
1553 5175 1853 5247 gravabat.

379 5251 486 5312 Hie
516 5251 721 5327 populi
752 5269 940 5325 voces,
975 5256 1074 5312 ubi
1105 5274 1242 5315 voce
1269 5276 1566 5335 manuque
1598 5265 1893 5338 repressit.

472 5396 605 5465 404)
632 5395 724 5468 Al,
750 5400 1010 5469 patentis.

441 5402 596 5547 €1.95?)
627 5467 803 5547 Edita
833 5486 920 5528 me
941 5488 1010 5545 ra

445 5467 575 5547 (105
627 5467 803 5536 Edit.,
833 5486 920 5528 me
941 5488 1169 5545 parvus.

445 5467 601 5691 (406}
630 5539 820 5624 Edit.,
850 5549 982 5601 tunc
1000 5552 1182 5628 putas.

445 5613 580 5691 (407
631 5610 808 5686 Edit.,
834 5623 1182 5676 constuuere.

444 5610 601 5694 (407)
631 5610 808 5686 Edit.,
834 5610 1182 5676 constituere.

899 327 1001 387 AD
1047 286 1557 392 GDDEFRIDUM
1601 324 1934 388 APPEND.
1979 322 2058 385 II.
2091 356 2169 367 —-
2199 323 2510 387 MONUM.
2557 324 2660 386 DE
2702 324 2953 386 BELLO
2999 321 3273 385 SACRO.

2072 456 2129 523 Α
2157 454 2332 525 Dixit,
2365 473 2431 511 eo
2461 454 2693 528 silente,
2725 454 2848 512 solo
2863 471 3008 529 gens
3029 471 3215 528 prona
3243 453 3464 511 silescit
3484 454 3656 526 (109),

3680 323 3798 385 976

2155 568 2183 594 ‹‹
2218 545 2413 602 Rebus
2442 545 2501 600 in
2534 544 2808 601 extremis
2835 544 2988 601 vires
3018 543 3300 601 etfundite
3330 547 3502 600 totas.

2153 633 2197 689 Ο
2228 651 2545 707 procerees,
2580 638 2847 691 renovate
2876 651 3088 690 manus
3108 634 3317 689 Turcis
3348 633 3495 692 bene
3525 638 3715 691 notas.

2154 720 2235 779 Ite
2264 740 2368 797 per
2396 723 2657 797 ignavos,
2691 723 2906 797 gladiis
2934 722 3284 795 disrumpite
3313 727 3542 796 gentes,

2155 815 2313 879 Quas
2342 812 2516 886 primi
2540 814 2740 886 jactus
2772 816 3077 869 exarmant
3106 812 3464 868 deficientes.

2156 901 2345 958 Mittet
2376 902 2433 958 in
2463 901 2748 959 auxilium
2779 902 2934 960 Deus
2965 900 3288 974 angelicam
3318 900 3605 975 legionem
3631 921 3646 971 ;

2154 991 2456 1065 Opprimat
2478 992 2625 1066 (110)
2653 991 2810 1047 hunc
2837 991 3122 1065 populum
3148 989 3308 1046 velut
3336 991 3625 1064 oppressit
3652 991 3795 1049 Pha-

3445 1079 3724 1155 [raonem.

2155 1168 2199 1225 Ο
2220 1174 2437 1242 quanto
2465 1170 2692 1242 rapitur
2721 1188 2864 1244 gens
2892 1170 3193 1227 insensata
3219 1170 3412 1227 furore
3437 1170 3450 1224 l

2154 1258 2285 1315 Haec
2315 1259 2459 1316 emit
2487 1260 2784 1315 infernum
2814 1260 3048 1333 proprio
3077 1258 3378 1316 malesana
3405 1276 3631 1317 cruore.

2155 1347 2416 1422 Denique
2447 1347 2708 1405 lucratur
2734 1366 2989 1423 poenam,
3022 1366 3155 1406 caro
3186 1349 3277 1405 bis
3306 1349 3619 1417 cruciatur,

2154 1439 2341 1510 Atque
2370 1455 2472 1511 per
2499 1438 2651 1494 hanc
2681 1442 2931 1495 mortem
2961 1439 3088 1496 sine
3120 1440 3235 1495 ﬁne
3264 1444 3543 1496 meretur.

2155 1529 2227 1583 At
2257 1527 2424 1585 nobis
2455 1527 2532 1585 sit
2570 1527 2689 1585 sive
2721 1529 2841 1601 pati
2872 1531 3172 1602 postrema
3200 1545 3458 1598 necesse,

2162 1616 2290 1673 Sive
2319 1617 2474 1674 Deus
2500 1622 2735 1690 superet
2759 1617 3024 1691 gentiles,
3058 1619 3213 1691 quod
3242 1635 3447 1690 precor
3474 1636 3623 1687 esse,

2163 1706 2366 1763 Exitus
2397 1711 2486 1762 est
2516 1706 2670 1774 felix,
2703 1706 2922 1764 orietur
2950 1711 3135 1765 morte
3164 1724 3398 1776 corona,

2161 1794 2445 1852 Militibus
2472 1796 2701 1853 diversa
2731 1796 2896 1852 dabit
2924 1795 3170 1853 victoria
3199 1798 3375 1854 dona.

2158 1884 2418 1941 Vincetis
2452 1902 2465 1940 :
2497 1886 2734 1941 virtutis
2764 1886 2876 1942 erit
2902 1890 3104 1942 vestras
3137 1891 3606 1945 monumentum.

2162 1973 2509 2030 Parthorum
2543 1975 2729 2032 caedes
2747 1976 2875 2047 jam
2906 1975 3202 2048 conspicio
3234 1977 3633 2035 morientium.

2159 2063 2241 2119 Ne
2269 2063 2553 2131 dubitate,
2587 2081 2724 2121 suos
2752 2063 2981 2139 pugiles
3010 2065 3163 2122 Deus
3194 2064 3349 2122 haud
3384 2066 3639 2140 patietur

2162 2151 2337 2209 Plura
2366 2153 2487 2226 pati
2519 2170 2699 2228 quam
2724 2155 2871 2210 ferre
2900 2158 3138 2228 queant,
3166 2158 3232 2210 ut
3259 2154 3619 2228 gloriﬁcatur

2160 2241 2396 2297 Laetitiae
2436 2242 2696 2300 stimulis
2720 2242 2926 2318 agitari
2958 2243 3145 2300 sentio
3167 2248 3422 2318 gentem.

2162 2331 2533 2405 Supportate,
2566 2332 2695 2402 viri,
2728 2349 2824 2390 me
2852 2332 3067 2407 gaudia
3095 2337 3289 2390 vestra
3306 2334 3654 2393 trahentem.

2161 2420 2290 2478 Sint
2320 2426 2467 2493 rata,
2501 2421 2748 2489 Christe,
2778 2439 3000 2495 precor,
3032 2423 3250 2479 nostris
3280 2424 3620 2497 gratissima
3655 2431 3810 2495 vota,

2162 2510 2233 2566 Ut
2286 2510 2614 2568 vincamus.
2647 2544 2716 2553 ——
2771 2514 2976 2581 Amen,
3008 2532 3036 2566 ιι
3085 2513 3388 2586 respondit
3442 2531 3585 2586 gens
3641 2533 3813 2590 prece

3533 2606 3737 2677 [mota.

2232 2690 2458 2745 Interea
2490 2691 2731 2746 mandat
2762 2691 2880 2746 dux
2910 2695 3219 2747 Persarum
3252 2692 3579 2749 Boimundo

2160 2777 2352 2834 Primo
2383 2796 2523 2835 suos
2553 2779 2779 2852 equites
2809 2780 2943 2850 dici,
2980 2785 3327 2855 nostrosque
3355 2783 3632 2840 secundo.

2158 2868 2380 2923 Nomen
2412 2872 2471 2925 et
2498 2886 2532 2924 a
2561 2868 2789 2942 reliqua
2809 2870 3003 2940 jubet,
3033 2869 3143 2926 hoc
3171 2871 3452 2928 abradere
3478 2877 3650 2946 gente

2158 2957 2310 3013 Neve
2340 2957 2518 3014 decus
2549 2957 2757 3014 mundi
2788 2958 3057 3015 mittatur
3086 2959 3146 3015 in
3172 2977 3337 3016 arma
3368 2966 3619 3035 repente,

2158 3050 2541 3117 Prazcaveant,
2576 3065 2937 3121 numeroque
2964 3048 3091 3122 pari
3113 3054 3408 3123 pugnetur
3434 3050 3733 3125 utrinque.

2157 3137 2323 3192 Tunc
2352 3136 2434 3193 ita
2461 3135 2719 3211 legatum
2748 3138 2867 3194 dux
2896 3138 3179 3215 increpat,
3211 3139 3325 3195 ista
3355 3138 3638 3214 relinque.

2081 3205 2125 3274 (ἶ
2158 3225 2368 3282 Desine
2393 3243 2544 3283 vana
2571 3225 2758 3300 loqui,
2786 3244 2893 3284 nos
2924 3227 2998 3284 ad
3029 3228 3254 3300 majora
3282 3245 3577 3286 vocamur.

2154 3314 2476 3373 Vincamus
2504 3315 2704 3385 simul,
2737 3334 2771 3373 o
2801 3316 3066 3386 comites,
3099 3316 3278 3373 simul
3307 3323 3412 3375 aut
3453 3319 3805 3378 moriamur.

2157 3404 2547 3478 Respexitque
2576 3423 2717 3463 suos
2742 3406 3007 3475 comites,
3032 3406 3121 3463 vel
3152 3406 3309 3464 mala
3336 3425 3487 3465 vere.

2156 3494 2512 3552 Proveniunt
2540 3494 2781 3564 sanctis,
2810 3496 2959 3552 nihil
2989 3495 3212 3553 interea
3241 3497 3491 3555 timuere

2153 3582 2367 3653 Nostri,
2401 3584 2502 3641 sed
2533 3589 2729 3657 portas
2766 3584 3019 3659 ingressi
3051 3585 3405 3644 distribuere

2156 3671 2262 3728 Per
2288 3669 2414 3729 loca
2440 3672 2617 3740 viros,
2649 3674 2792 3730 dum
2822 3678 2986 3732 tutus
3016 3675 3088 3731 ab
3120 3676 3266 3732 urbe
3297 3677 3540 3733 recessit

2154 3761 2428 3832 Nuntius,
2479 3764 2560 3819 ita
2587 3763 2741 3820 Deus
2773 3767 2875 3820 tua
2904 3764 3268 3837 dispensatio
3297 3767 3482 3839 gessit

2154 3849 2477 3924 Presbyteri
2512 3855 2701 3908 turres
2732 3869 2866 3908 rara
2891 3852 3038 3925 (lit)
3070 3852 3297 3911 cinxere
3326 3871 3561 3928 corona,

2154 3935 2393 3994 Illorum
2418 3938 2577 4010 jacet
2606 3939 2664 3994 in
2700 3941 2887 3997 muris
2918 3958 3054 4013 pars
3085 3942 3338 3998 maxima
3370 3960 3570 4016 prona,

2151 4024 2469 4100 Ornatique
2497 4027 2663 4086 stolis
2694 4046 2842 4102 quas
2873 4034 3119 4087 sumunt
3148 4034 3410 4105 tempore
3439 4032 3654 4101 missae,

2147 4113 2339 4173 Altius
2364 4115 2423 4172 hi
2456 4115 2736 4188 psallunt,
2769 4117 2830 4174 hi
2862 4119 3022 4186 flent,
3054 4124 3342 4192 orantque
3372 4121 3635 4178 remisse.

2738 4262 2901 4318 Turci
2926 4265 3218 4335 fugantur.

2147 4383 2221 4439 Ut
2251 4401 2497 4441 sonuere
2526 4386 2702 4454 tubae,
2734 4385 2982 4459 populos
3013 4387 3174 4460 prior
3199 4388 3366 4463 Hugo
3398 4391 3635 4448 feroces.

2147 4472 2392 4540 Invadit,
2426 4472 2630 4530 solitas
2658 4474 2937 4532 emittunt
2966 4476 3228 4550 undique
3257 4494 3445 4535 voces.

2070 4583 2117 4648 Β
2150 4562 2622 4635 Francorumque
2651 4563 2860 4622 cohors
2888 4565 3061 4639 longo
3100 4566 3355 4624 distenta
3384 4585 3638 4639 recessu,

2152 4651 2214 4706 In
2247 4650 2456 4708 seriem
2486 4652 2802 4724 conjuncta
2830 4654 2955 4726 pari
2988 4655 3137 4728 petit
3163 4657 3402 4730 agmina
3431 4673 3657 4731 gressu.

2149 4740 2318 4795 Stant
2348 4740 2498 4797 infra
2519 4742 2748 4814 jactum
2782 4741 2905 4809 teli,
2932 4746 3169 4817 totoque
3197 4745 3393 4820 vigore

2149 4828 2453 4885 Inﬂectant
2483 4848 2653 4887 arcus
2682 4831 2855 4887 Turci
2888 4849 3062 4890 nervo
3094 4834 3334 4892 meliore

2149 4918 2432 4987 Intensos,
2462 4918 2760 4975 stridendo
2787 4920 2984 4977 volant
3012 4939 3117 4994 per
3146 4923 3321 4981 inane
3349 4925 3594 4999 sagittae.

2147 5007 2331 5064 Instat
2360 5006 2445 5063 eis
2469 5007 2648 5063 oblita
2677 5009 2869 5066 brevis
2898 5028 3044 5085 gens
3073 5012 3292 5070 Gallica
3320 5014 3469 5070 vitae.

2148 5095 2437 5153 Paulatim
2471 5097 2612 5152 dant
2642 5115 2845 5170 pressa
2875 5105 3026 5157 retro
3054 5101 3298 5176 vestigia
3325 5103 3542 5172 Parthi,

2143 5185 2465 5259 Vicinoque
2494 5186 2705 5242 timent
2733 5188 2968 5246 dextras
2998 5190 3363 5250 committere
3394 5193 3562 5249 Mart.

2143 5274 2382 5348 Spicula
2412 5276 2736 5332 Turcorum
2767 5277 3002 5336 divertit
3030 5280 3105 5336 ab
3132 5282 3369 5356 agmine
3395 5286 3628 5340 ventus.

2207 5418 2357 5501 €49?)
2387 5417 2666 5501 Barsines.

2209 5489 2357 5561 (l09)
2388 5489 2565 5560 Edit.,
2596 5492 2814 5549 silebat.

2205 5560 2252 5636 (t
2268 5561 2356 5636 10)
2386 5561 2566 5636 Edit.,
2598 5565 2894 5636 opprimat.

2211 5632 2357 5709 (111)
2384 5634 2558 5706 Edit.,
2590 5632 2775 5695 niam:
2796 5651 2977 5713 parva
