3994 6066
228 273 349 338 977

1074 278 1381 345 GILONIS
1425 268 1681 344 PARIS.
1728 278 1932 346 HIST.
1980 279 2394 345 HIEROSOL.
2430 312 2508 327 --
2536 279 2686 343 LIB.
2730 278 2805 343 V.

3524 282 3648 348 978

227 392 613 467 Boainundum
641 411 1016 491 circumdant.
1036 416 1189 491 Acris
1226 433 1434 489 pugna.
1473 418 1710 473 Victoria
1744 417 1884 473 cedit
1911 418 1967 486 Î‘
1995 416 2256 489 Cumque
2287 415 2551 490 Drogone
2583 415 2860 487 Thomas,
2894 419 2951 474 et
2979 415 3324 491 bellipotens
3355 400 3645 477 Clarebal-

875 486 1235 543 Christianis.

302 590 592 646 Evrardus
622 592 693 647 de
724 592 964 650 Pusiaco
996 595 1340 668 fervensque
1362 597 1666 668 juventus,

229 680 294 735 In
326 679 476 735 bello
508 687 777 752 quaerunt
803 682 1042 752 bellum,
1062 684 1403 758 giadiosque
1433 685 1703 742 levabant

229 769 519 837 Percussi,
556 787 703 843 quos
735 777 1105 844 percuterent
1134 791 1250 830 non
1280 774 1670 832 inveniebant.

228 857 487 914 Nuntius
510 876 639 915 ecce
670 860 821 917 celer
847 863 1005 919 venit
1036 881 1068 918 a
1099 864 1448 931 Boimundo,

227 947 337 1012 Qui
369 948 510 1004 dum
542 966 729 1021 pauca
758 950 952 1019 refert,
977 970 1085 1008 sua
1113 958 1319 1026 praeter
1348 954 1500 1009 radit
1528 954 1753 1010 arundo

227 1038 522 1110 Tempora
551 1040 652 1095 sed
674 1044 905 1096 tantum
931 1041 1072 1111 haec,
1090 1042 1880 1115 inquit,Boimundusutrin-

1657 1135 1793 1207 [que

225 1216 509 1273 Hostibus
541 1222 800 1291 urgetur,
831 1219 1126 1292 fugitivos,
1156 1222 1344 1295 Hugo,
1378 1222 1659 1296 relinque.

301 1305 603 1363 Conversis
634 1324 767 1363 mox
796 1309 960 1382 Hugo
990 1310 1136 1378 suis,
1167 1312 1386 1368 Arabes
1416 1312 1755 1386 speculatur

225 1396 497 1451 Hastatos
527 1397 681 1452 circa
710 1397 1124 1457 Boimundum.
1160 1402 1324 1457 Tunc
1356 1401 1436 1457 ita
1467 1403 1643 1457 fatur.

221 1485 388 1552 Quod
412 1486 658 1558 juvenes
687 1488 935 1559 optastis
966 1490 1150 1560 adest,
1184 1490 1297 1545 huc
1333 1492 1552 1546 ferreus
1583 1489 1768 1546 hastis

224 1574 433 1630 Horret
462 1591 620 1647 ager,
649 1578 948 1631 vertemur
976 1577 1046 1632 ad
1079 1577 1187 1634 hos
1219 1578 1558 1634 incumbere
1586 1578 1765 1633 vastis

221 1663 647 1737 Viribus.Ergo
679 1666 1167 1739 manusjungunt
1196 1684 1390 1723 comes
1413 1671 1469 1722 et
1486 1666 1868 1723 Boimundus.

222 1752 330 1809 Hic
360 1752 534 1809 etiam
570 1754 686 1809 dux
715 1752 811 1809 ille
842 1754 1059 1811 ducum
1092 1756 1283 1812 stabat
1312 1756 1680 1813 Godefridus.

219 1845 299 1900 At
320 1847 522 1898 contra
552 1844 802 1899 tendunt
829 1844 1066 1912 Arabes,
1103 1862 1383 1919 regesque
1414 1849 1704 1919 potentes,

220 1932 297 1987 Et
328 1950 425 1988 rex
454 1933 725 1988 Damasci
759 1933 966 2001 Lucas,
992 1934 1226 2007 illicque
1258 1936 1518 1992 furentes

222 2023 511 2093 Stantpro
534 2021 708 2076 amici
730 2021 876 2091 duo;
901 2041 1157 2097 namque
1179 2025 1293 2080 duo
1318 2025 1400 2079 sic
1422 2025 1870 2080 turbavocabat.

221 2111 353 2167 Dux
382 2111 748 2167 Boimundus
781 2112 992 2182 adhuc,
1026 2113 1396 2183 Godelridus,
1430 2118 1487 2169 et
1530 2114 1656 2187 ipse
1699 2130 1875 2169 voca-

1501 2203 1625 2278 [bat
1651 2204 1699 2274 (1
1714 2203 1798 2276 12)

221 2289 451 2347 Bellum
484 2290 710 2364 primus
742 2291 851 2345 init
882 2308 1133 2365 magnus
1156 2293 1502 2366 frenumque
1518 2292 1729 2349 furenti

226 2380 410 2436 Laxat
438 2397 608 2452 equo,
639 2380 990 2455 cuidamque
1018 2383 1173 2439 viros
1204 2383 1261 2437 in
1296 2387 1479 2439 marte
1504 2381 1757 2439 moventi

220 2470 401 2526 Hasta
423 2469 675 2542 disrupit
698 2475 922 2543 guttur,
946 2471 1243 2544 vitamque
1272 2471 1534 2544 loquenti

219 2558 493 2628 Abstulit,
518 2564 573 2614 et
602 2576 768 2615 voces
799 2559 1031 2616 hastilis
1062 2561 1264 2617 lancea
1291 2562 1430 2617 lenti

223 2647 552 2721 Frangitur,
588 2647 683 2704 ille
711 2665 955 2721 gemens
985 2651 1128 2722 petit
1159 2667 1255 2706 ore
1283 2651 1473 2707 solum
1507 2649 1795 2706 morienti.

219 2738 589 2794 Concurrunt
617 2739 833 2794 Arabes
856 2743 912 2795 et
943 2739 1307 2813 Francigenaa
1339 2739 1635 2795 violenter.

221 2827 432 2898 Hugna
461 2826 653 2898 gravis
684 2827 892 2899 surgit,
919 2828 1138 2901 jaculis
1171 2829 1462 2885 obtexitur
1491 2828 1687 2884 ether.

220 2915 327 2971 Hic
360 2913 768 2988 Balgentiacus
799 2918 920 2973 Odo
950 2918 1177 2991 primus
1208 2918 1425 2991 ubique
1456 2919 1679 2984 ruebat,

217 3004 511 3061 Vexillum
539 3010 768 3076 tenens,
804 3025 863 3062 se
896 3026 1011 3064 non
1044 3009 1292 3064 retinere
1322 3008 1571 3064 valebat.

218 3094 366 3150 Cum
397 3096 768 3167 degustasset
798 3096 953 3152 latus
987 3096 1122 3152 huic
1153 3114 1270 3152 non
1301 3097 1425 3154 visa
1454 3096 1687 3169 sagitta,

217 3183 479 3240 Stridula
508 3184 852 3257 signiferum
883 3186 1127 3259 privavit
1156 3187 1359 3243 lancea
1377 3187 1515 3242 vita.

220 3274 448 3346 Lapsus
480 3278 539 3329 at
570 3273 666 3329 ille
700 3275 933 3344 cadens,
959 3275 1258 3331 humectat
1290 3275 1575 3349 sanguine
1606 3275 1865 3349 signum,

216 3363 287 3418 Et
316 3379 434 3435 quo
465 3363 797 3419 conciderat
820 3364 997 3420 traxit
1027 3366 1098 3421 de
1127 3364 1373 3421 vulnere
1402 3365 1653 3438 lignum.

218 3450 350 3506 Mox
372 3451 636 3507 succedit
667 3453 739 3517 ei,
765 3452 1118 3526 signumque
1149 3454 1301 3509 levat
1332 3454 1672 3511 Boemensis
1721 3454 1864 3527 (113)

218 3539 567 3609 Willelmus,
602 3542 916 3614 iuvenique
943 3542 1092 3598 virm
1126 3542 1260 3598 fecit
1290 3561 1435 3600 suus
1467 3543 1643 3600 ensis.

283 3629 410 3685 Non
443 3631 643 3703 procul
674 3631 768 3687 hic
799 3631 923 3687 ibat
946 3637 1284 3688 nostrorum
1315 3650 1493 3705 parva
1523 3638 1769 3700 caterva,

213 3719 372 3783 Quos
403 3719 582 3775 nimis
613 3721 861 3793 urgebat
891 3721 1219 3777 Turcorum
1251 3723 1425 3778 turba
1453 3727 1740 3794 proterva,

217 3807 535 3880 Turbaque
567 3808 767 3865 fraude
800 3826 1013 3866 nocens
1036 3810 1195 3883 ipsos
1218 3828 1321 3884 per
1340 3811 1608 3884 gramina
1630 3809 1866 3883 sparsit.

217 3897 375 3960 Quos
406 3893 551 3950 aluit
582 3900 810 3962 ventus,
835 3901 891 3953 et
920 3897 1003 3953 sic
1036 3914 1173 3970 ager
1194 3898 1393 3954 aridus
1418 3897 1582 3953 arsit.

211 3984 402 4039 Ardor
435 3989 495 4040 at
524 3983 621 4039 ille
652 3986 814 4041 dedit
843 3986 1073 4044 fumum
1106 3988 1491 4060 tenebrasque
1530 3985 1763 4058 creavit,

213 4072 438 4144 Perque
461 4089 661 4129 cavam
688 4074 907 4130 nubem
939 4091 1145 4147 campo
1166 4075 1348 4131 trahit
1378 4076 1567 4131 hostis
1593 4074 1651 4129 in
1682 4091 1868 4147 aequo,

211 4163 406 4233 Atque
437 4168 610 4235 negat
641 4163 865 4235 pedites
895 4167 984 4220 ter
1012 4168 1247 4220 centum
1277 4164 1513 4220 vulnere
1557 4180 1725 4219 caeco.

215 4250 384 4305 Tunc
417 4266 551 4306 cum
585 4251 814 4325 Pagano
846 4251 1216 4310 Belvacencis
1246 4252 1586 4318 Rainaldus,

3422 508 3572 577 ldus,

1992 597 2063 652 Et
2093 595 2302 669 reliqui
2334 597 2516 653 subiti
2551 615 2612 654 se
2644 596 2934 653 mortibus
2965 598 3253 671 eripuere,

1988 687 2059 741 Et
2087 685 2289 759 rapido
2321 704 2497 742 cursu
2530 686 2666 743 belli
2697 687 2888 743 robur
2916 688 3132 761 petiere
3166 688 3335 762 (114),

1990 775 2177 831 Fortis
2209 780 2272 831 ut
2302 776 2416 832 ista
2446 776 2653 832 cohors
2684 793 2745 833 se
2776 793 2998 849 magno
3022 778 3222 850 junxit
3253 777 3504 852 Hugoni,

1987 868 2282 921 Immenso
2312 864 2487 921 veluti
2519 866 2733 921 cedunt
2764 872 3033 923 armenta
3063 866 3237 936 leoni,

1989 954 2083 1010 Sic
2113 955 2335 1010 Arabes
2368 953 2505 1023 illis,
2537 959 2816 1010 vetuntur
2847 959 3012 1012 scuta
3042 957 3274 1029 refecta.

1985 1043 2215 1113 Vicisti,
2250 1044 2405 1101 Deus
2436 1043 2828 1117 omnipotens,
2864 1045 3079 1101 clamat
3109 1046 3477 1115 Godefridus,

1988 1132 2175 1189 Instat
2203 1132 2264 1188 iu
2296 1133 2501 1206 patria,
2536 1134 2883 1207 primusque
2912 1135 3065 1191 volat
3099 1135 3464 1192 Boimundus

1987 1221 2266 1295 Corrigiis
2298 1222 2418 1296 agit
2446 1222 2632 1278 hostis
2659 1239 2830 1294 equo,
2863 1223 3125 1280 insibilat
3156 1224 3353 1281 aether.

1988 1310 2182 1368 Pulvis
2213 1311 2284 1367 ad
2318 1316 2478 1368 astra
2504 1311 2660 1367 volat
2691 1311 3068 1368 morientium
3100 1313 3387 1387 sanguine
3434 1316 3601 1382 teter,

1986 1401 2359 1474 Contigerant
2381 1400 2589 1457 collem
2622 1402 2937 1473 quemdam
2968 1402 3167 1474 populi
3201 1402 3510 1474 fugientes.

1987 1492 2151 1546 Tunc
2185 1489 2380 1545 Parthi
2406 1489 2561 1546 latus
2584 1489 2642 1545 in
2676 1490 2884 1546 laevum
2917 1508 3043 1547 sese
3076 1491 3426 1564 replicantes

1984 1579 2117 1635 Post
2148 1578 2383 1652 longam
2416 1582 2633 1635 restare
2665 1580 2865 1652 fugam
2899 1580 3079 1636 fortes
3108 1580 3357 1650 voluere,

1978 1670 2127 1724 Arcu
2158 1685 2434 1725 converso
2466 1672 2697 1725 nostros
2728 1670 2939 1725 iterum
2973 1670 3206 1742 petiere.

1982 1757 2233 1831 Impiger
2261 1774 2397 1830 ergo
2426 1775 2600 1813 senex
2630 1758 2912 1814 Geraldus
2943 1759 3013 1814 de
3036 1757 3303 1825 Melione,

1985 1848 2266 1920 Tempore
2296 1846 2397 1919 qui
2428 1847 2617 1905 fuerat
2638 1846 2814 1920 longa
2842 1863 2992 1921 aeger
3012 1847 3070 1903 in
3103 1848 3431 1915 obsidione,

1985 1936 2147 1991 Sicut
2176 1935 2420 1992 inermis
2450 1940 2592 2004 erat,
2625 1936 2849 1993 medios
2873 1936 3148 2010 irrumpit
3169 1937 3227 1992 in
3261 1937 3480 2009 hostes,

1985 2026 2054 2080 Et
2086 2026 2300 2081 meruit
2331 2025 2637 2099 pulchram
2672 2030 2922 2081 mortem
2971 2026 3296 2083 confessus.
3334 2027 3396 2082 In
3432 2028 3629 2085 hostes

1984 2114 2064 2170 De
2095 2114 2311 2170 nostris
2340 2114 2521 2187 aliqui
2553 2115 2742 2171 tribus
2774 2114 3039 2170 invasere
3072 2114 3299 2171 diebus.

1985 2204 2096 2260 Sed
2128 2203 2310 2260 tantis
2337 2221 2454 2259 non
2485 2204 2741 2261 sufficiet
2772 2221 2902 2260 mea
2922 2203 3137 2277 pagina
3166 2205 3362 2274 rebus,

1981 2293 2247 2365 Quinque
2280 2292 2637 2349 camelorum
2663 2294 2908 2366 capiunt
2939 2297 2995 2349 et
3028 2292 3212 2348 millia
3243 2294 3413 2350 dena.

1983 2381 2256 2437 Pluribus
2287 2381 2590 2437 inveniunt
2620 2381 2822 2454 spoliis
2852 2382 3105 2438 tentoria
3132 2381 3323 2455 plena.

1981 2470 2060 2526 De
2091 2470 2298 2526 Turcis
2328 2469 2552 2543 equites
2585 2471 2776 2526 decies
2808 2474 2945 2526 sunt
2976 2470 3135 2526 mille
3171 2470 3359 2527 necati

1980 2563 2122 2612 Cum
2156 2556 2417 2625 totidem,
2452 2557 2675 2629 pedites
2706 2557 2905 2612 miseri
2939 2575 3053 2613 non
3083 2562 3221 2614 sunt
3252 2559 3565 2615 numerati.

1981 2645 2263 2702 Praeterea
2293 2645 2393 2718 qui
2427 2644 2734 2701 castellum
2766 2645 2932 2701 civile
2964 2647 3261 2716 tenebant,

1980 2734 2294 2790 Castellum
2328 2734 2544 2790 nostris
2576 2735 2847 2801 reddunt,
2882 2735 3021 2807 quia
3050 2736 3200 2792 mira
3227 2737 3519 2792 videbant.

1981 2824 2196 2897 Regius
2226 2823 2378 2879 inter
2407 2840 2505 2880 eos
2527 2824 2762 2895 juvenis
2795 2824 2864 2878 de
2896 2824 3130 2881 Perside
3161 2829 3335 2882 natus

1979 2914 2081 2968 Est
2109 2929 2241 2968 cum
2274 2916 2362 2967 ter
2391 2916 2627 2968 centum
2657 2928 2820 2968 sacro
2852 2913 2921 2967 de
2954 2914 3109 2969 fonte
3138 2912 3383 2971 levatus.

1979 3001 2151 3058 Deleo
2183 3002 2253 3057 de
2285 3005 2480 3057 nostro
2511 3002 2581 3056 de
2612 3000 3006 3074 qualicunque
3034 3001 3259 3061 libello.

1979 3091 2095 3147 Hos
2126 3107 2273 3163 quos
2306 3107 2421 3146 non
2456 3090 2667 3162 puduit
2697 3107 2825 3146 esse
2851 3090 3176 3147 subducere
3203 3089 3375 3159 bello,

1895 3170 1938 3237 C
1978 3185 2107 3236 Haec
2138 3180 2471 3236 miseranda
2500 3179 2708 3235 cohors
2736 3178 2893 3235 velut
2922 3180 2994 3235 ad
3023 3180 3309 3235 vomitum
3354 3183 3620 3237 revocata

1978 3269 2235 3325 Praetulit
2262 3268 2533 3325 exsilium
2568 3268 2788 3341 patriae,
2821 3269 3043 3325 mundo
3076 3269 3313 3325 sociata.

1978 3360 2255 3415 Praetereo
2283 3363 2513 3415 nostros
2545 3375 2723 3431 quare
2755 3356 3003 3415 timuere
3023 3359 3230 3429 juvare

1978 3447 2232 3504 Consilio
2267 3447 2546 3520 Stephani
2578 3447 3230 3520 Constantinopolitani.

1981 3537 2170 3593 Prima
2198 3536 2426 3605 cohors,
2463 3537 2754 3609 primique
2786 3538 2984 3605 duces,
3021 3536 3148 3592 loca
3168 3536 3360 3609 prima
3404 3540 3623 3593 tuetur.

1976 3627 2201 3700 Vulgus
2230 3626 2453 3682 inerme
2484 3631 2640 3682 tenet
2670 3627 2952 3695 medium,
2987 3626 3257 3699 murique
3304 3624 3625 3700 replentur.

1977 3718 2139 3773 Tunc
2170 3716 2383 3790 regalis
2413 3716 2597 3788 Hugo,
2629 3717 2726 3788 qui
2761 3717 3008 3790 Magnus
3041 3719 3168 3790 jure
3196 3720 3457 3787 vocatur,

1981 3808 2203 3862 Nomen
2234 3806 2365 3860 dote
2400 3804 2651 3877 replens,
2686 3806 2982 3861 communi
3015 3823 3151 3862 voce
3177 3810 3436 3879 rogatur,

1981 3895 2053 3950 Ut
2082 3894 2523 3951 Constantinam
2556 3896 2717 3966 petat
2748 3894 2950 3948 urbem
2975 3893 3210 3950 nomine
3241 3894 3479 3963 dictam,

1981 3981 2384 4055 Induperatori
2413 3982 2709 4055 regionem
2742 3982 2982 4038 reddere
3012 3983 3225 4038 victam

1981 4071 2134 4126 Cura
2160 4070 2306 4137 fuit;
2331 4070 2441 4139 lex,
2467 4071 2629 4141 jura.
2660 4070 2805 4126 fides
2843 4071 2997 4138 data,
3034 4069 3295 4144 pignora,
3330 4074 3589 4143 pactum.

1980 4159 2103 4215 Vox
2132 4156 2334 4231 populi
2365 4159 2669 4231 mistazque
2699 4175 2901 4231 preces
2932 4158 3144 4216 misere
3176 4166 3465 4216 coactum.

1711 4436 2138 4453 ï¬‚

1458 4605 1778 4691 LIBER
1844 4600 2387 4718 QUINTUS.

217 4776 557 4832 Raimumlus
588 4778 934 4863 Piletnstluo
963 4787 1146 4863 castra
1193 4782 1370 4863 erepit.
1393 4782 1643 4863 â¸Î¾Î¹Î¹Î¹Î½Î³Ï‚Î±Î·Î¹
1686 4782 1878 4838 urbem
1905 4784 1953 4849 D
1985 4780 2183 4837 Turba
2212 4777 2448 4851 partita,
2475 4775 2601 4831 loca
2631 4779 2770 4831 sunt
2800 4774 3027 4831 diversa
3058 4773 3241 4848 petita

414 4866 433 4875 á½·
502 4850 842 4919 aggredienti
871 4853 1130 4907 resistunt
1157 4850 1360 4908 acriter
1392 4854 1569 4908 Turci.

214 4955 319 5008 Ast
340 4952 441 5008 alii
472 4971 739 5026 proceres
772 4962 903 5013 voto
928 4958 1055 5029 jam
1088 4963 1282 5015 mente
1312 4958 1625 5032 propinqui

218 5041 453 5098 Utiliter
482 5046 752 5100 statuunt
782 5047 853 5101 ad
885 5050 1119 5120 tempus
1150 5047 1302 5104 bella
1330 5047 1581 5120 relinqui

216 5133 422 5186 jEstus
450 5131 609 5187 enim
641 5134 891 5207 populos
923 5136 1255 5210 siccataque
1280 5140 1435 5193 terra
1462 5141 1727 5211 gravaret

220 5218 425 5275 Ureret
453 5223 631 5277 aestus
654 5240 775 5293 eos,
806 5230 1009 5299 potum
1042 5227 1178 5282 dare
1205 5231 1361 5282 terra
1382 5231 1638 5299 negaret.

222 5308 321 5364 Est
348 5307 533 5381 igitur
565 5314 795 5385 requies
827 5315 1117 5372 lassorum
1148 5315 1377 5371 reddita
1408 5315 1709 5385 membris,

220 5396 589 5456 Dimittenda
612 5402 769 5458 brevi
802 5406 911 5460 sub
942 5405 1133 5478 prima
1162 5405 1291 5462 luce
1321 5404 1652 5462 novembris

296 5503 445 5577 (112)
478 5505 654 5576 Edit.,
688 5513 930 5567 vacabat.

293 5575 452 5651 (113)
483 5575 659 5649 Edit.,
693 5583 992 5640 Beniensis.

1976 4871 2045 4926 Et
2075 4868 2346 4941 quisquis
2379 4866 2540 4921 lucro
2566 4865 2880 4939 gaudebat,
2914 4864 2970 4920 in
3008 4865 3151 4921 urbe
3176 4863 3470 4919 manebat.

1976 4956 2286 5030 Obsequiis
2315 4960 2440 5012 erat
2470 4954 2566 5010 hic
2592 4954 2916 5025 studiosus,
2950 4957 3009 5010 et
3040 4970 3154 5009 mra
3185 4952 3465 5009 merebat.

1980 5049 2059 5104 Fx
2089 5047 2209 5103 illis
2238 5045 2436 5119 plures
2467 5044 2853 5117 Raymundus
2885 5042 3053 5099 miles
3086 5041 3298 5111 alebat,

1977 5139 2159 5203 Quem
2192 5138 2582 5209 cognomento
2611 5132 2856 5189 Piletum
2889 5148 3033 5205 gens
3063 5135 3265 5188 nostra
3292 5131 3558 5187 vocabat.

1979 5226 2108 5283 Otia
2141 5242 2273 5280 cum
2306 5222 2507 5278 multis
2543 5222 2639 5277 hic
2674 5240 2789 5278 non
2821 5221 3031 5294 ignava
3063 5224 3301 5277 secutus

1980 5314 2264 5377 Providet,
2298 5315 2360 5366 ut
2391 5316 2638 5383 nequeat
2668 5309 2908 5383 gentilis
2942 5309 3130 5365 vivere
3161 5312 3346 5365 tutus.

1980 5406 2128 5477 Ergo
2158 5404 2307 5458 duas
2339 5400 2511 5455 urbes
2542 5399 2879 5472 pertransit,
2913 5402 2971 5454 et
3001 5416 3035 5454 a
3064 5398 3390 5454 Talamana

2064 5509 2207 5583 (114)
2243 5508 2533 5565 Hactenus
2562 5506 2719 5563 editi.
