3994 6066
355 265 475 336 979
873 260 977 325 AD
1021 258 1537 324 GODEFRIDUM
1578 257 1911 322 APPEND.
1954 257 2035 321 ῙῙ.
2066 291 2145 304 -
2176 254 2488 321 MONUM.
2533 255 2636 318 DE
2676 255 2927 318 BELLO
2969 253 3246 318 SACRO.
3636 252 3765 317 980

359 398 721 477 Improvisus
758 397 961 467 adest;
995 395 1104 453 hoc
1134 399 1392 452 castrum
1421 411 1565 469 gens
1595 393 1847 451 Suriana
2035 393 2088 460 Α
2118 390 2290 448 Urbis
2320 389 2477 447 enim
2508 394 2714 459 rector,
2749 389 3086 446 moderatus
3117 391 3190 447 ad
3221 389 3438 458 omnia,
3473 387 3622 447 lenis

357 491 654 559 Servabat,
686 505 813 562 quae
845 490 1050 560 sponte
1078 485 1231 542 viros
1263 485 1466 556 recipit
1496 485 1641 540 bene
1672 500 1834 539 sana.
2113 479 2328 537 Praesul
2360 480 2500 548 obit,
2535 484 2880 552 patremque
2912 495 3087 536 suum
3117 478 3274 535 dolet
3305 481 3446 536 urbs
3479 481 3720 549 obiisse,

354 582 480 640 Itur
508 580 580 636 ad
611 577 906 652 quoddam
938 579 1216 644 castrum,
1253 575 1354 630 sed
1380 574 1554 629 turba
1583 573 1824 646 profana
2113 570 2291 635 Hanc,
2326 586 2460 625 cum
2492 572 2662 641 capta
2693 567 2821 635 fuit,
2856 584 2970 624 non
3003 568 3172 623 credo
3195 567 3383 642 magis
3412 569 3692 626 doluisse.

355 668 614 738 Obstitit,
648 667 787 724 hinc
819 665 1038 721 nostris
1069 664 1414 735 intorquens
1446 661 1672 734 spicula
1692 678 1858 716 vana.
1923 747 1932 750 7

2182 679 2404 749 iiscopus
2450 675 2730 731 Podiensis
2759 677 3019 750 moritur.
3039 675 3329 750 7Albariam
3375 677 3532 748 capit
3577 693 3759 733 comes

355 759 468 818 Sed
498 762 695 814 tamen
726 755 836 811 hoc
866 752 1097 810 Domini
1131 769 1344 808 manus
1375 751 1593 820 obruit,
1624 755 1682 806 et
1713 747 2002 823 peregrini
2151 747 2165 750 ⁷
2300 747 2315 749 “
2769 747 2825 802 S.
2857 747 3088 818 /Egidii.

356 847 481 907 Illic
509 845 755 920 gentiles
779 847 919 900 sunt
949 843 1021 898 ad
1052 841 1346 914 baptisma
1370 840 1580 908 vocati,
2183 838 2334 894 Dum
2367 836 2515 893 calet
2541 836 2790 910 Augusti
2821 835 3013 892 dictus
3044 836 3114 891 de
3145 835 3378 892 nomine
3412 839 3634 894 mensis

356 936 582 1009 Quique
613 934 936 1006 rejecerunt
967 930 1111 986 illud
1145 931 1364 1002 periere
1396 928 1610 1000 necati,
2111 928 2237 984 Non
2269 927 2402 998 sibi,
2435 926 2536 983 sed
2564 925 2778 998 populo
2809 923 3020 998 praesul
3047 924 3296 980 moritur
3327 924 3629 982 Podiensls

357 1024 695 1098 Captivatur
723 1021 804 1077 ibi
837 1036 1000 1093 puer,
1033 1023 1092 1074 et
1121 1019 1454 1091 quicunque
1486 1017 1736 1073 senescit
2111 1023 2221 1074 Pro
2253 1018 2416 1073 Petro
2447 1021 2630 1072 tracto
2662 1017 2734 1071 de
2765 1032 2993 1071 carcere
3022 1015 3164 1070 dum
3196 1014 3321 1084 tibi,
3357 1015 3604 1088 Christe,

358 1113 601 1180 Occidit,
632 1109 848 1184 ignotis
878 1109 1048 1164 breve
1079 1124 1322 1182 regnum
1353 1123 1588 1180 parcere
1619 1104 1821 1161 nescit.
2113 1108 2261 1164 Urbs
2292 1106 2467 1173 canit,
2500 1110 2588 1161 est
2617 1109 2839 1161 tractus
2870 1105 2941 1159 de
2973 1121 3200 1160 carcere
3231 1105 3490 1176 corporis
3523 1106 3654 1173 iste,

358 1202 638 1261 Hostibus
669 1198 906 1266 eversis,
939 1215 1079 1253 auro
1114 1196 1318 1269 spoliis
1346 1195 1568 1252 onerati
2113 1198 2349 1269 Quaque
2379 1197 2472 1252 die
2502 1193 2766 1251 recolunt
2797 1193 3114 1250 solventem
3141 1193 3375 1249 vincula
3407 1194 3662 1262 Petrum,

355 1293 440 1350 Ad
471 1294 731 1348 castrum
761 1288 1006 1344 redeunt
1036 1286 1134 1359 qui
1157 1287 1284 1358 jam
1315 1285 1549 1341 fuerant
1580 1283 1804 1339 donati.
2112 1285 2219 1344 Illa
2237 1286 2366 1341 luce
2393 1283 2502 1340 viri
2534 1283 2903 1357 deploravere
2932 1283 3228 1339 feretrum.

355 1382 472 1440 Nec
502 1379 700 1453 requie
731 1380 1004 1434 contenta
1034 1375 1156 1443 diu,
1183 1374 1370 1430 virtus
1400 1373 1668 1428 animosa
2115 1376 2248 1432 Post
2277 1373 2491 1430 nimios
2521 1373 2735 1440 luctus,
2769 1377 2900 1446 post
2929 1371 3250 1428 infortunia
3279 1371 3469 1446 plura,

356 1469 551 1528 Hostis
580 1469 653 1525 ad
684 1466 989 1523 interitum
1024 1468 1223 1520 manet
1255 1464 1490 1520 assidue
1523 1462 1807 1518 studiosa.
2114 1465 2287 1522 Stans
2318 1480 2512 1520 comes
2541 1462 2746 1536 Egidii
2777 1461 2974 1518 Sancti
2999 1478 3102 1534 per
3125 1467 3390 1534 tempora
3419 1463 3566 1520 dura

356 1557 718 1630 Gentilisque
746 1555 946 1628 legens
975 1552 1218 1627 vestigia
1244 1569 1449 1626 sparsa
1478 1569 1580 1625 per
1608 1551 1829 1619 orbem,
2115 1553 2221 1610 Ivit
2251 1554 2321 1609 ad
2343 1551 2660 1620 Albariam,
2693 1568 2872 1624 quam
2905 1550 3089 1607 multo
3120 1549 3308 1608 milite
3339 1551 3580 1626 cingens

353 1646 705 1723 Aggreditur
733 1645 987 1700 Marram
1010 1642 1242 1716 plenam
1274 1642 1592 1716 gentilibus
1624 1640 1850 1696 urbem.
2113 1642 2296 1716 Cepit,
2329 1646 2386 1698 et
2414 1639 2551 1696 huic
2583 1639 2712 1695 urbi
2746 1656 2954 1695 murus
2983 1657 3096 1696 non
3129 1639 3347 1712 profuit
3375 1639 3601 1714 ingens.

355 1737 610 1796 Duxerat
640 1735 700 1790 in
733 1734 1008 1801 Marram,
1038 1733 1184 1789 duce
1214 1732 1389 1798 fama,
1422 1731 1593 1786 turba
1622 1734 1846 1786 remota
2031 1768 2079 1834 B
2115 1731 2368 1788 Ensibus
2399 1729 2492 1786 hic
2525 1729 2763 1784 incurva
2789 1745 2995 1785 senum
3028 1733 3166 1784 sunt
3194 1727 3344 1785 colla
3373 1734 3610 1801 resecta,

356 1825 530 1884 Urbis
557 1823 740 1898 Aleph
774 1823 1034 1879 Roboam
1063 1839 1180 1889 rex,
1205 1825 1262 1878 et
1283 1821 1496 1877 vicinia
1521 1823 1660 1888 tota,
2031 1819 2079 1834 "
2113 1821 2220 1877 Fec
2253 1819 2449 1875 minus
2481 1819 2774 1873 infantum
2807 1821 3163 1889 rumpuntur
3191 1822 3456 1890 tempora
3487 1825 3652 1893 grata

357 1916 510 1973 Gens
541 1931 610 1970 ea
637 1930 753 1969 non
781 1911 990 1968 humili
1011 1915 1230 1968 terrore
1260 1927 1525 1984 repressa
1555 1910 1826 1965 decenter
2110 1911 2226 1967 Nec
2250 1908 2476 1965 vetulas
2508 1907 2820 1963 reverenda
2831 1907 3000 1978 juvat
3031 1923 3360 1980 rugosaque
3384 1908 3592 1976 Persis,

357 2002 660 2078 Disposuit
687 2000 931 2068 bellum,
967 2000 1084 2056 ruit
1112 2001 1172 2056 in
1204 2005 1433 2057 nostros
1461 1998 1757 2055 violenter.
2111 2000 2226 2056 Nec
2256 1997 2431 2054 facies
2462 1997 2698 2069 prodest
2728 2012 2843 2051 non
2875 1994 3005 2050 laedi
3027 1994 3206 2069 digna
3225 1995 3458 2068 puellis,

359 2094 567 2152 Ferrea
596 2090 741 2148 silva
769 2089 924 2146 cadit
954 2089 1199 2163 passim,
1231 2105 1626 2162 campumque
1656 2090 1965 2144 cruentum
2110 2090 2225 2146 Nec
2257 2085 2504 2159 simplex
2531 2084 2623 2140 via
2655 2083 2859 2140 mortis
2881 2087 3023 2150 erat,
3058 2083 3195 2156 quia
3226 2083 3385 2140 mille
3415 2092 3717 2144 necantur.

359 2183 622 2255 Asperat,
653 2182 811 2236 astra
840 2177 986 2251 petit
1014 2179 1206 2251 fragor
1235 2182 1291 2234 et
1321 2178 1504 2252 gemit
1535 2177 1909 2233 morientum.
2112 2177 2269 2234 Mille
2287 2174 2822 2246 modis,meritique
2845 2173 3154 2228 hominum
3179 2173 3384 2231 merito
3403 2174 3754 2233 lacerantur.

357 2273 727 2329 Concurrunt
754 2285 858 2342 per
886 2284 1058 2324 mane
1087 2268 1285 2334 sudes,
1316 2267 1377 2322 hi
1408 2265 1633 2340 spicula
1654 2267 1901 2342 jactant,
2109 2267 2361 2332 Albaria,
2396 2265 2478 2321 sic
2510 2264 2578 2320 ad
2613 2262 2842 2319 Domini
2874 2263 3099 2319 cultum
3131 2268 3406 2319 revocatas

354 2358 445 2416 Illi
475 2358 832 2432 protendunt
859 2356 1082 2424 hastas,
1115 2357 1445 2429 iterumque
1477 2359 1794 2428 receptant.
2112 2355 2428 2414 Praeficitur
2458 2352 2669 2428 prtesul
2700 2353 2826 2407 vitae
2858 2368 3108 2425 persona
3137 2353 3413 2425 probatae.

358 2447 590 2506 Fortius
619 2446 946 2513 incursant,
978 2444 1240 2518 ipsisque
1270 2445 1550 2501 cadavera
1579 2444 1760 2516 portis
2109 2447 2358 2518 Jamque
2399 2443 2642 2500 vocabat
2684 2441 2874 2498 hiems
2923 2458 3211 2515 proceres,
3247 2458 3394 2498 nova
3440 2444 3591 2501 bella
3630 2463 3759 2503 mo-

356 2538 614 2612 Affigunt
641 2534 847 2602 nostri,
872 2535 996 2606 jam
1031 2535 1226 2591 stabat
1255 2533 1312 2588 in
1347 2550 1556 2607 aggere
1589 2531 1756 2590 fortis
3495 2535 3684 2605 [vendi

357 2626 545 2694 Miles,
578 2624 947 2681 inundabant
979 2623 1167 2692 fossae,
1203 2640 1337 2679 cum
1369 2624 1513 2680 forte
1538 2622 1767 2680 retortis
2110 2627 2369 2698 Tempus
2399 2625 2538 2690 erat,
2574 2621 2880 2694 caepitque,
2913 2621 3091 2676 dabat
3118 2638 3282 2694 spem
3325 2622 3682 2694 perficiendi,

355 2715 591 2773 Veritur
621 2729 830 2788 agmen
862 2713 1049 2786 equis,
1083 2729 1261 2785 quam
1294 2713 1512 2784 perfida
1541 2713 1728 2784 gratia
1766 2713 1933 2770 fortis
2112 2713 2396 2771 Omnibus
2429 2711 2565 2767 hinc
2589 2710 2810 2768 sanctis
2839 2711 2980 2765 dum
3014 2709 3227 2766 festum
3261 2712 3325 2766 fit
3357 2712 3624 2785 generale

358 2800 713 2861 Christicolae
735 2801 877 2856 dant
903 2804 1066 2873 terga
1097 2804 1268 2868 retro,
1299 2798 1607 2854 formidine
1638 2799 1843 2856 mortis
2111 2805 2433 2875 Congregat
2462 2800 2754 2866 absentes,
2787 2799 3044 2854 edictum
3077 2798 3400 2871 spirituale,

363 2892 587 2948 Turbat
611 2907 709 2946 eos
738 2888 976 2944 inimica
1001 2889 1210 2944 cohors
1240 2889 1462 2960 agitata
1487 2888 1700 2944 furore.
2109 2893 2243 2948 Jam
2273 2891 2470 2947 varius
2501 2889 2752 2962 populus
2782 2888 3060 2944 confluxit
3085 2887 3142 2943 in
3175 2888 3539 2946 Antiochena

360 2979 670 3040 Tinnitum
700 2977 884 3052 clxpei
912 2979 1188 3046 reddunt,
1220 2978 1513 3051 galeaque
1546 2995 1789 3046 sonorae,
2113 2979 2343 3047 Moenia,
2377 2995 2555 3051 quam
2583 2977 2722 3032 varii
2758 2977 2945 3050 pisces
2973 2976 3031 3032 in
3061 2975 3205 3032 retia
3235 2977 3406 3050 plena

357 3069 741 3129 Oetenebrant
771 3067 970 3125 oculos
998 3067 1200 3142 lapsus
1232 3067 1301 3123 de
1331 3067 1542 3123 cortice
1567 3067 1719 3135 coni,
2050 3141 2059 3142 7
2111 3069 2511 3141 Dissimilique
2541 3066 2728 3140 placet
2755 3065 2968 3122 similis
2999 3066 3262 3122 sentenia
3289 3068 3468 3140 genti.

359 3159 592 3217 Loricas
619 3158 827 3214 odiunt
848 3141 1096 3230 juvenes
1119 3157 1189 3212 ad
1219 3157 1456 3212 verbera
1483 3155 1670 3228 proni.
2032 3141 2075 3208 (ἶ
2112 3157 2436 3217 Jerusalem
2469 3157 2596 3213 loca
2625 3160 2832 3212 snncta
2861 3156 3061 3212 vident
3092 3157 3287 3212 animo
3319 3158 3597 3231 cupienti.

357 3248 583 3306 Scindit
602 3247 766 3303 labra
797 3246 948 3315 sitis,
984 3263 1100 3302 non
1128 3245 1346 3301 sufficit
1377 3245 1554 3301 umbo
1585 3245 1838 3319 sagittis.
2110 3249 2212 3305 Vis
2245 3264 2450 3305 secura
2474 3246 2684 3314 virum,
2709 3246 2881 3317 jubet
2909 3245 3067 3318 ipsos
3099 3262 3226 3301 esse
3259 3251 3513 3319 paratos,

358 3337 428 3394 Ut
447 3337 831 3411 Raymundus
860 3352 957 3391 eos
987 3333 1136 3390 vtdit
1167 3350 1478 3401 rarescere,
1513 3334 1760 3407 primus,
2112 3339 2308 3408 Deque
2339 3335 2462 3392 suis
2492 3334 2724 3391 abolent
2757 3333 2969 3390 animis
3000 3334 3275 3408 conjugia
3308 3339 3494 3403 natos,

354 3425 675 3498 Respirate,
706 3423 837 3490 viri,
869 3423 1103 3491 clamat,
1137 3439 1273 3495 quo,
1299 3423 1442 3495 proh
1477 3421 1698 3495 pudor!
1735 3423 1932 3480 imus?
2112 3426 2282 3484 Orbis
2312 3426 2384 3481 ad
2418 3425 2648 3498 ignotos
2678 3428 2900 3479 tractus
2923 3424 3048 3494 jam
3080 3431 3271 3480 mente
3311 3425 3580 3481 feruntur

354 3513 575 3570 Taliter
594 3529 628 3568 a
654 3512 880 3585 trepido
911 3528 1087 3566 cursu
1119 3515 1299 3584 proba
1326 3528 1471 3584 gens
1499 3517 1764 3568 revocata
2112 3515 2576 3585 Parthorumque
2609 3513 2782 3584 pedes
2804 3512 2932 3583 jam
2957 3511 3160 3567 martis
3181 3529 3378 3570 amore
3400 3519 3751 3587 sequuntur.

353 3599 612 3658 Gentiles
638 3598 758 3672 agit
788 3599 860 3654 ad
893 3615 1116 3666 muros,
1150 3597 1324 3654 simul
1354 3597 1769 3671 agglomerata.

2505 3619 2812 3676 Christiani
2839 3620 3079 3675 Murram
3099 3619 3362 3676 obsident.

353 3689 466 3781 759d
497 3706 615 3781 τιοῐῖ
642 3690 952 3781 vertuntur
983 3685 1220 3781 suria_n_i
1252 3686 1586 3781 Qeﬁ°i¢9te$
2111 3709 2470 3768 Conveniens
2501 3713 2743 3781 comites
2763 3709 2880 3764 dux
2910 3708 3133 3764 interea
3163 3708 3524 3767 Boimundus

353 3777 689 3872 860,399?“
718 3775 905 3872 νξνθνθ
936 3773 1248 3872 δυοενῇῖέίε
1277 3773 1649 3872 impatientes
2116 3801 2351 3857 Pactam
2387 3797 2594 3871 quaerit
2623 3773 2694 3853 ab
2716 3796 2808 3852 his
2839 3797 3063 3866 urbem,
3099 3802 3273 3871 negat
3303 3798 3412 3855 hoc
3462 3799 3758 3872 Raymun-

357 3867 523 3960 ἑθΐίβ
549 3865 652 3922 illa
681 3865 777 3960 sui
803 3863 1241 3960 gens7emollita
1266 3867 1488 3960 tepore,
1588 3957 1595 3960 7
1737 3953 1750 3960 7
2244 3959 2248 3960 7
2404 3863 2422 3871 ·
2676 3959 2686 3960 7
2952 3957 2961 3960 7
3050 3863 3056 3866 τ
3126 3863 3206 3960 7v
3283 3959 3289 3960 7
3527 3863 3682 3960 [hus7

360 3957 488 4017 Non
515 3960 606 4013 est
633 3959 842 4023 marte,
876 3954 976 4011 sed
1009 3957 1098 4010 est
1129 3952 1334 4009 martis
1367 3957 1642 4026 superata
1666 3953 1875 4011 calore.
2114 3959 2288 4033 Regis
2318 3959 2630 4014 adventum
2662 3957 3295 4032 Constantinopolitani

868 4043 1170 4101 Christiani
1194 4045 1482 4115 fugantur.
2111 4051 2457 4121 Exspectare
2474 4048 2663 4119 jubet,
2697 4047 3002 4119 munitque
3032 4048 3272 4103 domum
3306 4047 3556 4104 Casiani.

429 4134 502 4191 Ut
531 4135 669 4190 dare
697 4137 860 4206 terga
888 4131 1084 4188 vident
1105 4135 1437 4189 nostrorum
1468 4135 1659 4188 castra
1701 4137 1932 4191 secutos
2113 4137 2206 4194 Sic
2236 4138 2384 4192 duce
2415 4137 2667 4204 turbato,
2701 4153 2893 4191 comes
2927 4135 3238 4207 impatiens
3270 4136 3585 4209 Rugiosam
3787 4201 3790 4204 ,

358 4223 554 4291 Turci,
588 4221 1104 4293 Christicolasjam
1138 4237 1352 4294 magna
1381 4225 1545 4294 parte
1575 4223 1834 4278 munitos
2111 4224 2368 4292 Transit,
2398 4228 2455 4280 et
2481 4223 2799 4294 Albartam,
2834 4224 3204 4296 Marramque
3233 4224 3380 4297 petit
3408 4225 3753 4299 populosam

355 4313 663 4380 Invadunt,
695 4312 795 4368 dat
821 4310 905 4367 eis
934 4311 1086 4366 vires
1116 4309 1460 4382 animosque
1491 4311 1772 4383 sequendi
2111 4314 2192 4370 Ne
2221 4313 2386 4370 dolor
2406 4313 2538 4368 irati
2560 4311 2726 4368 ducis
2751 4312 2820 4367 ad
2854 4312 3190 4368 communia
3217 4313 3435 4369 damna

355 4403 510 4461 Gens
539 4399 802 4475 fugitiva,
831 4405 1026 4456 monet
1056 4400 1296 4455 timidos
1327 4400 1560 4455 fortuna
1589 4401 1856 4457 nocendi.
2112 4405 2280 4460 Forte
2309 4402 2680 4468 redundaret,
2705 4417 3011 4473 procerum
3035 4400 3305 4458 discretio
3337 4419 3550 4476 magna

355 4491 569 4548 Ordine
599 4508 712 4547 non
745 4491 946 4547 habito
979 4489 1126 4562 fugit
1155 4507 1322 4546 amen
1355 4488 1854 4560 Christicolarum,
2030 4513 2076 4578 Ι)
2110 4491 2374 4548 Consulit
2406 4489 2581 4558 hunc,
2619 4506 2785 4545 mens
2816 4489 2935 4544 alta
2964 4489 3069 4578 viri
3102 4489 3288 4546 multa
3316 4507 3484 4564 prece
3523 4497 3685 4550 mota

353 4581 479 4638 Non
510 4583 842 4653 exspectata
868 4582 1240 4634 revocantum
1271 4594 1407 4634 voce
1436 4578 1735 4634 tubarum.
2034 4577 2059 4578 ί
2109 4579 2428 4654 Ρτωροειιὶῐ
2454 4582 2585 4634 voto
2617 4578 2838 4650 privato
2871 4577 3104 4651 publica
3133 4584 3284 4635 vota.

353 4669 604 4744 Segnius
632 4668 789 4725 haud
825 4667 1056 4742 fugiunt
1075 4667 1302 4740 equites
1341 4665 1720 4740 peditumque
1742 4672 1990 4739 caterva,
2105 4669 2376 4726 Protinus
2395 4669 2649 4724 educens
2679 4667 2832 4723 acies
2862 4667 3060 4740 populi
3095 4668 3268 4724 modo
3291 4667 3454 4724 mussi

352 4759 537 4824 Quam
569 4756 718 4831 fugit
744 4761 878 4813 ante
907 4771 1082 4813 canes
1112 4755 1390 4811 latrantes
1422 4755 1625 4812 territa
1663 4774 1850 4813 cerva.
2103 4760 2187 4815 Ad
2222 4759 2473 4814 Marram
2505 4760 2776 4830 properat
2807 4761 3074 4829 respectu
3103 4756 3291 4814 victus
3322 4755 3572 4814 honesti.

352 4846 644 4903 Sternitur
669 4845 781 4902 heu
813 4845 946 4902 felix
976 4844 1227 4917 populus
1259 4860 1360 4916 per
1387 4861 1564 4916 opaca
1593 4845 1841 4913 viarum,
2107 4849 2221 4904 Lex
2240 4845 2470 4902 Domini
2503 4844 2772 4918 specialis
2803 4850 2948 4912 erat,
2975 4863 3108 4901 cum
3141 4845 3311 4919 signa
3342 4845 3657 4919 replerunt.

349 4933 809 5006 Exspositusque
838 4934 985 5000 Jovi,
1020 4933 1086 4987 fit
1117 4937 1336 5005 martyr
1365 4936 1421 4987 et
1450 4949 1583 4988 esca
1612 4933 1887 4990 ferarum.
2106 4936 2278 4993 Urbis
2308 4934 2608 5002 circuitus,
2642 4939 2699 4991 et
2728 4939 2921 4992 castra
2948 4935 3126 4991 duces
3159 4939 3501 5008 posuerunt.

349 5023 662 5096 Exspirant
689 5022 917 5078 animas
950 5020 1141 5089 multi,
1175 5037 1280 5076 nec
1317 5037 1483 5077 meus
1514 5022 1664 5078 edet.
2106 5027 2387 5082 Externos
2416 5023 2688 5078 homines
2721 5023 2820 5080 ubi
2851 5023 2994 5079 vidit
3023 5039 3167 5096 gens
3197 5024 3543 5096 stupefacta,

347 5110 586 5180 Versus,
620 5111 713 5166 vix
743 5109 1012 5182 equidem
1044 5107 1232 5164 recolo
1256 5125 1381 5180 quas
1413 5109 1604 5166 dicere
1635 5111 1822 5166 taedet.
2104 5113 2243 5181 Quis
2275 5113 2483 5168 referet
2514 5115 2734 5184 quanta
2765 5111 2939 5168 fuerit
2971 5111 3284 5176 formidine
3309 5111 3509 5168 tacta?

345 5200 431 5256 Ad
463 5205 721 5256 castrum
754 5197 926 5253 rediit
957 5197 1359 5268 Raymundus,
1388 5203 1444 5252 et
1463 5199 1599 5269 jure
1631 5201 1827 5271 quieta
2103 5202 2307 5259 Omnis
2339 5202 2397 5256 in
2430 5201 2572 5256 urbe
2604 5199 2789 5266 locus,
2823 5201 3008 5257 feroce
3040 5205 3388 5274 properante
3417 5199 3676 5258 tumultu

345 5289 673 5345 Perfruitur
702 5285 920 5358 requie,
954 5301 1087 5340 cum
1118 5290 1288 5358 gente
1311 5285 1507 5342 dolore
1543 5287 1784 5360 repleta.
2104 5291 2450 5348 Discurrunt
2481 5294 2721 5356 matres,
2754 5289 3089 5362 timidaeque
3121 5307 3306 5347 nurus
3337 5291 3461 5346 sine
3491 5289 3677 5360 cultu,

345 5377 449 5434 Hic
479 5375 700 5448 aliquid
732 5380 966 5446 tempus
997 5374 1203 5447 exegit,
1238 5375 1309 5430 ad
1342 5391 1514 5432 omne
1548 5382 1785 5449 paratus
2104 5381 2306 5436 Hostes
2337 5379 2468 5451 plus
2490 5379 2656 5450 justo
2689 5380 2808 5434 fore
2838 5395 3041 5434 rumor
3070 5378 3344 5450 publicus
3370 5378 3508 5447 edit,

345 5464 496 5523 Utile
527 5465 614 5520 vir
643 5463 827 5532 fortis,
854 5480 956 5536 per
984 5462 1170 5520 multa
1201 5462 1414 5536 pericla
1446 5467 1746 5537 probatus.
2099 5466 2556 5541 Compluresque
2585 5467 2782 5536 timor,
2807 5483 2910 5522 nec
2942 5483 3109 5523 mens
3142 5484 3251 5524 sua
3279 5467 3505 5524 lumina
3533 5467 3744 5525 credit.

345 5553 572 5614 Interea
599 5551 817 5611 nimius
847 5551 1011 5610 dolor
1041 5553 1253 5610 accidit
1283 5553 1678 5612 Antiochenis.
2098 5557 2158 5614 Si
2189 5556 2460 5629 quisquis
2489 5572 2764 5613 somnum
2796 5555 3024 5628 recipit,
3056 5572 3263 5613 somno
3295 5555 3610 5617 cruciatur.
