3992 6090
1379 0 2282 10 ίῄῄ--π--π
2297 3 2346 10 «ηρ
2373 0 2746 16 -π-ψνηε
2755 0 2902 18 “ηςήη.ο-κ
2921 5 2955 16 --·.

1823 0 2282 10 _————-—'u
2297 3 2346 10 «ηρ
2373 0 2706 16 -Ἡ-.Ή.“
2711 5 2746 12 ηε
2755 0 2902 18 “HF
2921 5 2974 18 .-__g
2985 15 2990 18 _
3025 7 3028 10 η
3061 5 3086 16 ,-
3151 17 3154 20 ,
3165 17 3170 20 _
3245 11 3256 18 .
3393 13 3399 16 .

190 248 321 322 981,
1031 248 1336 315 GILONIS
1378 247 1638 312 PARIS.
1688 243 1891 310 HIST.
1935 243 2346 314 HIEROSOL.
2375 285 2454 297 —
2481 250 2628 314 LIB.
2674 249 2748 314 ν.
3287 249 3290 253 λ
3471 247 3588 309 982

155 421 160 424 -
191 385 394 452 Vexat,
416 387 473 441 et
503 381 828 441 insomnem
858 401 951 442 res
979 401 1146 454 vana,
1180 383 1452 456 diemque
1483 381 1758 438 minatur.
1859 377 1916 446 Α
1948 382 2075 438 Haec
2107 382 2446 458 indignatus
2477 385 2564 442 vir
2592 386 2664 442 de
2691 384 2750 442 1a
2772 386 2957 442 Turre
2984 385 3224 441 vocatus

193 477 363 534 Stant
387 475 459 530 ad
491 491 638 546 opus
668 472 870 530 servile
902 475 1080 530 duces
1111 491 1246 530 cum
1275 476 1443 546 gente
1473 470 1718 538 minore,
1947 471 2260 541 Gulferius,
2292 473 2522 546 pulchri
2554 476 2704 547 quod
2739 474 2840 530 diu
2872 473 3098 530 facinus
3129 472 3467 540 meditatus,

191 565 308 622 Nec
338 563 530 637 pudor
557 567 646 619 est
676 563 906 630 servire,
939 567 1138 620 carent
1167 567 1424 619 extrema
1452 561 1692 634 pudore.
1946 561 2242 618 Turbidus
2273 563 2518 636 arripuit
2546 569 2754 620 erecta:
2779 563 2987 620 robora
3015 563 3205 630 scala,

191 653 364 711 Exuit
393 648 457 708 ut
487 652 731 708 Pharbus
762 657 917 708 terra
946 651 1196 725 caligine
1227 652 1417 724 nigra,
1946 653 2130 717 Quam
2160 651 2253 708 vix
2283 653 2643 709 sustinerant
2671 653 2936 709 humeris
2967 652 3316 709 sudantibus
3348 649 3472 718 ale,

191 742 394 816 Surgit
422 745 622 797 nostra
650 730 853 798 echors
883 741 992 798 sub
1024 742 1188 814 pigro
1217 745 1476 812 tempore
1508 739 1690 812 pigra,
1946 741 2166 812 Perque
2195 743 2412 815 gradus
2443 743 2640 810 trahit,
2676 743 2802 816 ipse
2834 741 2958 800 suis
2989 760 3098 799 sua
3143 741 3410 798 membra
3439 738 3595 796 lacer

187 832 492 904 Excitique
522 831 684 902 probi
706 831 954 902 juvenes
985 829 1258 903 clangore
1287 829 1586 892 tubarum,
3403 829 3520 902 [tis.

189 919 870 993 Corporisimmemores,
893 919 1050 975 haud
1083 918 1459 974 immemores
1481 915 1833 983 animarum,
2016 919 2180 976 Nunc
2211 921 2476 994 sequitur
2504 937 2678 993 quem
2707 922 2867 978 ducit
2898 923 2968 978 ad
2998 922 3107 978 hoc
3140 936 3352 976 manus
3399 915 3598 974 Omni;

187 1011 273 1066 Ad
307 1009 552 1065 Martem
583 1013 916 1080 properant,
945 1009 1070 1080 jam
1102 1006 1496 1063 circumfusus
1527 1005 1768 1078 adaptat
3210 1007 3517 1080 [potentis;

187 1100 376 1155 Nervo
406 1097 526 1171 pila
554 1097 746 1170 pedes,
772 1096 900 1168 jam
931 1097 1100 1153 laetus
1130 1097 1200 1152 ad
1232 1097 1418 1152 ardua
1438 1096 1642 1168 jactat,
1946 1098 2170 1171 Quippe
2200 1100 2440 1155 modum
2469 1105 2682 1156 nostra;
2712 1101 3137 1156 transcendunt
3165 1097 3305 1154 talia
3352 1097 3588 1153 mentis.

187 1188 426 1245 Jactant
455 1203 608 1255 saxa,
641 1186 795 1242 faces
825 1185 1094 1242 ﬂammas
1126 1202 1226 1257 per
1254 1185 1426 1240 inane
1457 1184 1726 1251 ferentes,
1947 1187 2056 1243 Sed
2091 1188 2234 1244 dum
2265 1189 2440 1245 turba
2469 1190 2743 1262 frequens
2766 1191 2964 1244 firmat
2993 1204 3229 1261 gressus
3267 1203 3370 1259 per
3397 1185 3590 1252 inane,

188 1279 346 1345 Quas
378 1276 590 1332 haerere
611 1274 813 1331 volunt
843 1276 914 1331 ad
943 1273 1204 1331 culmina
1233 1273 1644 1346 suspicientes,
1833 1305 1840 1310 -
1947 1275 2176 1332 Scalam
2209 1277 2424 1350 frangit
2467 1295 2637 1344 onus,
2679 1277 2986 1350 gentisque
3035 1276 3270 1349 repulsa
3314 1275 3590 1348 profanae.

188 1365 491 1423 Desudant
519 1363 614 1420 alii
648 1364 837 1420 fossas
863 1363 1105 1436 implere
1134 1367 1418 1436 patentes.
1943 1367 2016 1421 At
2042 1366 2131 1420 vir
2160 1366 2472 1439 praedictus
2499 1366 2794 1424 tollendus
2826 1368 2898 1423 ad
2932 1371 3089 1423 astra
3118 1367 3330 1432 favore,

189 1455 296 1512 Per
325 1457 616 1527 praerupta
647 1457 826 1509 ruunt
855 1453 1082 1526 equites
1112 1457 1512 1508 transcurrere
1545 1454 1798 1508 montes.
1946 1457 2068 1521 Quo
2098 1471 2158 1512 se
2179 1457 2306 1528 jam
2337 1455 2551 1512 tulerat
2577 1456 2789 1512 virtute
2819 1456 3097 1529 gravique
3126 1454 3342 1523 labore,

188 1544 314 1618 Non
351 1547 488 1598 sunt
517 1542 724 1598 horror
750 1557 932 1614 equos
963 1540 1021 1596 in
1055 1541 1219 1596 frena
1250 1546 1403 1597 retro
1435 1541 1764 1596 redeuntes.
1947 1544 2104 1599 Inter
2127 1561 2225 1600 eos
2257 1544 2350 1600 vix
2379 1544 2568 1617 potuit
2598 1546 2920 1601 conducere
2951 1561 3211 1612 sursum,

183 1633 436 1705 Jamque
466 1647 605 1686 cava
639 1629 877 1686 latitans
908 1629 1218 1698 testudine,
1255 1631 1426 1688 firma
1455 1629 1698 1685 cavabat
1945 1631 2211 1702 Eminet;
2247 1637 2425 1706 utque
2455 1651 2630 1690 canes
2661 1635 2984 1706 depascunt
3033 1632 3327 1690 morsibus
3364 1650 3592 1702 ursum,

186 1721 402 1779 Maenia
429 1721 578 1776 lecta
610 1719 838 1788 cohors,
869 1719 992 1791 jam
1025 1717 1215 1775 scalas
1245 1719 1420 1774 turba
1447 1717 1722 1821 levabatp
1867 1753 1918 1821 Β
1946 1721 2047 1776 Cui
2080 1720 2246 1794 plebs
2275 1721 2626 1778 incumbens
2661 1721 2958 1796 praeclusit
2989 1723 3097 1778 iter
3129 1721 3413 1795 fugiendi,

183 1817 328 1868 Cum
361 1811 554 1868 subito
584 1814 797 1866 coeunt
825 1809 1067 1878 Arabes,
1098 1808 1493 1882 gravibusque
1523 1806 1758 1862 lacertis
1867 1806 1918 1821 ”’
1951 1810 2044 1866 Sic
2078 1826 2193 1866 non
2222 1828 2390 1883 aequa
2415 1828 2628 1868 manus
2659 1812 2873 1885 premit
2903 1812 3081 1880 hunc,
3142 1810 3458 1885 populique
3495 1827 3596 1884 pre

185 1903 341 1958 Saxa
370 1904 582 1967 rotant,
618 1904 674 1955 et
703 1898 1043 1955 vulneribus
1075 1899 1218 1954 dant
1247 1897 1511 1972 proxima
1539 1896 1733 1953 certis.
3281 1898 3522 1973 [mendh
3634 1913 3641 1936 κ

191 1993 268 2055 Ac
297 1989 476 2046 veluti
507 1988 738 2044 nimbos
770 2005 904 2044 cum
934 1991 1167 2060 torquet
1192 1987 1382 2043 hiems
1413 1986 1658 2052 odiosa,
1951 1985 2052 2042 Ille
2082 2003 2184 2060 per
2210 1987 2497 2045 instantes
2529 1989 2711 2046 fertur
2740 1990 2946 2047 adculo
2977 1993 3100 2060 (sic)
3129 1989 3380 2046 venienti

182 2081 332 2136 Aera
361 2079 582 2152 grando
615 2081 791 2144 secat,
823 2076 911 2133 vis
943 2077 1125 2133 austri
1158 2075 1316 2132 szevit
1344 2091 1588 2148 aquosa,
1949 2075 2205 2148 Opponit
2235 2076 2522 2150 clypeum,
2548 2080 2705 2135 socio
2735 2079 2918 2136 tutela
2948 2079 3212 2152 sequenti

186 2167 485 2224 Imbribus
511 2165 800 2222 insultant
829 2165 1174 2238 crepitantia
1199 2169 1349 2220 tecta
1377 2165 1706 2231 domorum,
1949 2165 2115 2220 Nunc
2145 2165 2306 2238 prior
2335 2171 2440 2234 est,
2475 2184 2631 2223 nunc
2661 2167 2966 2240 posterior,
3001 2167 3214 2224 similis
3245 2167 3513 2239 fugienti.

181 2257 467 2314 Verberat
497 2256 657 2311 unda
685 2270 938 2328 sequens
969 2253 1254 2327 fugientia
1285 2257 1449 2326 terga
1477 2253 1756 2318 virorum,
1947 2253 2112 2310 Nunc
2145 2254 2397 2327 propriis
2427 2255 2559 2311 telis
2591 2255 2804 2330 populo
2839 2261 3006 2313 nocet
3035 2255 3132 2312 ille
3163 2256 3442 2328 stupenti,

185 2347 284 2402 Sic
309 2345 509 2402 miseri
543 2345 758 2418 quibus
789 2361 908 2400 una
938 2343 1098 2400 salus
1129 2342 1368 2398 inimica
1397 2341 1597 2412 saluti,
1947 2343 2114 2399 Nunc
2142 2343 2390 2416 gladios,
2428 2361 2582 2400 nunc
2615 2345 2733 2416 pila
2755 2345 2925 2418 fugit,
2961 2362 3117 2400 nunc
3139 2343 3300 2400 mille
3321 2343 3593 2400 molares.

183 2434 405 2492 Pellere
436 2433 570 2503 tela,
602 2434 780 2490 sudes
799 2433 1046 2516 jaciunt,
1081 2433 1382 2506 clypeique
1414 2429 1624 2486 muniti
1945 2432 2076 2488 Jam
2108 2433 2337 2487 fumant
2366 2437 2552 2498 artus,
2578 2433 2705 2504 jam
2738 2439 3016 2505 spumant
3045 2429 3330 2504 sanguine
3361 2447 3549 2487 nares.

181 2525 337 2580 Dant
367 2523 677 2596 crepitum,
713 2522 947 2596 fugiunt
974 2522 1200 2594 equites
1231 2521 1340 2578 sub
1371 2519 1456 2576 eis
1478 2517 1764 2586 maletuti,
1945 2520 2159 2576 Contra
2189 2524 2276 2579 tot
2305 2525 2497 2592 pestes
2528 2527 2726 2578 manet
2759 2539 2912 2578 unus
2934 2522 3160 2594 integra
3193 2520 3327 2588 vita,

180 2613 257 2670 Ut
285 2613 478 2668 tradet
509 2629 576 2667 ex
607 2596 757 2684 equo
790 2609 1158 2667 Raimundus
1190 2609 1343 2666 bella
1373 2608 1586 2682 parari,
1945 2608 2290 2678 Missilibus,
2315 2609 2552 2681 jaculis,
2585 2612 2751 2680 sude,
2783 2611 3065 2678 fustibus,
3100 2625 3240 2666 ense
3273 2608 3473 2682 petita,

178 2702 382 2758 Altum
413 2702 484 2757 de
517 2701 695 2775 lignis
726 2704 984 2756 castrum
1007 2701 1178 2772 jubet
1209 2698 1503 2754 aedificari.
1943 2698 2093 2753 Dum
2126 2702 2414 2771 quantum
2434 2700 2721 2773 deprensa
2744 2704 2934 2772 potest
2960 2716 3124 2773 gens,
3149 2698 3324 2754 turba
3340 2697 3584 2767 resistit,

182 2790 336 2848 Illud
372 2790 591 2846 montis
621 2789 844 2846 habens
872 2789 1080 2858 instar,
1114 2788 1382 2845 trabibus
1412 2788 1476 2842 fit
1507 2786 1751 2843 acernis.
1945 2786 2086 2843 Fida
2116 2787 2324 2844 cohors
2353 2788 2568 2844 iterum
2602 2789 2791 2846 scalas
2824 2789 2894 2845 ad
2924 2788 3141 2845 mcenia
3171 2788 3348 2845 sistit.

184 2881 376 2953 Hujus
400 2880 676 2934 ductores
707 2877 843 2934 imis
871 2877 1092 2934 latuere
1123 2876 1405 2933 cavernis.
1943 2876 2074 2932 Mox
2103 2875 2283 2933 oblita
2313 2877 2427 2944 sui,
2460 2878 2560 2934 sed
2589 2895 2704 2934 non
2737 2877 2916 2934 oblita
2944 2894 3208 2946 suorum,

185 2970 249 3026 In
280 2984 518 3024 summo
546 2971 807 3033 venator,
842 2972 987 3038 erat,
1021 2983 1318 3038 cornuque
1350 2965 1648 3038 strepebat
1940 2965 2288 3023 Conscendit
2316 2983 2517 3023 muros
2548 2984 2867 3040 properans
2897 2968 2968 3022 ad
3001 2984 3169 3039 opem
3199 2965 3511 3022 sociorum.

183 3056 501 3121 Ebrardus,
535 3055 759 3112 delecta
788 3055 996 3114 cohors
1027 3055 1085 3110 in
1117 3056 1303 3110 fronte
1335 3055 1638 3110 fremebat.
1943 3054 2058 3110 Nec
2089 3069 2273 3122 mora,
2307 3070 2410 3126 per
2438 3059 2630 3112 turres
2661 3055 2857 3111 sonitu
2891 3054 3258 3111 concurritur
3287 3057 3430 3123 orto,

181 3148 334 3220 Ergo
365 3145 472 3201 viri
505 3144 870 3218 pedibusque
903 3145 1048 3212 suis,
1081 3145 1447 3217 pedibusque
1479 3147 1736 3198 rotarum
1864 3128 1908 3195 C
1949 3143 2072 3198 Non
2102 3142 2250 3216 riget
2275 3143 2370 3199 hic
2403 3160 2573 3201 arcus
2603 3148 2913 3200 contentus
2944 3145 3080 3199 fune
3112 3147 3345 3200 retorto.

178 3235 414 3303 Adnixi,
450 3234 584 3290 licet
612 3233 941 3306 impediant
971 3233 1097 3290 loca
1127 3233 1330 3289 stricta
1358 3232 1606 3298 viarum,
1947 3231 2060 3287 Res
2088 3231 2285 3304 agitnr
2311 3231 2560 3305 gladiis;
2596 3233 2666 3289 de
2697 3233 2990 3288 moenibus
3021 3231 3221 3289 ordine
3251 3231 3384 3289 ﬁxa.

185 3324 538 3398 Adjungunt
569 3323 698 3378 alte
728 3322 875 3378 turri
903 3325 1162 3378 castrum
1194 3321 1384 3392 magis
1415 3319 1621 3389 altum,
1945 3320 2096 3376 Saxa
2122 3319 2382 3389 trahunt,
2415 3321 2719 3394 murisque
2749 3321 2873 3378 suis
2906 3339 3063 3378 mors
3091 3320 3379 3394 frangitur
3408 3321 3556 3393 ipsa.

177 3415 372 3485 Atque
401 3417 610 3486 parant
639 3429 817 3484 super
845 3411 1127 3467 attonitos
1157 3409 1352 3466 subito
1385 3410 1523 3465 dare
1552 3408 1786 3465 saltum.
1945 3410 2132 3482 Terga
2163 3409 2368 3464 dedere
2400 3408 2565 3481 prius
2596 3411 2802 3479 nostri,
2837 3427 3198 3483 numeroque
3224 3411 3522 3466 furentum

179 3502 351 3558 Tunc
380 3505 438 3558 et
468 3501 538 3557 ab
571 3501 813 3557 urbanis
845 3501 910 3556 fit
939 3499 1229 3568 machina,
1265 3517 1391 3572 quae
1415 3499 1673 3571 jaciebat
1843 3551 1846 3554 .
1945 3497 2278 3566 Cesserunt;
2314 3497 2644 3571 pressitque
2677 3517 2887 3555 sonum
2919 3499 3174 3573 gemitus
3219 3498 3594 3555 morientum.

181 3592 516 3648 Immensos
545 3589 789 3663 lapides,
823 3594 880 3646 et
909 3593 1169 3645 castrum
1203 3587 1594 3657 concutiebat,
1944 3587 2028 3641 Ad
2062 3590 2275 3641 terram
2304 3586 2469 3642 missi
2502 3586 2762 3660 plerique
2793 3605 2992 3646 necem
3023 3588 3344 3662 fugiebant.
3631 3583 3640 3591 ’

184 3681 519 3738 Graecorum
546 3678 742 3752 piceos
773 3678 940 3752 ignes
971 3681 1124 3734 rotat
1154 3677 1394 3749 insuper
1422 3675 1543 3742 illa,
1947 3677 2132 3742 Quam
2164 3679 2360 3732 tamen
2391 3677 2464 3732 ad
2495 3680 2710 3733 terram
2743 3679 3019 3734 confracti
3045 3677 3500 3751 comperiebant.

185 3771 262 3827 Et
285 3766 442 3824 volat
467 3772 598 3824 ante
625 3767 780 3824 viros
812 3768 996 3823 fetens
1027 3770 1083 3822 et
1115 3765 1281 3838 nigra
1312 3765 1526 3820 favilla.
1948 3763 2204 3820 Solvitur
2251 3763 2472 3820 interea
2522 3783 2748 3835 murus,
2800 3767 2892 3822 cui
2957 3784 3019 3824 se
3067 3771 3269 3823 nostra
3315 3767 3597 3839 juventus

187 3859 401 3914 Servat
427 3854 488 3910 in
513 3857 647 3931 igne
677 3873 818 3912 suos
851 3855 1048 3911 divina
1077 3858 1344 3928 potentia
1373 3871 1590 3922 servos,
1947 3854 2148 3910 Castro
2178 3857 2330 3909 tecta
2359 3852 2539 3924 subit,
2579 3854 2768 3912 solida
2795 3873 2900 3912 nec
2931 3873 3074 3930 rupe
3105 3859 3366 3913 retentus

185 3946 266 4002 Et
295 3939 458 3999 dedit
488 3944 716 4000 ardores
747 3960 864 3998 non
895 3958 1065 4015 posse
1097 3959 1304 3998 nocere
1335 3941 1588 3997 nocivos.
1948 3943 2051 3998 Est
2080 3958 2280 4014 eques,
2313 3941 2650 4016 ingrediens
2681 3961 2894 4002 arcana
2922 3945 3208 4002 foramine
3237 3945 3440 4002 stricta

267 4032 572 4089 Murorum
591 4032 842 4104 jaciunt,
875 4047 978 4104 per
1006 4028 1447 4104 propugnacula
1477 4031 1654 4086 fortes
1951 4031 2104 4088 Gens
2136 4031 2305 4104 repit,
2336 4034 2480 4088 tuba
2508 4033 2676 4107 signa
2705 4035 2864 4091 dedit
2889 4035 3228 4092 tristissima
3253 4035 3427 4092 victo.

188 4118 575 4186 Christicolas,
600 4121 891 4194 castrique
924 4119 1142 4175 cadunt
1173 4119 1242 4174 de
1265 4117 1519 4175 culmine
1551 4123 1790 4175 mortes.
1948 4119 2022 4176 Ut
2049 4120 2245 4176 videre
2275 4121 2402 4177 suis
2435 4120 2632 4179 hostes
2666 4123 2724 4178 in
2757 4123 3048 4180 mcenibus
3079 4123 3197 4180 isti.

190 4207 438 4268 Pislerio
466 4207 536 4264 de
567 4213 753 4266 monte
783 4208 924 4264 furit
951 4206 1284 4264 Willelmus
1317 4207 1558 4274 ibidem,
1953 4208 2060 4274 Qui
2091 4225 2266 4281 super
2295 4210 2585 4279 astabant,
2623 4228 2728 4267 nec
2759 4212 2845 4268 eis
2869 4213 2995 4284 jam
3025 4229 3199 4284 posse
3229 4212 3443 4280 resisti,

191 4299 451 4364 Robora,
486 4313 633 4366 saxa,
667 4299 866 4366 sudes,
897 4297 1164 4354 certatim
1196 4297 1378 4352 mittit
1406 4301 1462 4352 et
1494 4296 1670 4352 idem.
1953 4298 2060 4354 Per
2089 4314 2289 4354 muros
2319 4315 2563 4371 rapuere
2594 4300 2816 4373 fugam,
2848 4301 3186 4374 clypeisque
3217 4300 3469 4371 rejectis,

190 4386 517 4462 Oppositus
547 4388 699 4444 talis
731 4388 919 4454 rubet,
953 4392 1010 4443 et
1040 4386 1327 4443 lustratur
1358 4386 1430 4441 ab
1462 4385 1616 4459 igne.
1954 4387 2296 4460 Merguntur
2325 4387 2520 4444 subito
2551 4387 2794 4446 diversis
2825 4390 3062 4463 agmina
3093 4390 3280 4446 tectis.

192 4478 392 4566 Hujus
423 4491 530 4548 ego
563 4491 774 4566 nequeo
804 4475 1048 4566 virtutes
1077 4475 1269 4532 dicere
1299 4475 1494 4547 digue.
1532 4563 1541 4566 Α
1878 4501 1922 4566 υ
1955 4477 2094 4566 Pars
2124 4475 2248 4566 solo
2279 4480 2496 4534 terrore
2527 4479 2696 4550 perit,
2727 4479 2998 4552 plebique
3027 4479 3258 4536 cadenti

193 4565 324 4623 Illis
357 4581 474 4620 non
506 4562 704 4620 retinet
731 4564 1069 4638 frangendis
1102 4580 1362 4638 congrua
1392 4563 1578 4620 muris
1878 4562 1912 4566 ⁷
1954 4565 2110 4620 Mors
2141 4564 2353 4638 ignava
2383 4566 2559 4635 venit,
2591 4584 2706 4623 non
2737 4584 2874 4624 ense
2905 4571 3107 4624 vocata
3135 4568 3390 4636 rubenti,

196 4653 498 4722 Machina,
532 4651 634 4708 sed
659 4654 888 4727 gaudet,
920 4654 1136 4727 gaudet
1165 4652 1449 4726 patientia
1472 4652 1657 4710 duris.
1959 4653 2210 4710 Maxima
2239 4655 2412 4712 turba
2441 4656 2594 4729 perit
2622 4656 2955 4714 venientum
2989 4657 3222 4713 turbine
3250 4656 3441 4730 pulsa,

191 4744 330 4801 Non
353 4747 508 4798 retro
535 4738 784 4800 molitus
812 4742 942 4798 vita:
973 4741 1283 4798 dulcedine
1315 4741 1488 4810 cedit,
1956 4742 2129 4799 Duris
2162 4743 2277 4800 ﬁxa
2305 4745 2515 4800 rubent
2543 4745 2890 4802 miserorum
2923 4747 3188 4802 membra
3216 4745 3462 4802 revulsa.

194 4833 342 4901 Nec,
375 4829 644 4904 quamvis
675 4831 957 4888 decuisset
988 4831 1068 4886 ibi
1103 4829 1345 4902 fugisse,
1381 4829 1619 4886 recedit.
1957 4831 2130 4888 Urbis
2158 4832 2228 4887 ad
2262 4831 2518 4889 excelsas
2548 4837 2740 4890 turres
2771 4835 2853 4890 ita
2883 4835 3024 4890 dum
3058 4838 3420 4908 properatur,

197 4922 326 4980 Hos
358 4923 548 4989 necat,
578 4919 686 4974 hos
701 4927 965 4992 quassat,
1000 4936 1062 4976 se
1094 4919 1322 4988 circuit,
1358 4935 1524 4975 arma
1552 4919 1800 4992 repellit,
1959 4920 2211 4976 Diversis
2243 4937 2402 4978 mors
2433 4939 2555 4978 una
2584 4923 2774 4980 modis
2806 4923 2914 4980 hos
2948 4922 3359 4997 depopulatur.

197 5011 376 5068 Nunc
406 5025 630 5075 muros,
665 5025 806 5066 nine
837 5013 1002 5066 scuta
1032 5008 1184 5075 ferit,
1237 5025 1392 5064 nunc
1437 5007 1665 5081 spicula
1693 5008 1853 5066 vellit
1958 5009 2178 5082 Vesper
2208 5015 2333 5067 erat
2355 5011 2570 5068 nostais
2603 5013 2802 5068 minus
2837 5012 2933 5068 illo
2964 5016 3224 5085 tempore
3247 5017 3470 5086 gratus,

197 5100 376 5158 Nunc
405 5097 609 5172 procul
637 5115 671 5154 a
700 5102 897 5171 «astro,
931 5115 1086 5154 nunc
1119 5098 1396 5170 adjuncta
1427 5097 1629 5170 procul
1661 5115 1792 5155 arce
1952 5098 2326 5171 Paganisque
2351 5100 2510 5156 dedit
2537 5099 2793 5158 latebras
2828 5100 3080 5157 nimium
3113 5107 3484 5175 properatus,

197 5187 407 5246 Turba
441 5187 791 5244 sacerdotum
824 5187 1157 5244 clamabat:
1194 5187 1312 5242 Rex
1341 5187 1453 5260 pie,
1489 5204 1681 5259 parce.
1952 5187 2192 5243 Noctem
2225 5205 2328 5260 pro
2357 5187 2520 5246 lucro
2551 5207 2748 5262 paenas
2777 5191 2838 5246 in
2871 5189 3000 5246 luce
3034 5191 3305 5259 daturus,

197 5284 410 5346 Parce,
447 5277 620 5346 Deus,
654 5281 976 5350 metuatque
1005 5281 1171 5333 tuum
1205 5275 1438 5349 gentilis
1470 5275 1638 5332 ovile.
1953 5275 2113 5332 Cinis
2143 5276 2342 5346 habet,
2374 5278 2678 5351 multoque
2710 5280 2885 5336 rubet
2908 5279 3038 5349 jam
3081 5279 3374 5353 sanguine
3404 5297 3630 5346 murus,

199 5366 321 5436 Qui
352 5365 564 5423 Christi
598 5382 789 5423 nomen
823 5370 1068 5422 conatur
1097 5365 1334 5420 reddere
1364 5364 1492 5420 vile.
1953 5364 2023 5420 Et
2054 5365 2194 5422 dum
2222 5365 2354 5422 laeta
2382 5367 2590 5424 cohors
2621 5369 2829 5426 urbem
2865 5367 2996 5424 sine
3027 5368 3266 5425 vindice
3314 5372 3519 5436 vastat,

200 5456 274 5516 Si
302 5455 435 5530 quis
467 5455 612 5512 forte
639 5459 787 5528 palat
815 5471 1158 5529 compagem
1190 5453 1412 5511 solvere
1443 5453 1618 5522 muri,
2001 5453 2036 5508 d
2069 5455 2317 5512 miseras
2347 5459 2538 5511 turres
2568 5457 2800 5530 gentilis
2834 5454 3096 5529 pallidus
3127 5459 3300 5513 astat.

203 5543 382 5607 Illius
410 5525 659 5602 excussa
681 5525 978 5603 damnatur
1007 5525 1206 5601 dextra
1236 5541 1448 5601 securi.
1955 5536 2012 5600 *ἲ
2033 5563 2146 5602 unc
2178 5545 2407 5602 monuit
2435 5525 2797 5606 Boimundus
2827 5525 2929 5603 eos
2961 5544 3304 5618 interpretis
3333 5561 3451 5614 ore,
3513 5525 3520 5577 Ῐ
