3994 6066
342 192 460 258 983

343 329 420 387 Ut
446 343 553 385 sua
582 323 831 384 lenirent
859 325 1018 383 mala
1046 325 1291 383 consilio
1322 324 1579 392 meliore,

343 419 415 476 Et
443 418 693 475 subeant
720 420 941 472 turrem
965 433 1092 489 quae
1126 414 1397 489 praesidet
1425 416 1608 472 ardua
1638 418 1834 487 potte,

345 511 461 568 Hos
490 507 762 582 equidem
794 511 950 580 teget
980 507 1039 562 in
1073 508 1290 562 misera
1312 524 1420 562 sua
1445 507 1680 561 dextera
1709 509 1916 561 morte.

344 600 636 656 Victorem
664 597 1002 669 victumque
1037 596 1175 652 facit
1206 613 1317 652 nox
1344 595 1728 668 irrequietum

347 689 514 746 Victa
542 688 693 761 rapit
713 686 914 755 victor,
946 685 1101 742 videt
1129 685 1221 741 hic
1253 702 1554 740 accurrere
1576 684 1823 740 lethum.

351 781 603 851 Jamque
633 777 787 832 diem
819 775 1128 847 luctusque
1160 792 1338 830 novos
1368 791 1579 830 aurora
1606 774 1867 839 vocabat,

351 869 570 925 Vicina:
602 865 777 922 morti
807 882 869 921 se
897 865 1037 920 civis
1065 865 1125 919 in
1160 864 1301 920 urbe
1332 864 1594 935 parabat.

351 954 707 1015 Christicolae
735 954 1036 1027 stringunt
1065 970 1254 1022 enses,
1288 956 1345 1009 et
1371 957 1525 1009 tecta
1555 951 1813 1009 cruentis

354 1045 704 1120 Corporibus
733 1043 1044 1116 complent,
1079 1043 1397 1116 populique
1423 1058 1626 1098 cruore
1656 1041 1940 1097 cadentis.

355 1136 460 1194 Hic
488 1135 666 1193 etiam
694 1133 926 1189 virtutis
958 1150 1107 1204 opus
1138 1132 1351 1205 gladiis
1383 1131 1581 1199 iniere,

355 1226 604 1299 Corpore
630 1222 728 1296 qui
758 1222 919 1278 tenui
941 1223 1092 1277 vires
1122 1220 1381 1277 modicas
1414 1220 1689 1276 habuere.

354 1317 622 1387 Dantque
653 1328 823 1368 senes
853 1310 1175 1366 decollandi
1210 1326 1440 1382 peanam
1471 1308 1794 1381 graviorem

358 1408 543 1473 Quam
567 1404 848 1474 juvenes;
903 1400 1172 1472 producit
1202 1398 1357 1454 enim
1398 1399 1486 1455 vis
1516 1416 1694 1471 parva
1725 1398 2003 1454 dolerem.

358 1499 426 1551 Et
451 1492 633 1551 veluti
664 1478 979 1547 minimum
1011 1489 1340 1563 potuissent
1364 1505 1494 1545 esse
1525 1506 1730 1546 nocere

359 1587 648 1658 Tempora
677 1581 1070 1656 quorumdam
1099 1578 1325 1651 laqueis
1351 1579 1435 1636 sic
1466 1578 1826 1653 implicuere.

358 1675 434 1733 Ut
460 1674 697 1747 laquem
730 1669 976 1728 baculus
1008 1668 1389 1743 constringat,
1421 1672 1477 1725 et
1505 1668 1783 1725 interiora

360 1764 617 1822 Perforet
642 1779 779 1819 ossa
807 1760 1003 1835 rigens
1034 1759 1213 1826 funis,
1248 1775 1419 1816 cruor
1452 1758 1694 1832 impleat
1723 1757 1900 1827 intra,

363 1857 529 1912 Tunc
558 1853 770 1909 educta
800 1851 926 1908 suis
946 1849 1252 1906 exstabant
1282 1849 1484 1904 oribus
1515 1849 1727 1904 horum

366 1942 636 2011 Lumina,
662 1941 914 1997 foedabat
943 1938 1137 1995 sanies
1165 1938 1379 1994 barbas
1409 1938 1781 1994 miserorum.

366 2031 531 2089 Talia
561 2028 819 2104 fingebat
849 2028 975 2083 auri
1008 2026 1136 2083 sitis
1167 2026 1499 2083 elfodiendi.

367 2121 513 2178 Nam
527 2119 668 2193 quid
683 2135 798 2173 non
813 2117 1019 2173 suadet
1031 2132 1195 2172 amor
1208 2116 1629 2171 immoderatus
1651 2114 1945 2171 habendi?

366 2209 604 2265 Viscera
630 2209 817 2262 morte
846 2204 1003 2277 gravi
1030 2204 1154 2275 jam
1186 2203 1398 2277 frigida
1426 2204 1627 2260 dextra
1656 2209 1899 2260 cruenta

369 2295 615 2364 Scindit,
648 2297 705 2350 et
733 2309 802 2349 ex
828 2291 976 2365 ipsis
1007 2308 1218 2347 manus
1249 2291 1446 2348 haurit
1476 2309 1648 2348 avara
1667 2292 1904 2348 talenta.

367 2388 473 2444 Ast
502 2383 649 2441 alios
680 2398 908 2440 servare
936 2380 1105 2435 ducis
1137 2396 1285 2452 quos
1316 2396 1457 2436 cura
1483 2379 1728 2449 volebat,

367 2472 746 2534 Irrevocabile
773 2470 984 2545 vulgus
1016 2470 1088 2526 ad
1119 2469 1302 2543 impia
1332 2470 1450 2526 fata
1478 2470 1764 2527 trahebat.

367 2568 493 2624 Ima
521 2579 690 2620 senes
719 2560 875 2617 erebi
908 2563 1199 2632 repetunt,
1232 2560 1565 2615 venduntur
1587 2560 1815 2632 ephebi.

365 2652 630 2713 Detinuit
658 2654 890 2707 nostros
924 2648 984 2704 in
1015 2648 1233 2704 finibus
1264 2648 1355 2705 his
1386 2666 1552 2704 mora
1582 2649 1825 2704 mensis.

366 2745 633 2802 Mortuus
661 2740 886 2796 interea
915 2737 1128 2811 praesul
1160 2737 1271 2793 fuit
1291 2737 1387 2793 hic
1419 2737 1702 2794 Oriensis.

374 2835 587 2892 Nostra
607 2829 815 2887 cohors
843 2828 1049 2901 paucis
1079 2828 1404 2883 consumsit
1432 2826 1620 2883 multa
1643 2826 1850 2883 diebus
1875 2845 1888 2882 :

376 2920 574 2978 Nescit
597 2917 754 2976 enim
783 2915 967 2991 partis
994 2914 1233 2971 victoria
1260 2932 1493 2988 parcere
1518 2917 1713 2973 rebus.

375 3010 498 3068 Illic
528 3024 663 3082 ergo
696 3007 908 3062 famem
941 3020 1084 3078 gens
1132 3003 1374 3077 pertulit
1416 3003 1883 3071 immoderatam,

368 3100 440 3156 Et
470 3098 854 3169 susceperunt
881 3096 1127 3150 mortem
1160 3092 1420 3166 plerique
1449 3097 1733 3162 vocatam,

371 3190 438 3247 Et
470 3187 611 3261 quia
636 3202 752 3241 non
785 3182 991 3240 habuit
1021 3181 1274 3256 populus
1306 3183 1460 3255 quod
1492 3182 1705 3239 habere
1734 3182 1962 3252 licebat,

373 3276 585 3335 Tendit
614 3275 675 3330 in
706 3271 1000 3339 illicitum,
1037 3271 1173 3328 facit
1201 3272 1310 3328 hoc
1341 3272 1495 3345 quod
1517 3273 1620 3344 jus
1648 3271 2014 3345 prohibebat.

870 190 975 254 AD
1020 189 1537 255 GODEFRIDUM
1578 176 1915 253 APPEND.
1945 188 2021 255 Π.
2046 223 2125 236 --
2155 187 2463 254 MONUM.
2509 188 2613 252 DE
2652 187 2903 253 BELLO
2947 186 3221 251 SACRO.

3624 186 3764 250 984

2010 326 2066 393 Α
2094 324 2163 380 Et
2192 324 2444 380 Marram
2476 322 2710 397 populis
2736 321 3043 379 minimum
3069 323 3194 396 jam
3235 322 3471 380 reddere
3497 323 3755 391 victum,

2101 412 2236 470 Plus
2268 413 2401 469 fidei
2432 413 2579 469 ﬁsus
2610 429 2786 486 quam
2814 412 3058 481 viribus,
3092 412 3289 469 omnia
3317 413 3544 471 Christo

2101 502 2448 568 Committit,
2483 502 2704 575 fatique
2733 502 2888 558 vices
2918 503 3065 557 duce
3098 519 3211 557 non
3239 502 3406 558 timet
3433 503 3565 559 isto.

2103 594 2265 648 Tunc
2297 592 2548 665 pedibue
2581 591 2787 658 nuDis,
2821 590 2993 647 solito
3025 594 3283 648 cessante
3313 597 3539 663 paratu,

2102 682 2413 755 Egreditur
2441 681 2692 736 Marram
2726 697 2860 736 cum
2892 680 3115 753 plebeio
3146 681 3441 738 comitatu.

2106 770 2386 838 Quaelibet
2415 769 2551 826 huic
2582 770 2794 843 pepulo
2828 786 3065 826 cessura
3095 769 3349 841 pericula
3370 770 3552 842 jurat.

2108 861 2222 918 Nec
2253 876 2457 917 secura
2488 860 2633 915 ﬁdes
2663 875 2864 933 regum
2899 859 3192 916 consortia
3220 864 3402 915 curat.

2109 950 2323 1006 Cedere
2352 950 2710 1022 pauperibus
2739 950 2908 1005 fortis
2940 952 3105 1021 putat
3132 947 3229 1005 ille
3260 947 3465 1019 ﬁdelis,

2108 1040 2297 1095 Audet
2325 1043 2381 1095 et
2410 1039 2536 1111 ipse
2565 1043 2753 1094 ratem
2784 1038 2993 1095 laceris
3024 1039 3389 1095 committere
3413 1040 3574 1097 velis.

2113 1129 2282 1184 Plebs
2313 1144 2590 1201 aggressa
2617 1128 2772 1183 viam
2806 1130 3043 1200 propter
3063 1128 3295 1199 jejunia
3324 1130 3503 1197 tarda,

2112 1219 2182 1273 Et
2212 1218 2453 1273 comites
2484 1217 2715 1273 comitis
2749 1217 3009 1290 primum
3039 1232 3246 1272 venere
3276 1216 3596 1290 Capharda.

2114 1307 2331 1363 Consul
2372 1306 2836 1374 Northmannus,
2890 1305 3541 1381 Northmannerumque
3586 1310 3770 1367 coher

3558 1397 3692 1473 [ιθεν

2115 1490 2269 1554 Quos
2301 1487 2491 1544 reddit
2521 1504 2628 1542 sua
2657 1490 2812 1542 terra
2841 1485 3057 1560 pigros,
3092 1486 3394 1561 incognita
3427 1488 3619 1558 fortes,

2114 1577 2220 1633 Hic
2249 1576 2465 1632 animis
2496 1581 2552 1631 et
2581 1575 2925 1648 corporibus
2956 1576 3177 1634 nostris
3207 1577 3525 1633 sociantur.

2118 1667 2197 1723 De
2229 1665 2363 1722 ﬁdei
2395 1665 2516 1721 zclo
2550 1663 2700 1720 male
2732 1681 2974 1737 quaeque
3006 1665 3205 1722 subire
3236 1671 3555 1723 morantur.

2125 1757 2242 1812 Rex
2274 1772 2508 1829 quoque
2539 1755 2848 1810 Caesareae
2878 1755 3096 1811 nostris
3153 1756 3458 1827 praatendit
3486 1774 3775 1826 amorem,

2120 1847 2191 1902 Et
2218 1844 2409 1918 specie
2440 1844 2601 1917 pacis
2624 1842 2773 1899 male
2802 1842 3003 1916 palliat
3032 1843 3130 1900 ille
3159 1844 3451 1901 timorem.

2123 1935 2383 2008 Denique
2412 1936 2728 1990 Caesaream
2760 1932 2909 1989 serie
2938 1933 3169 1989 firmata
3198 1934 3488 1991 malorum

2126 2024 2322 2082 Turba
2344 2024 2510 2097 petit,
2544 2024 2685 2095 quia
2714 2022 2891 2096 longa
2921 2022 3086 2095 quies
3116 2022 3281 2079 labor
3310 2030 3463 2080 esset
3492 2042 3720 2081 eorum.

2124 2114 2459 2186 Inseditque
2492 2129 2669 2184 super
2699 2111 2942 2167 fluvium
2976 2112 3194 2179 Farfar,
3228 2114 3367 2186 quia
3391 2113 3503 2170 tale

2124 2204 2345 2260 Nomen
2379 2202 2554 2258 habet
2584 2202 2801 2257 ﬂumen
2832 2201 2927 2257 hic
2957 2202 3089 2257 urbi
3123 2200 3474 2259 collaterale.

2124 2295 2192 2349 Et
2223 2292 2408 2348 muris
2441 2292 2678 2347 admota
2708 2291 2888 2346 nimis
2920 2290 3171 2347 tentoria
3198 2290 3344 2347 vidit

2124 2384 2244 2439 Rex
2266 2381 2449 2447 urbis,
2482 2382 2667 2437 vetuit
2698 2381 3070 2447 commercia,
3105 2385 3276 2453 pacta
3304 2381 3531 2439 recidit.

2124 2473 2304 2530 Nocte
2335 2472 2436 2527 sed
2466 2476 2684 2539 exacta,
2717 2468 2932 2542 populo
2954 2470 3079 2541 jam
3110 2470 3533 2544 progrediente,

2123 2561 2227 2617 His
2257 2563 2636 2617 occurrerunt
2665 2560 2780 2615 duo
2812 2560 3011 2625 Turci,
3046 2576 3180 2633 rege
3202 2561 3470 2631 jubente,

2123 2652 2403 2708 Hostibus
2434 2649 2802 2721 obsequium,
2836 2648 2972 2705 licet
3000 2649 3220 2718 hostes,
3253 2650 3664 2708 exhibuerunt.

2124 2742 2193 2796 Et
2220 2740 2367 2795 vada
2399 2756 2543 2812 quos
2576 2737 2796 2794 nollent
2825 2739 3065 2794 evadere
3092 2739 3556 2812 pazedocuerunt.

2123 2828 2295 2885 Venit
2324 2833 2381 2885 et
2412 2828 2483 2883 ad
2514 2826 2722 2882 vallem
2753 2827 3073 2898 quamdam
3116 2845 3260 2900 gens
3291 2833 3491 2885 nostra
3521 2829 3781 2888 duorum

2126 2918 2446 2986 Conductu,
2481 2916 2748 2989 cepitque
2778 2917 2952 2972 boves
2983 2917 3130 2987 (115)
3161 2921 3217 2972 et
3245 2933 3531 2989 equorum

2130 3008 2414 3074 Praedam;
2449 3022 2659 3078 nempe
2689 3006 2863 3061 boves
2892 3008 2950 3061 et
2979 3005 3112 3077 equi
3144 3022 3246 3078 per
3269 3007 3537 3079 gramina
3568 3006 3684 3063 late

2048 3082 2091 3149 Ο
2132 3096 2297 3152 Ibant
2326 3094 2627 3169 graminea
2656 3094 2976 3168 gaudentes
3008 3094 3321 3151 fertilitate.

2128 3185 2315 3258 thue
2346 3185 2541 3242 ferunt
2570 3183 2788 3257 quibus
2818 3181 2919 3239 illa
2945 3183 3057 3238 fuit
3078 3184 3357 3256 praedatio
3388 3189 3566 3254 tenta,

2128 3275 2597 3349 Deprzedatorum
2629 3277 2769 3328 sunt
2797 3271 2987 3329 millia
3015 3273 3277 3346 quinque
3308 3279 3558 3347 reperta,

372 3366 521 3423 Proh
553 3362 741 3421 dolorl
768 3362 882 3417 heu
900 3359 1165 3417 facinus!
1197 3362 1452 3417 verubus
1483 3377 1728 3433 posuere
1758 3365 2017 3417 recentes
2123 3366 2343 3438 Aggere
2375 3364 2672 3419 munitum
2705 3362 2859 3430 forti,
2897 3379 3185 3436 muroque
3215 3364 3486 3431 rotundo,

370 3457 694 3512 Turcerum
722 3467 946 3518 carnes,
969 3448 1226 3507 lacerant
1252 3450 1531 3506 cadavera
1562 3451 1784 3507 dentes.

368 3560 647 3619 Discordia
684 3561 829 3614 inter
855 3556 1238 3628 Boamundum
1264 3565 1317 3612 et
1360 3558 1629 3613 comitem.
1672 3556 1729 3613 S.
1781 3558 2009 3628 ngidii.

633 3631 834 3685 Fausta
861 3629 1049 3685 omnia
1080 3627 1410 3684 Christianis
1435 3628 1745 3684 succedunt.

366 3723 531 3778 Tunc
551 3721 954 3793 perscrutatur
983 3717 1294 3773 Boimundi
1325 3733 1503 3772 causa
1532 3718 1787 3774 secundo

363 3811 480 3868 Nec
510 3806 847 3867 coneordari
878 3805 1069 3879 potuit
1096 3806 1213 3861 dux
1233 3823 1365 3861 cum
1398 3807 1767 3880 Raymundo,

365 3900 582 3973 Regem
609 3914 727 3954 non
758 3895 936 3969 recipi
967 3894 1706 3968 Constantinopolitanum,

361 3987 478 4044 Nec
508 3988 646 4044 dare
666 3986 957 4059 juratum,
990 4000 1187 4040 comes
1214 3984 1425 4040 asserit
1453 4000 1584 4041 esse
1613 3984 1945 4057 profanum.

361 4076 512 4149 Ergo
539 4075 646 4130 viae
671 4090 874 4130 curam
905 4076 1119 4129 sanctae
1151 4072 1321 4129 ducis
1350 4073 1439 4129 ira
1468 4074 1689 4146 rejeeit,

360 4164 454 4221 Ira
485 4164 718 4229 ducem,
751 4162 867 4217 dux
896 4177 1106 4236 agmen
1136 4162 1247 4217 iter
1278 4166 1631 4234 postponere
1657 4163 1813 4220 fecit.

361 4252 461 4310 Ille
491 4252 731 4326 quidem
757 4268 892 4307 cum
925 4250 1294 4324 principibus
1323 4253 1592 4325 repetivit
1623 4257 1818 4309 amata

366 4342 599 4410 Maenia,
633 4340 915 4414 plebsque
943 4339 1097 4396 dolet
1123 4341 1305 4395 tantis
1334 4342 1604 4413 patribus
1632 4342 1891 4400 viduata.

366 4431 478 4489 Sed
509 4447 705 4487 comes
734 4429 943 4502 Egidii
975 4429 1170 4484 Sancti
1205 4434 1403 4486 manet
1428 4430 1803 4503 irrequietus,

363 4520 588 4577 Anxius
619 4520 679 4575 in
710 4518 933 4587 multis,
967 4535 1242 4574 curarum
1275 4520 1426 4574 mole
1458 4520 1732 4592 repletus.

366 4609 455 4666 Sit
482 4609 655 4665 modo
685 4606 846 4665 salva
874 4608 1021 4663 ﬁdes
1051 4607 1242 4680 placet
1270 4612 1335 4662 ut
1364 4608 1677 4664 descendat
1707 4610 1778 4665 ad
1811 4609 1928 4667 ima

365 4696 662 4765 Quaelibet,
694 4701 751 4754 et
779 4712 1085 4770 procerum
1117 4701 1447 4753 summetur
1474 4714 1568 4754 res
1598 4715 1666 4754 ea
1692 4699 1853 4767 lima,

364 4786 777 4859 Mandavitque
805 4785 945 4841 viris
975 4786 1316 4842 absentibus
1347 4791 1414 4842 ut
1443 4787 1762 4862 Rugiosam

361 4875 524 4933 Juris
555 4892 751 4932 amore
778 4879 995 4948 petant,
1031 4892 1149 4930 rem
1173 4875 1491 4931 discutiant
1520 4876 1802 4934 odiosam.

362 4964 746 5032 Conveniunt,
770 4981 891 5019 rem
922 4962 1267 5029 discutiunt,
1302 4964 1401 5020 sed
1430 4965 1589 5021 fraus
1620 4965 1699 5022 ibi
1731 4966 1859 5022 dira

362 5052 655 5109 Damonis
686 5053 922 5121 insedit,
957 5068 1061 5107 nec
1092 5051 1270 5107 linem
1300 5055 1558 5127 repperit
1588 5055 1695 5110 ira.

362 5143 526 5199 Tunc
559 5142 812 5197 Marram
842 5139 1009 5212 petiit
1037 5156 1233 5196 comes
1262 5143 1615 5214 exspectatio
1647 5145 1852 5213 turbae,

360 5229 717 5304 Collegitque
745 5245 856 5283 sua
875 5228 1118 5284 comites
1148 5229 1513 5286 Boimundus
1546 5231 1604 5287 in
1636 5233 1798 5290 urhe.

360 5318 436 5376 Ut
466 5333 663 5375 comes
692 5334 727 5372 a
756 5316 984 5373 cunctis
1015 5333 1079 5373 se
1108 5317 1392 5389 conspicit
1412 5335 1539 5377 esse
1570 5320 1862 5391 relictum,

435 5476 584 5551 (145)
614 5476 789 5535 Deest
816 5476 914 5535 hic
942 5493 1127 5534 unum
1156 5477 1421 5536 verbum.

2124 3454 2327 3510 Stabat
2356 3452 2436 3509 ibi
2468 3456 2748 3518 castrum,
2780 3453 2884 3508 sed
2917 3452 3180 3507 redditur
3211 3452 3319 3508 hoc
3352 3453 3718 3526 Raymundo.

2122 3543 2405 3599 Hostibus
2434 3542 2493 3597 in
2526 3541 2735 3597 mediis
2762 3558 2865 3613 per
2895 3541 3154 3614 quinque
3185 3541 3311 3598 dies
3342 3542 3625 3599 habitare.

2003 3686 2015 3697 ,
2123 3633 2365 3700 Profuit,
2396 3632 2446 3689 ei
2475 3631 2681 3705 spoliis
2705 3632 2977 3703 jumenta
3002 3631 3156 3687 datis
3186 3649 3446 3689 onerare.

2121 3724 2285 3779 Tunc
2314 3738 2458 3796 gens
2486 3720 2595 3777 illa
2624 3721 2737 3776 ﬁde
2769 3721 2966 3776 firmat
2995 3737 3057 3777 se
3087 3720 3280 3777 foedus
3308 3720 3519 3777 habere

2122 3811 2471 3885 Perpetuum
2502 3826 2637 3865 cum
2666 3808 3047 3878 Christicolis,
3074 3808 3336 3883 nullique
3365 3824 3581 3867 nocere.

2120 3899 2247 3956 Non
2275 3903 2470 3954 tamen
2501 3897 2641 3954 huic
2674 3897 2804 3953 ﬁdei
2837 3898 2984 3955 foret
3012 3897 3133 3955 ulla
3163 3899 3308 3955 fides
3340 3896 3688 3967 adhibenda,

2120 3987 2237 4043 Nec
2264 3986 2407 4043 levis
2438 3985 2673 4042 illorum
2705 3986 3017 4059 promissio
3049 3988 3437 4060 suscipienda.

2120 4077 2257 4132 Post
2282 4076 2539 4132 Arabum
2569 4074 2788 4148 petitur
2817 4080 3095 4148 castrum,
3128 4077 3285 4149 quod
3317 4092 3443 4133 mox
3471 4075 3756 4148 aperitur.

2120 4165 2424 4222 Proximus
2453 4165 2558 4221 hos
2587 4164 2751 4221 labor
2776 4165 2847 4220 ad
2875 4165 3087 4222 vallem
3117 4165 3387 4238 perduxit
3407 4180 3716 4237 amaanam,

2120 4256 2429 4311 Fructibus
2460 4253 2784 4310 innumeris
2816 4253 3055 4311 hiemali
3086 4259 3347 4329 tempore
3378 4251 3619 4327 plenam.

2119 4343 2269 4401 Urbs
2298 4344 2379 4399 ibi
2411 4347 2578 4417 grata
2607 4344 2723 4399 situ
2757 4347 2955 4399 manet
2984 4342 3099 4400 alto
3129 4342 3429 4417 splendida
3456 4359 3647 4412 muro,

2039 4453 2088 4519 Ι)
2119 4435 2253 4498 Qua:
2285 4434 2452 4506 quasi
2484 4448 2720 4507 gemma
2747 4432 2946 4501 micat,
2982 4449 3123 4489 auro
3154 4432 3502 4489 circumdata
3532 4450 3700 4505 puro.

2122 4522 2317 4579 Incola
2344 4520 2680 4595 Caphaliam
2709 4525 2876 4577 vocat
2905 4521 3055 4578 hanc
3085 4521 3185 4594 qui
3214 4526 3355 4578 tunc
3374 4520 3653 4595 fugiebat,

2119 4611 2347 4668 Certius
2378 4615 2443 4667 ut
2471 4610 2617 4666 vidit
2648 4627 2794 4682 quos
2814 4611 2940 4682 jam
2974 4627 3207 4667 rumore
3235 4611 3474 4668 videbat.

2119 4701 2352 4757 Civibus
2381 4700 2632 4773 egressis
2662 4701 2911 4755 victores
2943 4699 3359 4781 ingrediuntu',

2119 4791 2261 4866 Tres
2290 4793 2346 4845 et
2373 4789 2429 4844 in
2462 4789 2605 4844 urbe
2628 4787 2752 4844 dies
2783 4787 3094 4860 complent,
3119 4787 3434 4861 opibusque
3452 4789 3750 4858 fruuntur,

2119 4878 2351 4936 Hestica
2378 4894 2522 4951 gens
2553 4876 2768 4933 hmrere
2799 4878 2921 4945 diu,
2954 4882 3184 4935 montes
3215 4877 3495 4952 sugeravit

2118 4969 2204 5025 Im
2217 4984 2465 5035 mensos,
2498 4966 2558 5021 in
2588 4966 2737 5022 valle
2768 4966 2977 5023 Desem
3006 4983 3115 5022 sua
3144 4970 3320 5023 castn
3348 4964 3575 5022 locavit.

2118 5058 2222 5113 Hic
2254 5072 2486 5130 quoque
2518 5055 2682 5128 larga
2712 5055 2812 5111 Dei
2841 5055 3026 5128 pietas
3057 5055 3217 5113 dedit
3245 5055 3368 5112 hlic
3399 5055 3539 5112 aciei

2119 5148 2384 5214 Fructus,
2419 5145 2803 5212 frumentum,
2835 5144 2919 5200 vel
2953 5145 3252 5203 sufficiens
3283 5142 3638 5205 dimentum.

2117 5236 2227 5293 Sed
2260 5252 2387 5307 quae
2419 5234 2766 5307 proveniunt
2793 5233 2865 5289 ad
2897 5238 3094 5290 votum
3122 5233 3529 5308 despiziuntur.

2117 5323 2431 5381 Interdicta
2461 5321 2709 5395 placent,
2743 5322 2934 5395 magis
2965 5323 3272 5380 interdicta
3292 5325 3614 5395 sequuntur
