3994 6066
226 255 350 321 985

229 394 301 450 Et
330 396 587 449 castrum
618 391 846 449 confine
878 396 1103 466 petunt.
1145 394 1309 449 Tunc
1336 393 1523 449 hostis
1548 391 1732 447 hianti

232 481 480 555 Projecit
508 481 722 555 populo
754 483 1001 554 praedas,
1033 486 1090 538 et
1118 500 1211 538 res
1242 481 1486 539 eaianti

230 571 466 627 Exstitit
498 576 561 627 ut
590 577 848 628 castrum
878 572 1127 627 victores
1155 571 1360 626 fraude
1384 570 1611 627 subacti

232 661 597 729 Desererent,
630 661 846 718 mentis
875 660 1034 732 vitio,
1059 677 1175 716 non
1208 675 1346 716 ense
1375 660 1579 715 coacti.

233 752 305 807 Et
334 756 529 807 tamen
561 751 822 825 aggressi
853 749 1165 807 castellum
1197 748 1328 806 luce
1359 748 1649 821 sequenti,

234 840 549 897 Defensore
577 857 685 897 suo
713 857 961 896 vacuum
994 843 1153 913 patet
1179 839 1560 912 aggredienti.

237 932 443 986 Annua
474 932 621 986 festa
650 930 751 985 Dei
783 930 1093 985 Genitricis
1122 929 1201 983 ibi
1234 929 1621 994 celebrantur,

237 1020 370 1075 Haec
401 1036 528 1092 quis
557 1018 816 1074 candelis
848 1017 1161 1091 specialius
1194 1018 1575 1073 irradiantur.

238 1108 485 1165 Munera
514 1113 652 1163 tunc
686 1108 936 1164 ducibus
979 1108 1299 1163 mittuntur
1328 1107 1401 1162 ab
1459 1108 1602 1162 urbe
1634 1109 1887 1174 Cameta,

235 1200 483 1255 Aurzeus
514 1214 704 1263 arcus,
737 1197 896 1269 equi,
929 1201 1139 1264 vestes,
1174 1201 1230 1252 et
1269 1195 1462 1251 lucida
1493 1195 1607 1251 tela

238 1287 557 1361 Legatique
587 1287 678 1343 sui
710 1287 864 1361 regis
897 1287 1175 1342 mandata
1206 1286 1477 1352 ferentes,

236 1379 494 1434 Exorant
523 1393 725 1449 pacem
752 1395 765 1445 ;
798 1393 947 1449 quos
977 1375 1335 1431 Christicolae
1366 1374 1659 1447 sapientes

238 1468 501 1524 Incertos
526 1466 770 1533 faciunt,
804 1471 1027 1522 certum
1062 1464 1207 1521 nihil
1242 1464 1643 1533 instituentes,

240 1556 362 1612 Rex
391 1555 567 1611 etiam
598 1554 853 1627 Tripolis
885 1554 1198 1610 formidine
1230 1558 1446 1619 tactus,
1482 1558 1547 1609 ut
1574 1553 1692 1621 isti,

240 1646 480 1718 Septem
511 1644 693 1700 mittit
721 1659 905 1715 equos
934 1647 991 1699 et
1021 1644 1213 1698 mulas
1245 1647 1495 1715 quatuor
1522 1643 1699 1699 hosti.

241 1736 410 1792 Dona
435 1735 613 1791 duces
643 1732 901 1805 capiunt.
933 1732 1043 1789 Sed
1077 1730 1199 1789 haec
1238 1732 1462 1789 incerta
1492 1737 1783 1805 suspecta.

243 1826 512 1898 Cumque
538 1823 680 1879 viris
709 1823 900 1879 fmdus
931 1822 1243 1894 quaesitum
1276 1839 1391 1877 non
1421 1822 1622 1888 iniere,

244 1914 748 1985 Quindecimaque
778 1911 870 1967 die
896 1911 1203 1967 castellum
1235 1912 1642 1967 deseruerunt.

244 2002 747 2074 Quindecimaque
776 2000 868 2056 die
898 2017 1163 2073 proceres
1184 2000 1294 2055 iter
1323 1999 1714 2072 arripuerunt.

248 2094 392 2150 lnde
423 2095 630 2165 petunt
656 2089 899 2158 Archas,
933 2093 1192 2145 castrum
1212 2094 1382 2146 vetus
1412 2090 1895 2162 mquiparandnm

250 2183 527 2251 Urbibus,
559 2185 617 2236 et
646 2178 859 2253 populo
892 2195 1005 2234 non
1035 2179 1256 2250 absque
1296 2178 1492 2235 labore
1524 2179 1822 2234 viandum.

249 2274 370 2329 Hoc
399 2272 636 2337 Arabes,
672 2267 1322 2343 Turci,.Publicanique
1353 2273 1634 2325 coronant

250 2364 493 2429 Turres,
518 2377 702 2428 arma,
735 2359 882 2425 loca,
911 2358 1067 2414 muri
1092 2350 1431 2413 munimina
1460 2359 1700 2423 donant,

249 2453 364 2509 Sed
398 2456 595 2506 tamen
628 2449 735 2505 hoc
767 2447 951 2504 nostri
989 2447 1329 2503 clauserunt
1360 2448 1684 2514 obsidione,

251 2542 414 2608 Quod
449 2555 728 2613 superare
760 2541 971 2611 putant
990 2536 1076 2593 vel
1106 2538 1161 2591 vi
1184 2536 1271 2593 vel
1303 2536 1649 2610 proditione.

250 2630 540 2702 Praecipiti
572 2645 748 2684 cursu
780 2644 981 2684 muros
1014 2626 1196 2683 nostri
1231 2626 1466 2699 petiere,

251 2719 592 2777 Percutiunt
620 2717 873 2784 clausos,
904 2716 1254 2790 graviusque
1284 2716 1774 2789 repercutiuntur.

251 2810 379 2865 Non
410 2808 646 2882 gravius
676 2805 915 2872 laedunt,
949 2822 1126 2878 quam
1158 2806 1409 2877 desuper
1438 2805 1774 2876 ejiciuntur.

251 2901 428 2963 Arcu,
460 2897 694 2963 balista,
728 2898 1040 2961 tormento,
1074 2910 1219 2967 gens
1251 2892 1391 2949 furit
1421 2894 1554 2950 ista.

254 2989 576 3043 Tormento
602 2984 752 3058 lapis
781 2982 1096 3057 impulsus,
1130 2983 1476 3056 magnisque
1504 2982 1761 3039 virorum

251 3075 496 3131 Viribus
525 3075 788 3147 adjutus,
821 3071 957 3129 terit
986 3089 1157 3128 arcus
1188 3072 1613 3144 oppositorum,

252 3167 578 3223 Funestum
608 3163 720 3220 sibi
753 3162 956 3235 pandit
985 3162 1094 3217 iter
1123 3178 1226 3234 per
1254 3165 1421 3215 scuta
1449 3160 1720 3227 volando,

254 3255 523 3312 Seminat
553 3252 651 3309 ille
680 3269 850 3309 neces
880 3251 1168 3324 quidquid
1202 3250 1347 3323 petit
1375 3249 1780 3307 exanimando.

252 3345 357 3401 Hic
384 3359 692 3417 procerum
724 3343 903 3398 decus
931 3340 1203 3396 Ansellus
1234 3340 1303 3395 de
1335 3340 1528 3395 Monte
1570 3339 1795 3396 Riballo

253 3435 493 3490 Lustrat
520 3430 819 3489 anhelanti
852 3431 993 3487 dum
1026 3429 1242 3485 moenia
1271 3429 1389 3484 lata
1428 3429 1653 3485 caballo

251 3524 618 3581 Mortiferum
648 3520 864 3577 vulnus
895 3519 1119 3593 recipit,
1152 3519 1241 3574 vir
1269 3517 1491 3574 viribus
1516 3520 1738 3585 Hector,

249 3614 355 3668 Vir
378 3613 520 3669 Cato
551 3610 819 3678 consilio,
852 3610 940 3666 vir
969 3610 1199 3683 primus
1227 3607 1286 3663 in
1320 3608 1556 3682 agmine
1587 3612 1790 3664 rector.

251 3701 480 3774 Saepius
510 3699 770 3774 aggressi
804 3716 1006 3754 muros
1038 3702 1180 3753 sunt
1212 3714 1362 3770 smpe
1392 3698 1612 3769 rejecti.

248 3791 389 3847 Post
419 3790 541 3847 hac
572 3790 644 3846 ad
674 3789 954 3863 Tripolim
979 3792 1117 3845 sunt
1142 3787 1401 3860 quinque
1423 3804 1746 3860 novemque
1768 3805 1900 3861 pro-

1616 3875 1790 3948 [fecti,

1056 256 1366 323 GILONIS
1408 255 1670 320 PARIS.
1714 253 1936 319 HISTr
1960 253 2375 316 HIEﬁOSOL.
2413 288 2489 298 -
2516 251 2663 316 LIB.
2709 251 2811 317 VI.

3513 255 3630 320 986

1902 388 1960 458 Α
1989 388 2061 445 Ut
2092 389 2347 463 praedam
2379 392 2670 462 caperent,
2704 386 3117 463 sexagintaque
3148 393 3383 462 repente

1991 479 2302 535 Inveniunt
2331 480 2574 545 Turcos,
2608 495 2775 550 quos,
2808 478 3038 534 Christo
3065 479 3461 547 subveniente,

1995 569 2302 636 Invadunt,
2335 573 2390 623 et
2422 586 2520 623 sex
2553 569 2868 641 perimunt,
2902 573 3281 640 armentaque
3313 568 3480 641 plura

1994 659 2144 713 Dum
2171 656 2283 712 lteti
2316 659 2561 713 redeunt
2591 675 2791 730 cepere
2822 675 2923 729 per
2953 658 3177 713 hostica
3206 676 3361 714 rura.

1995 749 2120 804 Non
2153 748 2353 820 procul
2387 748 2528 802 urbs
2560 749 2779 815 aberat,
2812 748 2948 820 ripae
2975 748 3165 803 vicina
3196 748 3458 813 marina),

1998 836 2316 893 Fertilitate
2347 853 2455 892 sua
2485 837 2834 908 promittens
2867 837 3051 892 multa
3082 837 3317 908 rapinae,

1997 926 2240 981 Nomine
2272 943 2397 998 quae
2429 924 2673 981 celebris
2704 926 2830 998 ipso
2862 928 3106 981 Tortosa
3133 931 3389 1005 vocatur.
3481 954 3493 966 ι

1996 1016 2231 1087 Impetit
2262 1016 2411 1070 hanc
2440 1014 2659 1070 Piletus
2693 1016 3094 1087 Raymundus,
3127 1019 3183 1071 et
3214 1016 3537 1071 associatur

2000 1106 2283 1161 Tentorize
2312 1105 2621 1178 proconsul
2654 1106 2725 1171 ei,
2760 1105 2859 1176 qui
2891 1122 2997 1177 par
3027 1104 3269 1178 puritate

1999 1195 2267 1251 Nominis
2299 1195 2437 1249 huic
2470 1199 2613 1261 erat,
2648 1194 2803 1249 haud
2854 1194 3045 1267 impar
3093 1194 3304 1250 mentis
3334 1194 3640 1267 probitate.

1999 1285 2067 1340 Hi
2101 1285 2215 1339 duo
2248 1286 2555 1339 Tortosam
2590 1301 2722 1340 cum
2757 1284 2957 1356 paucis
2990 1285 3429 1357 aggrediuntur,

2004 1375 2501 1446 Frustranturque
2535 1375 2655 1440 diu,
2691 1392 2795 1429 nec
2827 1375 3207 1447 prosperitate
3240 1375 3534 1429 fruuntur.

2002 1464 2112 1520 Sed
2147 1468 2343 1519 tamen
2377 1463 2532 1519 haud
2566 1463 2735 1537 longe
2756 1464 2881 1535 jam
2914 1467 3080 1519 nocte
3112 1463 3573 1536 superveniente,

2002 1553 2204 1609 Castra
2232 1553 2446 1621 locant,
2484 1552 2731 1609 nimium
2765 1553 2977 1625 populo
3009 1554 3315 1626 strepitum
3350 1552 3594 1609 faciente

2001 1643 2458 1714 Accenduntque
2488 1643 2593 1698 viri
2636 1660 2751 1698 non
2784 1644 2856 1698 ad
2891 1660 2998 1699 sua
3029 1644 3337 1698 commoda
3368 1659 3576 1715 segnes

1922 1766 1973 1833 Β
2004 1733 2111 1786 Per
2132 1734 2296 1805 juga,
2332 1750 2434 1805 per
2463 1750 2721 1805 campos,
2748 1732 2943 1805 plures
2973 1731 3353 1806 vigilantibus
3385 1731 3570 1806 ignes,

2004 1824 2158 1888 Quos
2189 1827 2499 1896 postquam
2534 1823 2687 1878 cives
2721 1822 2912 1878 lucere
2942 1822 3144 1895 procul
3178 1821 3577 1895 speculantur,

2004 1914 2165 1979 Quod
2200 1916 2467 1967 metuunt
2498 1916 2735 1984 sperant
2763 1912 3174 1979 vaticinantur,

2004 2001 2381 2057 Christicolas
2411 2002 2583 2056 castri
2619 2000 2982 2073 procinctum
3015 2001 3362 2069 deseruisse,

2006 2091 2177 2146 Urbis
2209 2091 2277 2145 ad
2311 2090 2599 2146 excidium
2631 2090 2879 2146 tentoria
2902 2091 3026 2161 jam
3061 2090 3345 2162 posuisse.

2007 2183 2154 2253 Ergo
2188 2180 2310 2235 solo
2344 2185 2501 2236 metu
2536 2179 2815 2252 superati,
2851 2180 3235 2234 deseruerunt

2008 2271 2239 2336 Maenia,
2270 2275 2431 2342 terga
2462 2271 2631 2341 fugae,
2666 2268 2824 2324 nullo
2859 2273 3119 2341 cogente,
3154 2269 3452 2326 dederunt.

2007 2361 2110 2414 Ast
2139 2358 2239 2413 ubi
2270 2358 2355 2413 sol
2390 2358 2580 2426 rediit,
2619 2365 3020 2430 nocturnaque
3051 2357 3278 2414 lumina
3308 2360 3448 2414 texit

2011 2448 2257 2504 Lumine
2289 2448 2515 2519 majori,
2550 2448 2765 2503 nostris
2799 2447 2997 2520 ignota
3026 2446 3229 2502 retexit

2010 2537 2253 2605 Gaudia,
2287 2554 2433 2609 quos
2464 2537 2724 2593 subitum
2761 2554 3007 2610 regnum
3038 2555 3153 2593 non
3185 2555 3384 2611 pugna
3412 2539 3656 2595 vocabat

2009 2629 2353 2699 Exspectata
2374 2627 2493 2695 diu,
2521 2627 2738 2698 quibus
2766 2628 2906 2681 urbs
2939 2628 3152 2683 servire
3177 2629 3437 2700 parabat.

2011 2716 2221 2771 Parthe
2252 2717 2448 2789 fugax,
2483 2716 2579 2770 ubi
2616 2733 2829 2788 magna
2855 2716 3042 2789 magis
3073 2716 3356 2773 miracula
3386 2718 3653 2790 qumres?

2010 2806 2246 2861 Advena
2277 2823 2406 2861 sero
2438 2810 2575 2861 tuus
2605 2804 2792 2859 hostis
2824 2806 2994 2860 modo
3024 2806 3089 2860 ﬁt
3118 2809 3258 2862 tuus
3289 2806 3490 2863 haeres.

2013 2895 2240 2950 Sufﬁcit
2270 2894 2389 2949 haec
2421 2893 2574 2949 acies
2607 2893 2809 2949 multis
2841 2911 2954 2949 non
2978 2894 3167 2950 multa
3198 2895 3403 2952 ruinis.

2013 2988 2111 3039 Est
2139 2988 2195 3038 et
2223 2984 2294 3038 ab
2325 2982 2566 3037 Archois
2597 2987 2682 3037 ter
2712 2999 2869 3037 mors
2899 2982 3167 3038 immissa
3196 2982 3444 3055 pruinis.

2014 3072 2162 3128 Urbe
2192 3072 2297 3127 viri
2334 3073 2507 3127 fortes
2542 3072 2837 3143 insperata
2866 3070 3190 3144 potiuntur,

1930 3140 1974 3207 (ἶ
2014 3161 2263 3217 Hostiles
2296 3163 2491 3233 portas
2522 3140 2691 3233 quasi
2722 3140 2884 3215 cives
2907 3160 3331 3232 ingrediuntur.

2013 3251 2165 3307 Bella
2196 3251 2349 3306 Deus
2383 3264 2484 3322 pro
2516 3254 2684 3321 gente
2716 3268 2823 3305 sua
2854 3256 3074 3306 secreta
3097 3251 3384 3319 movebat,

2013 3339 2297 3395 Militibus
2327 3357 2556 3411 quoque
2587 3339 2740 3394 viam
2775 3340 2892 3394 dux
2923 3339 3172 3411 przevius
3221 3342 3579 3413 expediebat,

2011 3430 2233 3501 Datque
2264 3429 2387 3484 suis
2418 3446 2627 3483 aurum
2660 3428 2886 3483 telluris
2918 3430 2988 3483 ad
3024 3429 3141 3485 ima
3171 3434 3488 3498 retrusum,

2011 3519 2124 3573 Nec
2155 3516 2485 3572 cumularat
2516 3535 2654 3589 opes
2682 3522 3013 3573 nostrorum
3061 3518 3311 3574 Parthus
3347 3521 3418 3574 ad
3453 3538 3649 3589 usum,

2010 3608 2159 3663 Dum
2192 3611 2450 3663 castrum
2485 3611 2640 3663 tenet
2670 3607 2918 3674 obsidio,
2956 3607 3140 3662 nostri
3172 3612 3486 3664 tenuerunt

2011 3698 2169 3752 Hanc
2200 3698 2425 3761 urbem,
2460 3701 2812 3769 portumque
2846 3702 2998 3752 rates
3030 3697 3146 3752 illic
3177 3697 3529 3754 habuerunt.

2011 3788 2129 3842 Rex
2158 3804 2390 3859 quoque
2424 3785 2705 3842 Miraclea:
2739 3786 2953 3841 nostris
2987 3787 3217 3843 obstare
3250 3788 3531 3860 nequivit,

2008 3874 2283 3947 Collaque
2315 3875 2669 3931 submittens
2702 3879 2969 3948 optatum
3002 3876 3188 3932 foedus
3218 3875 3403 3931 inivit.

1524 4217 1852 4303 LIBER
1921 4215 2405 4305 SEXTUS.

646 4393 911 4450 Gibellum
940 4391 1220 4449 obsidione
1248 4393 1510 4463 cingitur,

246 4487 382 4544 Jam
416 4485 565 4540 duce
589 4482 852 4550 materia,
888 4482 1057 4554 cujus
1089 4498 1225 4554 pars
1257 4497 1471 4554 magna
1500 4486 1753 4554 peracta,

246 4574 609 4648 Inspicimus
629 4573 871 4646 propius
903 4575 1160 4644 portum,
1196 4571 1490 4643 ﬁnemque
1520 4570 1755 4628 laboris.

247 4664 541 4720 Obscurat
570 4662 755 4718 fateor
782 4660 1023 4734 puerilis
1057 4659 1271 4732 pagina
1300 4660 1580 4733 grandem

246 4752 587 4817 Historiam,
619 4749 887 4823 viresque
914 4749 1069 4805 leves
1086 4766 1237 4805 onus
1260 4754 1505 4822 aggavat
1538 4750 1755 4823 ipsum.

251 4842 416 4907 Quod
450 4844 647 4896 tamen
680 4838 912 4912 inccepi,
947 4839 1046 4895 sed
1081 4854 1197 4893 non
1230 4855 1343 4910 quo
1374 4838 1609 4894 tramite
1635 4839 1780 4912 ccepi

245 4930 588 5004 Aggrediar,
625 4943 981 5001 sensumque
1027 4943 1260 4999 sequar,
1297 4944 1412 4984 non
1461 4929 1636 4984 verba
1666 4946 1896 4998 sonora,

245 5019 361 5075 Nec
391 5017 585 5091 patiar
613 5017 757 5073 fines
789 5017 900 5073 sibi
933 5016 1285 5089 respondere
1313 5016 1596 5087 vicissim,

249 5108 481 5164 Pruriet
509 5112 567 5163 et
594 5105 744 5162 nulli
776 5105 1099 5162 modulatio
1119 5103 1400 5160 carminis
1429 5106 1578 5172 auri,

247 5197 535 5269 Quodque
564 5197 939 5253 eoarctabant
995 5192 1242 5250 humilis
1273 5193 1459 5266 stylus
1503 5198 1560 5249 et
1608 5195 1752 5250 rude
1784 5213 1899 5252 me-

1537 5285 1739 5354 [trum,

245 5374 449 5433 Lassis
478 5374 737 5431 effundet
762 5372 987 5448 prolixa
1017 5374 1219 5430 relatio
1251 5389 1469 5430 rerum.

243 5464 342 5522 Sic
372 5462 594 5521 collum
624 5463 904 5521 luctantis
933 5464 1068 5537 equi
1096 5464 1442 5536 frenumque
1469 5460 1727 5519 volenter

244 5553 553 5613 Contrahit
579 5553 884 5626 egrediens
912 5552 1139 5626 primus
1169 5553 1241 5610 de
1273 5568 1502 5609 carcere
1534 5568 1753 5610 cursor.

1932 4396 1980 4461 D
2011 4396 2118 4449 Ast
2150 4393 2249 4448 ubi
2283 4391 2586 4465 proximus
2616 4395 2705 4447 est
2734 4396 2920 4461 meta},
2958 4410 3090 4450 mox
3118 4394 3274 4450 laxat
3303 4397 3581 4455 habenas.

2009 4483 2257 4555 Jamque
2288 4497 2450 4537 meas
2482 4498 2586 4554 ego
2618 4480 2824 4549 laxavi,
2858 4499 2995 4537 nam
3029 4483 3293 4555 proxima
3328 4491 3484 4541 meta
3511 4492 3616 4544 est.

2012 4572 2161 4628 Dum
2193 4572 2347 4627 Deus
2377 4570 2620 4643 abjectis
2652 4569 2901 4627 ducibus
2933 4571 3249 4645 populique
3280 4574 3591 4647 columnis,

2013 4660 2372 4733 Pauperibus
2404 4661 2501 4715 dat
2534 4677 2710 4732 regna
2752 4660 2894 4727 suis,
2930 4660 3249 4732 paucisque
3294 4663 3650 4737 triumphat:

2010 4750 2091 4805 Ne
2120 4768 2227 4805 sua
2253 4767 2381 4821 quae
2412 4749 2658 4804 Domino
2690 4753 2828 4805 sunt
2858 4750 3201 4806 ascribenda
3230 4754 3472 4824 potenti,

2009 4838 2387 4911 Applaudens
2418 4838 2679 4893 humana
2709 4838 2819 4894 sibi
2853 4843 3063 4894 natura
3089 4846 3339 4907 vocaret,

2010 4928 2386 4983 Flandrensis
2418 4944 2613 4983 eomes
2646 4931 2819 4999 atque
2852 4927 3028 4983 duces
3062 4946 3267 4985 venere
3298 4931 3578 5004 Lycmam,

2010 5018 2120 5073 Sed
2156 5017 2514 5073 Boimundus
2541 5017 2620 5071 ibi
2648 5018 2940 5072 consortia
2965 5017 3097 5074 lazta
3131 5019 3383 5092 reliquit.

2008 5107 2442 5177 Emensumque
2476 5123 2780 5161 remensus
2811 5105 2941 5174 iter,
2973 5107 3121 5162 redit
3156 5109 3225 5163 ad
3260 5126 3367 5165 sua
3396 5111 3581 5169 tristis

2009 5195 2258 5267 Magnus
2285 5199 2342 5249 at
2372 5194 2467 5250 ille
2499 5196 2715 5250 ducum
2749 5195 3098 5251 Godefridus
3138 5195 3284 5253 liber
3313 5200 3383 5254 ad
3418 5218 3580 5257 arma

2007 5283 2227 5349 Evolat,
2261 5288 2315 5338 et
2337 5283 2589 5355 patriam
2621 5289 2777 5339 moto
2809 5290 2973 5358 pater
3000 5303 3137 5342 ense
3169 5287 3407 5345 salutat.

2004 5375 2134 5430 Jam
2167 5374 2404 5428 sordent
2432 5378 2661 5429 terrena
2692 5375 2847 5443 duci,
2873 5376 2998 5447 jam
3032 5378 3283 5450 concipit
3312 5379 3507 5453 ipsum

2005 5462 2257 5529 zEthera,
2294 5479 2398 5518 nec
2429 5462 2635 5518 metuit
2664 5468 2859 5520 certus
2889 5465 2960 5521 de
2990 5482 3231 5523 munere
3261 5468 3467 5525 fatum.

2008 5554 2192 5610 Haeret
2221 5552 2294 5620 ei,
2328 5551 2641 5626 studioque
2672 5553 2797 5628 pari
2829 5553 3201 5616 Flandrensis
3232 5557 3485 5617 anhelat.
