3992 6090
183 269 299 337 989
1010 282 1316 347 GILONIS
1356 281 1606 347 PARIS.
1655 282 1853 345 HlS'l‘.
1900 281 2312 347 HIEBOS‘OL.
2353 315 2418 330 --
2453 283 2601 346 LIB.
2647 283 2749 346 VI.

695 413 995 472 Jerusalem
1022 417 1310 474 obsidetur.

255 499 550 558 Hactenus
581 520 879 562 armorum
910 506 1192 579 gravitate
1218 507 1405 564 calore
1435 525 1720 580 repressa,

187 588 552 662 Paupertate,
581 592 697 662 siti,
724 599 1006 652 nocturno
1037 601 1317 670 tempore,
1351 614 1548 669 pugna

186 678 530 736 Excruciata
555 682 763 740 cohors
794 689 1054 756 Optatam
1085 686 1242 741 venit
1271 687 1341 741 ad
1376 687 1602 752 urbem,

187 770 371 835 Quam
403 771 678 828 Salomon
706 772 915 845 opibus
947 773 1168 843 ditavit,
1192 775 1456 831 Christus
1485 775 1721 830 honore.

183 857 403 914 Junius
431 861 692 928 ardebat,
727 867 784 916 et
811 862 898 918 sol
930 864 1170 919 ardebat
1198 863 1258 918 in
1289 864 1489 932 armis,

186 949 427 1014 Quando
458 949 582 1004 suis
610 955 802 1007 texere
831 953 1010 1008 duces
1041 953 1164 1008 loco
1197 970 1453 1026 congrua
1483 952 1712 1008 castris.
1793 937 1808 952 ⁸

185 1041 330 1094 Pars
359 1054 430 1093 en
462 1039 553 1094 cui
587 1045 854 1111 superest
883 1043 1199 1114 septentrio
1229 1048 1420 1098 castra
1449 1042 1667 1114 recepit

181 1125 572 1183 Nortbmanni
603 1129 854 1198 comitis,
882 1135 938 1186 et
967 1131 1017 1186 ei
1049 1131 1425 1187 Flandrensis
1449 1131 1722 1199 adharet,

186 1215 342 1272 Solis
372 1217 444 1272 ab
475 1234 686 1274 occasu
716 1223 894 1274 terret
921 1220 1262 1276 Tancretius
1292 1221 1519 1288 urbem,

184 1303 340 1362 Solis
371 1307 444 1361 ab
471 1323 681 1364 occasu
716 1308 901 1364 tendit
930 1309 1277 1366 Godefridus
1311 1309 1369 1364 in
1402 1309 1651 1366 hostem.

183 1396 233 1450 A
264 1395 479 1464 media,
504 1396 868 1470 Raymunde,
892 1399 984 1455 die
1014 1403 1116 1454 tua
1145 1398 1388 1456 classica
1416 1399 1715 1472 clangunt,

183 1483 506 1557 Postquam
536 1485 862 1543 Jerusalem
895 1493 1228 1544 nostrorum
1259 1489 1452 1544 cincta
1482 1505 1713 1556 corona,

180 1572 397 1628 Eduxit
426 1572 657 1631 levitate
686 1592 856 1647 pares
887 1575 1104 1632 Piletus
1135 1577 1537 1650 Raymundus,

181 1662 458 1719 Proxima
489 1664 630 1719 dum
662 1663 949 1720 lustratur
978 1667 1145 1738 equis
1176 1665 1479 1738 oculisque
1508 1671 1752 1734 remota,

183 1751 284 1806 Bis
313 1755 550 1808 centum
583 1770 753 1810 casus
780 1755 1000 1810 Arabes
1030 1755 1401 1827 praedonibus
1433 1755 1618 1822 offert,

182 1843 344 1907 Quos
374 1858 561 1914 neque
594 1843 745 1898 facta
773 1843 865 1899 sui
897 1843 1136 1900 cultoris
1165 1845 1408 1917 prodiga
1435 1843 1640 1912 virtus,

179 1931 302 1987 Nec
333 1948 546 1988 manus
574 1932 790 2004 eripuit
821 1933 1204 2001 numerosior,
1241 1937 1300 1988 at
1329 1933 1467 2006 fuga
1497 1933 1706 2004 turpis.

182 2019 305 2076 Hos
336 2021 492 2093 fuga,
525 2022 627 2077 sed
659 2021 855 2094 plures
886 2038 955 2077 ex
983 2021 1100 2078 illis
1130 2011 1538 2095 przecipitatos,

179 2109 302 2166 Nec
333 2111 490 2184 fuga,
523 2127 628 2166 nec
657 2109 887 2183 gladius
919 2110 1180 2178 salvavit,
1204 2128 1350 2184 quos
1382 2111 1650 2184 spoliavit

179 2199 321 2254 Vita
349 2203 548 2256 nostra
577 2199 804 2269 cohors,
829 2205 886 2256 et
915 2217 1096 2273 equos
1126 2201 1197 2256 ad
1229 2206 1419 2257 castra
1451 2200 1697 2256 reduxit.

181 2288 461 2345 Pluribus
491 2289 703 2362 aptatis
732 2306 859 2362 quae
891 2295 1032 2346 sunt
1061 2291 1316 2362 aptanda
1347 2291 1547 2357 ruinae,

183 2378 494 2434 Festinant
521 2378 595 2434 ad
621 2383 756 2435 vota
781 2378 912 2446 viri,
941 2396 1294 2452 murumque
1326 2379 1577 2452 priorem

183 2467 498 2536 Invadunt,
532 2468 880 2540 magnisque
908 2473 1116 2524 vocant
1144 2469 1500 2524 clamoribus
1533 2469 1780 2524 hostem.

261 2557 395 2613 Mox
423 2556 656 2630 gentilis
688 2559 870 2627 adest,
895 2559 1153 2626 Judaeus,
1179 2560 1426 2624 Turcus,
1449 2558 1772 2630 Arabsque,

181 2645 534 2716 Missilibus,
558 2645 776 2718 jaculis
803 2647 1130 2715 obsistitur,
1164 2647 1318 2720 igne,
1349 2663 1589 2703 veneno.

179 2737 260 2791 At
289 2735 476 2792 nostri
497 2735 715 2809 jaculis
744 2741 1049 2809 opponunt
1077 2741 1310 2809 pectora
1338 2737 1514 2806 nuda,

181 2825 416 2897 Proque
447 2824 760 2900 Flagellato
791 2825 1094 2898 patiuntur
1125 2827 1271 2881 dura
1306 2825 1552 2898 flagella.

180 2914 305 2971 Nec
338 2931 520 2982 mora,
545 2914 904 2988 magnanimi
950 2931 1054 2987 per
1083 2933 1222 2971 saxa
1259 2932 1360 2988 per
1389 2932 1552 2971 arma
1581 2919 1837 2985 ruentes,

182 3003 342 3060 Muri
376 3003 744 3076 praecipitant
776 3004 1140 3060 irritamcnta
1169 3004 1397 3077 prioris.

181 3092 397 3165 Dijecti
431 3092 664 3166 fugiunt
693 3094 764 3149 ad
795 3094 1010 3149 muenia
1039 3098 1164 3149 tuta
1193 3093 1458 3166 manipli,

3458 278 3582 347 990

1857 419 1910 486 Α
1940 417 2174 474 Praefuit
2201 418 2460 475 Acardus
2492 418 2711 476 Merulo
2743 418 2813 474 de
2843 421 3040 474 monte
3070 415 3311 486 cohorti,

1938 511 2126 580 Atque
2152 509 2522 564 Sabratensis
2550 507 2896 564 Guillelmus
2917 524 3051 562 cum
3084 506 3426 580 Raymundo

1939 597 2049 652 Sed
2084 599 2302 669 probus
2331 598 2584 653 Acardus
2615 614 2749 652 cum
2781 596 2983 669 paucis
3013 601 3144 652 ante
3175 596 3455 665 cucurrit,

1941 686 2241 759 Impulsus
2271 686 2502 743 levitate
2535 704 2642 742 sua
2673 687 2988 760 plusquam
3019 685 3261 751 ratione,

1939 776 2043 830 Hic
2073 776 2472 849 septingentos
2497 777 2713 831 Arabes
2744 775 2804 830 in
2836 775 2982 830 valle
3013 775 3302 847 profunda

1941 863 2316 936 Repperiens,
2350 865 2561 937 irrupit
2590 865 2647 920 in
2681 865 2809 934 hos,
2842 865 3125 936 hastaque
3156 865 3391 935 reiecta,

1942 953 2242 1009 Fulmineo
2273 954 2487 1009 scindit
2517 955 2710 1027 gladio
2735 971 2907 1026 quem
2941 953 3179 1026 respicit
3208 954 3457 1010 hostem.

1941 1043 2198 1098 Tandem
2232 1043 2543 1099 succubuit
2573 1061 2686 1099 non
2720 1043 2984 1116 pigritiae,
3011 1043 3110 1099 sed
3130 1043 3360 1098 honesti

1942 1131 2184 1187 Funeris
2214 1131 2498 1204 exemplo,
2523 1149 2626 1204 per
2656 1133 2808 1204 quod
2843 1135 3041 1188 monet
3070 1132 3194 1203 ipse
3226 1131 3475 1200 sodales,

1941 1221 1982 1276 E
2015 1220 2230 1292 quibus
2260 1221 2496 1292 elapsus
2527 1239 2680 1276 unus
2713 1219 2943 1276 crudele
2976 1219 3197 1276 cohorti

1940 1309 2182 1364 Nuntiat
2211 1309 2473 1378 exitium,
2504 1309 2766 1365 clamans
2796 1309 3124 1376 crudeliter,
3159 1310 3302 1365 Ecce

1941 1398 2259 1470 Exsequias
2290 1399 2464 1455 sociis
2494 1416 2762 1471 proceres
2795 1401 2945 1467 date,
2981 1416 3129 1472 quos
3161 1399 3297 1454 dare
3325 1397 3453 1454 vitae

1941 1487 2067 1542 Non
2100 1486 2253 1555 licet,
2289 1493 2346 1542 at
2376 1493 2623 1543 mortem
2655 1488 2788 1544 licet
2817 1488 3002 1544 hostis
3033 1491 3218 1544 morte
3249 1487 3429 1560 piare.

2266 1579 2405 1633 Sitis
2437 1580 2629 1647 ingens
2661 1579 2998 1634 Christianos
3026 1581 3256 1634 crncz'at.

2013 1665 2254 1722 Talibus
2284 1667 2494 1722 hortati
2529 1666 2763 1735 Piletus,
2800 1666 3078 1739 Piletique
3109 1665 3359 1733 sodales,

1865 1795 1911 1858 Β
1943 1759 2098 1822 Quos
2129 1755 2318 1828 magis
2351 1755 2661 1811 hortantur
2688 1755 2893 1824 virtus,
2924 1756 3184 1812 vindicta
3213 1773 3453 1812 suorum

1941 1845 2089 1900 Vera
2121 1845 2284 1910 ﬁdes,
2319 1843 2558 1900 alterius
2589 1861 2772 1911 amor,
2799 1845 3146 1918 requiesque
3176 1845 3462 1902 laborum.

1944 1933 2192 1990 interius
2223 1938 2449 1989 mentes
2479 1933 2659 1990 armis
2687 1934 3020 1990 ccelestibus
3050 1939 3280 2002 ornant,

1943 2023 2208 2078 Exterius
2239 2040 2347 2078 sua
2377 2023 2641 2078 membra
2672 2027 2877 2096 tegunt
2905 2029 2962 2078 et
2987 2022 3208 2078 viribus
3241 2025 3492 2078 armant.

1945 2112 2083 2167 Inde
2114 2112 2418 2185 repentino
2447 2110 2573 2166 visu
2611 2113 2940 2179 turbantur,
2974 2115 3028 2168 et
3057 2111 3258 2168 hostes

1945 2201 2202 2274 Digressi
2231 2200 2426 2256 videre
2456 2217 2596 2256 suos
2627 2199 2876 2273 spoliare
2909 2206 3164 2268 necatos,

1945 2291 2014 2345 Et
2043 2289 2178 2346 licet
2209 2291 2548 2345 innumeros
2577 2291 2812 2345 videant
2841 2289 2898 2344 hi
2931 2291 3028 2362 qui
3061 2290 3357 2346 numerari

1945 2381 2076 2436 Mox
2107 2384 2402 2453 poterunt,
2437 2383 2633 2434 tamen
2663 2385 2994 2446 occurrunt,
3027 2380 3282 2452 legitque
3311 2380 3502 2436 virum

1947 2469 2380 2540 Prosternitque
2411 2485 2584 2524 suum
2618 2485 2934 2541 congressu
2966 2467 3217 2541 quisque
3249 2467 3448 2540 priori.

1947 2559 2218 2614 Protinus
2247 2557 2546 2612 horribilis
2577 2555 2857 2612 miscetur
2881 2557 2937 2612 in
2971 2557 3204 2630 agmine
3233 2572 3450 2628 pugna,

1943 2647 2235 2703 Amittunt
2264 2646 2440 2718 galeae
2475 2646 2706 2716 cristas,
2738 2645 2921 2719 clypei
2953 2663 3062 2702 sua
3092 2645 3280 2718 signa.

1947 2737 2300 2793 Convertunt
2328 2735 2506 2808 gladii
2540 2735 2715 2790 facies
2747 2735 3131 2807 hominesque
3164 2733 3368 2790 recisis

1949 2827 2222 2891 Naribus,
2254 2824 2481 2896 expavit
2511 2825 2619 2879 tiro
2650 2824 2720 2878 de
2749 2823 3080 2896 cognitione

1946 2897 2414 2980 Jam‘dubitans;
2449 2911 2556 2967 hos
2588 2929 2700 2967 non
2733 2911 3023 2978 homines,
3055 2913 3154 2967 sed
3188 2916 3452 2968 monstra
3481 2929 3595 2984 pu-

3340 3000 3520 3068 [tavit.

1950 3093 2144 3148 Hastis
2178 3096 2377 3147 nostra
2407 3089 2613 3146 cohors
2645 3089 2774 3145 illos
2806 3089 2966 3162 petit,
3002 3089 3242 3145 ensibus
3272 3089 3416 3146 istos

181 3183 262 3238 Et
290 3182 436 3238 dum
467 3165 717 3255 quisque
747 3183 964 3239 timens
994 3187 1176 3239 certat
1204 3165 1369 3255 priori
1390 3199 1537 3250 esse,
1571 3182 1792 3256 priores
1871 3165 1912 3231 C
1953 3181 2210 3254 Impulit,
2239 3181 2346 3236 hos
2377 3197 2618 3235 currens
2648 3195 2905 3250 casuque
2931 3179 3177 3251 peremit
3207 3195 3406 3234 amaro

184 3272 396 3328 Turba
423 3287 676 3343 sequens
703 3271 942 3328 inimica
971 3272 1096 3328 suis
1126 3273 1186 3327 in
1216 3270 1417 3326 limine
1453 3276 1628 3344 porta:

183 3360 474 3428 Conterit,
508 3359 722 3434 hicque
748 3379 923 3417 suum
956 3361 1182 3418 Pilades
1212 3359 1837 3434 prosternit30restem.

258 3449 521 3506 Maxima
551 3466 687 3522 pars
717 3450 952 3506 exclusa
981 3450 1184 3524 gemit,
1218 3449 1459 3522 natique
1488 3453 1757 3520 parentes

181 3540 435 3597 Orantes
462 3556 579 3596 non
609 3539 926 3612 excipiunt,
960 3539 1174 3612 pietate
1206 3543 1495 3611 stupente.

183 3628 464 3686 Protinus
494 3627 716 3702 ingenti
750 3634 960 3684 conatu
993 3628 1153 3684 scala
1182 3628 1368 3684 levata

183 3718 416 3774 Praebet
445 3718 517 3773 ad
545 3717 666 3773 alta
695 3718 874 3785 viam,
894 3718 989 3773 cui
1021 3717 1186 3773 fortis
1220 3716 1388 3772 miles
1418 3717 1742 3785 adhaerens,

183 3807 575 3864 Rambaudus
605 3806 902 3862 Ciminum
933 3805 1106 3863 castri
1142 3807 1427 3862 Duncnsis
1457 3805 1731 3862 alumnus

179 3896 456 3952 Decertat
483 3894 716 3968 gladiis,
740 3900 798 3952 et
826 3895 1156 3952 comminus
1185 3895 1415 3968 impetit
1445 3895 1693 3962 hostem,

179 3985 367 4059 Copia
397 3983 711 4054 scalarum,
737 3984 788 4040 si
819 3985 964 4040 forte
995 3989 1200 4057 parata
1229 3984 1454 4052 fuisset,

180 4071 490 4131 Innumeri
521 4070 687 4128 labor
713 4072 811 4130 ille
843 4072 980 4129 mali
1014 4073 1178 4129 labor
1209 4073 1454 4129 ultimus
1485 4077 1658 4130 esset.

181 4159 435 4222 Gbstitit
461 4160 571 4218 hoc
601 4160 795 4218 solum
827 4162 1064 4230 nostris,
1097 4163 1446 4235 fortunaque
1476 4161 1612 4217 belli

179 4251 350 4310 Juvit
379 4251 451 4307 ad
483 4255 808 4307 extremum
838 4252 1065 4318 ductos,
1095 4251 1318 4308 alterna
1348 4251 1626 4307 revisens.

178 4341 452 4398 Tandem
474 4343 665 4397 castra
693 4341 901 4397 cohors
931 4342 1096 4414 petit,
1119 4346 1176 4397 et
1207 4340 1453 4415 reSpirat
1483 4339 1554 4394 ab
1588 4341 1788 4410 armis,

181 4428 433 4488 Fercula
463 4429 564 4502 qui
596 4430 894 4502 quondam
925 4447 1072 4486 nova
1102 4431 1364 4487 fastidire
1396 4429 1636 4497 solebat,

177 4522 378 4592 Atque
407 4534 613 4574 vocore
645 4519 860 4575 famem
889 4519 1199 4576 dulcedine
1229 4519 1571 4576 deliciarum

181 4607 481 4664 lrritando
509 4606 732 4680 gulam,
765 4625 920 4664 nunc
951 4607 1104 4664 sicco
1137 4625 1284 4680 pane
1314 4608 1588 4681 repletur,

180 4695 256 4751 Et
287 4693 577 4749 mentitur
603 4694 654 4750 ei
683 4695 966 4769 pigmenti
997 4695 1235 4769 lympha
1266 4713 1556 4769 saporem,

181 4783 380 4850 Quam
412 4782 620 4840 sitiens
651 4783 821 4841 miles
849 4784 1102 4856 pretioso
1133 4792 1433 4858 comparat
1462 4805 1623 4847 auro.

258 4871 482 4928 Montis
513 4871 727 4946 quippe
757 4873 896 4930 Sion
927 4875 1056 4929 fons
1088 4891 1122 4930 a
1151 4875 1345 4931 radice
1375 4877 1614 4946 citatus,

182 4961 348 5018 Fons
379 4959 534 5018 Siloe
561 4966 704 5034 potu
735 4962 978 5020 minimo
1008 4963 1296 5037 longeque
1326 4966 1526 5038 petito,

181 5049 541 5106 Innumeros
571 5050 756 5106 reficit
786 5049 1051 5124 populos,
1086 5056 1143 5107 et
1171 5041 1444 5109 venditur
1473 5056 1632 5112 unda

181 5140 383 5206 Quam
415 5141 624 5194 natura
654 5142 862 5211 potens
889 5140 1072 5213 gratis
1097 5143 1387 5198 concessit
1416 5143 1768 5202 habendam.

180 5227 349 5283 Dum
375 5227 534 5284 vario
565 5227 856 5301 premitur
882 5245 1026 5303 gens
1059 5233 1257 5285 nostra
1287 5230 1503 5300 labore,
1539 5240 1748 5290 secutze

180 5315 572 5374 Christicolas
600 5335 806 5377 venere
836 5325 1008 5388 rates,
1045 5336 1191 5392 quas
1218 5319 1429 5394 Japhia
1459 5327 1630 5395 portu

179 5405 419 5479 Excipit
448 5411 664 5480 optata,
689 5426 845 5466 nunc
871 5409 1033 5476 urbs,
1056 5413 1196 5463 tunc
1229 5409 1392 5466 urbis
1421 5411 1635 5485 imago.

253 5494 414 5570 Ergo
443 5497 550 5552 viri
585 5503 821 5555 centum
856 5498 1173 5554 mittuntur
1201 5498 1273 5553 ab
1305 5498 1628 5577 obsidione,

183 5584 303 5650 Qui
338 5600 565 5645 servare
597 5591 772 5656 rates,
795 5588 1132 5658 Turcosque
1162 5585 1440 5659 repellere
1470 5597 1719 5663 possint.

1950 3272 2084 3327 Illos
2116 3275 2300 3326 morte
2331 3269 2507 3324 timor
2536 3267 2734 3324 subita
2762 3268 3078 3340 prosternit
3103 3267 3319 3324 inertes
3353 3285 3365 3323 :

1949 3361 2193 3417 Casibus
2225 3359 2476 3414 afflictus
2505 3357 2681 3414 variis
2713 3357 2948 3430 gentilis
2977 3358 3278 3430 Arabsque

1949 3451 2100 3505 Dant
2134 3448 2285 3504 facili
2314 3465 2421 3503 sua
2449 3452 2613 3519 terga
2644 3448 2812 3520 fugae,
2838 3446 3158 3519 multisque
3189 3446 3428 3515 necatis,

1948 3539 2056 3595 Uni
2087 3538 2272 3593 victor
2300 3554 2479 3592 ovans
2507 3535 2690 3591 dilata
2720 3540 2906 3592 morte
2936 3535 3211 3608 pepercit,

1953 3630 2054 3684 Per
2083 3645 2256 3700 quem
2288 3627 2598 3682 Persarum
2630 3629 2854 3680 secreta
2883 3625 3086 3681 dolosa
3117 3628 3400 3698 paterent,

1946 3717 2086 3772 Tres
2117 3731 2348 3789 quoque
2379 3713 2546 3769 miles
2576 3731 2760 3786 equos
2790 3717 2846 3769 et
2866 3718 3098 3769 centum
3124 3713 3288 3770 duxit
3310 3715 3382 3770 ab
3403 3713 3590 3770 hoste.

1947 3807 2094 3862 Dum
2127 3808 2289 3860 vacat
2322 3805 2377 3858 in
2411 3803 2620 3858 castris
2653 3803 2924 3876 populus,
2954 3802 3086 3858 sitis
3115 3802 3518 3871 immoderata,

1946 3895 2308 3951 Excruciavit
2340 3910 2494 3960 eum,
2529 3892 2739 3965 gladiis
2771 3891 2978 3948 tellure
3009 3897 3211 3948 cavata
3355 3905 3358 3908 ‘

1949 3985 2114 4040 Miles
2146 3985 2205 4039 in
2239 3988 2406 4038 antra
2434 3986 2609 4054 caput
2636 3982 2955 4054 mergebat,
2985 3981 3113 4038 luce
3143 3981 3346 4037 relicta

1949 4073 2189 4146 Pinguis
2219 4077 2284 4127 ut
2314 4073 2536 4126 humeae
2567 4075 2624 4126 et
2654 4070 2828 4127 tellus
2859 4071 3082 4126 arentia
3111 4070 3276 4126 labra

1949 4163 2052 4218 His
2084 4162 2238 4234 quod
2272 4161 2342 4216 ab
2373 4164 2503 4215 utre
2531 4160 2685 4216 cadit
2715 4160 2989 4231 resupino
3020 4159 3267 4233 suscipit
3296 4176 3412 4228 ore,

1951 4253 2241 4307 Marmora
2270 4249 2564 4304 lambebat
2595 4247 2746 4304 alius
2776 4249 3050 4304 sudantia
3079 4267 3226 4317 rore,

1948 4339 2248 4412 Aspiceres
2279 4342 2502 4409 pestem
2533 4337 2916 4410 languentum
2951 4343 3161 4394 cuncta
3189 4355 3291 4410 per
3317 4355 3470 4406 ossa,

1949 4430 2081 4486 Jam
2112 4428 2331 4484 rabiem
2362 4426 2608 4482 traxisse
2639 4443 2806 4482 suam
2839 4431 3046 4482 nutare
3078 4427 3337 4482 subactis

1872 4535 1919 4600 Ι)
1947 4518 2184 4574 Viribus
2213 4516 2529 4582 incessum,
2554 4515 2884 4588 linguaeque
2917 4515 3212 4572 retundier
3242 4533 3437 4572 usum.

1951 4609 2008 4665 Si
2042 4610 2259 4664 mactat
2291 4605 2641 4678 quandoque
2672 4605 2877 4660 bovem
2907 4604 3118 4660 librata
3145 4605 3386 4673 securis,

1950 4697 2234 4753 Carnibus
2264 4694 2526 4766 abjectis,
2560 4694 2829 4749 sorbetur
2857 4694 2928 4750 ab
2961 4693 3193 4767 agmine
3223 4695 3484 4767 sanguis.

1949 4786 2215 4843 Esuriem
2248 4783 2493 4840 tolerare
2529 4783 2684 4848 libet,
2718 4782 2884 4839 dolor
2911 4783 3008 4839 ille
3038 4783 3295 4842 dolorem

1950 4877 2116 4932 Hunc
2160 4873 2392 4930 minuit.
2427 4873 2704 4928 Prodesse
2749 4872 2961 4928 famem
2994 4871 3126 4945 quis
3174 4873 3434 4929 crederet
3479 4889 3594 4929 un-

3276 4961 3476 5037 [quam
3498 4965 3526 5018 ?

1951 5055 2252 5111 Clauserat
2282 5052 2542 5108 occultos
2571 5049 2810 5107 laticum
2844 5067 2986 5124 gens
3021 5069 3172 5108 szeva
3201 5057 3450 5121 meatus,

1952 5145 2392 5214 Immensosque
2421 5141 2586 5196 lacus
2617 5141 2956 5208 observans,
2987 5139 3303 5197 insidiatur

1953 5231 2337 5296 Christicolis,
2361 5233 2725 5302 mortemque
2748 5229 2923 5285 dabat
2943 5230 3338 5302 quaerentibus
3355 5230 3596 5296 undam,

1952 5323 2096 5378 Cum
2128 5337 2270 5394 gens
2302 5319 2565 5374 lethifero
2598 5319 2815 5374 siccata
2845 5317 3035 5375 calore
3065 5317 3317 5376 calorem

1951 5411 2201 5468 vitalem
2235 5409 2445 5480 perdit,
2480 5406 2760 5481 nulloque
2789 5407 3019 5477 liquore
3049 5408 3240 5480 rigata

1955 5500 2237 5559 Intestina
2263 5497 2436 5554 bonis
2466 5501 2708 5567 natura},
2741 5496 3172 5555 destituuntur.

2029 5585 2399 5650 Construitur
2429 5585 2621 5644 studio
2643 5583 2944 5645 Godefridi
2977 5585 3254 5645 machina
3281 5585 3530 5641 formam
