3994 6066
366 262 480 333 991
880 264 983 330 AD
1030 264 1544 331 GODEFRIDUM
1590 265 1924 330 APPEND.
1970 266 2047 330 ll.
2080 302 2157 314 --
2187 267 2497 333 MONUM.
2543 268 2646 331 DE
2689 266 2941 332 BELLO
2986 268 3266 372 SACRO.
3656 268 3786 331 992

367 401 600 461 Castelli
630 400 903 471 retinens,
937 400 1236 474 multoque
1270 400 1466 458 labore
1498 405 1725 474 reperta
1974 428 1979 431 -
2035 403 2089 469 Α
2118 404 2165 458 Α
2196 402 2357 459 nullo
2391 404 2607 460 ferrum
2642 408 2963 472 revocatur,
2995 405 3245 473 Turcus,
3270 402 3592 477 Arabsque,

368 492 667 549 Materiam
702 492 843 546 dant
872 491 1031 563 ligna
1063 491 1262 557 fabris,
1296 492 1543 564 urbique
1572 492 1865 546 timorem.
2120 492 2422 565 Judaeique
2452 494 2693 562 cadunt,
2724 494 2937 549 horum
2967 494 3039 550 de
3068 495 3272 550 funere
3303 511 3521 568 pugna,

367 584 476 639 Par
504 598 735 654 quoque
764 581 1071 636 castellum
1102 582 1429 654 Raymundi
1463 580 1701 652 provida
1731 598 1871 636 cura
2122 582 2451 656 Sanguinea
2474 583 2642 654 juvat
2670 583 2754 639 ire
2784 600 2984 649 manu,
3009 583 3388 657 gladiumque
3418 585 3705 647 nitentem

364 672 569 745 Erigit,
593 675 649 726 et
679 674 882 726 contra
911 676 1100 725 turres
1130 671 1341 725 turrita
1367 673 1666 742 parantur.
2120 671 2288 727 Ferre
2319 673 2518 743 pudet,
2553 672 2651 744 qui
2685 690 2799 727 non
2831 673 3077 729 desudet
3120 673 3427 745 sanguinis
3472 674 3779 737 haustum.

365 763 723 832 Exstupuere
754 776 931 814 novas
963 759 1157 814 miseri
1189 776 1539 832 consurgere
1570 759 1754 815 moles
2121 760 2458 816 Inconsulta
2489 761 2604 816 ruit
2633 778 2778 834 gens
2806 762 2877 817 ad
2912 761 3198 835 templum
3231 762 3582 833 Salomonis,

365 849 640 916 Gentiles,
676 848 901 921 ipsique
934 866 1070 903 suas
1108 864 1433 903 accrescere
1464 853 1654 903 turres
2119 851 2302 914 Quam
2337 849 2543 906 mortis
2573 851 2750 906 timor
2778 851 3048 924 exagitat,
3071 851 3229 907 velut
3261 857 3415 909 esset
3445 855 3515 911 ab
3549 855 3647 912 illo

363 940 540 994 Nocte
570 937 931 1005 laborabant,
965 937 1158 991 studio
1191 936 1421 992 fallente
1453 936 1709 992 laborem
1744 954 1757 992 ε
2120 938 2301 994 Unica
2330 938 2524 993 danda
2558 938 2740 1006 salus,
2765 939 2981 1013 talique
3012 945 3287 1013 tegantur
3316 942 3495 1016 asylo.

361 1029 476 1083 Nec
505 1027 703 1082 minus
734 1025 987 1099 ingentis
1027 1025 1246 1080 castelli
1282 1026 1721 1098 compositores,
2118 1027 2438 1099 Implerant
2468 1027 2730 1100 plerique
2762 1029 3001 1084 domum
3034 1046 3212 1102 quam
3244 1031 3520 1101 diximus,
3547 1034 3667 1091 illis

362 1119 514 1182 Quos
547 1116 713 1172 ducis
743 1116 987 1187 urgebat
1018 1116 1344 1186 praesentia,
1380 1115 1758 1171 sollicitantes
2116 1117 2413 1172 Victorum
2445 1134 2657 1172 manus
2691 1117 2994 1186 inchoans,
3031 1136 3133 1190 per
3161 1119 3388 1176 lubrica
3416 1126 3610 1195 strage

360 1207 715 1261 Nocturnam
739 1205 998 1276 requiem
1023 1203 1286 1276 vigilant,
1310 1204 1615 1275 variasque
1638 1222 1738 1276 per
1765 1210 1918 1260 artes
2119 1207 2407 1261 Marmora
2441 1222 2503 1261 se
2531 1205 2742 1278 rapuit,
2771 1223 3080 1262 numerum
3107 1209 3239 1280 quis
3262 1210 3411 1265 scire
3432 1211 3773 1287 cadentum,

360 1295 838 1367 Int'cmpestivum
874 1295 1099 1348 ducunt
1131 1295 1238 1349 sub
1272 1298 1436 1349 nocte
1468 1294 1747 1349 laborem.
2118 1294 2300 1350 Millia
2329 1293 2413 1349 vel
2445 1294 2675 1351 valeat?
2704 1296 2924 1367 passim
2957 1313 3091 1352 cum
3122 1298 3345 1353 frustra
3374 1316 3476 1371 per
3504 1316 3713 1359 omnes

357 1385 480 1440 Nox
511 1401 636 1456 qum
672 1385 886 1438 Judaei;
922 1384 1183 1455 requiem
1214 1388 1511 1439 transacta
1543 1383 1804 1455 reliquit;
2117 1384 2245 1439 Sint
2275 1384 2539 1455 dispersa
2571 1384 2810 1456 gradus,
2844 1384 3014 1457 longe
3056 1384 3271 1442 cervice
3305 1386 3552 1458 revulsa,

359 1474 580 1531 Lucida
606 1475 836 1529 velabat
866 1475 1173 1529 tenebrosa
1205 1473 1398 1529 sidera
1427 1473 1600 1545 palla.
2119 1473 2265 1529 Rere
2295 1476 2472 1545 caput
2504 1475 2670 1529 niveo
2701 1474 3011 1529 commista
3042 1479 3237 1548 strage
3269 1476 3528 1532 natabat.

429 1567 573 1620 Cum
606 1564 772 1619 ducis
804 1563 1055 1618 artiﬁces
1086 1564 1157 1618 ad
1192 1580 1392 1619 muros
1423 1562 1846 1636 applicuerunt.
2118 1562 2417 1617 Abscissas
2449 1561 2639 1617 aliena
2666 1579 2877 1619 manus
2907 1564 2978 1620 ad
3011 1566 3447 1640 corporajungi

358 1654 587 1710 Robora
616 1652 860 1723 castelli,
888 1652 1224 1707 minitantia
1257 1652 1397 1708 solis
1428 1654 1499 1708 ab
1531 1657 1682 1721 ortu,
2114 1651 2438 1723 Aspiceres,
2471 1655 2713 1707 truncos
2746 1651 2923 1708 etiam
2956 1652 3081 1709 sine
3111 1652 3329 1726 poplite
3362 1655 3517 1721 ferri,

354 1743 498 1798 Nam
530 1742 713 1799 levius
743 1745 1012 1815 poterant
1039 1740 1363 1813 irrumpere
1391 1741 1531 1797 solis
1559 1742 1629 1797 ab
1661 1747 1813 1798 ortu.
2035 1781 2080 1817 ι)
2115 1743 2448 1813 Cunctaque
2479 1741 2745 1797 membra
2775 1740 2901 1797 loco
2930 1742 3019 1797 vel
3051 1760 3200 1799 caesa
3219 1759 3414 1800 carere
3442 1744 3653 1817 priore,

358 1831 798 1904 Multiplicando
830 1847 1049 1903 preces,
1073 1829 1383 1903 lacrymas,
1400 1831 1647 1903 jejunia,
1676 1837 1828 1901 vota,
2032 1829 2081 1845 "
2113 1829 2324 1885 Saucia
2349 1830 2436 1885 vel
2470 1847 2769 1886 remanere
2802 1847 2928 1899 suo,
2952 1835 3273 1905 tantusque
3303 1835 3566 1891 cavernis

357 1922 522 1977 Circa
550 1920 875 1976 Jerusalem
909 1924 1144 1993 portant
1173 1920 1428 1993 insignia
1457 1920 1668 1977 Christi
2113 1918 2365 1991 Sanguis
2393 1919 2603 1991 plenus
2634 1919 2721 1988 iit,
2758 1924 2823 1975 ut
2853 1921 3070 1976 ﬂumen
3102 1922 3263 1978 abire
3294 1927 3532 1995 putares

356 2009 730 2077 Christicolas,
761 2008 986 2075 vexilla,
1021 2025 1244 2074 cruces,
1279 2009 1485 2065 altaria
1515 2016 1734 2067 sancta.
2112 2008 2175 2063 In
2208 2007 2469 2080 planum,
2500 2007 2659 2063 velut
2689 2026 2723 2064 a
2752 2009 3004 2065 summis
3046 2028 3178 2066 cum
3225 2012 3526 2068 montibus
3554 2013 3768 2086 ingens

356 2098 555 2154 Dicere
584 2098 758 2170 longa
788 2097 932 2152 mihi
964 2114 1128 2153 mora
1159 2098 1335 2153 finem
1366 2098 1765 2170 prospicienti,
2111 2098 2341 2154 Grande
2405 2097 2589 2167 cadit,
2652 2098 2965 2171 mistisque
3020 2099 3199 2155 simul
3248 2104 3413 2156 tonat
3469 2102 3766 2160 imbribus

356 2190 639 2260 Quotque,
664 2187 948 2260 quibusve
993 2186 1183 2243 modis
1227 2188 1395 2243 breve
1425 2192 1657 2262 tempus
1703 2195 2004 2263 comparat
3464 2192 3681 2260 [anthea

1697 2278 1927 2353 [hostis,
2108 2279 2268 2333 Tunc
2300 2277 2541 2334 collecta
2570 2282 2776 2349 petunt
2807 2278 3095 2335 demissas
3126 2279 3367 2335 ﬂumine
3396 2280 3597 2350 valles,

355 2368 535 2440 Cujus
568 2373 748 2425 Parca
777 2384 993 2424 necans
1013 2368 1139 2440 jam
1173 2384 1442 2440 rumpere
1468 2367 1566 2423 fila
1596 2370 1854 2441 parabat.
2109 2369 2246 2424 Sata
2275 2367 2534 2433 trahunt,
2568 2366 2863 2439 silvasque
2894 2367 3108 2436 ferunt,
3143 2371 3380 2441 totaque
3410 2375 3653 2443 vagatur

422 2459 670 2514 Venerat
700 2456 801 2513 illa
829 2457 954 2512 dies
981 2474 1098 2529 qua
1127 2455 1478 2512 mortificare
1508 2457 1877 2532 magistrum.
2105 2458 2241 2530 Agri
2274 2455 2534 2530 planitie,
2559 2456 2816 2529 gemitus
2847 2457 2948 2512 dat
2980 2458 3236 2514 rusticus
3268 2475 3385 2513 uno

352 2553 506 2605 Gens
533 2547 738 2604 Judaza
764 2547 968 2603 Jesum
1003 2546 1247 2619 cupiens
1280 2563 1339 2603 se
1371 2547 1761 2603 mortificavit.
2109 2548 2359 2615 Pectore,
2386 2563 2502 2601 non
2536 2544 2704 2601 aliter
2732 2562 3017 2603 caesorum
3048 2547 3314 2603 membra
3341 2547 3608 2604 feruntur

355 2639 470 2694 llac
502 2638 561 2692 in
590 2636 720 2692 luce
750 2636 927 2691 duces
959 2637 1029 2691 ad
1063 2652 1265 2691 muros
1297 2635 1533 2709 agmina
1562 2638 1804 2705 ducunt,
2107 2636 2403 2709 Sanguine
2434 2639 2603 2707 rapta
2629 2636 3143 2709 suo,.totidemque
3181 2641 3462 2693 vocantur
3499 2638 3559 2691 in
3591 2638 3758 2695 urbe.

353 2729 528 2784 Stans
556 2743 750 2782 comes
770 2723 1118 2781 Eustachius
1148 2725 1207 2779 in
1231 2729 1420 2781 castro
1442 2742 1577 2781 cum
1601 2727 1909 2784 Godefrido
2106 2727 2217 2782 Sed
2249 2730 2444 2781 tamen
2475 2724 2709 2780 illorum
2742 2726 2913 2797 pauci
2942 2725 3187 2798 vestigia
3217 2725 3422 2798 templi

352 2818 664 2889 Susceptos
694 2816 847 2872 ictus
878 2813 1067 2871 reddit
1097 2832 1230 2870 cum
1262 2816 1478 2872 foenore
1508 2818 1674 2873 duro.
2103 2816 2363 2871 Ascensu
2393 2818 2693 2886 superant,
2721 2820 2779 2870 et
2804 2814 2890 2871 eis
2920 2832 3027 2871 sua
3057 2816 3229 2889 signa
3258 2815 3544 2871 dederunt

350 2905 457 2961 Ilia
486 2906 811 2960 Turcorum
841 2905 1273 2960 transverberat
1303 2922 1337 2960 a
1366 2905 1512 2961 duce
1544 2906 1744 2972 missa,
2104 2905 2451 2960 Tancretius
2481 2908 2855 2976 Guastonque
2886 2904 2998 2977 piis
3030 2904 3336 2961 affectibus
3366 2905 3501 2961 acti.

349 2996 471 3051 Non
505 2998 737 3050 tantum
769 2997 1043 3049 contenta
1073 2993 1226 3048 latus
1256 2994 1506 3051 transire
1536 2995 1765 3069 sagitta.
2103 2994 2249 3049 llinc
2269 2995 2340 3049 ad
2363 3011 2501 3065 opes
2522 2996 2831 3066 properant
2854 2992 3123 3060 effrenes,
3144 2998 3296 3049 tecta
3321 2994 3676 3051 subintrant.

348 3084 474 3140 Dux
506 3084 672 3140 ducis
702 3083 1040 3155 exsequitur
1068 3099 1290 3152 curam,
1316 3084 1598 3157 fortisque
1628 3084 1907 3154 laborem,
2037 3152 2066 3157 μ
2101 3083 2327 3153 Vestes,
2360 3082 2612 3148 divitias,
2646 3087 2704 3138 et
2733 3084 2888 3155 quod
2920 3084 3064 3139 satis
3092 3087 3248 3139 esset
3276 3099 3447 3140 avaro

349 3173 549 3230 Multis
577 3152 1228 3244 hortatur-pugnantes,
1258 3177 1481 3246 pugnat
1501 3152 1568 3227 et
1598 3173 1741 3246 ipse,
1895 3152 1900 3154 ⁷
2023 3152 2067 3221 C
2106 3152 2432 3239 Inveniunt,
2467 3171 2516 3227 si
2547 3152 2768 3228 divitiis
2795 3172 3041 3228 satietur
3069 3189 3296 3229 avarus.

346 3262 572 3335 Pugnat
600 3278 704 3334 pro
729 3260 949 3334 duplici
979 3277 1175 3333 regno,
1200 3261 1340 3332 quia
1369 3261 1579 3334 quaerit
1610 3267 1919 3335 utramque
2099 3263 2223 3318 Non
2257 3260 2445 3334 perdit
2476 3262 2627 3333 quod
2661 3261 2911 3334 quisque
2943 3261 3114 3334 rapit,
3146 3278 3250 3318 nec
3280 3261 3538 3319 vindicat
3568 3262 3715 3319 alter

344 3351 691 3417 Jerusalem,
724 3351 980 3407 decertat
1010 3350 1068 3405 in
1101 3350 1210 3406 hac
1234 3354 1298 3404 ut
1324 3350 1473 3406 vivat
1506 3351 1563 3404 in
1598 3350 1717 3405 illa.
2100 3352 2374 3419 Quamvis
2407 3350 2673 3421 nobilior,
2704 3352 2860 3423 quod
2893 3355 3194 3423 computat
3223 3351 3281 3405 in
3315 3368 3423 3407 sua
3452 3369 3692 3425 pauper.

345 3441 495 3495 Saxa
525 3457 700 3511 super
729 3444 915 3495 crates
944 3439 1238 3495 venientia
1267 3439 1486 3494 vimina
1522 3440 1801 3512 frangunt
2100 3442 2201 3497 His
2229 3440 2310 3496 ita
2338 3439 2666 3513 completis,
2691 3440 2975 3494 mundata
3004 3439 3199 3495 taliter
3226 3440 3392 3507 urbe,

344 3529 590 3598 Robora,
625 3533 791 3584 scuta
814 3529 967 3584 viros
998 3529 1067 3584 de
1096 3528 1273 3583 castri
1305 3527 1560 3583 culmine
1592 3529 1816 3585 nolunt.
2096 3531 2180 3586 Ad
2213 3547 2321 3586 sua
2354 3528 2547 3585 felices
2575 3533 2857 3585 venerunt
2887 3528 3103 3601 gaudia
3132 3529 3342 3601 turbae,

883 3620 1185 3675 Jerusalem
1211 3619 1446 3689 capitur.
2099 3618 2496 3690 Prostratique
2526 3619 2706 3674 duces
2736 3618 2959 3691 aspersi
2995 3618 3229 3673 fletibus
3259 3635 3379 3687 ora,

414 3709 616 3765 Mortis
648 3709 707 3763 in
739 3706 985 3763 articulo
1014 3706 1200 3762 virtus
1233 3724 1347 3762 non
1379 3707 1564 3762 defuit
1599 3707 1773 3775 hosti,
2098 3708 2205 3763 Pro
2241 3707 2480 3765 Domino
2513 3706 2745 3763 Domini
2774 3711 3126 3763 venerantur
3153 3707 3261 3763 rite
3291 3707 3648 3780 sepulcrum.

344 3797 533 3854 Donec
564 3814 680 3869 qua
705 3795 1003 3852 Christum
1034 3813 1175 3851 crux
1205 3796 1568 3852 sanctiﬁcata
1597 3797 1831 3869 recepit,
2096 3797 2317 3870 Hicque
2349 3813 2523 3853 suum
2557 3794 2804 3869 capitale
2834 3796 2952 3852 Deo
2982 3796 3083 3851 dat
3112 3797 3364 3869 quisque
3394 3796 3604 3853 fidelis.

338 3887 540 3943 Adfuit
568 3886 732 3953 hora,
766 3885 919 3941 diem
952 3885 1244 3956 minuens,
1276 3884 1535 3957 civisque
1564 3885 1842 3959 vigorem,
2098 3888 2267 3942 Mane
2297 3887 2453 3956 dato,
2480 3902 2593 3940 non
2624 3884 2832 3957 plenus
2865 3884 3059 3941 adhuc
3088 3889 3175 3941 tot
3204 3885 3480 3942 cludibus
3510 3885 3684 3953 ultor,

341 3978 457 4033 Hac
488 3977 630 4033 hora
650 3975 892 4049 quidam
923 3976 994 4031 de
1024 3980 1213 4031 castro
1244 3975 1469 4030 fortiter
1497 3974 1744 4043 instans,
2098 3974 2263 4032 Miles
2293 3975 2351 4029 id
2383 3974 2680 4046 exiguum,
2714 3974 2871 4048 quod
2901 3973 3093 4029 adhuc
3132 3991 3439 4047 superesse
3469 3974 3712 4044 sciebat,

338 4066 585 4122 Nomine
615 4064 908 4131 Letaldus,
943 4080 1111 4119 muro
1142 4064 1300 4136 prior
1329 4062 1514 4119 insilit
1543 4062 1727 4132 urbis,
2097 4062 2415 4137 Sanguinis
2444 4063 2503 4118 in
2533 4063 2738 4137 paucis
2768 4063 3018 4131 furatur,
3042 4067 3099 4120 et
3128 4065 3315 4121 ardua
3344 4064 3547 4137 templi

260 4208 267 4221 ,
339 4155 513 4211 Illum
546 4154 644 4228 qui
671 4154 855 4210 nimia
884 4152 1071 4209 secuit
1099 4152 1310 4209 virtute
1341 4152 1567 4209 leonem
2095 4153 2429 4210 Ascendens
2460 4153 2652 4222 tacite,
2677 4153 2870 4209 subito
2900 4154 3157 4210 turbavit
3183 4153 3427 4221 inertes,

339 4243 686 4300 Guicherius
707 4242 993 4315 sequitur.
1011 4242 1143 4298 Jam
1165 4243 1282 4298 dux
1304 4260 1482 4316 super
1513 4241 1629 4298 alta
1649 4248 1916 4301 coruscat
2097 4242 2181 4299 Illi
2216 4242 2545 4316 praecipites
2575 4254 2709 4299 sese‘
2724 4241 3072 4314 juculantur
3102 4243 3173 4298 ab
3205 4242 3343 4311 alto,

338 4332 570 4399 Maenia,
593 4333 720 4405 jam
752 4332 983 4406 gladius
1012 4332 1126 4387 late
1155 4347 1259 4404 per
1288 4331 1490 4404 iniqua
1522 4332 1766 4406 vagatur
2095 4333 2165 4388 Et
2193 4350 2322 4405 quea
2354 4331 2454 4388 dat
2480 4331 2660 4388 vitam
2692 4330 2935 4403 reliquis
2967 4329 3370 4388 animantibus
3402 4331 3534 4388 illos

336 4424 591 4491 Pectora,
616 4421 914 4478 fulmineis
930 4422 1057 4493 jam
1091 4438 1297 4477 murus
1326 4422 1398 4477 ab
1432 4421 1672 4477 ensibus
1704 4422 1885 4480 ardet.
2095 4422 2273 4479 Terra
2301 4420 2695 4493 repercutiens
2725 4419 3040 4476 morientes
3070 4420 3253 4477 mittit
3281 4422 3355 4478 ad
3391 4420 3652 4478 umbras.

405 4511 647 4569 Nescius
679 4512 927 4567 istorum
960 4510 1343 4582 Raymundus
1374 4509 1588 4565 mobile
1619 4514 1877 4568 castrum
2014 4532 2063 4595 ι)
2094 4512 2422 4568 Occurrunt
2451 4508 2551 4565 alii
2580 4508 2792 4582 gladiis
2822 4509 3140 4582 animoque
3165 4509 3341 4577 virili,

333 4601 705 4657 Conducebat
734 4600 946 4666 adhuc,
971 4600 1073 4655 sed
1102 4615 1271 4655 voces
1303 4598 1548 4655 auribus
1579 4599 1781 4656 hausit
2097 4598 2412 4673 Supposita
2440 4596 2658 4655 cervice
2683 4614 2879 4655 moras
2909 4598 2969 4653 in
3000 4602 3187 4656 morte
3218 4603 3564 4672 queruntur.

335 4690 626 4760 Insolitas,
658 4693 997 4761 turremque
1028 4687 1205 4743 David
1238 4687 1388 4744 celer
1416 4687 1542 4761 ipse
1572 4690 1773 4762 petivit
1805 4707 1818 4746 :
2096 4689 2165 4743 Ili
2197 4705 2324 4745 sese
2353 4688 2605 4756 caedunt,
2639 4691 2972 4761 mortesque
3003 4705 3142 4744 suas
3172 4688 3430 4745 inimicis

332 4779 446 4835 Nec
474 4796 637 4835 mora
665 4780 987 4835 Turcorum
1020 4777 1313 4850 princeps,
1349 4778 1615 4834 custodia
1644 4779 1823 4835 turris
2093 4779 2365 4850 Eripuere
2397 4776 2543 4849 suis,
2570 4776 2669 4833 isti
2701 4778 3016 4851 pugnando
3047 4782 3338 4834 secantur.

333 4869 435 4924 Cui
467 4868 784 4926 commissa
814 4868 943 4935 fuit,
976 4868 1234 4924 demissa
1261 4884 1418 4935 voce,
1455 4869 1679 4942 roganti
2091 4866 2472 4940 Naufragium
2504 4866 2645 4922 dum
2678 4866 2928 4939 quisque
2960 4866 3097 4921 facit
3126 4866 3260 4935 sibi,
3292 4866 3539 4939 quisque
3574 4880 3750 4922 neca-

330 4957 529 5026 Vultu,
563 4958 828 5014 dimissis
857 4956 1065 5024 oculis,
1090 4973 1124 5011 a
1152 4956 1394 5011 consule
1424 4956 1605 5012 vitam
3528 4952 3671 5028 [tum

334 5045 614 5111 Postulat,
647 5046 900 5101 auferret
931 5044 1064 5116 quis
1092 5042 1296 5099 inertis
1328 5044 1566 5116 przemia
1593 5045 1764 5102 victo.
2091 5046 2345 5117 Corpora
2374 5059 2656 5100 caesorum
2687 5042 2891 5099 caudis
2918 5043 3245 5117 religantur
3274 5060 3583 5118 equorum.

332 5135 475 5189 Ecce
503 5152 718 5207 pavens
743 5134 970 5189 Turcus
1001 5134 1186 5203 aperit
1216 5133 1341 5189 sine
1375 5151 1675 5190 murmure
1705 5140 1934 5208 portam
2088 5137 2277 5207 Atque
2308 5134 2462 5190 foras
2483 5134 2655 5205 juxta
2684 5149 2886 5189 muros
2916 5133 3320 5206 glomerantur
3347 5134 3566 5201 inusta,

331 5223 632 5290 Hostibus,
657 5241 690 5278 a
723 5221 936 5277 nostris
964 5221 1134 5277 toties
1164 5222 1489 5293 majoribus
1519 5228 1798 5296 emptam.
2089 5223 2264 5279 Plura
2294 5223 2531 5295 quidem
2561 5221 2746 5277 divisa
2765 5210 2918 5278 locis
2946 5221 3005 5278 in
3040 5224 3225 5279 frusta
3243 5224 3542 5296 jacebant,

332 5312 628 5368 Turbidus
657 5316 913 5383 optatam
948 5312 1276 5383 prorumpit
1305 5312 1487 5367 victor
1517 5312 1575 5368 in
1608 5314 1833 5382 urbem,
2090 5312 2582 5384 Pcrdiderantque
2610 5314 2778 5368 notas
2808 5310 3053 5368 humani
3088 5312 3364 5386 corporis,
3397 5311 3500 5368 illa

332 5400 777 5471 Praecipitesque
804 5401 958 5455 viros
988 5400 1237 5472 graviter
1262 5417 1408 5457 suus
1441 5402 1696 5475 impetus
1727 5408 1911 5477 urget.
2092 5401 2351 5459 Gentiles
2380 5400 2640 5457 nondum
2673 5401 2935 5457 damnati
2969 5402 3163 5458 flendo
3202 5402 3492 5476 legebant,

332 5488 596 5546 Occurrit
625 5505 901 5561 suprema
931 5490 1055 5547 dies
1084 5488 1422 5563 gentilibus,
1454 5490 1538 5546 illi
2092 5492 2165 5547 Et
2194 5495 2473 5564 congesta
2504 5488 2681 5545 simul
2714 5490 3009 5547 ducebant
3037 5491 3256 5549 montis
3285 5492 3359 5550 ad
3388 5491 3527 5547 ima.

332 5579 406 5639 Ge
437 5577 589 5635 bello
619 5577 854 5651 fugiunt
880 5577 942 5637 in
972 5577 1213 5651 bellum,
1246 5579 1448 5652 lapsus
1479 5579 1695 5651 ubique
