3992 6090
186 298 351 359 1001

839 297 1202 361 GALTERII
1248 297 1766 360 CANCELLARII
1809 294 2056 358 BELLA
2099 298 2468 363 ANTIOCH.
2499 299 2828 364 -—PARS.
2872 300 2921 362 Ι.

3433 302 3600 366 ,1003

183 432 406 486 timore
463 429 688 486 subacti
743 430 921 486 animi
969 433 1058 486 sui
1109 432 1375 487 habitum
1425 431 1580 486 vocis
1623 431 1838 486 iudicio
1870 431 1922 498 Α
1952 431 2002 485 vi
2038 433 2237 487 fortior
2269 433 2451 489 hostis
2483 434 3006 504 ingreditur.Quod
3039 434 3257 490 factum
3283 451 3405 504 non
3431 437 3600 494 mini-

178 518 569 575 dissimulant
601 536 614 573 ε
650 519 815 574 aiunt
843 519 1022 586 enim,
1058 521 1253 576 missis
1290 522 1359 575 ad
1395 521 1714 592 principem
1747 519 1840 574 in-

174 608 603 675 ternuntiis,0b
637 609 994 665 firmandum
1029 610 1216 666 fmdus
1239 610 1506 665 amicitia:
1528 627 1662 665 cum
1691 611 1836 682 ipso,

174 702 232 752 et
254 703 462 752 contra
476 696 807 753 Parthicum
833 698 1060 754 hostem
1086 716 1145 754 se
1167 698 1395 754 venisse
1418 703 1836 770 expugnatum.

173 786 927 853 Dodechinusautem,licet
941 789 1198 843 virorum
1216 787 1693 844 Christicolarum
1713 789 1840 843 Par-

171 875 538 948 thorumque
570 876 890 948 potentiam
923 877 1353 932 formidabilem
1388 883 1698 944 vereretur,
1719 894 1838 932 ma-

172 963 289 1019 luit
321 967 517 1020 tameu
548 963 827 1020 simulata
855 981 993 1036 pace
1023 983 1156 1020 cum
1193 965 1553 1021 Christicolis
1593 983 1834 1021 concor-

173 1052 328 1118 dari,
357 1058 420 1107 ut
454 1053 611 1124 ipsos
642 1053 879 1108 duceret
909 1053 980 1107 ad
1021 1053 1353 1125 perniciem,
1396 1071 1574 1125 quam
1608 1054 1834 1108 Parthis

176 1142 572 1213 acquiescere,
606 1158 753 1213 quos
788 1141 1004 1197 multos
1038 1142 1390 1199 crudeliores
1440 1143 1550 1198 sibi
1603 1144 1660 1198 in
1695 1160 1834 1216 pace

175 1247 358 1302 quam
391 1229 451 1284 in
498 1229 648 1286 bello
697 1235 1060 1304 cognoverat.
1096 1233 1242 1287 Loco
1292 1232 1486 1304 itaque
1534 1231 1832 1304 assignato

177 1320 556 1374 conveniunt.
610 1319 808 1391 Ibique
855 1321 1101 1386 firmatis
1138 1321 1616 1376 conventionibus
1663 1323 1832 1393 quasi

176 1407 356 1463 amici
389 1408 525 1463 facti
558 1413 715 1463 sunt.
748 1408 1078 1479 Disponunt
1105 1409 1302 1480 igitur,
1328 1413 1528 1465 contra
1571 1411 1828 1465 hostium

177 1501 412 1552 turmas
435 1514 549 1568 quo
572 1496 774 1552 utilius
799 1497 876 1552 sit
900 1499 1287 1562 eundum,sed
1318 1498 1604 1567 similiter;
1621 1500 1831 1555 Dama-

177 1603 395 1642 scenus
425 1586 582 1641 enim
616 1587 687 1641 ad
712 1585 837 1641 loca
858 1586 1164 1658 utriusque
1191 1589 1431 1643 fortuna}
1455 1588 1566 1644 sibi
1589 1589 1829 1660 suisque

175 1675 418 1730 utiliora
470 1674 552 1730 ire
602 1680 945 1746 prmmonet;
978 1676 1376 1732 Antiochenus
1424 1694 1577 1744 vero,
1613 1677 1683 1732 ad
1729 1678 1828 1733 illa

175 1764 394 1836 quibus
419 1769 576 1819 recta
597 1764 1009 1832 fronte,hostcs
1028 1765 1201 1820 citius
1218 1765 1453 1837 aggredi
1478 1766 1822 1836 potuissent.

175 1854 327 1920 Quid
355 1854 628 1926 singula?
653 1853 935 1925 principis
957 1859 1073 1909 stat
1095 1854 1504 1921 sententia,cui
1527 1856 1652 1924 jam
1685 1872 1827 1927 pra:-

176 1944 401 1998 dictum
427 1944 612 1998 fuerat
629 1942 943 1998 exercitum
967 1944 1347 1998 barbarorum
1373 1961 1474 2014 per
1505 1943 1830 1999 Salobriam

175 2037 490 2088 venturum
514 2035 805 2104 Sysaram,
831 2049 958 2103 qua:
991 2037 1161 2087 antea
1194 2032 1503 2087 tributaria
1533 2037 1588 2088 et
1617 2033 1832 2088 nostris

179 2121 584 2192 serviens,jam
606 2137 773 2176 versa
803 2120 910 2174 fuit
941 2121 998 2175 in
1032 2121 1410 2187 contrarium,
1430 2121 1662 2176 illorum
1696 2140 1832 2177 con-

181 2213 288 2266 fisa
349 2210 624 2282 sull'ragio
675 2227 926 2282 quorum
977 2214 1197 2282 postea,
1248 2210 1475 2266 actione
1528 2212 1834 2284 utriusque

181 2300 574 2373 partis,passa
595 2305 688 2368 est,
705 2298 1298 2371 dispendia.Tandem
1327 2305 1617 2356 nostrates
1635 2301 1833 2356 missis

186 2387 650 2461 exploratoribus
707 2393 909 2442 contra
963 2387 1179 2453 hostes,
1207 2389 1510 2459 Apamiam
1570 2391 1834 2461 proficis-

186 2482 422 2534 cuntur.
457 2477 564 2532 Ubi
595 2475 752 2532 velut
782 2475 885 2530 filii
915 2480 971 2532 et
997 2481 1266 2548 parentes
1314 2478 1589 2533 societate
1638 2479 1837 2551 hospi-

187 2564 735 2637 talitatem,vinculo
762 2566 936 2621 etiam
959 2565 1288 2621 dilectionis
1310 2566 1546 2638 integra:
1569 2568 1838 2623 videban-

188 2661 286 2711 tur
315 2656 640 2721 convenire,
675 2655 809 2710 licet
840 2655 1066 2710 numeri
1100 2673 1164 2710 ac
1215 2656 1521 2726 probitatis
1568 2657 1839 2712 dilt‘erant

186 2745 626 2818 quantitudine;
652 2741 789 2816 pa'rs
819 2744 1033 2799 etenim
1067 2744 1348 2816 principis
1378 2746 1529 2801 ultra
1560 2747 1674 2801 duo
1699 2747 1835 2801 mil-

185 2835 266 2890 lia
296 2838 690 2907 pugnatorum
724 2849 838 2887 non
872 2838 1134 2906 poterant
1155 2833 1430 2902 inveniri;
1458 2851 1590 2905 pars
1639 2841 1834 2891 autem

185 2924 427 2979 diversa;
458 2921 751 2978 societatis
784 2939 817 2976 a
851 2921 1052 2977 multis
1083 2926 1430 2994 reputantur
1466 2924 1836 2996 mquipollere

183 3014 385 3068 decem
419 3010 699 3067 millibus.
735 3015 863 3065 Haec
895 3015 1085 3066 autem
1121 3012 1274 3084 quod
1328 3015 1519 3084 majus
1569 3030 1834 3081 numero,

183 3101 475 3175 probitate
507 3101 740 3172 quidem
775 3100 973 3156 minus
1005 3100 1324 3156 obtinebat.
1361 3101 1659 3174 Siquidem
1703 3108 1836 3158 ante

1953 538 2113 574 mum
2150 523 2348 577 intulit
2380 522 2648 577 timorem
2704 522 3106 596 popularibus.
3143 523 3394 596 Ingressi
3443 523 3598 582 illico

1951 610 2250 665 dominam
2309 611 2506 682 oppidi
2566 617 2882 683 exponunt,
2917 612 3373 684 fortioribusque
3430 611 3596 678 villas,

1949 699 2303 770 quibusdam
2337 701 2636 772 expositis,
2663 701 3015 772 quibusdam
3047 701 3600 774 interemptis,ipso-

1948 804 2079 842 rum
2124 789 2275 843 inter
2321 806 2380 843 se
2427 789 2757 858 distributis
2791 790 3022 861 opibus,
3055 789 3274 846 ibidem
3323 791 3598 850 custodes

1948 893 2086 931 suos
2114 877 2413 932 adhibent.
2449 877 2550 933 Ilis
2601 879 2870 950 peractis,
2905 877 3250 934 Fisariensis
3295 877 3597 935 amiraldis

1946 966 2148 1020 confisi
2183 965 2524 1031 amicitiam,
2561 966 2714 1037 apud
2753 967 2947 1038 ipsum
2981 965 3239 1024 volentes
3288 967 3594 1040 hospitari,

1947 1054 2204 1109 Sisaram
2259 1056 2629 1111 accedebant.
2669 1057 2795 1126 Ipse
2844 1060 3040 1110 autem
3090 1056 3246 1111 haud
3287 1055 3598 1114 immemor

1948 1143 2388 1198 llammensium
2429 1144 2805 1210 incommodi,
2840 1144 3043 1200 utilius
3092 1161 3291 1201 secum
3341 1149 3593 1217 reputat,

1943 1230 2087 1302 ipsis
2120 1236 2280 1288 extra
2310 1232 2622 1304 hospi'tatis
2655 1234 2908 1304 przsbere
2939 1233 3472 1307 necessaria,quam
3505 1233 3595 1296 in.-

1942 1321 2225 1375 trantium
2247 1322 2390 1376 ferre
2415 1323 2802 1378 incommoda.
2819 1323 3086 1378 Timebat
3101 1321 3257 1377 enim
3281 1322 3337 1378 in
3363 1321 3486 1380 suis
3511 1339 3597 1380 re-

1942 1409 2053 1464 bus
2076 1411 2402 1465 redundare
2416 1411 2671 1466 hostium
2698 1411 3104 1479 saevitiam,sed
3127 1410 3310 1466 multo
3326 1411 3514 1484 magis
3529 1428 3590 1470 se

1939 1497 2134 1569 ipsum
2165 1499 2472 1553 verebatur
2501 1499 2620 1554 fore
2641 1499 2797 1554 necis
2817 1499 3382 1570 prmdam.Praemisit
3405 1498 3592 1573 igitur

1940 1588 2179 1642 fratrem
2211 1605 2407 1654 suum,
2430 1593 2492 1641 ut
2515 1589 2668 1643 fama
2701 1589 2919 1656 retulit,
2945 1589 3472 1659 Barbara,munera
3504 1588 3589 1644 fe-

1939 1676 2201 1732 rentibus
2223 1677 2390 1748 equis
2413 1677 2898 1748 comitatnm,quo
2919 1677 3362 1751 pretiosioribus
3385 1683 3593 1734 Burso-

1939 1782 2070 1820 nem
2095 1767 2476 1837 praedonaret,
2500 1771 2853 1839 cazterosque
2877 1771 3200 1838 magnetes,
3221 1767 3589 1842 praasentatis

1942 1854 2367 1926 aliis,acceptos
2389 1855 2499 1910 sibi
2535 1855 2816 1923 redderet,
2834 1860 2890 1911 et
2919 1861 2987 1911 ut
3017 1872 3083 1912 eo
3115 1855 3406 1912 mediante
3439 1857 3592 1912 inter

1943 1944 2102 2016 ipsos
2150 1945 2482 1999 firmaretur
2527 1945 2711 1999 fmdus
2743 1944 3030 2012 amicitiae,
3067 1945 3150 2000 ita
3180 1950 3397 2012 tamen,
3433 1945 3590 2020 quod

1943 2033 2085 2087 dum
2111 2032 2384 2087 dominus
2403 2033 2608 2087 Sisarae
2630 2039 2888 2089 maneret
2904 2033 3172 2106 praasidio
3189 2033 3594 2107 oppidi,frater

1941 2121 2371 2192 cjus,indigena
2386 2121 2576 2176 sciens
2589 2120 2782 2178 aditus
2803 2128 2861 2178 et
2885 2139 3149 2179 recessus
3172 2123 3596 2194 patriae,devas-

1944 2207 2147 2264 tationi
2173 2209 2426 2280 bellique
2450 2209 2828 2278 necessarios,
2854 2227 2987 2266 cum
3030 2211 3174 2283 ipsis
3198 2211 3593 2286 proficiscere-

1945 2299 2184 2364 tur,dux
2205 2316 2404 2353 eorum
2425 2298 2734 2366 itineris,et
2750 2299 3012 2370 provisor
3028 2299 3438 2357 utilitatis.Sed
3459 2300 3596 2356 utin

1945 2386 2327 2458 sequentibus
2360 2386 2573 2452 dicam,
2599 2388 2844 2443 Domino
2868 2393 3160 2460 operante,
3198 2393 3594 2468 contra'_spe_m

1944 2492 2146 2530 eorum
2180 2492 2269 2530 res
2301 2492 2465 2531 versa
2496 2481 2584 2530 est
2626 2476 2681 2530 in
2735 2477 3119 2532 contrarium.
3156 2478 3372 2548 Frater,
3403 2479 3599 2536 fratris

1947 2564 2193 2635 imperio
2227 2565 3005 2636 Obtemperans,iujunctum
3030 2565 3140 2622 sibi
3174 2566 3472 2640 negotium
3501 2566 3598 2623 la:-

1945 2659 2040 2708 tus
2071 2653 2426 2725 exsequitur.
2454 2654 2752 2710 Exercitus
2781 2659 2976 2710 autem
3008 2659 3141 2711 ante
3189 2672 3466 2712 cavernas
3505 2655 3596 2714 Si-

1946 2743 2109 2797 sarize
2137 2747 2607 2808 castrametatus,
2640 2744 2848 2798 iterum
2883 2743 3050 2800 factis
3083 2745 3478 2817 potationibus
3523 2746 3595 2802 de

1945 2831 2036 2886 die
2070 2831 2125 2884 in
2159 2831 2377 2896 diem,a
2406 2831 2576 2903 longe
2608 2831 2813 2903 positis
2844 2833 3104 2888 excubiis
3137 2838 3424 2890 nostrates
3442 2831 3593 2894 bello

1944 2920 2228 2975 lacessere
2289 2923 2533 2974 tentant.
2571 2919 2848 2992 Princeps
2905 2920 3086 2992 igitur
3141 2921 3593 2982 Christianitatis

1945 3012 2327 3073 sacramento,
2353 3013 2408 3062 et
2438 3009 2693 3064 fraterna
2721 3009 2872 3080 regis
2904 3007 3208 3066 dilectione
3252 3011 3591 3084 eonjuratus

1946 3101 2064 3152 tam
2097 3097 2442 3170 prmludium
2478 3114 2654 3168 quam
2687 3103 2744 3152 et
2775 3099 2846 3153 ad
2880 3097 3012 3154 belli
3047 3099 3293 3166 aditum,
3327 3099 3592 3160 erutione

181 3190 493 3262 Apamiam
543 3189 957 3255 castrametati,
993 3206 1095 3261 per
1151 3191 1298 3245 duos
1346 3208 1578 3246 menses
1626 3193 1834 3246 morati
1866 3175 1908 3240 C
1947 3185 2248 3241 oculorum
2279 3184 2642 3257 interposita,
2666 3186 3015 3258 geueraliter
3036 3187 3313 3244 omnibus
3345 3187 3468 3245 suis
3499 3191 3598 3247 ab-

184 3285 346 3346 sunt,
381 3284 693 3351 antequam
724 3277 807 3333 eis
855 3283 1050 3334 certus
1088 3279 1434 3335 Parthorum
1467 3281 1840 3336 nuntiaretur

183 3385 480 3424 accessus.
503 3369 698 3424 Mense
720 3385 851 3423 vero
868 3369 1332 3440 Augusti,Burno
1359 3369 1703 3424 Parthorum
1723 3371 1839 3424 dux

185 3457 432 3524 militia),
457 3457 708 3528 stipatus
739 3456 1120 3512 validissimis
1153 3464 1545 3530 pugnatorum
1588 3458 1836 3531 agmini-

183 3546 483 3614 bus,ultra
495 3546 825 3618 Euphraten
844 3546 964 3615 jam
985 3547 1514 3614 venisse,atrociter
1534 3553 1727 3620 partes
1742 3549 1840 3620 Sy-

185 3637 286 3692 riae
319 3635 604 3691 invasisse
635 3635 962 3690 nuntiatur.
997 3636 1157 3700 Quod
1193 3636 1290 3690 ubi
1327 3635 1594 3708 princeps
1635 3654 1836 3692 verum

184 3743 317 3782 esse
349 3724 652 3796 comperit,
677 3724 794 3796 regi
829 3723 1368 3796 Hierosolymitano,
1402 3725 1596 3780 comiti
1634 3726 1837 3798 Tripo-

185 3815 391 3883 litano,
425 3813 549 3870 suis
607 3812 932 3868 notissimis
991 3813 1389 3881 internuntiis,
1438 3831 1572 3869 cum
1630 3814 1838 3870 litteris

185 3903 460 3976 sigillatis
487 3901 748 3958 hostium
773 3902 1082 3957 adventum
1106 3902 1416 3975 locumque
1447 3903 1834 3972 nominatum,

185 4010 305 4050 non
338 3991 592 4047 multum
625 4009 658 4046 a
689 3990 902 4047 nostris
927 3990 1240 4047 distantem
1265 3993 1418 4064 apud
1443 3992 1671 4049 Salinas
1695 3993 1836 4048 indi-

182 4087 301 4150 cat,
335 4081 434 4137 ubi
483 4081 652 4136 factis
701 4081 1117 4152 potationibus,
1150 4081 1487 4153 creterisque
1525 4082 1836 4154 voluptati-

184 4169 644 4242 bus,crescentis
663 4169 813 4224 luna:
836 4169 1147 4242 augurium
1179 4171 1610 4243 exspectabant,
1637 4172 1837 4227 horta-

185 4268 404 4333 turque
435 4276 534 4316 eos
567 4275 670 4331 pro
701 4259 824 4314 suis
853 4258 1096 4323 viribus,
1129 4276 1262 4314 cum
1295 4259 1607 4326 celeritate,
1641 4260 1835 4316 Chris-

183 4351 360 4406 tianze
391 4348 612 4403 militia:
635 4347 838 4404 adesse
869 4348 1161 4419 praesidio.
1189 4349 1310 4404 Rex
1339 4347 1534 4420 itaque
1565 4349 1836 4420 probitati

184 4436 731 4510 scmper‘intentus,
766 4435 922 4490 haud
954 4435 1209 4508 segniter
1241 4452 1442 4508 agens,
1478 4438 1680 4492 eodem
1723 4437 1834 4504 die,

1949 3276 2120 3330 dicat.
2148 3277 2268 3340 Quo
2292 3276 2662 3346 audito,pars
2692 3275 2953 3330 hostium
2979 3293 3278 3349 arrogans,
3303 3294 3371 3333 ex
3400 3275 3596 3351 inspe-

1948 3369 2092 3430 rato,
2127 3365 2371 3418 Cafarda
2419 3369 2679 3419 castrum
2725 3364 2914 3419 tribus
2962 3364 3145 3421 leucis
3191 3384 3224 3421 a
3255 3365 3469 3422 nostris
3500 3384 3598 3424 se-

1949 3457 2172 3508 motum
2196 3452 2424 3525 attigit;
2460 3453 2614 3524 quod
2648 3452 2859 3525 saepius
2886 3471 3250 3527 aggressum,
3285 3455 3418 3512 licet
3461 3473 3597 3529 pars

1947 3542 2189 3597 interior
2219 3540 2437 3597 crebris
2471 3541 2819 3614 sagittarum
2853 3559 2919 3598 ac
2949 3543 3210 3616 lapidum
3241 3544 3460 3601 ictibus
3508 3545 3598 3610 di-

1948 3632 2144 3703 risque
2197 3629 2538 3686 vulneribus
2594 3636 2974 3703 premeretur,
3007 3649 3075 3688 ea
3125 3633 3247 3689 vice
3301 3633 3429 3706 capi
3481 3650 3596 3692 non

1947 3721 2155 3793 potuit.
2192 3720 2301 3774 Sed
2336 3720 2588 3791 quodam
2617 3719 2847 3775 illorum
2883 3721 3166 3777 amiraldo
3209 3721 3512 3778 interfecto
3542 3728 3601 3779 et

1949 3809 2218 3883 pluribus
2264 3809 2604 3875 vulneratis,
2658 3811 2868 3865 reversi
2929 3815 3068 3866 sunt
3123 3812 3193 3866 ad
3255 3812 3594 3882 exercitum,

1948 3903 2272 3954 asserentes
2304 3897 2566 3970 ipsorum
2604 3898 2862 3955 dolorem
2895 3899 3152 3956 vindicta
3182 3918 3351 3973 posse
3383 3901 3593 3972 minui.

1947 3987 2053 4053 Qui
2087 4004 2220 4042 cum
2252 3986 2596 4042 molirentur
2634 3989 2927 4058 quomodo
2957 3989 3214 4046 atrocius
3249 3994 3479 4047 nostros
3501 4006 3600 4064 ag-

1946 4077 2106 4149 gredi
2169 4075 2516 4148 potuissent,
2555 4077 2710 4132 fama
2757 4077 3036 4134 nuntians
3087 4079 3241 4152 regis
3282 4080 3596 4136 adventum

1947 4164 2275 4238 proximum
2308 4164 2571 4236 ipsorum
2601 4182 2774 4221 aures
2795 4165 3062 4238 perculit.
3091 4167 3206 4240 Ipsi
3228 4185 3360 4225 vero
3391 4185 3508 4225 non
3535 4168 3596 4224 in

1946 4255 2157 4309 virtute
2187 4254 2373 4308 sancti
2397 4253 2781 4324 Spiritus,sed
2815 4254 2875 4309 in
2907 4254 3286 4312 multitudine
3307 4258 3598 4314 exercitus

1947 4343 2173 4410 confisi,
2207 4347 2523 4413 antequam
2573 4358 2671 4397 rex
2722 4343 3188 4400 accedat'factis
3240 4345 3597 4418 agminibus,

1947 4432 2263 4487 habiliores
2284 4430 2566 4504 prmludio
2590 4432 2660 4486 ad
2685 4432 2935 4487 tentoria
2957 4437 3292 4489 nostrorum
3315 4425 3597 4508 dirigunt,

181 4525 512 4601 praemissis
561 4525 808 4580 nuntiiis
855 4525 926 4578 ad
979 4523 1251 4579 comitem
1286 4541 1356 4578 ne
1388 4542 1610 4580 moram
1643 4525 1836 4595 faciat,
1872 4547 1916 4610 Ι)
1949 4522 2101 4576 acies
2132 4522 2202 4576 de
2235 4537 2392 4576 more
2424 4519 2686 4592 ipsorum
2717 4520 2992 4576 ordinatis
3024 4521 3277 4594 sparsim
3319 4523 3600 4596 subsequi

183 4633 369 4689 quam
402 4615 574 4670 citius
608 4619 796 4686 potest
844 4613 969 4686 ipse
1017 4613 1402 4685 subsequitur
1433 4632 1446 4669 :
1483 4616 1842 4686 praemandat

183 4712 389 4762 tamen
439 4702 684 4776 principi
737 4719 870 4758 cum
912 4703 1248 4772 juramento
1298 4702 1754 4760 Christianitatis
1783 4710 1840 4760 et

185 4793 511 4850 amicitiam
562 4790 961 4857 fraternitatis,
998 4807 1346 4862 quocunque
1395 4796 1576 4859 erant,
1612 4792 1698 4848 vel
1741 4793 1839 4848 ubi

185 4882 518 4939 consistant
567 4897 637 4936 ne
685 4897 782 4935 eos
815 4879 940 4934 sine
973 4878 1236 4951 ipsorum
1269 4881 1557 4951 adjutorio
1606 4882 1842 4954 aggredi

187 4977 572 5046 pra-sumant.

837 5060 1062 5116 CAPUT
1104 5060 1199 5116 III.

263 5151 507 5208 Interim
539 5151 758 5216 hostes,
794 5154 857 5205 ut
887 5151 1042 5205 fama
1071 5149 1352 5221 praecinit,
1389 5167 1489 5222 per
1520 5150 1843 5207 Salobriam

187 5241 458 5317 profecti,
494 5240 747 5313 acceptis
778 5238 857 5294 ibi
889 5238 1255 5305 necessariis,
1291 5239 1598 5294 Hammam
1647 5257 1844 5312 perve-

183 5333 386 5387 niunt.
408 5329 569 5396 Quod
603 5346 737 5383 cum
771 5328 1120 5400 reperissent
1151 5346 1217 5383 ex
1249 5333 1410 5400 parte
1443 5327 1668 5383 soldani
1720 5330 1844 5386 dari

183 5419 307 5478 sibi
341 5436 412 5474 ne
441 5418 653 5474 habere
685 5417 862 5472 minis
881 5422 980 5472 aut
1001 5418 1272 5489 precibus
1289 5416 1844 5491 potuissent,stipati

183 5513 558 5566 armatorum
591 5506 955 5563 validissima
984 5523 1186 5574 manu,
1213 5505 1356 5561 illud
1393 5504 1678 5563 invadunt
1709 5512 1850 5562 stre-

186 5596 501 5657 nuissime.
527 5596 917 5668 lnvasumque
949 5594 1226 5670 undique,
1253 5592 1536 5652 truncatis
1555 5595 1846 5670 pluribus,

514 5725 786 5791 PATROL.
831 5721 1008 5805 CLV.

1951 4609 2291 4675 deliberant,
2323 4608 2448 4664 loco
2481 4608 2798 4680 assignato,
2824 4611 3084 4665 Bursone
3116 4609 3264 4666 duce
3309 4609 3598 4684 ipsorum,

1951 4715 2085 4754 cum
2110 4699 2364 4754 maxima
2383 4696 2440 4751 in
2462 4702 2928 4770 expugnatarum
2950 4702 3286 4755 remanente
3307 4699 3598 4771 praesidio.

1951 4787 2098 4854 Quid
2129 4786 2326 4842 ultra?
2357 4786 2614 4842 Vibratis
2653 4786 2890 4857 jaculis,
2918 4787 3151 4843 emissis
3200 4787 3450 4860 sagittis,
3483 4788 3600 4858 fere

1951 4878 2011 4933 in
2037 4881 2197 4932 casta
2226 4879 2426 4931 nostra
2455 4875 2900 4943 cursitant.Qu0
2930 4877 3053 4932 viso
3074 4875 3345 4950 princeps
3379 4893 3600 4934 memo-

1952 4972 2134 5032 ratus,
2168 4965 2346 5021 veloci
2391 4982 2540 5036 equo
2589 4964 2870 5032 residens,
2912 4969 3178 5038 exempto
3227 4982 3366 5023 ense
3411 4971 3603 5024 castra

1953 5073 2194 5113 suorum
2226 5054 2451 5121 circuit,
2472 5071 2739 5110 asserens
2766 5071 2777 5108 :
2808 5055 2996 5111 «Fide
3027 5056 3149 5124 Dei,
3185 5072 3302 5127 qua
3328 5055 3599 5128 vivimus,

1955 5146 2002 5202 si
2035 5145 2167 5216 quis
2197 5143 2391 5217 egredi
2415 5145 2542 5214 jam
2575 5145 3034 5217 praesumpserit,
3071 5161 3199 5201 meo
3231 5145 3443 5218 peribit
3474 5146 3604 5219 gla-

1955 5235 2083 5301 dio;
2123 5258 2149 5283 ››
2187 5233 2326 5305 quin
2362 5233 2498 5298 imo,
2527 5234 2796 5304 praecepit
2822 5234 3140 5306 unicuique
3171 5238 3395 5290 armata
3425 5251 3608 5300 manu

1956 5328 2013 5379 et
2041 5321 2303 5397 vigilanti
2336 5323 2532 5376 animo
2574 5339 2675 5393 pro
2708 5327 2899 5379 castro
2934 5340 3040 5379 suo
3064 5328 3251 5393 stare;
3275 5339 3381 5379 nec
3409 5327 3611 5380 tamen

1956 5412 2235 5487 praesumi
2266 5411 2386 5467 ullo
2419 5411 2589 5466 modo
2620 5412 2704 5468 vel
2739 5413 2977 5486 signum
3010 5413 3301 5470 conﬂictis
3337 5411 3484 5484 ipsis
3515 5411 3616 5466 de-

1958 5509 2308 5564 monstrare.
2343 5501 2631 5556 Mirantur
2676 5501 2875 5575 itaque
2933 5500 3155 5570 Parthi,
3183 5504 3424 5576 egentem
3464 5496 3620 5566 bello

1959 5588 2492 5677 promptissimam,
2524 5589 2870 5671 iniuriaeque
2917 5607 3150 5668 semper
3190 5587 3622 5664 impatientem,

3224 5714 3306 5796 33
