3992 6090
418 343 571 407 1003

918 328 1020 407 AI)
1066 346 1580 413 GODEFRIDUM
1625 346 1961 410 APPEND.
2008 348 2084 410 ιι.
2119 384 2197 394 -
2227 348 2536 413 MONUM.
2583 352 2686 414 DE
2728 310 2989 415 BELLO'
3026 348 3299 415 SACRO.

3663 350 3831 413 1004

410 476 586 533 toties
615 477 848 551 sagittis
863 483 1436 553 provocatam,toties
1469 481 1743 539 conviciis
1764 482 2051 551 affectam,
2086 484 2139 552 Α
2166 482 2253 539 ita
2283 482 2520 556 quidem
2550 485 2808 557 pulsant,
2843 487 2997 559 quod
3028 486 3199 542 factis
3228 486 3381 542 muri
3421 483 3831 543 dirutionibus

413 568 533 622 tam
566 566 853 638 patienter
900 570 1069 638 ferre,
1093 572 1247 644 quod
1297 571 1616 628 dimicandi
1664 572 1901 646 signum
1943 589 2057 628 non

417 655 705 726 ostendat,
737 661 794 715 ct
825 658 990 731 quasi
1026 657 1260 716 illorum
1282 660 1489 716 timore
1521 661 1745 717 devicta
1766 662 1895 733 jam
1927 678 2058 717 suc-

415 745 675 801 cumbat.
707 746 955 813 Quidam
988 752 1045 805 et
1071 753 1428 818 nostrorum,
1464 750 1523 806 id
1576 750 1710 806 facti
1757 749 2060 805 timiditati

416 835 716 905 reputant;
748 835 1016 892 nonnulli
1066 842 1261 894 autem
1310 839 1630 912 capacioris
1677 839 1918 913 ingenii,
1951 839 2060 896 hoc

416 919 542 976 fieri
559 922 630 978 de
650 923 1013 998 principibus
1034 925 1325 983 industria
1336 927 1747 1001 conjiciunt,ut
1766 927 2061 1001 explorato

418 1011 660 1084 congrui
708 1012 989 1086 temporis
1041 1014 1306 1085 articulo,
1341 1034 1457 1074 non
1488 1017 1882 1074 admonitione
1927 1016 2061 1072 bos-

419 1098 591 1167 tium,
620 1116 726 1157 nec
755 1104 1210 1177 praesumptione
1239 1106 1475 1174 virium,
1500 1108 1601 1164 sed
1647 1104 1760 1174 sui,
1795 1106 2066 1181 regisque

422 1186 483 1242 in
514 1188 776 1256 proximo
799 1192 1180 1261 advenientis,
1204 1195 1586 1268 dispositione
1628 1196 1878 1269 provisa,
1911 1195 2069 1268 inge-

424 1275 637 1350 nioque
665 1279 1121 1353 expedienti,eos
1148 1283 1429 1357 impetere
1458 1285 2066 1359 pravaleant.Sapius

422 1367 662 1438 etenim,
682 1372 749 1424 ut
776 1375 1081 1444 exceptum
1113 1378 1220 1445 est,
1249 1375 1520 1447 praevalet
1548 1375 1606 1430 in
1638 1374 1789 1431 bello
1812 1390 1949 1430 cum
1972 1390 2071 1429 au-

424 1455 591 1513 dacia
619 1461 677 1514 et
705 1456 940 1532 ingenio
971 1467 1362 1536 pugnatorum
1388 1464 1865 1537 paucitas,quam
1888 1463 2068 1520 infru-

424 1545 549 1603 nita
577 1550 635 1603 et
659 1548 941 1607 vacillans
972 1556 1331 1609 armatorum
1362 1552 1696 1610 multitudo.

1064 1649 1296 1708 CAPUT
1337 1652 1427 1709 IV.

496 1729 738 1798 Interea,
793 1729 950 1785 fama
1009 1735 1279 1788 narrante
1336 1732 1618 1790 velociore
1666 1733 1840 1801 facto,
1874 1748 2068 1806 regem

424 1818 777 1876 Balduinum
809 1821 1194 1894 Pontiumque
1223 1820 1494 1878 comitem
1524 1821 1767 1879 viriliter
1808 1821 2072 1878 celeriter

426 1908 747 1966 aceelerare
775 1915 1140 1985 compertum
1170 1910 1275 1967 esf.
1310 1911 1492 1968 Burso
1514 1910 1692 1985 igitur
1714 1911 1833 1967 dux
1859 1909 2071 1966 dolosa

427 1997 787 2067 calliditatis,
812 2002 1180 2057 retrocedeus
1212 2002 1411 2075 fugam
1443 1999 1703 2069 simulat,
1719 2005 1776 2056 et
1806 1998 1973 2072 quasi
1991 2015 2077 2056 re-

428 2087 681 2160 patriare
709 2087 928 2158 volens,
952 2105 1056 2161 per
1075 2092 1269 2162 partes
1292 2089 1490 2145 Sisara
1522 2088 1767 2145 divortia
1787 2088 2072 2156 faciendo,

431 2177 503 2233 ad
524 2180 758 2250 tempus
777 2194 944 2234 suam
970 2177 1278 2234 occultavit
1297 2177 1617 2250 nequitiam
1639 2195 1651 2233 :
1673 2180 1737 2233 ut
1757 2177 1973 2233 nostris
1996 2194 2079 2234 re-

429 2266 707 2323 trocessis
736 2282 802 2322 ac
832 2266 1136 2339 separatis,
1168 2265 1424 2323 valerent
1454 2267 1640 2322 tutius
1671 2265 1899 2322 diruere
1931 2283 2078 2322 mar-

433 2354 676 2412 chitima
706 2355 1046 2428 municipia.
1083 2356 1321 2411 Interim
1374 2373 1489 2425 rex,
1523 2357 1594 2412 de
1635 2374 1792 2412 more
1832 2355 2078 2428 pristino

431 2444 715 2518 cymbalis
746 2445 1177 2512 resonantibus,
1210 2445 1370 2501 tubis
1402 2446 1618 2517 ubique
1650 2444 2076 2517 clangentibus,

434 2538 625 2590 castra
652 2539 987 2590 nostrorum
1020 2534 1323 2607 ingressus
1354 2538 1462 2590 est.
1497 2533 1823 2606 Statimque
1870 2538 1935 2589 ut
1985 2550 2083 2588 rex

433 2622 739 2695 compcriit
767 2623 965 2680 hostes
998 2622 1328 2695 recessisse,
1362 2624 1679 2680 admodum
1712 2641 1772 2679 se
1814 2640 1940 2679 sero
1983 2640 2081 2677 γο-

436 2711 594 2768 uisse
626 2716 982 2785 conquestus
1003 2717 1110 2769 est.
1135 2713 1297 2768 Brevi
1332 2717 1525 2768 tamen
1558 2717 1792 2783 sumpto
1815 2710 2079 2777 consilio,

434 2818 568 2857 cum
596 2801 995 2875 ignorentquo
1025 2818 1124 2857 eos
1155 2801 1434 2875 subsequi
1467 2806 1523 2857 et
1552 2801 1651 2857 ubi
1676 2801 1934 2857 invenire
1956 2817 2083 2873 pos-

436 2889 573 2960 sint,
608 2891 904 2971 quoddam
935 2896 1195 2947 castrum
1225 2908 1294 2947 ea
1321 2891 1443 2947 vice
1475 2889 1704 2947 Parthis
1756 2888 2081 2962 subditum,

433 2979 692 3038 Gistrum
722 2980 977 3049 nomine,
1012 2984 1416 3055 oppugnatum
1446 2980 1529 3035 ire
1561 2978 1903 3047 deliberant,
1928 2977 2083 3034 asti-

436 3073 664 3127 mantes
695 3086 794 3126 eos
840 3068 950 3127 hoc
998 3070 1149 3127 facto
1198 3071 1269 3127 ad
1319 3068 1538 3127 bellum
1586 3085 1758 3142 posse
1802 3067 2078 3125 revocari.

435 3159 551 3218 Nec
582 3163 1064 3229 mora,nostrates
1092 3158 1232 3215 illuc
1263 3158 1623 3233 perveniunt.
1641 3158 1896 3230 Repente
1925 3157 2081 3213 ordi-

2168 572 2375 646 ingens
2406 576 2698 646 prabetur
2726 575 2943 633 aditus.
2974 576 3106 632 Mox
3126 575 3829 649 introgressi,prasentes

2170 678 2307 717 suos
2330 661 2734 736 interemptos,
2768 669 2825 721 et
2854 665 3179 736 prateritos
3208 664 3612 733 vindicandos,
3649 681 3833 737 quos-

2166 748 2303 804 dam
2336 750 2717 819 interﬁciunt,
2747 753 3032 824 quosdam
3082 751 3304 808 altioris
3350 753 3594 808 fortunae
3642 770 3834 809 reser-

2170 841 2326 906 vant,
2360 843 2425 893 ut
2455 839 2615 912 ipsos
2645 857 2747 912 pro
2777 839 3026 897 victoria
3050 839 3244 913 palma
3294 840 3535 897 soldano
3573 859 3832 914 prasen-

2170 929 2293 983 tare
2323 926 2571 985 valeant.
2598 930 2708 985 Sed
2740 946 3017 1002 prospera
3045 930 3282 986 illorum
3313 935 3532 1004 postea,
3556 931 3659 987 Dei
3688 948 3829 1005 gra-

2171 1014 2272 1083 tia,
2308 1033 2533 1074 cessere
2561 1017 2621 1073 in
2652 1018 3034 1075 contrarium.
3069 1019 3270 1077 Castro
3302 1019 3401 1075 illo
3434 1020 3701 1077 funditus
3735 1020 3828 1077 di-

2172 1109 2322 1174 ruto,
2354 1107 2600 1179 perﬁnia
2629 1108 2982 1164 devastando
3012 1113 3070 1165 et
3110 1110 3436 1165 truncando
3478 1126 3626 1183 quos
3672 1109 3831 1167 inve-

2173 1194 2367 1263 niunt,
2398 1197 2469 1252 ad
2504 1197 2755 1253 Marram
2787 1215 3118 1271 pervenere,
3154 1216 3329 1272 quam
3358 1204 3531 1255 antea
3560 1200 3829 1256 devasta-

2173 1288 2393 1340 verant.
2415 1284 2616 1358 Ibique
2637 1286 2803 1359 quasi
2833 1287 2891 1341 in
2922 1287 3172 1360 propriis
3194 1287 3831 1360 remanentes,ingenia

2175 1373 2392 1446 quibus
2423 1375 2715 1431 Sardonas
2736 1375 2865 1449 capi
2885 1377 3373 1449 posset,studiose
3394 1378 3826 1450 praparabant.

2175 1464 2306 1519 Hac
2336 1467 2392 1519 et
2420 1463 2513 1520 his
2544 1464 2762 1521 similia
2792 1464 3027 1523 domino
3061 1466 3331 1539 Rotgerio
3378 1465 3649 1539 principi,
3682 1466 3834 1524 exis-

2175 1552 2321 1608 tenti
2356 1553 2696 1621 Antiochia,
2720 1554 2834 1611 cito
2858 1555 3107 1611 revelata
3137 1559 3297 1611 sunt.
3331 1556 3453 1621 Quo
3487 1555 3709 1627 audito,
3744 1555 3829 1611 vi-

2177 1640 2270 1697 rili
2302 1643 2549 1699 audacia
2564 1648 2897 1710 motus,sua
2912 1648 3141 1700 tantum
3168 1644 3481 1701 comitatus
3503 1644 3833 1702 domestica

2178 1730 2668 1801 familia,secessit
2689 1734 2760 1789 ad
2783 1733 3464 1807 Rubeam,pracepitque
3486 1734 3611 1791 suis
3643 1734 3835 1790 omni-

2180 1820 2311 1889 bus,
2347 1822 2567 1895 absque
2595 1822 2755 1878 omni
2785 1821 3063 1879 dilatione
3093 1827 3149 1879 et
3178 1824 3381 1880 exonio
3402 1822 3520 1879 illic
3546 1824 3787 1881 tendere
3815 1843 3830 1893 ;

2181 1909 2487 1984 dominum
2548 1916 2742 1968 autem
2799 1912 3195 1984 patriarcham
3246 1914 3515 1986 precatus
3555 1918 3645 1969 est
3690 1930 3832 1971 cum

2182 2016 2418 2056 summa
2447 2000 2771 2068 devotione,
2793 2000 2891 2057 illo
2915 2002 3236 2074 pervenire,
3271 2007 3337 2058 ut
3387 2019 3494 2059 suo
3546 2001 3741 2059 ofﬁcio
3787 2008 3847 2060 et

2183 2088 2585 2146 benedictione
2607 2089 3046 2162 potiti,liberius
3063 2096 3120 2147 et
3149 2091 3414 2148 securius
3437 2091 3540 2148 Dei
3565 2091 3843 2148 militiam

2184 2193 2447 2234 exercere
2476 2178 2723 2235 valeant.
2758 2179 2957 2236 Mense
2987 2172 3579 2253 igitur-Septembrio,
3604 2181 3697 2236 die
3730 2181 3844 2237 Do-

2187 2267 2423 2334 minica,
2456 2272 2588 2324 ante
2622 2268 2775 2324 diem
2808 2267 3139 2325 festivitatis
3190 2268 3571 2326 Exaltationis
3622 2276 3848 2327 sancta

2186 2356 2835 2424 crucis,Antiochenus,
2877 2356 3003 2414 loco
3034 2357 3329 2431 assignato
3359 2358 3713 2416 Philacabas
3744 2378 3853 2434 pa-

2186 2444 2441 2501 triarcha
2472 2445 2719 2502 festinus
2750 2446 2934 2502 adest.
2962 2446 3247 2502 Distincte
3279 2452 3336 2503 et
3356 2452 3558 2520 aperte
3578 2448 3694 2505 Deo
3724 2467 3857 2507 ma-

2187 2534 2277 2605 gis
2307 2533 2520 2606 placita
2546 2551 2724 2606 quam
2770 2534 3112 2591 hominibus
3140 2534 3372 2591 locutus
3395 2542 3503 2593 est.
3539 2536 3844 2610 Quidquid

2188 2621 2343 2678 enim
2378 2622 2917 2694 reprehensibile,et
2947 2623 3236 2697 quidquid
3260 2625 3377 2681 Deo
3398 2626 3757 2683 contrarium
3782 2627 3845 2683 in

2189 2711 2273 2766 eis
2306 2716 2561 2778 noverat,
2584 2712 2663 2767 ibi
2686 2713 2923 2784 quidem
2958 2731 3070 2768 non
3102 2714 3308 2782 tacuit,
3329 2715 3453 2781 sed,
3478 2716 3632 2789 sicut
3678 2717 3849 2773 decet

2189 2804 2436 2873 patrem,
2463 2802 2786 2874 arguendo,
2809 2803 3189 2870 obsecrando,
3206 2803 3582 2877 increpando,
3608 2822 3737 2878 qua
3769 2807 3851 2861 vi-

2188 2890 2365 2945 tanda
2394 2894 2534 2945 sunt
2563 2895 2621 2946 et
2653 2908 2778 2963 qua
2812 2892 3094 2947 sectanda
3140 2893 3301 2965 ipsos
3356 2893 3605 2951 edocuit.
3640 2894 3758 2950 Deo
3790 2900 3849 2951 et

2188 2977 2424 3034 domino
2456 2978 2798 3051 patriarcha
2832 2996 2940 3035 sua
2966 2984 3206 3052 peccata
3237 2980 3404 3036 fateri
3437 2999 3553 3037 non
3602 2983 3843 3039 erubes-

2187 3071 2347 3123 cunt.
2372 3069 2823 3141 lnjunctumque
2840 3071 2928 3124 est
2944 3069 3259 3142 unicuique
3276 3087 3311 3126 a
3331 3070 3568 3128 domino
3588 3072 3847 3145 patriar-

2189 3156 2299 3211 cha
2326 3156 2450 3213 vice
2479 3173 2623 3213 vera
2655 3158 3029 3230 pauitantia,
3052 3176 3155 3231 pro
3178 3176 3349 3232 posse
3371 3162 3681 3235 cujusque,
3704 3179 3845 3218 cum

437 3245 593 3303 natis
632 3244 968 3321 agminibus
998 3245 1573 3319 pcrcircuitum,tam
1595 3244 1874 3318 oppidum
1906 3261 2082 3317 quam
2115 3233 2157 3300 C
2197 3244 2299 3301 Dei
2327 3245 2543 3302 auxilio
2572 3244 2808 3319 plenam
2839 3247 3136 3319 justitiam
3168 3253 3385 3318 tenere,
3412 3249 3536 3319 tali,
3564 3233 3845 3324 linquam,

441 3333 795 3392 suburbium
827 3333 1065 3407 aggredi
1098 3333 1506 3390 strenuissime
1524 3336 1827 3406 satagunt;
1848 3333 2087 3388 tandem

440 3423 794 3481 suburbium
824 3424 1037 3480 ictibus
1066 3422 1296 3480 ensium
1327 3421 1839 3494 comprehensum,
1871 3421 2085 3495 partim

444 3517 717 3585 diruitur,
749 3516 961 3590 partim
991 3514 1127 3588 igne
1157 3510 1538 3568 comburitur.
1565 3510 1765 3568 Perses
1792 3510 2088 3583 vero,1icet

444 3607 851 3664 fumiferarum
880 3604 1127 3661 nubium
1162 3599 1933 3674 intimatione,propriorum
1954 3616 2088 3656 ocu-

439 3695 633 3754 lorum
663 3712 905 3754 suorum
937 3689 1643 3756 intuitione,exustionem
1675 3690 1936 3761 ejusdem
1961 3706 2083 3766 mu-

442 3786 640 3861 nicipii
670 3803 705 3843 a
724 3784 940 3842 nostris
970 3783 1042 3840 ob
1071 3781 1307 3838 illorum
1336 3780 1587 3836 dedecus
1609 3779 1821 3835 factam
1845 3795 1973 3835 esse
1995 3778 2082 3833 in-

438 3875 783 3944 tellexerint,
814 3876 1087 3931 verentur
1114 3875 1309 3928 tamen
1338 3868 1470 3925 illos
1500 3869 1758 3941 aggredi,
1792 3884 1939 3941 quos
1977 3886 2079 3924 an-

435 3969 529 4022 tea
584 3966 933 4021 invaserant.
970 3963 1085 4018 lloc
1125 3977 1379 4033 namque
1418 3957 1665 4031 judicio,
1697 3974 1801 4029 pro
1846 3958 2080 4030 ingenio

435 4054 691 4111 audacia
722 4057 778 4110 et
792 4052 1102 4126 probitatis
1122 4066 1320 4109 secum
1344 4049 1616 4121 reputant
1637 4046 1925 4118 quidquid
1947 4050 2080 4103 ante

436 4148 629 4201 castra
655 4160 759 4216 pro
790 4142 997 4198 inertia
1025 4145 1084 4198 et
1113 4138 1431 4196 timiditate
1455 4138 1759 4193 duxerant.
1782 4136 1927 4192 Cum
1973 4154 2081 4193 auo

358 4229 362 4233 ’
433 4237 553 4290 tem
584 4250 689 4290 nec
717 4231 1000 4302 venerint,
1029 4247 1136 4287 nec
1165 4245 1368 4285 rumor
1396 4227 1669 4284 audiatur
1698 4226 1798 4282 ubi
1845 4243 2078 4283 manse-

432 4322 572 4396 rint,
589 4322 783 4396 agitur
811 4321 950 4395 quid
985 4338 1161 4394 super
1189 4318 1298 4375 hoc
1330 4317 1454 4373 ﬁeri
1485 4317 1702 4373 deceat.
1728 4315 1867 4373 Pars
1898 4315 2079 4389 igitur

432 4410 670 4486 illaqua
694 4410 883 4484 magis
905 4409 1175 4483 sperabat
1193 4407 1344 4465 bello
1365 4406 1664 4479 acquirere
1700 4422 1878 4478 quam
1917 4405 2075 4461 domi

432 4499 547 4558 sibi
577 4499 906 4573 reliquisse,
938 4502 1176 4573 repente
1208 4495 1489 4568 subsequi
1519 4496 1741 4551 bonum
1770 4511 1898 4550 esse
1937 4511 2072 4550 con-

2197 3335 2370 3390 modo
2402 3341 2467 3391 ut
2496 3334 2596 3408 qui
2625 3334 2687 3391 in
2718 3334 2817 3392 illo
2849 3336 3130 3394 eminenti
3161 3337 3314 3394 bello
3340 3339 3559 3395 mortui
3605 3339 3846 3408 fuerint,

2195 3441 2305 3480 sua
2333 3423 2720 3493 absolutione,
2746 3424 2979 3481 Domini
3011 3443 3244 3500 quoque
3273 3427 3705 3500 propitiatione,
3738 3428 3851 3486 sal-

2192 3517 2432 3583 ventur;
2466 3519 2523 3570 et
2554 3514 2655 3586 qui
2682 3513 2979 3581 redierint,
3000 3515 3059 3570 in
3090 3515 3355 3588 proximo
3388 3516 3533 3573 festo
3564 3516 3845 3575 Omnium

2194 3604 2791 3673 Sanctorum,statuto
2814 3604 3056 3661 concilio
3075 3622 3280 3662 omnes
3301 3606 3670 3675 conveniant,
3702 3626 3847 3665 con-

2193 3691 2326 3748 cilio
2347 3692 2659 3748 Antiochia:
2680 3692 2949 3750 Ecclesia
2971 3693 3122 3750 inter
3139 3711 3224 3763 se,
3257 3699 3377 3750 tam
3410 3694 3469 3751 in
3504 3696 3677 3752 rebus
3708 3715 3845 3770 pos-

2193 3781 2372 3838 sessis
2403 3799 2577 3854 quam
2610 3786 2667 3839 et
2699 3781 2854 3854 aliis,
2886 3782 3119 3855 plenam
3152 3784 3444 3857 justitiam
3479 3785 3709 3855 facturi,
3732 3786 3843 3842 hoc

2191 3875 2387 3927 tamen
2420 3870 2824 3944 supplemento
2855 3872 3007 3945 quod
3041 3872 3091 3929 si
3143 3872 3399 3944 plenam,
3428 3892 3531 3947 per
3574 3874 3845 3948 ignoran-

2189 3961 2332 4016 tiam
2362 3959 2450 4016 vel
2481 3960 2909 4033 impotentiam,
2942 3960 3260 4034 adimplere
3289 3963 3676 4035 nequiverint,
3711 3963 3840 4021 illo-

2189 4068 2322 4106 rum
2354 4048 2595 4106 consilio
2625 4053 2682 4105 et
2701 4049 2928 4121 judicio
2961 4050 3061 4124 qui
3093 4052 3416 4108 secundum
3430 4052 3725 4123 justitiam
3751 4071 3843 4111 ca-

2188 4138 2448 4212 paciores
2475 4137 2737 4195 veritatis
2767 4138 3003 4208 fuerint,
3029 4140 3397 4212 acquiescere
3420 4159 3535 4198 non
3565 4147 3839 4200 renuant.

2187 4227 2282 4284 Sic
2311 4232 2567 4283 tractum
2598 4232 2654 4283 et
2686 4229 3041 4299 iujunctum,
3075 4228 3148 4284 ab
3178 4229 3454 4286 omnibus
3492 4248 3841 4291 concessum

2185 4320 2292 4385 est,
2325 4321 2383 4373 et
2413 4315 2754 4390 singulatim
2779 4317 3005 4389 junctis
3054 4319 3331 4374 manibus
3379 4319 3646 4377 omnium
3689 4320 3843 4379 inter

2186 4423 2398 4462 manus
2420 4405 2784 4478 patriarcha,
2819 4406 2934 4461 Deo
2981 4410 3041 4462 et
3088 4406 3278 4463 eidem
3328 4409 3440 4465 fide
3470 4410 3835 4482 promissum

2184 4498 2273 4551 est
2293 4512 2397 4568 per
2426 4494 2725 4550 induciam
2756 4498 2815 4550 et
2843 4494 3113 4552 Ecclesia
3148 4497 3625 4568 propitiationem
3649 4517 3663 4555 :
3683 4501 3841 4572 quod

430 4591 646 4646 ﬁrmat.
680 4589 821 4647 Pars
851 4589 1018 4662 cujus
1049 4587 1313 4644 animum
1346 4602 1437 4642 res
1468 4600 1740 4655 possessa
1769 4582 2075 4640 dulcedine
2104 4602 2152 4667 Β
2184 4584 2232 4640 si
2264 4585 2408 4639 forte
2439 4583 2812 4651 oberraverit,
2864 4600 2968 4657 per
2996 4585 3469 4643 emendationem
3503 4592 3562 4643 et
3610 4588 3841 4646 satisfa-

429 4678 757 4750 revocabat,
786 4695 921 4735 cum
974 4676 1163 4735 hostis
1216 4676 1295 4732 sit
1351 4674 1622 4746 capiosus
1671 4672 1864 4744 sitque
1908 4672 2075 4730 valde

428 4767 619 4838 fortis,
646 4783 1130 4841 unumquemque
1159 4765 1232 4822 ad
1261 4761 1498 4838 propria
1522 4759 1935 4829 reverti,causa
1963 4779 2072 4819 sua

427 4857 660 4913 tutandi
690 4855 1033 4929 municipia,
1066 4853 1270 4911 utilius
1300 4867 1428 4908 esse
1449 4850 1697 4923 judicat.
1730 4853 1848 4907 Rex
1875 4851 2071 4924 itaque

426 4944 787 5002 Hierusalem
820 4962 954 5002 cum
985 4944 1110 5000 suis
1130 4938 1507 5013 Tripolitanis
1538 4938 1841 5012 Tripolim,
1866 4940 2072 4997 Dama-

425 5030 632 5092 sCenus
680 5034 1055 5101 Damascum,
1088 5031 1362 5105 princeps
1412 5029 1811 5085 Antiochenus
1866 5029 2068 5086 Antio-

423 5122 616 5179 chiam
649 5139 916 5179 reversus
945 5125 1053 5178 est.
1086 5122 1201 5177 Nec
1233 5120 1291 5174 id
1337 5117 1462 5174 fieri
1510 5117 1759 5174 istorum
1809 5119 2071 5192 potentia

421 5211 829 5286 intelligimus,
846 5212 948 5268 sed
970 5210 1131 5266 illius
1160 5206 1363 5282 procul
1394 5207 1573 5263 dubio
1604 5208 1705 5280 qui
1728 5208 2066 5265 societatem

420 5300 597 5357 Belial
622 5318 657 5357 a
687 5301 904 5358 nostris
932 5298 1188 5372 separari
1220 5296 1423 5353 voluit.

488 5389 605 5446 Nec
634 5387 820 5446 multo
849 5391 982 5461 post
1009 5390 1204 5461 partes
1226 5384 1454 5442 Sisaria
1477 5384 1672 5442 hostes
1696 5386 2064 5461 tyrannidem

416 5476 758 5545 exercendo,
790 5477 1046 5551 quadam
1086 5477 1178 5533 die
1207 5479 1468 5533 castrum
1499 5474 1765 5544 Cafarda,
1800 5492 1915 5548 quo
1936 5476 2065 5547 jam

413 5565 702 5623 damnum
732 5567 819 5625 eis
844 5567 1185 5643 contigerat,
1208 5565 1491 5623 invadunt
1519 5564 1902 5621 atrocissime.
1919 5564 2064 5620 Hinc

410 5648 719 5740 invadunt,
750 5656 913 5719 illinc
959 5655 1231 5737 petrariis
1279 5653 1529 5732 aliisque
1570 5652 2063 5712 machinamentis

2183 4671 2434 4728 ctionem
2463 4670 2733 4728 Ecclesia
2763 4689 2860 4728 eos
2892 4673 3101 4729 salvari
3131 4691 3324 4746 posse.

2251 4761 2354 4819 His
2385 4761 3019 4835 peractis,venerabilis
3051 4763 3384 4835 patriarcha
3415 4764 3733 4822 missarum
3752 4784 3841 4824 ce-

2178 4850 2412 4907 lebrans
2441 4850 2745 4918 solemnia,
2777 4850 3081 4923 pramissa
3110 4851 3324 4924 populo
3361 4851 3475 4909 sibi
3515 4855 3835 4914 commisso

2179 4944 2550 5013 peccatorum
2582 4939 2967 5010 absolutione,
3000 4957 3205 4996 omnes
3236 4941 3614 5013 patriarchali
3654 4944 3834 5002 bene-

2177 5028 2431 5085 dictione
2479 5028 2807 5099 conﬁrmat,
2838 5032 2896 5084 et
2950 5028 3111 5101 ipsos
3171 5028 3463 5103 spirituali
3514 5031 3831 5106 diligentia

2177 5116 2432 5191 episcopi
2460 5115 2728 5184 Gihbelli,
2764 5117 2835 5172 ad
2880 5116 3099 5174 bellum
3147 5117 3325 5174 simul
3372 5121 3692 5194 pergentis,
3725 5121 3832 5178 hu-

2177 5206 2421 5262 millime
2450 5207 2841 5272 commendat,
2875 5223 2940 5262 ac
2989 5206 3263 5263 salutatis
3316 5208 3593 5265 omnibus
3635 5212 3833 5268 Antio-

2174 5296 2369 5352 chiam
2390 5295 2649 5368 repedat,
2671 5294 2907 5351 assidue
2926 5295 3168 5353 Domino
3190 5296 3532 5370 supplicans
3555 5303 3612 5355 et
3632 5300 3829 5373 ipsum

2174 5386 2584 5457 deprecans,ut
2615 5382 2714 5456 qui
2745 5385 3031 5457 superbos
3060 5385 3339 5443 humiliat
3362 5392 3422 5443 et
3442 5387 3549 5461 qui,
3566 5389 3638 5445 ab
3663 5389 3830 5446 initio

2174 5473 2327 5530 bella
2356 5473 2620 5542 conterit,
2654 5473 2727 5530 ab
2758 5473 2981 5546 impetu
3027 5475 3227 5548 populi
3274 5477 3365 5533 sui
3415 5480 3681 5535 conterat
3728 5479 3831 5536 ad-

2171 5578 2478 5619 VBPSﬂI‘lOS.

2243 5650 2519 5730 Sequenti
2550 5655 2748 5712 autem
2778 5652 2893 5725 die,
2925 5654 3206 5730 expositis
3231 5656 3695 5734 circumquaque
3734 5676 3833 5721 cu-
