3992 6090
198 296 398 390 ’4005

207 1083 430 1153 efﬁcio,
466 1087 636 1158 cujus
665 1087 1037 1148 exaltationis
1068 1093 1351 1154 festivitas
1382 1115 1449 1155 eo
1480 1101 1573 1158 die
1603 1106 1865 1181 contigit,

203 1171 561 1231 Willermus
574 1177 883 1251 episcopus
901 1179 1267 1252 Gibellensis,
1289 1187 1379 1241 vir
1397 1205 1502 1260 per
1520 1195 1720 1250 omnia
1735 1194 1867 1253 lau-

204 1260 450 1330 dabilis,
482 1264 768 1338 populum
799 1284 835 1323 a
863 1267 978 1325 Deo
1009 1269 1122 1326 sibi
1156 1275 1561 1346 eommissum,
1594 1284 1787 1340 verbis
1809 1291 1866 1343 et

201 1351 494 1425 exemplis
525 1354 715 1410 eidem
747 1355 893 1413 festo
923 1363 1383 1433 congruentibus
1414 1367 1714 1442 instruxit,
1735 1391 1859 1431 mo-

201 1440 341 1496 nuit
366 1445 423 1497 et
452 1442 715 1499 armavit.
749 1445 896 1511 Quid
946 1446 1102 1505 ultra
1122 1450 1150 1506 ?
1182 1451 1396 1509 Omnes
1446 1474 1581 1514 cum
1624 1477 1861 1519 summa

199 1528 513 1587 devotione
542 1532 807 1604 ejusdem
838 1534 1153 1594 Dominicre
1184 1542 1372 1599 crucis
1400 1543 1629 1618 lignum
1661 1567 1855 1609 sacra-

195 1617 528 1687 tissimum,
560 1625 873 1695 antequam
900 1624 1012 1681 iter
1040 1628 1343 1701 arripiant,
1374 1617 1689 1708 properant
1709 1641 1853 1696 ado-

194 1724 332 1764 rare
357 1726 370 1777 ;
391 1709 812 1781 cujuslicentia
835 1718 892 1769 et
912 1714 1313 1775 benedictione
1337 1724 1569 1791 muniti,
1594 1729 1853 1799 praemis—

193 1796 283 1854 sis
306 1797 738 1871 exploratorum
769 1802 1259 1876 speculatoribus,
1293 1826 1365 1865 ne
1397 1813 1629 1871 subitus
1659 1816 1847 1876 hostis

192 1885 256 1941 in
288 1903 391 1943 eos
421 1887 625 1958 irruat,
669 1889 935 1948 ordinata
965 1892 1086 1950 acie
1138 1897 1370 1955 comitis
1419 1901 1721 1971 Edessani,
1780 1924 1849 1964 ex

190 1973 352 2031 dono
382 1976 738 2050 principum,
768 1979 943 2052 primi
970 1981 1120 2041 ictus
1149 1984 1209 2040 in
1234 1986 1381 2044 bello
1405 1990 1723 2061 primatum
1747 1997 1846 2053 ob-

186 2063 458 2135 tinentis,
493 2066 914 2147 dispositisque
958 2073 1182 2130 cazteris
1227 2077 1586 2149 agminibus,
1637 2084 1842 2143 ordine

187 2152 331 2208 belli
365 2155 714 2227 necessario,
749 2157 902 2214 viam
935 2160 1245 2234 arripiunt.
1303 2166 1557 2239 Repente
1585 2170 1840 2231 Theode-

184 2241 351 2299 ricus
373 2242 688 2302 Barneville
709 2263 861 2303 unus
878 2265 945 2304 ex
965 2251 1452 2323 speculatoribus,
1473 2257 1721 2317 festinus
1742 2264 1835 2319 ad-

182 2335 300 2402 est,
334 2331 498 2389 vultu
542 2333 716 2390 hilari
766 2336 853 2393 sic
906 2336 1141 2397 locutus
1174 2359 1187 2397 :
1223 2365 1251 2392 ‹‹
1284 2343 1428 2401 Ecce
1477 2349 1631 2420 quod
1678 2367 1832 2423 qua:-

180 2420 485 2492 rebamus,
516 2439 647 2480 ecce
690 2425 846 2497 quod
903 2427 1252 2500 cupivimus,
1314 2432 1510 2490 divina
1558 2444 1832 2510 operante

175 2510 376 2583 gratia
409 2528 423 2567 :
455 2512 555 2569 ubi
580 2519 782 2570 nostra
809 2514 985 2589 ﬁgere
1023 2520 1275 2576 tentoria
1326 2522 1826 2603 disposueramus,

176 2599 241 2655 in
273 2598 424 2657 valle
453 2600 689 2658 Sarmiti
722 2603 874 2660 circa
923 2605 1133 2676 fontes,
1184 2607 1265 2664 ibi
1307 2609 1505 2669 hostes
1552 2631 1660 2671 sua
1689 2598 1827 2690 par;

174 2688 288 2745 tim
331 2690 459 2761 jam
492 2690 624 2760 ﬁxa,
676 2692 891 2764 partim
943 2695 1135 2751 adhuc
1184 2698 1415 2772 ﬁgenda
1461 2688 1821 2775 explicant.»

169 2777 261 2834 Ah
294 2777 416 2834 haec
445 2779 718 2854 princeps
751 2798 765 2838 :
803 2804 831 2833 «
863 2783 926 2839 In
958 2784 1060 2841 Dei
1091 2788 1348 2858 nomine,
1381 2790 1452 2845 ad
1485 2809 1668 2863 arma,
1711 2796 1824 2851 mi-

168 2865 346 2923 lites!
385 2867 479 2924 Sic
508 2868 686 2941 fatus,
715 2870 868 2927 virili
918 2872 1100 2931 fretus
1154 2877 1418 2948 audacia,
1451 2880 1521 2935 de
1571 2881 1694 2939 acie
1749 2887 1821 2941 ad

168 2956 361 3012 aciem
393 2955 563 3013 celeri
584 2963 785 3016 vectus
802 2976 950 3033 equo
975 2964 1290 3034 cursitans,
1315 2984 1518 3025 omnes
1543 2972 1821 3030 admonet

166 3046 381 3102 debere
403 3046 530 3118 jam
560 3045 763 3118 laetari,
795 3066 928 3106 cum
959 3056 1249 3110 certamen
1281 3055 1360 3111 sit
1386 3063 1678 3128 paratum,
1702 3079 1817 3134 quo

165 3135 639 3192 exercerideceat
659 3137 864 3195 militis
884 3139 1162 3197 ofﬁcium.
1189 3142 1443 3217 Imperat
1456 3146 1634 3220 igitur
1653 3166 1817 3207 arma

911 307 1277 404 GALTERII
1321 346 1839 419 CANCELLARII
1882 328 2138 425 BELLA
2179 368 2547 437 ANTIOCH.
2578 412 2655 422 —
2680 380 2882 445 PARS
2926 386 2977 446 1.

225 459 466 529 stodiis,
492 461 729 534 agmina
761 482 871 522 sua
899 470 1258 530 conﬁdenter
1275 477 1548 553 princeps
1571 482 1742 555 jubet
1763 503 1889 559 pro-

225 549 460 618 cedere,
497 549 732 625 illicque
764 553 877 612 cito
915 573 1122 631 gressu
1154 564 1391 621 tendere
1449 549 1592 640 quot
1618 549 1883 647 Parthos,

217 636 559 696 vicinorum
591 641 960 713 revelatione,
983 648 1231 722 jamjam
1279 659 1554 715 venturos
1595 663 1881 721 audierat.

216 725 493 801 Cumque
525 731 713 802 parati
743 732 802 789 in
834 732 1031 792 hostes
1064 738 1285 797 irruere
1328 744 1627 819 assignato
1673 768 1882 825 appro-

216 816 622 890 pinquassent
651 819 796 887 loco,
848 839 983 879 cum
1032 825 1160 900 ipso
1203 847 1320 887 non
1370 833 1676 895 inveniunt
1733 859 1879 915 quos

208 906 470 977 perdere
493 908 620 980 jam
662 912 1019 983 quaarebant,
1080 922 1213 973 ante
1268 919 1432 994 Hapa
1481 906 1875 988 castrametati

210 999 380 1051 sunt.
408 996 575 1054 Mane
597 1004 793 1056 autem
816 1001 1060 1074 expleto,
1084 1006 1322 1064 viviﬁca:
1345 1013 1533 1069 erucis
1554 1015 1871 1076 missarum

3487 397 3642 460 1006

1916 495 1970 562 Α
2002 492 2119 551 Deo
2149 497 2479 561 vindicante
2508 524 2625 564 non
2666 511 2966 571 differatur
2989 517 3282 578 interitus.
3318 545 3348 573 »
3379 525 3643 601 Cumque

1995 593 2597 657 pergerentordinatis
2610 600 2845 659 aciebus
2868 605 3137 680 princeps
3157 613 3507 683 generaliter
3522 634 3641 674 om-

1994 673 2169 732 nibus
2200 681 2478 753 prazcipit,
2514 690 2577 740 ut
2606 688 2752 744 nulli
2784 673 3103 765 cupiditate
3137 673 3470 759 divitiarum
3495 707 3639 762 moti

1991 763 2062 817 ad
2084 765 2425 837 rapiendum
2449 790 2510 828 se
2533 763 3122 852 inclinent,sed,sicut
3144 787 3309 845 decet
3327 790 3639 866 bellantes,

1989 867 2157 908 suam
2180 861 2992 935 protegendo,salutem,hosti
3002 891 3100 929 um
3119 875 3385 935 nitantur
3395 884 3635 952 perdere

1983 938 2290 1000 feritatem.
2328 946 2547 1005 Prmsul
2568 969 2672 1025 ego
2696 964 3076 1029 memoratus,
3100 963 3237 1021 huic
3260 966 3479 1024 salubri
3503 987 3651 1027 sen-‘

1980 1030 2176 1086 tentia:
2208 1035 2543 1095 resistentes
2574 1045 2858 1115 corporali
2888 1047 3144 1107 vindicta
3176 1056 3382 1112 merito
3422 1059 3630 1119 debere
3707 1126 3715 1135 ,

1977 1118 2173 1188 puniri
2192 1124 2486 1196 praedicat,
2516 1133 2571 1183 et
2594 1133 2748 1203 quod
2773 1134 3200 1198 intolerabilius
3220 1148 3326 1212 est,
3346 1152 3626 1220 perpetuo

1975 1208 2345 1269 anathemate
2376 1214 2666 1275 feriendos
2696 1224 3021 1283 conﬁrmat.
3056 1229 3149 1285 Sic
3180 1232 3390 1302 factus,
3414 1254 3624 1295 unum-

1962 1656 2019 1707 et
2049 1654 2367 1714 dicentium
2397 1660 2477 1716 ibi
2508 1680 2623 1719 non
2653 1683 2781 1724 esse
2812 1671 3156 1745 principem,
3180 1680 3281 1734 sed
3314 1684 3608 1741 tuentium

1960 1742 2285 1800 marchiam
2316 1765 2735 1824 gyrovagorum
2761 1756 3201 1829 plebem.Burso
3222 1766 3606 1844 itaque,ipsos

1957 1845 1991 1882 a
2024 1832 2183 1905 tergo
2216 1838 2449 1893 retortis
2480 1842 2775 1912 manibus,
2810 1848 2881 1902 ad
2911 1866 2972 1905 se
3004 1850 3244 1911 funibus
3272 1858 3483 1915 adduci
3502 1860 3606 1918 im-

1954 1924 2138 1988 perat.
2174 1922 2288 1977 Nec
2317 1941 2501 1997 mora,
2534 1930 2741 1988 vexilla
2771 1935 3053 2011 principis
3094 1943 3418 2017 prodeunt;
3449 1965 3599 2021 quae,

1952 2004 2070 2063 Deo
2102 2014 2340 2078 rectore,
2376 2014 2458 2070 sic
2489 2034 2523 2071 a
2554 2004 2787 2078 Parthis
2808 2004 3372 2104 videntur-dilatata,
3404 2004 3485 2092 'ut‘
3500 2004 3598 2095 de:

1950 2094 2162 2153 albatis
2195 2100 2484 2160 militibus
2515 2112 2572 2162 et
2602 2110 2848 2181 vexillis,
2884 2114 3075 2188 ipsam
3108 2123 3324 2178 terram
3347 2123 3599 2184 circum-

1948 2201 2182 2258 quaque
2208 2190 2323 2262 tegi
2344 2193 2714 2254 crediderint.
2732 2200 2915 2259 Burso
2936 2210 3131 2264 tamen
3150 2210 3594 2284 suique,omnes

1945 2275 2158 2330 erroris
2189 2280 2374 2336 scarie
2408 2281 2640 2353 imbuti,
2673 2304 2804 2345 cum
2857 2292 3033 2351 fratre
3086 2314 3193 2356 suo
3223 2304 3281 2356 et
3321 2302 3375 2357 vi
3407 2304 3593 2362 nimia

1942 2369 2356 2437 pugnatorum,
2392 2375 2457 2425 ut
2486 2371 2566 2428 ibi
2598 2379 2785 2434 nostri
2830 2382 3126 2453 resistant,
3172 2394 3451 2464 montem,
3483 2411 3587 2451 no-
3648 2435 3657 2449 .

1941 2464 2097 2506 mme
2128 2453 2641 2523 Daniz,ascendere
2672 2483 2787 2523 non
2809 2469 3104 2530 differunt.
3139 2476 3202 2532 In
3226 2479 3394 2551 cujus
3415 2498 3584 2539 cacu-

1940 2538 2096 2595 mine
2126 2542 2442 2603 eminentis
2471 2552 2755 2612 mathesis
2784 2558 3065 2618 falsorum
3096 2564 3337 2623 deorum
3366 2571 3584 2630 auxilia

1936 2626 2048 2683 sibi
2081 2631 2285 2688 adesse
2316 2633 2584 2695 invitant.
2629 2643 2890 2702 Tandem
2941 2649 3137 2723 ipsum
3169 2659 3429 2714 montem
3462 2677 3579 2717 non

1935 2715 2125 2773 solum
2157 2736 2218 2775 se
2250 2720 2414 2794 ipsis,
2448 2743 2647 2784 verum
2688 2732 2862 2790 etiam
2911 2737 3245 2799 divitiarum
3291 2746 3578 2821 multipli-

3468 2802 3550 2821 Γ-

1933 2802 2105 2862 citate
2133 2807 2241 2864 visi
2274 2818 2411 2883 sunt
2442 2832 2737 2892 onerasse,
2771 2823 3092 2885 Tumbaret
3121 2830 3275 2889 ultra
3316 2840 3576 2893 montem

1931 2908 2065 2949 cum
2097 2912 2205 2952 sua
2235 2899 2355 2955 acie
2385 2900 2710 2963 latitantem
2742 2913 3031 2982 praesidio.
3084 2918 3285 2977 Caeteri
3325 2939 3477 2990 vero,
3512 2925 3574 2983 in

1929 2983 2194 3041 tentoriis
2224 2992 2282 3043 et
2310 2994 2473 3047 extra
2492 2999 2860 3065 praesentiam
2894 3003 3229 3065 divitiarum
3251 3013 3424 3083 capti,
3447 3013 3574 3073 suis

1927 3071 2185 3142 quidem,
2220 3078 2473 3136 maxime
2503 3087 2698 3141 autem
2724 3080 3057 3164 principum
3090 3113 3331 3154 suorum
3362 3102 3569 3159 conﬁsi

1924 3160 2168 3232 viribus,
2201 3168 2449 3238 superbe
2466 3175 2873 3242 praastolantur
2890 3160 3074 3254 ;quod
3098 3201 3204 3241 nec
3225 3188 3570 3260 pmnitentia

2154 3222 2166 3232 ,
2276 3222 2294 3238 ι
2396 3222 2405 3223 ί
2428 3222 2441 3224 ~
2466 3222 2863 3242 r~—~~v-v-ocvub
2890 3224 2903 3249 ,
2921 3222 3074 3254 \iuuu
3098 3222 3204 3241 μυυ
3225 3222 3567 3260 γωυιυῠιυιια

163 3222 445 3295 bajulari,
478 3240 583 3281 nec
616 3225 865 3283 ulterius
886 3228 1117 3286 differre
1144 3233 1383 3304 paratis.
1414 3234 1571 3293 Illico
1600 3240 1813 3310 praesul
1846 3235 1887 3302 C
1914 3249 2175 3320 juvatur,
2210 3255 2350 3326 quia
2377 3274 2507 3315 sera
2532 3278 2545 3329 ;
2577 3279 2682 3319 nec
2712 3282 2954 3325 suorum
2973 3275 3329 3343 protectione
3354 3277 3567 3337 releva-

163 3318 526 3343 mnmnnn‘usn
581 3314 638 3343 ἶυι
673 3315 876 3343 ηυνξ-εί--
902 3316 1254 3343 1.......21;ι-ιξ..
1282 3338 1373 3343 -_.__
1392 3341 1407 3343 _
1426 3341 1497 3343 AW,
1527 3325 1569 3343 Ἀ
1679 3328 1689 3339 ο
1741 3328 1752 3340 ο
1797 3328 1809 3341 ο
1928 3341 1933 3343 Α
2154 3341 2161 3343 ξ

163 3318 548 3385 memoratus,
581 3314 643 3369 in
673 3315 879 3388 spiritu
901 3316 1256 3377 humilitatis
1277 3338 1508 3380 crucem
1526 3325 1812 3385 Dominici

162 3400 310 3475 ligni
340 3402 771 3461 venerabilibus
792 3411 1029 3480 gestans
1052 3410 1348 3481 manibus,
1384 3417 1571 3470 totum
1604 3416 1812 3473 circuit

161 3489 504 3561 exercitum,
538 3509 715 3566 quam
736 3494 877 3551 dum
899 3500 1153 3554 ostentat
1173 3501 1469 3571 omnibus,
1489 3505 1697 3561 asserit
1712 3523 1811 3565 eos

161 3578 224 3634 in
255 3580 522 3653 proximo
541 3596 645 3654 per
662 3582 935 3641 virtutem
956 3587 1220 3658 ejusdem
1241 3590 1540 3648 victoriam
1573 3595 1810 3668 adeptu-

161 3685 280 3737 ros,
318 3669 369 3724 si
400 3675 670 3744 prompto
700 3677 932 3746 pectore
960 3674 1021 3730 in
1053 3675 1252 3734 hostes
1274 3678 1520 3749 irruant,
1539 3686 1596 3738 et
1626 3684 1682 3739 in
1706 3684 1810 3740 Do-

162 3757 324 3814 mino
351 3757 492 3815 Jesu
520 3761 821 3819 credentes
852 3766 1213 3823 certaverint.
1277 3768 1563 3827 Continuo
1602 3789 1807 3831 omnes

158 3846 333 3902 corde
362 3851 421 3904 et
450 3865 547 3905 ore
576 3849 754 3907 simul
794 3852 1224 3924 proclamantes
1255 3873 1267 3912 :
1306 3879 1333 3907 «
1364 3858 1574 3916 Sancte
1627 3862 1803 3929 Deus,

155 3939 359 3993 sancte
386 3935 779 4010 tortis,sancte
808 3945 865 3997 et
896 3941 1549 4013 immortalis,miserere
1576 3951 1802 4021 nobis,»

153 4028 244 4080 ter
273 4024 436 4081 ﬂexis
466 4026 716 4100 genibus
738 4045 934 4086 coram
965 4029 1124 4105 ligno
1173 4033 1477 4092 Dominico
1524 4056 1803 4111 procum-

154 4112 323 4180 bunt,
356 4117 414 4170 et
428 4113 555 4188 ipso
574 4119 1040 4177 reverentissime
1069 4121 1332 4180 osculato
1353 4124 1540 4182 eidem
1559 4144 1621 4184 se
1642 4146 1799 4185 com-

152 4201 452 4259 mendant.
485 4203 604 4261 Hac
652 4206 1049 4266 consolatione
1078 4211 1312 4276 muniti,
1346 4213 1453 4269 hoc
1495 4216 1664 4290 signo
1721 4218 1798 4275 si-

152 4290 333 4363 gnati,
365 4291 583 4349 iterum
614 4299 789 4368 atque
815 4297 1025 4354 iterum
1057 4298 1249 4372 ipsam
1279 4318 1510 4359 crucem
1541 4304 1799 4363 salutan-

150 4383 259 4451 tes,
291 4378 560 4438 celeriter
574 4399 756 4457 equos
778 4387 1122 4443 ascendunt.
1150 4388 1426 4463 Princeps
1447 4408 1595 4461 vero,
1623 4393 1795 4453 intre-

150 4467 356 4541 pidum
381 4486 588 4543 gerens
619 4473 1091 4543 animum,manu
1121 4478 1342 4536 eaateris
1373 4480 1673 4539 silentium
1703 4484 1793 4541 in-

1919 3341 2036 3407 tur,
2065 3341 2206 3411 quia
2258 3346 2505 3416 perdita.
2538 3351 2712 3408 Adest
2750 3341 3005 3431 namque
3062 3362 3367 3437 Rotgerius
3396 3367 3563 3425 Chri-

1920 3427 2123 3484 stiana:
2154 3432 2373 3489 militias
2403 3437 2674 3513 princeps
2731 3442 3226 3523 elegantissimus,
3287 3472 3420 3513 cum
3452 3475 3561 3516 sua

1919 3515 2040 3573 acie
2069 3517 2340 3590 hostibus
2368 3524 2750 3599 ferocissima,
2783 3541 3236 3606 personantibus
3264 3545 3425 3601 tubis
3455 3564 3561 3620 per

1918 3605 2112 3663 media
2138 3614 2349 3679 castra,
2382 3619 2582 3687 captos
2609 3635 2748 3676 suos
2780 3605 3079 3685 liberando
3109 3633 3166 3686 et
3215 3631 3414 3692 hostes
3451 3605 3559 3692 ob-

1914 3696 2262 3765 truncando,
2304 3701 2536 3760 divitias
2595 3710 2761 3779 quasi
2818 3714 3024 3771 ﬁmum
3084 3723 3427 3794 reputando,
3484 3726 3558 3782 ad

1916 3788 2195 3855 montem,
2230 3805 2345 3860 quo
2377 3795 2722 3853 standarum
2752 3805 2809 3855 et
2837 3804 3299 3880 roburipsorum
3329 3813 3563 3888 conglo-

1915 3878 2207 3931 meratum
2238 3878 2445 3947 fuerat,
2462 3882 2572 3939 iter
2593 3886 2812 3961 dirigit.
2828 3894 3031 3952 Comes
3048 3878 3180 3954 vero
3200 3900 3557 3972 Edessanus,

1914 3961 2213 4036 Fuidoque
2242 3969 2574 4043 Capreolus,
2624 3976 2696 4030 ad
2754 3979 2976 4050 primos
3024 3985 3176 4043 ictus
3219 3961 3561 4059 ordinati,a

1911 4050 2168 4109 sinistris
2196 4058 2610 4130 antecedendo,
2643 4073 2913 4124 asserunt
2960 4088 3041 4140 se,
3099 4074 3349 4134 alterum
3401 4084 3557 4138 recta

1910 4139 2097 4196 fronte
2128 4159 2304 4215 super
2332 4151 2610 4218 montem,
2662 4152 2909 4213 alterum
2958 4139 3033 4216 ex,
3076 4164 3312 4238 obliquo
3350 4167 3551 4227 hostes

1907 4228 2204 4301 impetere.
2240 4233 2423 4290 Burso
2455 4240 2651 4293 autem
2683 4240 2863 4300 divini
2894 4250 3134 4307 terroris
3177 4253 3375 4325 jaeulo
3414 4274 3549 4315 sau-

1905 4318 2114 4386 ciatus,
2148 4337 2282 4376 cum
2314 4322 2489 4381 fratre
2518 4342 2625 4383 suo
2653 4333 2711 4385 et
2738 4331 3147 4407 familiaribus,
3170 4318 3338 4415 quasi
3367 4344 3547 4404 bella-

1904 4411 2077 4465 turus
2123 4410 2504 4482 descendens,
2545 4417 2791 4477 viriliter
2836 4425 3107 4485 resistere
3164 4436 3545 4508 montemque

1902 4494 2052 4550 tueri
2082 4496 2343 4571 praacipit
2373 4501 2656 4575 seipsum,
2692 4523 2825 4565 cum
2886 4513 3104 4584 quibus
3153 4520 3364 4590 potuit,
3404 4494 3545 4597 fuga

2082 4556 2102 4567 ⁸
2259 4556 2277 4571 ι
2460 4556 2485 4574 ι
2512 4556 2656 4575 ““““““1
2695 4556 2825 4565 ⁷⁷·κο
2887 4556 3104 4584 Ίιιιυμυ
3153 4556 3364 4590 νυυυιυ,
3404 4556 3542 4597 ιιιδα,

149 4556 415 4628 dicendo:
466 4560 551 4617 8ίο
594 4560 856 4636 loquitur
901 4564 1026 4638 ipse
1052 4582 1065 4622 ε
1099 4589 1127 4618 (ί
1155 4567 1291 4625 Eia!
1329 4570 1536 4628 fratres
1594 4573 1707 4631 mei
1737 4578 1796 4631 et
1823 4604 1870 4669 Ι)
1900 4582 2200 4641 deliberat.
2226 4586 2868 4668 Interim,hinccomes,
2894 4601 3029 4660 inde
3051 4605 3236 4663 Guido
3268 4609 3326 4664 in
3349 4611 3542 4684 primo

149 4647 577 4684 nnmmiliinnna
631 4654 814 4684 §I1nnin
854 4669 1065 4684 man-cn
1105 4657 1389 4684 κΛᾹΛΑικῖι-
1447 4663 1707 4684 Δ....1....
1725 4682 1786 4684 ___
1905 4672 1917 4683 ι
2066 4676 2075 4684 .
2162 4674 2183 4684 η
2285 4676 2318 4684 ..
2560 4681 2568 4684 Α

147 4647 599 4725 commilitones,
631 4654 815 4725 tuque
853 4669 1067 4711 manus
1104 4657 1410 4728 pedestris,
1445 4663 1792 4720 accedamus

137 4736 264 4808 jam
276 4735 895 4810 propius.Mementote
906 4745 1227 4816 quantalau
1237 4747 1793 4821 de,quantavenera—

143 4824 318 4894 tione,
353 4832 574 4899 quanta
628 4831 804 4887 etiam
848 4830 1176 4890 litterarum
1234 4841 1786 4899 commemoratione

141 4918 268 4970 acta
296 4915 617 4988 proborum
645 4918 904 4977 virorum
957 4926 1078 4979 toto
1137 4925 1357 4984 mundo
1416 4929 1787 4987 ascribantur

139 4992 451 5060 memoria‘a.
484 5006 630 5064 Ecce
656 5011 892 5083 tempus
914 5012 1081 5068 adest
1110 5029 1225 5085 quo
1255 5014 1418 5087 vigor
1436 5021 1493 5072 et
1522 5019 1785 5090 probitas

139 5096 337 5149 nostra
364 5092 575 5168 vigeat,
610 5114 723 5171 quo
755 5116 968 5158 nomen
1019 5107 1287 5159 nostrum
1318 5104 1654 5165 victorabile
1685 5127 1781 5166 su-

136 5198 236 5254 per
262 5181 569 5253 barbaros,
601 5188 761 5245 orbis
792 5206 896 5262 per
936 5190 1173 5247 climata
1226 5191 1441 5250 clarius
1470 5194 1780 5255 elucescat.

135 5272 423 5328 Attendite
452 5274 631 5333 etiam
652 5277 793 5350 quia
813 5278 1070 5352 legitime
1090 5281 1453 5340 certantibus
1477 5301 1510 5340 a
1536 5285 1781 5346 Domino

137 5376 347 5419 corona
365 5363 493 5436 jam
524 5367 908 5438 promittitur.
943 5369 1311 5427 Festinemus
1335 5371 1514 5445 igitur
1540 5373 1600 5430 in
1622 5374 1781 5448 ipsos

142 5450 388 5524 ingredi,
422 5457 479 5509 et
505 5454 708 5513 fractis
739 5457 979 5525 lanceis,
1002 5459 1351 5530 quantocius
1368 5462 1603 5518 nudatis
1635 5467 1785 5524 ensi-

136 5539 244 5596 bus
272 5540 429 5597 circa
455 5547 721 5617 tempora
748 5547 1098 5606 accedamus
1141 5548 1413 5617 vicinius,
1456 5554 1521 5606 ut
1560 5556 1784 5614 crebris

135 5626 347 5691 nostris
385 5629 603 5692 ictibus
649 5633 886 5694 illorum
938 5636 1211 5713 superbia
1266 5640 1696 5727 prosternatur,
1727 5650 1786 5707 et

1901 4672 2124 4744 impetu
2155 4674 2354 4732 fractis
2376 4681 2626 4751 canceis,
2646 4687 2903 4747 astrictis
2935 4695 3313 4754 mucronibus
3344 4698 3544 4759 hostes

1902 4762 2253 4833 percutiunt.
2278 4763 2440 4822 Unde
2461 4768 2698 4841 clamor,
2713 4773 2927 4849 luctus,
2953 4785 3008 4837 et
3028 4799 3328 4843 armorum
3348 4787 3547 4863 fragor

1900 4848 2208 4924 utriusque
2228 4854 2412 4925 partis
2434 4856 2778 4920 bellantium
2800 4883 2970 4925 aures
3000 4870 3084 4928 sic
3103 4874 3339 4932 obturat
3356 4881 3423 4933 ut
3438 4848 3543 4936 nec

1894 4938 2119 4996 amicus
2151 4942 2428 5011 amicum,
2462 4963 2566 5002 nec
2596 4948 2775 5008 frater
2803 4955 3043 5016 fratrem
3083 4960 3390 5039 intelligat.
3428 4967 3541 5025 No-

1894 5033 2104 5085 strates
2137 5035 2332 5088 autem
2364 5051 2481 5090 non
2508 5034 2865 5099 clamoribus
2917 5050 3124 5120 territi,
3179 5069 3286 5109 nec
3342 5054 3539 5115 labore

1892 5118 2122 5187 devicti,
2154 5122 2277 5193 pari
2303 5124 2548 5180 audacia
2564 5127 2714 5185 vires
2740 5139 3111 5207 resumenda,
3140 5139 3336 5199 hostes
3356 5144 3534 5201 elimi-

1892 5212 2056 5275 nant,
2090 5209 2412 5267 eviscerant
2428 5219 2485 5269 et
2514 5216 2887 5277 obtruncant.
2912 5225 3034 5289 Quo
3056 5227 3198 5300 viso,
3220 5230 3540 5290 Tumbaret

1892 5311 1960 5350 ex
1992 5296 2225 5370 obliquo
2258 5299 2667 5363 sinistrorsum
2702 5310 3013 5381 prosiliens
3056 5316 3382 5391 splendenti
3415 5320 3539 5377 acie

1891 5388 2286 5444 trecentorum
2317 5389 2573 5450 militum
2599 5398 2931 5470 comitatus,
2955 5388 3299 5476 post—aciem
3320 5407 3539 5483 princi-

1891 5474 1985 5545 pis
2006 5476 2367 5546 cursitando,
2401 5494 2535 5535 cum
2566 5484 2758 5559 ipsam
2791 5504 2897 5545 nec
2926 5474 3209 5569 impetere
3264 5497 3543 5561 audeant,

1894 5578 2005 5621 nec
2036 5565 2230 5629 erebis
2259 5562 2473 5623 ictibus
2503 5575 2858 5649 sagittarum
2903 5579 2978 5636 ab
3019 5562 3280 5658 incoepto
3337 5593 3555 5659 gressu

1895 5652 2204 5731 dimovere
2215 5660 2478 5732 possunt,
2491 5652 3248 5750 Turcupuloscontraipsos
3264 5652 3562 5749 sagittan-
