3994 6070
424 364 580 429 1007

930 366 1033 427 AD
1079 363 1589 428 GODEFRIDUM
1634 361 1971 424 APPEND.
2016 359 2092 421 II.
2133 394 2209 405 —
2244 359 2552 423 NONUM.
2600 359 2703 419 DE
2744 357 2994 420 BELLO
3039 356 3313 420 SACRO.

3664 353 3824 416 1008

421 504 528 569 tes,
562 498 695 571 plus
726 497 855 554 citis
876 498 1185 573 gressibus
1218 498 1369 554 intra
1426 500 1717 553 nostrates
1766 494 1948 568 mergi
1979 494 2059 550 fa-
2091 495 2147 561 Α
2178 492 2539 548 numerum?
2582 492 2728 547 Cum
2788 491 2906 547 sint
2964 488 3442 556 innumerabiles,
3500 489 3653 560 apud
3712 504 3825 544 nos

424 587 623 644 ciunt:
671 604 739 643 ex
796 586 924 660 ipso
986 588 1207 661 impetu
1265 586 1487 643 cohorti
1547 584 1781 641 Roberti
1844 582 2065 639 Fulcoii

493 676 833 732 Retrorsum
865 675 1341 745 incedenti,recta
1374 676 1562 731 fronte
1592 675 1845 729 obviant.
1880 675 2065 739 Quam

424 780 561 820 cum
592 764 789 823 intuiti
822 766 1091 831 fuissent,
1126 765 1437 821 Rotbertus
1459 762 1834 827 Surdevallis,
1858 762 2065 817 Bocar-

425 854 673 927 dusquc,
712 853 929 910 milites
951 854 1188 927 egregii,
1216 871 1327 909 non
1348 852 1514 908 veriti
1538 854 1854 925 desperata:
1877 851 2068 925 gentis

425 948 688 1015 expetere
720 943 1034 1013 feritatem,
1068 944 1262 999 subito
1295 944 1355 997 in
1378 942 1601 998 medios
1631 941 1827 998 hostes
1858 959 1918 996 se
1941 958 2073 997 con-

426 1032 1049 1101 ferunt,obtruncando
1069 1032 1340 1104 perﬁdos,
1366 1032 1604 1087 demum
1625 1035 1682 1086 et
1704 1031 1813 1103 ipsi
1838 1031 2071 1085 obtrun-

429 1120 541 1177 cati
572 1120 787 1177 Christi
819 1124 1103 1194 martyres
1143 1120 1328 1176 ell‘eeti
1378 1124 1533 1176 sunt.
1570 1120 1884 1176 Rotbertus
1939 1135 2071 1174 vero

429 1228 545 1267 non
578 1214 840 1266 moratus
880 1227 1121 1266 suorum
1170 1209 1371 1266 ulcisci
1431 1209 1800 1282 sanguinem,
1838 1214 2074 1264 strenue

430 1299 780 1355 decertando
812 1299 1059 1355 succisis
1087 1299 1227 1355 loris
1249 1299 1380 1372 equi
1406 1298 1518 1369 sui,
1543 1300 1753 1371 sagitta
1778 1298 2074 1354 sauciatus

431 1388 661 1458 occidit,
695 1388 931 1444 cohorte
959 1387 1120 1444 illius
1142 1388 1373 1460 penitus
1392 1388 1689 1460 dissipata.
1708 1387 1927 1443 Alanus
1945 1388 2078 1443 ado-

431 1476 680 1547 loscens,
708 1478 1011 1551 Guidoque
1043 1478 1341 1533 Frenellus
1370 1477 1545 1533 simul
1579 1477 1912 1533 incedentes
1941 1494 2077 1533 voce

431 1566 559 1623 viva
588 1567 710 1622 haec
736 1567 1119 1640 pronuntiant
1151 1584 1163 1622 :
1200 1590 1228 1617 «
1262 1566 1701 1623 Commilitones
1730 1566 1914 1623 nostri
1945 1583 2076 1640 pro-

432 1652 996 1726 batissimi,jamjam
1015 1654 1548 1710 nostrisferendum
1572 1653 2024 1710 estsubsidium.
2049 1676 2076 1703 »

433 1743 566 1800 Mox
593 1742 940 1811 intromissi,
972 1748 1204 1816 peracto
1237 1742 1572 1799 lancearum
1623 1742 1834 1811 ofﬁcio,
1864 1742 2079 1798 ictibus

434 1832 663 1891 ensium
699 1833 1004 1890 defunctos
1036 1837 1265 1889 nostros
1293 1833 1564 1897 retinent,
1614 1833 1890 1904 vivosque
1920 1829 2079 1886 illius

433 1922 577 1978 aciei
621 1925 970 1995 protegunt;
1022 1921 1281 1977 vicissim
1313 1926 1509 1977 tamen
1540 1921 1678 1977 hinc
1704 1925 1761 1977 et
1788 1920 1921 1976 inde
1949 1936 2079 1975 san-

434 2011 566 2085 guis
596 2010 923 2067 immensus
954 2011 1236 2066 funditur.
1272 2011 1497 2068 Interea
1537 2014 1869 2066 nostrorum
1903 2008 2076 2074 acies,

437 2104 556 2155 tam
570 2099 934 2158 dextrorsum
952 2116 1128 2172 quam
1143 2096 2080 2169 sinistrorsum,Parthorummul-

436 2187 746 2244 titudinem
778 2187 1037 2260 undique
1068 2189 1418 2244 frementum
1441 2187 1755 2256 intuentes,
1782 2187 1907 2261 pari
1921 2192 2076 2259 voto,

436 2280 681 2335 Cnmsrs
726 2278 900 2333 JESU!
936 2277 1385 2350 proclamantes,
1426 2278 1481 2333 in
1517 2277 1738 2334 medios
1768 2278 1967 2334 hostes
1996 2277 2079 2333 ir-

438 2369 636 2441 ruunt.
669 2366 754 2428 Im
783 2366 971 2439 primo
1003 2382 1304 2439 aggressu,
1360 2367 1553 2423 divino
1584 2367 1822 2423 feriente
1861 2367 2075 2440 gladio,

437 2452 669 2511 hostilis
692 2454 930 2523 clamor,
954 2459 1124 2511 antea
1145 2455 1398 2513 horrifex
1423 2460 1478 2512 et
1498 2455 2078 2526 immensus,diverso

438 2544 631 2613 modo,
649 2542 1022 2600 morientium
1041 2544 1261 2600 crebris
1283 2544 1641 2619 singultibus
1663 2550 2075 2601 commutatur.

436 2632 584 2699 Quid
618 2632 1134 2707 singula‘?Quidam
1160 2634 1398 2690 diversae
1420 2632 1699 2690 illationis
1721 2634 2078 2707 pmna,necis

436 2720 587 2779 ﬁunt
617 2721 893 2791 materia;
928 2723 1117 2779 caeteri
1163 2740 1295 2779 vero
1345 2723 1552 2779 divinae
1601 2722 1844 2780 ultionis
1879 2724 2078 2795 jaculo

434 2812 719 2884 percussi,
753 2815 915 2884 terga
937 2812 1437 2885 versidiﬁugiunt.
1460 2813 1734 2886 Princeps
1763 2803 2078 2887 igiturDeo

436 2900 699 2972 devotus,
732 2900 860 2973 ipso
892 2902 985 2958 die
1002 2918 1106 2974 per
1135 2901 1411 2957 virtutem
1444 2907 1658 2958 sanetae
1692 2903 1879 2959 crucis
1908 2904 2080 2959 victo-

436 2988 582 3047 riam
614 2989 863 3063 adeptus
894 2993 1000 3045 est.
1038 2989 1193 3045 Felix
1220 2990 1356 3046 belli
1388 3007 1654 3064 campus,
1688 2991 1933 3047 Domino
1962 2991 2078 3048 lar-

433 3077 643 3151 giente,
678 3078 867 3135 eidem
898 3078 1175 3152 aperitur.
1211 3080 1338 3153 Ipse
1369 3082 1587 3152 itaque,
1626 3084 1801 3153 prout
1832 3081 2078 3154 diguum

434 3171 541 3238 est,
574 3185 707 3225 cum
732 3168 1070 3225 domesticis
1092 3168 1262 3225 laude
1281 3186 1544 3236 suorum,
1569 3169 1628 3224 in
1660 3187 1865 3242 campo
1888 3188 2077 3227 rema-

434 3274 602 3327 nens,
630 3257 903 3330 protinus
924 3259 993 3313 ad
1018 3258 1444 3330 insequendum
1471 3264 1707 3315 caeteros
1730 3240 2080 3333 dirigit.Qua
2110 3240 2152 3305 Ο

437 3346 495 3402 in
516 3363 719 3419 re,prae
751 3346 973 3402 emteris
1003 3347 1154 3403 acies
1190 3348 1336 3403 beati
1359 3348 1507 3403 Petri
1530 3347 1723 3404 laudis
1744 3366 1954 3405 nomen
1978 3350 2081 3406 ob-

434 3435 635 3491 tinuit.
671 3435 752 3490 [bi
785 3435 1020 3508 quidem
1052 3435 1326 3507 planities
1355 3436 1435 3491 ita
1466 3436 1575 3490 fuit
1596 3436 1807 3508 partim
1831 3438 2080 3494 mortuis

437 3524 626 3581 obsita
641 3524 1227 3597 corporibus,partim
1248 3524 1606 3580 camelorum
1625 3529 2081 3599 caaterorumque

439 3611 783 3667 animalium
814 3612 1030 3668 divitiis
1052 3617 1421 3669 oneratorum
1450 3614 1658 3669 referta
1681 3613 2079 3689 multitudine,

438 3701 591 3773 quod
624 3700 842 3757 nostris
863 3701 1162 3757 occidendi
1186 3702 1696 3774 impedimentum,
1720 3702 2078 3777 fugientibus

438 3789 661 3846 exstitit
708 3789 988 3846 evadendi
1020 3790 1373 3847 subsidium.
1425 3791 1615 3847 Nostri
1646 3796 1839 3848 tamen
1876 3811 2079 3865 pereu-

436 3877 654 3949 tiendo,
668 3878 1047 3945 vulnerando,
1063 3880 1643 3948 obtruncando,infra
1663 3881 1778 3938 duo
1810 3882 2081 3941 milliaria

437 3967 591 4025 ultra
619 3968 938 4025 Sarmitum
972 3967 1169 4024 hostes
1190 3967 1599 4042 insequuntur.
1626 3971 1885 4026 Tandem
1908 3971 2081 4029 victo-

436 4072 530 4114 res
560 4058 797 4125 reversi,
828 4059 1058 4114 diversa
1104 4058 1361 4125 ferendo,
1426 4059 1729 4126 mittendo,
1794 4060 2079 4130 ducendo,

436 4145 646 4220 opibus
675 4147 918 4214 onerati,
954 4147 1069 4202 Deo
1129 4147 1381 4203 Creatori
1430 4148 1649 4222 gratias
1699 4150 1945 4223 agendo,
2006 4153 2078 4207 ad

436 4235 630 4309 ipsum
652 4236 956 4292 dominum
982 4235 1317 4309 Rotgerium
1335 4237 1658 4310 principem
1682 4255 1957 4311 campum
1982 4240 2079 4296 ob-

434 4325 739 4394 tinentem,
772 4324 1074 4382 exhilarati
1105 4325 1465 4398 perveniunt.
1517 4328 1664 4394 Quid
1705 4329 1951 4384 referam
1985 4346 2079 4385 ca-

2174 580 2346 655 pauci
2376 584 2745 654 reputantur.
2782 581 3057 653 Princeps
3088 597 3222 635 vero
3244 595 3347 652 per
3365 582 3484 633 tres
3514 577 3639 633 dies
3670 593 3828 632 eam-

2176 689 2316 745 pum
2348 671 2686 739 obtincndo,
2719 688 2914 726 coram
2946 670 3072 742 ipso
3122 668 3316 725 allatis
3374 667 3603 740 opibus,
3665 667 3824 739 quod

2176 760 2371 815 decuit
2402 763 2631 815 tantum
2664 759 2987 832 principem
3047 757 3158 815 sibi
3190 757 3468 814 reservari
3527 757 3823 830 praecepit,

2177 854 2384 905 caetera
2413 848 2613 917 dividi,
2664 848 2817 904 sicut
2872 848 3212 904 dominatus
3259 851 3316 903 et
3371 864 3499 903 mos
3554 847 3827 918 ejusdem

2179 939 2351 995 curia:
2384 939 2578 1011 exigit.

2250 1028 2352 1083 His
2384 1027 2655 1101 peractis,
2688 1027 2960 1100 princeps
2985 1031 3117 1083 ante
3150 1043 3212 1082 se
3242 1027 3604 1082 diversarum
3650 1042 3827 1099 gaza-

2180 1134 2312 1174 rum
2345 1115 2530 1188 copia,
2561 1117 2921 1189 captivorum
2952 1116 3255 1188 przemissa
3286 1114 3687 1183 multitudine,
3712 1114 3828 1170 Deo

2182 1204 2588 1278 supplicando,
2623 1206 2866 1277 suisque
2898 1205 3173 1261 omnibus
3203 1204 3422 1277 gratias
3479 1203 3726 1277 agendo,
3772 1207 3833 1260 et

2183 1295 2337 1367 quod
2370 1294 2470 1349 Dei
2529 1294 2829 1350 servitium
2861 1293 3105 1349 viriliter
3136 1293 3543 1368 sapienterque
3572 1292 3830 1365 peregis-

2144 1435 2149 1441 .
2185 1387 2334 1451 sent,
2369 1382 2474 1455 pia:
2510 1383 2875 1456 paternitatis
2909 1399 3104 1438 amore
3126 1399 3330 1438 omnes
3364 1379 3836 1437 licentiavit.Pri-

2185 1473 2444 1529 matibus
2475 1477 2671 1528 autem
2705 1473 2775 1527 ad
2815 1472 3051 1545 propria
3100 1472 3499 1540 redeuntibus,
3548 1469 3833 1526 uxoribus

2188 1561 2310 1619 suis
2343 1579 2406 1617 ac
2439 1560 2639 1617 liberis
2668 1561 2943 1633 visitatis,
2968 1562 3038 1617 ad
3062 1562 3434 1617 tractandum
3465 1561 3535 1616 de
3556 1558 3836 1615 Christia-

2188 1651 2366 1708 nismi
2399 1650 2667 1717 utilitate,
2701 1650 2943 1707 concilio
2976 1650 3342 1706 Antiochense
3363 1649 3652 1715 Ecclesiae,
3685 1652 3837 1705 tem-

2189 1758 2326 1815 pore
2357 1740 2674 1814 assignato,
2709 1739 3078 1797 Antiochiam
3128 1740 3333 1795 reverti
3382 1737 3671 1811 praecepit.
3710 1738 3840 1810 Ipse

2185 1848 2320 1886 vero
2352 1846 2485 1885 cum
2505 1828 2818 1884 manifesta
2833 1828 3080 1885 victoriae
3104 1827 3299 1902 palma
3325 1829 3688 1900 rediens,per
3700 1844 3840 1882 rura

2187 1925 2244 1976 et
2270 1917 2530 1985 castella,
2554 1935 2690 1974 cum
2715 1918 2949 1991 hymnis
2980 1935 3046 1974 ac
3078 1917 3319 1974 canticis
3340 1918 3412 1974 ab
3433 1917 3590 1973 omni
3614 1915 3834 1988 populo

2188 2008 2355 2065 laetus
2373 2008 2679 2081 excipitur.
2699 2011 2957 2079 Cumque
2978 2004 3835 2081 apprOpinquassetAntioehiaa

2191 2098 2320 2154 urbi
2350 2099 2710 2164 venerandae,
2745 2114 2846 2169 per
2872 2100 3054 2153 totam
3105 2096 3393 2152 civiiatem
3427 2112 3608 2151 sonus
3662 2095 3837 2150 adve-

2190 2187 2406 2243 nientis
2423 2187 2693 2243 intonuit.
2711 2187 3057 2242 Sanctarum
3076 2186 3272 2258 itaque
3294 2184 3671 2258 reliquiarum
3698 2201 3839 2256 prae-

2189 2278 2428 2333 cedente
2451 2277 2673 2345 ordine,
2692 2275 3036 2332 venerabilis
3060 2275 3391 2347 patriarcha
3405 2290 3539 2330 cum
3557 2290 3664 2330 suo
3682 2273 3836 2329 clero

2189 2365 2585 2423 ecclesiastica
2614 2365 2983 2421 institutione
3015 2364 3305 2431 decorate,
3335 2363 3592 2420 virorum
3614 2379 3681 2419 ac
3705 2379 3837 2417 mu-

2189 2454 2398 2510 lierum
2414 2459 2693 2527 sequente
2712 2453 3251 2525 multitudine,exiit
3265 2453 3317 2511 ei
3329 2453 3556 2509 obviam
3578 2470 3630 2509 :u
3648 2453 3836 2508 Deum

2190 2545 2415 2611 time,et
2429 2544 2705 2613 mandata
2722 2543 2851 2614 ejus
2865 2545 3106 2600 observa
3120 2544 3310 2612 (Eccle.
3325 2544 3544 2611 xu,13),
3556 2564 3583 2591 »
3594 2542 3837 2598 vocibus

2190 2632 2469 2705 angelicis
2498 2633 3112 2706 personantes,ipsum
3132 2630 3839 2705 suscipiunt,collaudant

2190 2740 2256 2779 ac
2284 2726 2652 2778 venerantur.
2688 2745 2715 2771 «
2749 2723 2833 2777 Ad
2865 2722 3144 2779 honorem
3176 2722 3393 2777 summi
3446 2721 3639 2794 Regis,
3672 2724 3731 2776 et
3760 2720 3836 2777 ad

2189 2812 2457 2868 effectum
2492 2812 2581 2868 sui
2610 2812 2785 2885 regis,
2817 2811 2984 2878 liber,
3005 2828 3207 2868 servus
3228 2815 3284 2867 et
3304 2809 3514 2867 ancilla
3535 2808 3837 2883 gratulan-

2187 2906 2285 2957 tur
2314 2901 2405 2957 die
2435 2900 2552 2956 illa.
2590 2924 2617 2949 »
2651 2900 2888 2956 Interim
2920 2899 3279 2956 diversarum
3313 2900 3614 2955 nationum
3650 2916 3839 2971 popu-

2188 2991 2302 3058 lus,
2320 2988 2944 3045 innitunturcoronare
2966 2989 3257 3045 civitatem
3271 2989 3533 3045 ﬂoribus.
3553 2987 3833 3060 Quisquis

2189 3098 2393 3137 carum
2425 3097 2530 3135 seu
2561 3096 2759 3135 rarum
2791 3083 3202 3135 ornamentum
3254 3078 3485 3145 habeat,
3543 3082 3681 3133 tunc
3715 3094 3834 3133 non

2191 3170 2359 3238 celat,
2395 3170 2495 3225 sed
2529 3167 2760 3237 revelat,
2794 3185 2909 3240 quo
2954 3168 3157 3224 victori
3210 3167 3452 3241 placeat.
3483 3167 3655 3224 Vicos
3685 3172 3835 3222 ster-

2191 3263 2339 3315 nunt
2368 3263 2426 3315 et
2448 3258 2671 3331 plateas
2703 3242 3064 3313 ornamentis
3096 3258 3320 3324 sericis,
3370 3273 3533 3323 auro,
3583 3255 3838 3329 gemmis

2189 3351 2499 3419 adornant,
2533 3348 2604 3404 ob
2640 3348 2951 3403 adventum
2986 3346 3289 3419 principis.
3327 3345 3687 3402 Diversarum
3707 3360 3838 3416 spe-

2190 3437 2408 3493 cierum
2444 3440 2643 3492 tantus
2674 3437 2816 3492 odor
2847 3435 3129 3504 funditur,
3166 3436 3323 3508 quod
3357 3435 3648 3491 terrestris
3671 3450 3841 3506 para-

2190 3526 2354 3583 disus
2385 3525 2571 3600 possit
2602 3526 2713 3581 diei
2738 3525 2993 3597 penitus.
3022 3525 3295 3598 Princeps
3326 3525 3539 3593 intrat;
3565 3523 3728 3597 plebs
3750 3539 3841 3579 re—

2191 3615 2371 3671 sultat
2401 3615 2676 3671 laudibus
2706 3614 3036 3687 hymnicis;
3071 3618 3252 3670 Deum
3274 3613 3535 3682 laudant,
3566 3613 3723 3669 hunc
3748 3629 3839 3671 sa-

2189 3704 2382 3761 lutant
2411 3703 2650 3760 vocibus
2682 3702 2968 3770 altisonis,
2995 3703 3089 3760 Sic
3112 3704 3181 3759 ad
3206 3701 3490 3775 templum
3520 3702 3714 3759 Sancti
3734 3706 3836 3758 Pe-

2188 3794 2261 3849 tri
2291 3810 2601 3867 pervenere
2632 3791 2870 3865 pariter,
2903 3792 3003 3848 ubi
3033 3792 3239 3848 laudes
3270 3792 3386 3848 Deo
3419 3792 3573 3847 Patri
3611 3791 3835 3864 persol-

2189 3887 2331 3938 vunt
2361 3882 2647 3939 alacriter.
2671 3883 2818 3955 Ergo
2841 3881 3112 3955 princeps
3140 3882 3210 3938 ad
3235 3880 3412 3937 altare
3433 3883 3538 3937 fert
3557 3880 3835 3938 vexillum

2190 3971 2579 4044 triumphale;
2614 3972 2781 4027 oﬂ'ert
2820 3970 2965 4026 illud
3019 3969 3288 4044 speciale,
3337 3970 3590 4043 posthaec
3635 3970 3837 4029 minus

2190 4059 2526 4133 principale.
2558 4061 2810 4116 Adorato
2844 4061 2955 4116 Deo
2986 4077 3139 4128 vero,
3175 4060 3427 4115 reddidit
3449 4065 3639 4134 grates
3671 4062 3834 4117 omni

2189 4150 2361 4218 clero,
2396 4166 2563 4222 prece
2594 4149 2764 4221 cujus
2792 4149 3119 4216 decoratus,
3155 4150 3335 4205 victor
3364 4150 3584 4206 exstitit
3605 4150 3833 4208 beatus.

2189 4243 2320 4311 Ipso
2351 4238 2546 4295 valvas
2577 4244 2841 4306 exeunte,
2875 4237 3130 4295 clamant
3161 4256 3364 4294 omnes
3411 4238 3604 4295 cordis
3647 4255 3787 4295 voce
3819 4256 3833 4295 :

2190 4314 2437 4399 «.Salve,
2463 4345 2559 4382 rex
2584 4327 2595 4382 l
2632 4327 2851 4384 athleta
2878 4328 3016 4395 veri,
3051 4332 3106 4384 te
3136 4327 3449 4384 formident
3478 4328 3676 4384 hostes
3707 4329 3835 4395 Dei,

436 4419 668 4492 piarum
692 4415 1024 4473 divitiarum
1048 4415 1279 4484 seriem,
1305 4434 1438 4472 cum
1472 4434 1575 4473 nec
1598 4418 1829 4485 modus,
1855 4434 1959 4474 nec
1990 4436 2083 4475 va—
2111 4397 2160 4459 D
2190 4416 2412 4489 tibique
2440 4416 2517 4472 sit
2545 4416 2824 4472 continua
2854 4434 2982 4489 pax.
3019 4416 3178 4473 salus
3207 4422 3263 4473 et
3288 4417 3549 4484 victoria,
3583 4434 3687 4491 per
3724 4434 3836 4475 sce-

435 4505 611 4564 rietas
625 4506 696 4563 ab
711 4505 828 4563 ullo
843 4506 1278 4579 perpendatur?
1291 4506 1436 4575 Quid
1460 4506 1719 4562 hostium
1732 4506 2082 4563 occisorum.

2195 4505 2462 4563 culorum
2492 4505 2740 4562 saecula!
2772 4508 2978 4563 Amen.
3007 4530 3034 4557 ››

1695 4834 1960 4922 PARS
2020 4833 2392 4924 SECUN
2397 4836 2569 4922 DA.

1230 5014 1545 5098 Princeps
1577 5014 1776 5081 volde
1818 5015 2071 5098 probus
2112 5013 2475 5097 Rotgerius
2512 5012 3004 5081 Anttiochenus

1228 5103 1527 5183 Qualiter
1566 5105 1903 5183 occubuit,
1943 5103 2295 5170 Gauterius
2339 5105 2448 5169 hic
2488 5106 2814 5172 recitavit.

1925 5280 2319 5298 m

910 5394 1171 5453 INCIPIT
1202 5394 1601 5453 PROLOGUS.

504 5487 660 5545 Inter
687 5484 948 5542 diversos
981 5484 1157 5558 prisci
1188 5485 1468 5558 temporis
1500 5483 1783 5542 bellorum
1814 5490 2074 5554 eventus,

432 5573 936 5653 profectoillorum
958 5573 1170 5650 aliquis
1188 5576 1259 5641 ab
1281 5574 1768 5648 historiographis
1791 5580 2074 5649 assertus,

433 5681 537 5725 seu
567 5662 854 5723 mestitiae
885 5682 988 5723 seu
1017 5664 1219 5741 gaudii
1250 5664 1546 5721 mentibus
1579 5664 1913 5720 auditorum
1939 5682 2076 5739 quo-

2190 5398 2365 5454 moda
2388 5413 2627 5454 causam
2660 5395 2877 5451 intulit.
2902 5394 3050 5451 Illud
3073 5411 3207 5451 vero
3237 5395 3455 5452 doloris
3476 5394 3750 5453 dolorum
3774 5413 3838 5453 ac

2190 5487 2370 5544 totius
2384 5484 2748 5544 infelicitatis
2761 5484 3034 5558 elogium,
3049 5484 3206 5557 quod
3224 5484 3526 5559 repentina
3537 5483 3839 5547 calamita-

2186 5581 2242 5634 te
2256 5576 2594 5649 belligeram
2624 5577 2850 5647 partem
2882 5573 3136 5649 Rotgerii
3159 5573 3654 5631 Antiochenorum
3683 5573 3839 5649 prin-

2189 5664 2674 5738 cipis,ipsumque
2685 5662 3192 5738 principem,mole
3203 5663 3518 5720 criminum
3548 5662 3838 5746 exigente,
