3992 6090
191 299 356 363 1013

857 300 1225 364 GAL'I‘EBII
1269 265 1789 365 CANCELLABII
1831 297 2086 362 BELLA
2130 298 2494 364 ANTIOCH.
2527 335 2605 346 -
2633 300 2832 365 PARS
2875 299 2953 365 II.

3446 305 3602 370 1014

187 436 392 491 astuto
423 432 606 490 milite
636 433 886 508 principi
920 435 1240 491 nuntietur.
1273 437 1597 508 Actumque
1641 438 1749 501 est,
1781 436 1842 490 P.
1874 431 1931 498 Α
1966 430 2092 486 viva
2124 432 2382 504 pontifici
2413 434 2715 491 confessus
2747 440 2856 504 est,
2891 438 3240 509 acceptaque
3262 439 3605 510 pcenitentia

189 524 632 597 archiepiscopo
663 523 998 596 Apamicnsi
1035 523 1462 592 consulente,ut
1479 541 1682 579 omnes
1706 541 1842 584 una.

185 613 341 669 facto
375 613 564 668 edicto
596 631 699 686 per
727 613 1070 680 exercitum,
1095 617 1229 668 ante
1258 613 1448 669 lucem
1476 614 1546 668 ad
1562 612 1844 686 capellam

183 703 556 769 conveniant,
591 707 884 774 quatenus
915 702 996 756 ibi
1025 701 1211 757 vitaet
1242 702 1504 758 moribus
1528 702 1843 768 emendati,

181 791 315 848 cibo
349 796 608 863 potuque
640 791 859 846 caelesti
891 791 1108 858 refecti,
1145 791 1202 845 in
1255 792 1354 846 Dei
1387 791 1644 859 servitio,
1697 797 1755 846 et
1787 791 1844 845 in

181 882 425 936 nomine
456 883 605 953 ejus,
643 887 705 935 ut
735 882 902 936 decet
932 880 1172 946 milites,
1203 881 1392 936 vivere
1441 881 1528 936 vel
1561 881 1708 936 mori
1750 898 1845 936 va-

178 970 364 1027 leant.
403 971 608 1043 Fitque
642 970 898 1026 edictum
931 969 1106 1025 illico.
1138 971 1289 1026 Dum
1336 971 1457 1025 haec
1511 975 1843 1044 agerentur,

185 1059 356 1116 aﬂ‘uit
379 1064 541 1114 extra
570 1059 786 1114 mulier
805 1059 1086 1125 lunatica,
1113 1078 1221 1115 usa
1239 1059 1584 1115 hisvocibus
1605 1059 1845 1133 :«Agite,

190 1149 385 1222 agite;
419 1165 524 1204 nec
555 1149 653 1204 diu
687 1148 909 1221 utique.
940 1148 1079 1204 Cras
1110 1148 1266 1203 enim
1298 1166 1476 1204 manu
1497 1149 1848 1220 hostiliprae-

190 1237 441 1300 valente,
473 1236 794 1308 amputatis
823 1237 1136 1309 capitibus,
1171 1255 1298 1309 qua:
1331 1238 1613 1294 hactenus
1652 1239 1850 1295 abstu-

191 1326 369 1392 listis,
405 1343 536 1381 mea
565 1324 710 1380 mihi
741 1325 1030 1398 regimina
1079 1325 1440 1382 dimittetis.»
1495 1329 1627 1392 Quae
1675 1328 1850 1382 verba

191 1413 428 1487 spiritui
458 1413 775 1486 prophetia:
807 1431 1127 1486 congruere
1170 1416 1242 1470 ab
1288 1416 1494 1471 effectu
1547 1416 1847 1488 sequentis

189 1503 304 1559 diei
339 1502 777 1576 perpendimus.
813 1503 916 1558 His
947 1503 1186 1568 auditis,
1219 1505 1463 1576 quidam
1499 1505 1678 1560 risere
1711 1521 1846 1560 cou-

185 1592 432 1648 sternati
464 1590 679 1657 animo,
713 1590 954 1663 quidam
990 1591 1193 1648 utilius
1222 1595 1756 1666 reputavere,apud
1787 1612 1848 1650 se

184 1680 447 1738 admissa
477 1679 633 1735 mala
661 1680 872 1736 deﬂere
890 1681 1215 1747 serio.Quid
1239 1681 1848 1754 singula?Licentiatis

180 1771 504 1828 baronibus
538 1771 727 1825 noctis
757 1771 951 1842 quiete
985 1771 1487 1837 rccreari,vocatis
1511 1771 1849 1827 domesticis
1880 1805 1927 1869 Β

183 1861 459 1935 princeps
487 1859 756 1932 imperat,
775 1864 840 1914 ut
869 1879 902 1915 a
933 1859 1160 1933 signato
1191 1861 1440 1916 termino
1459 1862 1724 1933 expedite
1753 1862 1854 1916 fiat

189 1953 332 2025 quid
365 1952 759 2018 decreverant,
795 1955 1201 2022 monstratque
1233 1950 1317 2006 eis
1351 1951 1491 2023 quid
1525 1955 1581 2006 ct
1640 1951 1763 2018 ubi,
1797 1956 1854 2006 et

192 2041 489 2114 quomodo
521 2039 597 2095 sit
627 2040 940 2112 agendum.
974 2039 1307 2111 Vocatoque
1339 2039 1621 2095 secretius
1637 2039 1856 2095 cancel-

193 2131 362 2198 lario,
396 2145 530 2184 cum
562 2145 628 2183 eo
660 2128 941 2185 discernit
971 2127 1112 2200 quid
1145 2145 1246 2200 pro
1273 2127 1855 2201 imminentinegotio

197 2220 320 2275 fieri
365 2217 668 2274 conveniat
717 2234 894 2289 super
941 2217 1034 2272 his
1091 2234 1219 2289 quae
1259 2215 1644 2272 bellotoribus
1698 2217 1892 2272 oneri.

198 2308 568 2382 videbantur.
603 2307 747 2362 Hinc
788 2305 985 2378 itaque
1035 2311 1092 2362 et
1138 2305 1274 2361 inde
1325 2306 1634 2362 eventilata
1680 2323 1859 2361 causa

207 2396 560 2461 necessaria,
589 2399 788 2451 vocato
820 2395 1159 2462 camerario,
1190 2394 1524 2467 vocatisque
1556 2395 1856 2450 familiari-

207 2488 546 2552 bus,actum
582 2488 644 2538 ut
673 2502 811 2539 vasa
833 2485 1089 2556 pretiosa
1119 2489 1174 2540 et
1204 2485 1397 2540 omnis
1429 2483 1688 2556 supeliex
1715 2501 1857 2539 one-

209 2593 362 2641 rosa,
398 2578 561 2630 nocte
594 2574 663 2628 ad
700 2578 918 2628 turrem
948 2574 1182 2639 Artesii,
1244 2575 1517 2645 episcopo
1568 2590 1859 2629 commen-

208 2664 404 2720 danda
435 2663 816 2718 deferrentur.
853 2663 1141 2732 Sequitur,
1194 2667 1476 2718 vocantnr
1521 2662 1857 2734 Turcopuli,

206 2758 494 2810 vocantur
523 2757 579 2807 et
611 2751 812 2806 famuli
841 2769 852 2818 ;
888 2750 980 2806 his
1012 2751 1070 2806 id
1113 2752 1239 2807 ﬁeri
1289 2752 1539 2822 imperat
1587 2751 1860 2807 dominus

208 2844 430 2907 subito,
464 2843 670 2914 paratu
703 2839 934 2896 eminus
968 2845 1173 2912 parent
1202 2839 1468 2912 imperio.

870 2937 1099 2994 CAPUT
1139 2937 1204 2991 V.

281 3019 585 3076 Exercitus
617 3035 748 3073 vero
780 3018 937 3072 haud
970 3017 1187 3073 oblitus
1213 3017 1407 3082 edicti,
1433 3021 1567 3072 ante
1586 3018 1776 3073 lucem
1792 3018 1863 3072 ad

209 3109 518 3167 ecclesiam
555 3107 926 3173 conveniunt,
964 3107 1062 3161 ubi
1113 3107 1228 3162 Deo
1260 3106 1546 3162 altissimo
1579 3107 1766 3162 .corde
1811 3111 1868 3162 et

1957 522 2194 591 praefato
2239 523 2416 578 simili
2469 523 2674 579 viatico
2722 526 2952 580 Domini
3000 529 3320 598 vegetatus,
3378 527 3601 597 abiens,

1956 613 2089 665 ante
2119 611 2350 666 tentorii
2386 612 2718 685 ingressum
2752 614 3110 687 pauperibus
3142 615 3374 682 Christi,
3427 617 3501 673 ab
3536 634 3602 674 eo

1957 697 2296 755 alimoniam
2330 701 2680 772 petentibus,
2716 703 2950 776 propria
2980 719 3158 759 manu
3191 721 3409 761 munus
3449 707 3606 778 prin-

1957 788 2142 860 cipale
2173 789 2298 843 auri
2333 791 2590 860 pondera
2604 791 3604 868 charitativeerogavit;paratusque

1957 893 2118 932 more
2149 877 2321 932 solito
2353 895 2524 934 mane
2558 880 2818 951 spatiari,
2852 898 3068 953 equum
3101 869 3381 939 ascendit.
3400 884 3604 941 Allatis

1957 965 2068 1020 sibi
2102 966 2324 1032 avibus,
2361 967 2554 1023 allatis
2587 969 2780 1041 parvis
2813 971 3078 1037 canibus,
3131 971 3400 1028 adductis
3448 973 3601 1043 aliis,

1955 1055 2210 1126 sumptis
2230 1055 2556 1124 venabulis,
2590 1059 2914 1128 praemissis
2944 1058 3140 1131 pueris
3171 1064 3606 1118 cumvenatori-

1957 1144 2089 1212 bus,
2141 1149 2206 1199 ut
2237 1145 2400 1200 decet
2431 1146 2776 1219 principem,
2829 1148 2952 1220 ipse
3001 1149 3417 1222 subsequitur;
3466 1151 3605 1208 hinc

1958 1249 2130 1306 agros
2163 1238 2218 1288 et
2248 1234 2428 1290 valles
2460 1241 2748 1308 peragrat.
2783 1237 2917 1292 inde
2949 1243 3178 1294 montes
3203 1243 3260 1294 et
3288 1238 3465 1296 colles
3496 1241 3606 1298 cir-

1957 1322 2096 1389 cuit,
2131 1322 2267 1377 hinc
2301 1341 2432 1379 aves
2464 1325 2619 1396 capit
2649 1325 2876 1392 avibus,
2907 1326 3042 1382 inde
3087 1328 3236 1384 feras
3293 1331 3608 1400 prosternit

1959 1411 2220 1467 canibus.
2259 1412 2462 1467 Subito
2513 1419 2708 1468 autem
2759 1419 2955 1471 motus
3003 1416 3196 1472 animo
3248 1417 3445 1474 futura
3494 1419 3606 1475 sibi

1958 1504 2357 1572 praetentantc,
2390 1501 2729 1574 speculandi
2752 1521 2930 1559 causa
2943 1505 3374 1563 dimissisludis
3387 1508 3458 1563 ad
3481 1512 3609 1576 tur-

1959 1606 2080 1644 rem
2115 1591 2223 1644 iter
2251 1589 2469 1662 dirigit.
2505 1593 2626 1656 Qno
2659 1591 2929 1660 abeunte,
2963 1594 3190 1650 adestei
3215 1595 3608 1669 nuntiusequi

1959 1695 2134 1732 cursu
2167 1678 2592 1747 velocissimus,
2626 1681 2716 1735 cui
2746 1681 3047 1738 dominus:
3069 1684 3246 1750 «Quid
3261 1687 3608 1756 prosario?»

1961 1768 2018 1821 1d
2055 1767 2105 1822 ei
2137 1768 2382 1823 nuntius
2415 1786 2426 1824 :
2461 1793 2486 1817 ‹‹
2524 1770 2692 1826 Ηὶεεθ
2724 1770 2910 1827 oculis
2942 1771 3201 1828 hostium
3251 1778 3478 1830 turmas
3520 1775 3609 1830 in-

1959 1861 2152 1919 tuens,
2212 1874 2314 1929 per
2345 1858 2593 1929 abrupta
2623 1859 2913 1915 montium
2936 1865 2992 1916 et
3021 1861 3331 1918 devallium
3356 1862 3505 1933 loca,
3527 1864 3612 1919 in-

1961 1962 2160 2017 quam,
2195 1945 2368 2000 etiam
2386 1947 2638 2002 ferarum
2654 1949 2958 2021 gressibus
2999 1967 3300 2023 nunquam
3329 1953 3607 2025 patentia,

1962 2033 2245 2090 exitribus
2275 2035 2543 2106 partibus
2575 2036 2790 2108 triplici
2823 2037 2973 2094 bello
3001 2040 3266 2112 expedite
3296 2042 3355 2096 in
3389 2059 3494 2098 nos
3525 2059 3614 2098 ac-

1964 2123 2166 2178 cedere
2196 2141 2300 2194 pro
2330 2140 2464 2179 vero
2495 2126 2722 2189 nuntio,
2779 2129 3239 2201 Innumerasque
3293 2130 3445 2186 acies
3491 2135 3611 2186 tam

1963 2211 2188 2267 vexillis
2222 2230 2413 2284 quaem
2441 2218 2497 2268 et
2527 2213 2656 2269 aliis
2681 2216 2991 2283 Zifeorum,
3027 2218 3134 2273 hoc
3165 2222 3254 2273 est
3281 2220 3501 2275 mundo
3519 2219 3616 2276 ﬂo-

1966 2305 2178 2369 rentes,
2213 2302 2446 2374 pompis
2477 2303 2797 2372 decoratas,
2833 2306 3055 2376 priores
3072 2307 3350 2378 subsequi
3373 2309 3618 2365 ﬁrmiter

1967 2407 2185 2445 assero.
2221 2412 2248 2440 ››
2281 2391 2364 2444 Ad
2398 2390 2518 2446 haec
2551 2392 2824 2465 princeps
2858 2410 2870 2448 :
2910 2417 2930 2444 ν
2968 2395 3146 2452 Nobis
3179 2397 3381 2452 datum
3414 2401 3617 2470 estpro

1968 2479 2196 2534 Christo
2229 2496 2342 2534 non
2369 2479 2558 2534 solum
2590 2480 2874 2537 utineum
2891 2484 3426 2551 credamus,verum
3441 2487 3617 2542 etiam

1970 2573 2034 2622 ut
2060 2585 2162 2639 pro
2197 2565 2294 2623 illo
2328 2569 2622 2640 patiamur
2655 2573 2823 2643 (Phil.
2861 2590 2896 2640 ι,
2930 2574 3043 2644 29),
3076 2577 3132 2629 et
3179 2574 3229 2630 ei
3260 2575 3417 2646 quod
3445 2575 3619 2632 debe-

1971 2674 2103 2712 mus
2133 2656 2395 2712 debitum
2433 2659 2560 2728 jam
2609 2660 2946 2728 reddamus,
3003 2661 3273 2719 videlicet
3319 2668 3382 2719 ut
3428 2663 3621 2720 omnis

1970 2751 2173 2801 nostra
2203 2746 2504 2802 rationalis
2537 2747 2804 2804 voluntas
2836 2751 2964 2820 ejus
3015 2751 3297 2808 voluntati
3357 2753 3623 2824 subjecta

1972 2839 2330 2906 permaneat,
2366 2839 2422 2890 et
2452 2836 2550 2907 qui
2585 2836 2865 2894 honorem
2896 2838 3055 2894 illius
3087 2840 3146 2895 in
3179 2841 3348 2898 nobis
3385 2841 3621 2898 violavi-

1973 2941 2129 2990 mus,
2163 2923 2487 2978 secundum
2549 2925 2968 2984 exhortationis
3023 2929 3238 2984 factam
3271 2930 3620 2986 modestiam

1973 3012 2159 3067 eidem
2193 3011 2477 3067 Salvatori
2509 3019 2727 3082 nostro,
2764 3033 2870 3070 nos
2900 3015 3221 3088 ipsos,cum
3243 3017 3430 3089 ipsius
3462 3019 3624 3089 adju-

1973 3101 2142 3167 torio,
2178 3118 2292 3155 non
2325 3107 2560 3172 peccatu
2573 3120 2664 3157 ros
2679 3105 2979 3160 restituam
2991 3123 3074 3161 us.
3088 3105 3224 3162 »His
3236 3107 3620 3163 ﬁnitisaccer-

211 3215 312 3255 ore
343 3194 1862 3268 supplicantes,matutinislaudibusinvigilant.0ui-
1896 3176 1937 3242 (ἶ
1977 3190 2089 3245 sito
2123 3205 2394 3262 agosone,
2429 3191 2724 3247 accersitis
2767 3194 3128 3265 praeconibus
3151 3195 3399 3266 imperat
3427 3195 3622 3251 domi-

211 3290 329 3344 bus
359 3284 1046 3357 ﬁnitis,archiepiscopus
1080 3284 1140 3338 in
1172 3288 1420 3356 utraque
1438 3283 1868 3340 militiavirelc-

213 3375 629 3451 gantissimus,
663 3379 720 3428 et
749 3374 819 3428 de
851 3373 1068 3428 caelesti
1115 3376 1170 3428 et
1217 3373 1287 3427 dc
1334 3372 1595 3428 terrestri
1647 3387 1866 3426 sermo-

214 3465 488 3523 cinando.
525 3487 553 3513 «
589 3462 670 3518 sic
729 3463 1130 3517 inhaerendum
1189 3462 1450 3517 terrestri
1514 3460 1869 3516 Christianos

215 3554 442 3620 docuit,
479 3556 539 3607 ut
567 3552 626 3606 in
655 3551 894 3616 cmlesti,
927 3550 1180 3623 gratuita
1211 3550 1423 3623 pietate
1456 3549 1872 3617 Dei,mereren-

219 3649 320 3700 tur
349 3641 537 3714 ipsius
566 3639 785 3696 milites
814 3639 1100 3695 coronari.
1123 3662 1151 3690 »

864 3737 1094 3792 CAPUT
1135 3741 1230 3791 VI.

161 3839 175 3849 ο
217 3821 393 3878 Mane
424 3823 621 3874 autem
653 3818 827 3882 facto,
861 3817 1054 3872 divino
1088 3816 1278 3872 ofﬁcio
1311 3815 1616 3884 celebrato,
1642 3814 1874 3887 publica

219 3907 608 3972 confessione,
642 3904 876 3976 publica
909 3905 1568 3970 lamentatione,omncs
1602 3907 1876 3960 sccontra

218 3999 413 4068 legem
447 3996 550 4054 Dei
577 4011 848 4067 peccasse
877 4011 1013 4050 voce
1044 3995 1392 4066 proﬁtentur
1414 3991 1878 4048 unanimes.Sin-

220 4085 464 4160 gulique
499 4083 727 4139 delictis
785 4083 1062 4139 omnibus
1121 4083 1338 4154 quibus
1392 4083 1588 4137 infecti
1647 4082 1879 4136 fuerant

221 4175 719 4240 abrenuntiando,
754 4173 1108 4240 confitendo,
1142 4173 1258 4228 Deo
1289 4178 1345 4228 et
1365 4168 1881 4244 pontiﬁcidevotis-

222 4265 378 4320 sime
409 4262 806 4335 promiserunt
837 4261 992 4332 quod
1024 4261 1083 4315 in
1117 4261 1345 4326 illa,aut
1378 4261 1433 4316 in
1458 4257 1877 4322 hissimilibus,

222 4349 417 4426 gratia
449 4349 546 4404 Dei
585 4354 928 4420 cooperante
961 4354 1016 4404 et
1044 4353 1720 4422 protegentc,nunquam
1753 4363 1881 4400 am-

223 4439 387 4513 plius
419 4437 763 4493 inciderent.
817 4440 938 4503 Quo
992 4439 1214 4504 audito,
1266 4436 1478 4510 pracsul
1525 4439 1884 4491 memoratus

1976 3296 2087 3333 nus
2108 3283 2295 3333 totum
2327 3279 2640 3336 exercitum
2673 3281 2852 3338 armis
2884 3283 3075 3354 parari
3105 3284 3622 3357 eminus,libetque

1975 3367 2290 3440 przcconari
2322 3385 2458 3424 voce
2491 3371 2799 3441 propatula
2828 3377 2892 3426 ut
2921 3372 3412 3440 universi,audito
3435 3373 3623 3446 primo

1979 3457 2173 3513 sonitu
2205 3457 2460 3528 gracilis,
2495 3459 2771 3515 festinent
2802 3459 3028 3516 bellicis
3059 3461 3318 3528 indui,et
3347 3463 3626 3533 secundo,

1979 3545 2186 3617 parati,
2222 3546 2457 3601 aciebus
2489 3547 2598 3602 sibi
2631 3549 3035 3620 praeordinatis
3067 3555 3187 3606 tam
3211 3550 3430 3608 milites
3450 3568 3627 3624 quam

1981 3639 2038 3690 et
2067 3633 2292 3706 pedites
2325 3636 2511 3706 parati
2538 3637 2727 3707 juncti
2761 3639 3190 3705 conveniant,et
3211 3645 3276 3695 ut
3296 3639 3495 3696 audito
3524 3645 3635 3696 ter-

1982 3723 2084 3788 tio,
2115 3723 2360 3796 singulae
2394 3724 2549 3780 acies
2581 3731 2858 3797 promotae
2889 3727 3304 3799 signiferorum
3335 3730 3514 3785 ductu
3547 3745 3637 3786 ac-

1983 3812 2476 3878 cedentes,coram
2508 3814 2675 3886 signo
2706 3815 2894 3871 crucis
2924 3817 3156 3872 Domini
3188 3834 3250 3874 se
3263 3821 3632 3890 praesentent.

1984 3901 2098 3956 Nec
2130 3918 2329 3968 mora;
2383 3902 2529 3957 fiunt
2577 3905 2868 3975 przeconia
2914 3906 3157 3978 imperio
3205 3907 3450 3979 domini,
3501 3923 3638 3964 voce

1986 3989 2314 4061 propatula,
2341 3989 2582 4063 ipseque
2613 3997 2812 4048 vectus
2845 4010 2994 4066 equo
3025 3994 3359 4061 celeri,ante
3389 3995 3640 4052 tentoria

1985 4095 2150 4134 arma
2179 4079 2386 4134 bellica
2415 4087 2547 4136 ante
2578 4098 2638 4136 se
2670 4081 2932 4154 praecipit
2963 4084 3190 4140 advehi.
3227 4087 3349 4150 Quo
3381 4087 3634 4157 peracto,

1990 4173 2272 4240 praesente
2304 4169 2483 4239 priori
2512 4169 2739 4236 nuntio,
2774 4172 2942 4226 adest
2973 4178 3030 4226 et
3060 4172 3212 4228 alius
3252 4173 3454 4229 eadem
3502 4171 3638 4228 belli

1989 4255 2204 4310 indicia
2235 4273 2504 4312 asserens
2532 4259 2704 4313 verbo
2737 4259 3010 4314 dissimili
3037 4279 3050 4328 ;
3103 4261 3185 4316 ait
3229 4261 3385 4317 enim
3431 4261 3588 4317 Ellos
3620 4278 3634 4316 :

1997 4369 2017 4394 «
2055 4345 2208 4400 Citra
2238 4350 2467 4401 montes
2499 4347 2760 4418 citraque
2792 4347 3056 4404 districta
3087 4349 3636 4417 adsunt,vicimus.»

1994 4433 2268 4506 Princeps
2298 4433 2494 4506 itaque
2526 4435 2784 4507 prmcipit
2832 4437 3135 4493 universos
3172 4439 3396 4494 moneri
3445 4437 3641 4494 sonitu

221 4529 469 4584 intuens
499 4527 662 4581 bonae
684 4525 1004 4582 voluntatis
1061 4527 1356 4593 affectum,
1409 4524 1645 4580 nomine
1683 4528 1740 4578 et
1771 4523 1880 4578 sub
1919 4545 1963 4609 ι)
1994 4521 2247 4596 gracilis.
2299 4523 2413 4578 Nec
2448 4540 2644 4591 mora;
2699 4525 2886 4596 primo
2940 4526 3343 4593 admoventur,
3387 4527 3643 4582 secundo

225 4617 472 4672 obtentu
507 4631 650 4670 verae
682 4615 1038 4686 pomitentiac
1073 4615 1328 4688 injunxit
1357 4615 1588 4686 cuique,
1614 4612 1660 4666 si
1694 4611 1906 4666 conti-.

224 4706 415 4778 gisset
449 4708 651 4759 contra
681 4691 936 4774 perﬁdOs
966 4710 1260 4760 certamen
1291 4703 1538 4776 ingredi,
1595 4719 1710 4757 non
1761 4699 1885 4755 suis

223 4792 456 4848 viribus
488 4809 674 4864 prazsu
687 4793 896 4848 mendo
925 4794 1070 4848 bene
1093 4792 1590 4865 agere,etillorum
1608 4788 1887 4846 sivemori

224 4883 358 4939 sive
385 4881 570 4936 vivere
605 4885 791 4936 totum
825 4887 936 4938 Deo
969 4882 1349 4936 committere.
1403 4881 1498 4936 llis
1527 4880 1722 4952 itaque
1751 4895 1887 4932 con-

226 4969 454 5027 ﬁrmati
477 4975 533 5024 et
564 4971 882 5042 pontificali
917 4971 1315 5026 benedictione
1335 4971 1818 5042 signati,corpore
1834 4972 1892 5022 et

228 5059 526 5131 sanguine
558 5059 791 5114 Domini
815 5061 1034 5127 refecti,
1069 5060 1162 5115 his
1194 5059 1372 5114 armis
1388 5055 1888 5129 fideipraemuniti,

229 5147 460 5206 bellum
495 5148 687 5202 adhuc
716 5149 1074 5221 ignorantes,
1109 5149 1166 5203 in
1201 5166 1307 5204 sua
1345 5147 1596 5219 quisque
1649 5145 1896 5200 tentoria

229 5237 539 5295 remeavit.
579 5237 852 5310 Princeps
881 5255 1014 5293 vero
1066 5237 1341 5293 suffultus
1398 5235 1590 5290 divino
1645 5235 1890 5306 Spiritu,

224 5335 376 5384 ante
406 5325 586 5380 altare
619 5327 766 5382 fusis
787 5325 1060 5400 lacrymis
1083 5344 1188 5400 pro
1209 5326 1483 5382 omnibus
1497 5323 1695 5394 quaein
1716 5329 1892 5378 Deum

219 5417 393 5482 visu,
430 5415 656 5481 auditu,
698 5420 898 5489 gustu,
955 5417 1200 5471 odoratu
1242 5420 1297 5472 et
1341 5418 1500 5468 tactu
1551 5411 1896 5485 deliquerat,

223 5504 453 5564 divinae
489 5505 782 5576 majestati
815 5505 876 5560 se
910 5521 1074 5560 reum
1107 5505 1364 5571 tradidit,
1398 5500 1751 5573 singulaque
1796 5518 1903 5556 sua

223 5593 458 5654 delicta
486 5611 589 5666 pro
623 5594 906 5666 qualitate
937 5592 1024 5648 vel
1057 5594 1379 5664 quantitate
1411 5589 1742 5661 existentia,
1767 5605 1902 5644 voce

1994 4615 2294 4683 parantur,
2334 4612 2501 4667 tertio
2557 4613 2946 4680 conveniunt;
2994 4619 3130 4670 ante
3179 4614 3486 4687 capellam,
3541 4615 3643 4669 ubi

1996 4717 2137 4755 crux
2167 4705 2310 4768 erat,
2345 4701 2592 4758 Domino
2623 4704 2952 4773 prmsentati
3005 4704 3376 4760 conveniunt.
3431 4702 3647 4759 Praesul

1997 4789 2194 4860 itaque
2225 4806 2455 4845 crucem
2485 4791 2712 4845 Domini
2745 4791 3176 4848 venerabilibus
3197 4797 3436 4865 gestans
3467 4791 3650 4846 mani-

2000 4879 2129 4946 bus,
2167 4877 2357 4949 inquit
2390 4895 2402 4933 :
2449 4902 2476 4928 «
2512 4879 2659 4947 Quid
2695 4881 2892 4936 ultra?
2922 4881 3115 4937 Armis
3148 4881 3281 4936 fidei
3314 4879 3650 4953 praamuniti

2001 4967 2107 5021 hoc
2124 4966 2292 5038 signo
2308 4967 2618 5023 salutifera:
2633 4970 2820 5025 crucis
2843 4971 3200 5042 praecedente
3221 4987 3328 5026 nec
3348 4969 3512 5024 veriti
3530 4985 3652 5041 per-

2003 5055 2254 5109 fidorum
2302 5057 2652 5112 sententiam
2701 5063 3051 5130 permutare,
3079 5059 3510 5132 prodeamusin
3532 5074 3653 5113 me-

2003 5143 2296 5198 dium.»Et
2326 5144 2434 5200 hoc
2465 5147 2640 5214 dicto,
2679 5148 2948 5219 princeps
2989 5149 3221 5220 publice
3265 5148 3526 5221 corporis
3563 5147 3655 5203 sui

2003 5231 2427 5303 voluptatibus,
2487 5236 2814 5306 praeteritis,
2876 5237 3262 5308 praesentibus
3335 5242 3392 5293 et
3441 5235 3658 5292 futuris

2007 5321 2498 5390 abrenuntiando,
2532 5323 2670 5390 Deo,
2706 5330 2761 5379 et
2792 5325 3066 5396 episcopo
3097 5343 3201 5398 pro
3245 5325 3370 5400 lege
3427 5324 3662 5381 Domini

2008 5410 2385 5478 moriturum,
2421 5412 2504 5467 uti
2538 5412 2704 5468 decet
2748 5411 3170 5482 Christianum,
3222 5414 3440 5469 eisdem
3488 5413 3664 5486 galeas

2012 5517 2130 5555 sum
2160 5499 2389 5571 laqueis
2421 5520 2481 5556 se
2509 5518 2737 5556 servum
2774 5499 3042 5556 tradidit.
3077 5506 3256 5571 Quem
3281 5502 3667 5574 archiepisco-

2015 5608 2126 5662 pus
2159 5592 2279 5648 vice
2311 5590 2465 5648 beati
2497 5590 2647 5647 Petri
2679 5588 3040 5661 suscipiens,
3070 5593 3140 5648 ab
3166 5590 3437 5647 omnibus
3479 5604 3674 5660 pecca-
