3994 6070
357 285 525 350 tow

876 284 980 347 AD
1025 282 1533 347 GODEFRIDUM
1576 279 1914 342 APPEND.
1960 277 2136 338 II.—-
2164 276 2474 343 MONUM.
2520 280 2623 342 DE
2665 278 2914 342 BELLO
2957 277 3230 341 SACRO.

3598 274 3782 339 1016

353 419 864 488 tisabsoluturus,
898 419 957 474 in
989 419 1227 475 nomine
1252 417 1505 483 Domini,
1555 420 1614 472 et
1653 414 1714 469 in
1761 414 1996 469 nomine
2025 412 2081 478 Α
2108 412 2245 469 hinc
2275 418 2331 470 et
2360 415 2492 471 inde
2523 415 2594 471 de
2625 414 2860 489 aciebus
2891 414 2962 469 ad
2996 413 3168 479 acies,
3201 410 3590 468 volatilestam
3611 410 3777 469 telo-

355 509 885 583 verze‘pmnitentire
917 508 1177 582 praecipit
1207 506 1425 562 bellum
1457 521 1711 577 praesens
1741 503 1999 576 aggredi,

357 604 617 674 etagere
644 595 734 654 vel
766 598 1021 670 recipere
1052 597 1208 669 quod
1240 596 1444 652 divinae
1476 594 1768 666 majestati
1810 591 2003 664 place~

356 692 464 756 ret,
501 687 649 744 mori
674 686 763 743 vel
795 687 1008 743 videre.
1044 687 1234 742 Laetus
1278 686 1476 757 itaque
1524 689 1580 739 et
1623 681 1999 745 exhilaratus,

360 776 643 833 manibus
669 775 988 832 sacerdotis
1018 775 1253 848 signum
1283 772 1620 829 Dominiciae
1651 771 1841 826 crucis
1873 774 2004 825 ante

359 882 429 924 se
450 864 573 940 geri
602 864 883 939 pustulat,
917 869 983 920 ut
1029 863 1081 921 ei
1111 862 1418 935 supplicet.
1472 862 1677 934 Fitque
1726 877 1829 933 pro
1871 864 2003 915 voto

358 953 537 1012 illico.

982 1040 1212 1099 CAPUT
1251 1040 1372 1097 VII.

362 1132 602 1190 Interim
631 1129 932 1188 Albericus
959 1130 1080 1186 vice
1113 1131 1357 1203 dapifer,
1408 1148 1524 1185 non
1571 1146 1729 1185 more
1778 1128 2005 1202 fugien-

359 1222 458 1290 tis,
511 1221 612 1277 sed
660 1219 1000 1293 impetentis
1047 1220 1273 1287 militis,
1327 1236 1643 1291 percussus
1695 1218 1899 1274 lancea
1945 1218 2004 1272 in

361 1310 567 1369 faciem
600 1314 659 1365 et
687 1309 898 1365 affixus
928 1309 1142 1382 sagitta
1183 1309 1362 1364 ferme
1406 1309 1476 1363 ad
1524 1307 1745 1374 oculos,
1798 1312 1863 1362 ut
1910 1324 2009 1363 no-

362 1404 515 1457 stros
574 1398 944 1471 praemuniat,
1013 1397 1259 1453 nuntius
1324 1397 1542 1454 exstitit
1596 1398 1851 1463 tertius;
1914 1397 2007 1452 hic

361 1488 551 1562 primo
580 1487 976 1561 interrogatus
1005 1504 1073 1543 ex
1102 1486 1421 1560 praemissis
1451 1487 1841 1558 quadraginta
1898 1486 2009 1541 mi-

361 1577 574 1634 litibus
598 1592 731 1633 cum
765 1576 981 1648 quibus
1010 1575 1175 1644 ierat,
1210 1574 1509 1649 reSpondit
1543 1577 1866 1641 :Quosdam
1894 1593 2010 1631 am-

362 1664 586 1740 putatis
650 1664 964 1738 capitibus,
1029 1664 1298 1720 videlicet
1346 1665 1671 1721 Jordanum
1739 1665 2008 1720 Jordani—

2112 520 2243 557 rum
2276 520 2452 571 quam
2486 508 2543 559 et
2574 503 2943 576 sagittarum,
2978 506 3183 558 utmos
3200 500 3542 556 bellantium
3557 500 3773 574 exigit,

2112 592 2429 648 mittuntur
2456 592 2823 648 internuntii.
2857 591 3023 647 Acies
3078 592 3274 663 itaque
3320 591 3471 646 beati
3525 591 3675 646 Petri
3734 609 3778 646 a

2113 682 2329 737 dextris
2355 682 2726 748 antecedens,
2761 682 2932 753 cujus
2954 680 3109 753 juris
3138 684 3226 735 est
3245 684 3301 736 et
3329 681 3780 743 antecedere,et

2112 772 2370 842 primum
2405 771 2602 827 hostes
2631 774 2948 844 percutere,
2995 769 3141 825 laxis
3188 768 3455 834 habenis,
3506 770 3778 843 palpatis

2114 859 2356 927 lanceis,
2389 860 2714 933 impetuose
2743 877 2809 915 ac
2841 857 3379 915 strenuecohortem
3396 857 3505 914 sibi
3529 858 3775 915 obviam

2113 954 2415 1021 percutere
2444 949 2776 1016 maturavit,
2796 947 3131 1020 multosque
3144 947 3499 1020 perfidorum
3514 952 3777 1020 proster-

2115 1040 2327 1105 nendo,
2359 1056 2504 1111 pene
2537 1042 2716 1095 totam
2748 1038 3073 1111 dissipavit.
3107 1039 3230 1103 Quo
3276 1037 3399 1092 viso
3444 1035 3771 1094 Gaufridus

2115 1125 3300 1201 monachusinsigniaciecomitatus,virili
3332 1125 3515 1181 fretus
3541 1127 3769 1189 animo,

2115 1217 2411 1273 cohortem
2442 1217 2802 1289 perfidorum
2834 1217 2906 1271 ad
2939 1215 3138 1270 minus
3170 1215 3368 1269 decem
3384 1213 3647 1269 millibus
3661 1216 3775 1269 mi-

2114 1306 2285 1361 litum
2321 1307 2709 1378 constipatam
2743 1304 2995 1376 impetiit
3042 1307 3097 1359 et
3144 1302 3453 1375 percussit,
3495 1303 3575 1358 ita
3607 1305 3768 1374 quod

2117 1414 2262 1469 pene
2290 1396 2583 1463 eamdem,
2615 1399 2673 1451 et
2703 1399 2937 1450 caeteras
2968 1392 3539 1466 propeexistentesin
3562 1393 3771 1468 fugam

2116 1489 2173 1541 et
2204 1485 2692 1541 disconfecturam
2726 1482 2980 1555 impulit.

2189 1576 2302 1631 Nec
2337 1576 2552 1642 minus,
2586 1577 2874 1646 quantum
2908 1573 2977 1627 ad
3012 1572 3261 1641 se,acies
3292 1572 3595 1630 Guidonus
3627 1575 3772 1630 Fre-

2119 1664 2256 1719 nelli
2288 1681 2420 1718 cum
2454 1680 2559 1718 suo
2592 1679 2782 1735 posse,
2815 1662 3014 1717 hostes
3036 1661 3769 1731 invasitetconcussit;sed

363 1757 520 1823 dem,
553 1760 612 1811 et
644 1754 903 1811 Ud'onem
956 1755 1028 1810 de
1083 1752 1304 1810 Foresti
1353 1754 1725 1823 monasterio,
1786 1754 2009 1825 plures-
2045 1788 2093 1852 B
2121 1753 2259 1826 quia
2288 1754 2471 1809 nostri
2503 1753 2787 1808 instanter
2817 1752 3127 1824 persistere
3158 1750 3477 1819 desierunt,
3523 1756 3589 1807 ut
3617 1769 3772 1825 opus

368 1861 482 1918 que
510 1842 677 1914 alios,
702 1844 830 1915 jam
857 1844 931 1899 de
986 1843 1193 1898 mundi
1241 1842 1495 1898 ludibrio
1544 1843 1659 1898 Deo
1708 1842 2010 1910 militasse,

369 1932 832 2006 Malgeriumque
859 1932 915 1987 vi
947 1936 1213 1988 coactum
1271 1930 1620 1987 intolerabili
1671 1935 2014 2004 praesentem

371 2021 803 2093 adesse;fitque
832 2020 1047 2087 subito,
1071 2020 1237 2076 adest
1267 2019 1583 2092 Malgerus.
1607 2021 1787 2076 Adest
1817 2023 2019 2075 contra

367 2113 579 2166 ventus
597 2108 836 2177 ;horum
868 2108 1003 2180 equi
1020 2108 1252 2181 sagittis
1269 2109 1447 2180 afﬁxi,
1470 2109 1788 2180 plumbatis
1801 2109 2015 2177 obruti,

371 2201 655 2255 corruunt
709 2198 946 2253 mortui.
981 2198 1310 2269 Statimque
1352 2197 1606 2270 sumptis
1649 2197 1779 2252 aliis
1824 2214 2018 2253 coram

372 2284 995 2358 baronibus,inquiunt
1024 2286 1273 2358 principi
1296 2288 1547 2358 :«Super
1575 2286 1667 2342 his
1694 2303 1817 2358 quae
1851 2288 2021 2342 nobis

373 2374 689 2431 imminent
701 2373 968 2431 consulto
980 2391 1129 2447 opus
1141 2375 1598 2443 est,utconsulto
1626 2392 1866 2448 propere
1881 2376 2017 2449 (sic).

374 2463 566 2521 Parati
594 2462 855 2530 veniunt,
889 2467 1125 2519 strenue
1155 2463 1344 2536 agite;
1379 2464 1547 2519 divisi
1581 2465 1798 2520 etenim
1832 2464 2020 2521 extri-

375 2553 488 2609 bus
515 2551 800 2625 partibus,
833 2551 1047 2624 triplici
1080 2552 1231 2608 bello
1264 2557 1532 2625 quaerunt
1572 2572 1677 2609 nos
1699 2554 1957 2626 perdere.
1991 2578 2018 2605 ››

376 2642 542 2698 Unde
573 2644 693 2697 tam
726 2657 1029 2713 procerum
1053 2659 1228 2713 quam
1243 2641 1559 2697 etaliorum
1575 2642 1811 2713 quidam
1831 2661 2026 2698 assen-

377 2731 589 2786 tientes
620 2730 841 2786 salubri
873 2730 1116 2786 consilio
1148 2737 1212 2785 ut
1256 2732 1593 2802 putabatur,
1640 2731 2025 2787 laudaverunt

385 2822 617 2877 nostras
647 2835 851 2875 omnes
882 2825 1090 2885 una,ut
1119 2820 1596 2886 erant,ordinatis
1625 2819 1860 2876 aciebus
1874 2821 2027 2876 circa

381 2909 633 2965 tentoria
661 2908 813 2975 sisti,
846 2925 1025 2964 manu
1046 2908 2027 2982 pedestricircumquaqueantepo—

383 2996 733 3070 sita.Sicque
758 2998 994 3053 fauendo
1041 2997 1470 3053 immanitatem
1521 2998 1803 3067 hostium,
1843 2999 2024 3054 levius

380 3086 795 3159 salubriusque
850 3102 1022 3160 posse
1079 3086 1396 3159 praestolari
1454 3092 1788 3144 assuer.nt.
1841 3088 2029 3160 Super

2122 1846 2294 1907 esset,
2327 1846 2383 1898 et
2413 1842 2473 1897 hi
2506 1847 2562 1897 et
2594 1841 2691 1897 alii
2723 1840 2917 1914 plures
2950 1840 3108 1913 passi
3140 1844 3280 1896 sunt
3334 1842 3776 1899 exterminium.

2124 1931 2331 1987 Perfidi
2372 1947 2647 2003 namque,
2701 1933 2846 1985 nutu
2890 1928 3122 1985 Domini
3165 1930 3483 2002 resumptis
3526 1929 3780 1999 viribus,

2124 2025 2356 2076 nostros
2389 2019 2623 2093 aggredi
2656 2036 2770 2075 non
2802 2022 3175 2087 metuerunt;
3210 2019 3307 2075 sed
3339 2018 3491 2085 telis,
3532 2020 3781 2089 lanceis,

2128 2110 2380 2183 sagittis,
2427 2109 2749 2182 plumbatis
2809 2108 3056 2176 ferratis,
3108 2114 3166 2163 et
3214 2108 3403 2164 crebis
3448 2107 3784 2182 gladiorum

2126 2199 2339 2255 ictibus
2371 2198 2757 2254 reinvadendo
2788 2197 3072 2253 accerime
3122 2202 3556 2269 percusserunt,
3607 2203 3773 2254 utro-

2130 2306 2377 2360 rumque
2406 2291 2717 2342 attestante
2746 2287 2928 2342 effuso
2959 2285 3265 2358 sanguine.
3302 2286 3541 2342 Interim
3564 2286 3782 2343 cohors

2132 2377 2389 2433 Rotberti
2422 2377 2493 2431 de
2518 2376 2729 2431 Sancto
2762 2376 2978 2443 Laudo,
3011 2391 3144 2430 cum
3173 2374 3514 2448 Turcopolis
3561 2393 3596 2431 a
3626 2376 3779 2431 sini-

2132 2465 2272 2522 stris
2304 2464 2672 2529 antecedens,
2707 2480 2843 2518 cum
2876 2468 3176 2534 percutere
3208 2462 3523 2532 debuisset,
3544 2463 3790 2520 sinistro

2133 2554 2325 2610 omine
2358 2552 2698 2624 Tureopolis
2732 2552 2919 2623 primo
2951 2552 3313 2624 fugientibus
3345 2569 3458 2607 non
3488 2553 3687 2609 volens
3704 2571 3791 2609 re-

2134 2646 2359 2709 sistere,
2386 2643 2645 2714 ipsorum
2680 2641 2850 2713 pulsa
2878 2640 3101 2712 impetu
3133 2642 3552 2712 etperﬁdorum
3569 2640 3792 2697 clamo-

2134 2734 2297 2789 ribus
2319 2732 2458 2787 aciei
2496 2730 2775 2803 principis
2807 2735 3009 2785 contra
3038 2730 3155 2785 vim
3188 2730 3572 2786 nefandorum
3616 2731 3791 2802 equi-

2135 2822 2303 2888 tanti,
2337 2822 2584 2887 obstitit,
2619 2825 2675 2875 et
2706 2820 2776 2874 ab
2812 2818 3035 2889 impetu
3068 2818 3790 2891 fugiendi,nonloris,non

2137 2912 2333 2978 frenis,
2365 2929 2477 2965 non
2515 2909 2772 2980 funibus,
2808 2909 2905 2962 sed
2942 2925 3043 2962 nec
3076 2908 3193 2963 ulla
3244 2907 3422 2962 animi
3473 2908 3792 2964 securitate

2136 3000 2385 3057 revocari
2419 2998 2623 3072 potuit.
2662 3000 2806 3053 Nam
2838 3001 2895 3052 et
2924 2998 3075 3069 quod
3111 2995 3366 3052 deterius
3386 2996 3621 3063 exstitit,
3649 3014 3792 3068 par-

2137 3098 2253 3146 tem
2289 3089 2504 3144 cohorti
2540 3087 2821 3160 principis
2852 3086 3125 3142 secumin
3141 3086 3503 3158 dispersione
3536 3085 3789 3158 depulit.

380 3173 474 3231 his
504 3158 802 3248 equidem,
833 3158 1140 3231 hominum
1169 3180 1311 3246 erat,
1346 3176 1579 3248 provisu
1612 3158 2025 3249 eorum,loqui,
2058 3158 2099 3224 (ἶ
2138 3182 2302 3236 Tunc
2334 3158 2586 3251 quoque,
2619 3181 2685 3232 ut
2714 3158 2747 3232 a
2779 3176 2931 3231 malo
2963 3174 3179 3230 indicio
3211 3175 3378 3246 pejus
3419 3180 3791 3246 sequeretur,

379 3268 667 3332 tractare;
702 3264 804 3320 Dei
834 3269 1053 3332 autem,
1074 3285 1102 3314 ‹‹
1133 3264 1224 3320 cui
1256 3282 1428 3320 omne
1458 3282 1556 3320 cor
1586 3267 2030 3337 patet,etomnis

376 3353 647 3409 voluntas
675 3353 953 3425 loquitur,
994 3376 1019 3403 ››
1050 3358 1175 3409 erat
1195 3353 1480 3425 judicare.
1517 3354 1662 3420 Quid
1694 3354 1875 3427 ergo?
1916 3356 2030 3410 Su-

379 3441 500 3497 bito
530 3442 889 3514 perfidorum
937 3442 1146 3497 vexilla
1175 3447 1232 3498 et
1289 3443 1590 3497 standaria
1633 3460 1700 3497 ex
1750 3443 2028 3499 lateribus

379 3529 671 3585 montium
704 3529 857 3585 inter
885 3529 1092 3586 oliveta
1120 3532 1411 3602 prodeunt
1429 3530 1664 3602 ;quibus
1691 3531 1853 3602 visis,
1869 3532 2026 3604 prin-

378 3634 516 3690 ceps
538 3617 651 3674 hoc
679 3619 852 3674 modo
879 3619 1078 3674 intulit
1110 3635 1123 3673 :
1153 3642 1179 3669 ‹‹
1210 3619 1340 3674 Eia!
1375 3619 1592 3675 milites
1618 3619 1852 3689 Christi,
1912 3640 2024 3678 non

378 3722 487 3763 nos
517 3707 805 3763 deterreat
834 3712 1127 3763 certamen
1162 3707 1444 3779 mutiplex
1475 3714 1897 3780 pugnatorum;
1923 3712 2024 3766 sed

370 3795 498 3867 jam
531 3798 794 3851 exerceat
823 3812 938 3867 quo
966 3795 1160 3869 vigere
1190 3796 1475 3852 debemus
1506 3796 1708 3853 militis
1742 3798 2023 3871 officium,

378 3888 447 3940 ut
474 3882 890 3956 qui’hactehus
921 3884 1142 3939 mundo
1174 3884 1554 3941 militavimus
1584 3885 1754 3941 hodie
1783 3887 1855 3942 ab
1887 3888 2026 3944 affe-

377 3973 475 4029 ctu
505 3973 875 4039 decertando,
911 3972 1029 4029 sive
1057 3972 1169 4028 vivi
1199 3973 1317 4029 sive
1361 3973 1596 4040 mortui,
1651 3975 1766 4030 Deo
1811 3975 2023 4032 milite-

375 4078 533 4117 mus.
568 4082 597 4111 ››
628 4060 733 4117 His
758 4061 929 4118 dictis
949 4061 1199 4135 imperat
1212 4062 2024 4120 RainaldumMasuerumtri-

375 4149 515 4223 plici
546 4149 781 4206 cohorte
810 4150 1146 4223 praemuniri
1179 4150 1481 4218 citissime,
1507 4158 1572 4207 ut
1602 4152 1888 4209 intrantes
1921 4171 2024 4226 per

374 4237 639 4294 districta
668 4239 996 4295 Samartani
1031 4239 1180 4295 bello
1235 4241 1521 4312 percutiat
1565 4241 2018 4307 evidentissime,

581 4328 833 4384 asseruit
856 4328 971 4383 vim
999 4329 1383 4384 nefandorum
1398 4329 2018 4403 principum,quocun-

375 4418 489 4489 que
521 4420 614 4473 eat
636 4416 722 4472 vel
755 4416 855 4473 ubi
906 4418 1207 4485 consistat,
1258 4421 1455 4473 monte
1502 4418 1587 4473 vel
1636 4418 1829 4491 plano,
1885 4438 2017 4475 cum

2138 3271 2312 3325 turbo
2345 3270 2416 3324 ab
2450 3266 2720 3339 aquilone
2752 3265 3043 3338 prodiens,
3079 3265 3137 3318 in
3171 3262 3361 3318 medio
3393 3262 3523 3319 belli
3575 3280 3794 3335 campo

2137 3360 2364 3415 cunctis
2395 3357 2785 3414 cernentibus.
2812 3354 2975 3410 haesit
3008 3352 3482 3425 bumi,humique
3496 3353 3793 3425 serpendo

2137 3448 2431 3521 pulverem
2465 3446 2695 3517 rapuit;
2730 3445 2834 3516 qui
2861 3442 3204 3499 bellantium
3238 3442 3434 3498 oculos
3478 3459 3549 3498 ne
3579 3440 3794 3497 bellari

2138 3541 2397 3610 possent,
2433 3536 2677 3590 infectos
2706 3533 2915 3597 tenuit,
2950 3537 3005 3587 et
3034 3548 3094 3587 se
3110 3547 3428 3604 pergyrum
3443 3531 3794 3587 deducendo

2135 3626 2195 3680 in
2224 3626 2463 3681 modum
2516 3622 2652 3679 (lolii
2713 3621 3049 3694 sulphureis
3110 3620 3347 3694 ignibus
3402 3620 3790 3688 concremari,

2136 3715 2302 3787 quasi
2333 3714 2405 3769 ad
2439 3718 2633 3768 castra
2662 3711 2888 3767 extulit.
2923 3713 3044 3776 Quo
3064 3710 3285 3775 viso,ab
3302 3708 3588 3765 universis
3610 3708 3795 3765 scele-

2134 3810 2392 3859 ratorum
2425 3801 2689 3873 partibus
2722 3800 2907 3855 oritur
2935 3798 3154 3854 clamor
3184 3797 3793 3853 lmmensusetborri-

2136 3892 2289 3948 bilis.
2326 3890 2600 3962 Princeps
2628 3894 2825 3944 tamen
2858 3887 3147 3943 constanti
3180 3885 3791 3943 animoincertamine

2133 3997 2528 4054 perseverans,
2579 3978 2703 4034 suis
2754 3976 3011 4048 undique
3072 3975 3380 4048 prostratis
3437 3978 3495 4030 et
3550 3973 3786 4041 occisis,

2134 4085 2435 4141 nunquam
2470 4072 2788 4123 retrorsum
2819 4066 2963 4120 abiit
2993 4082 3097 4120 nec
3128 4063 3401 4136 respexit,
3437 4062 3537 4119 sed
3570 4079 3790 4135 parens

2131 4157 2377 4230 imperio
2408 4154 2639 4211 Domini
2668 4159 2724 4210 et
2756 4154 3071 4226 pontificis,
3096 4153 3300 4226 paucis
3331 4154 3505 4208 etiam
3538 4151 3788 4207 comita-

2130 4252 2248 4312 tus,
2303 4249 2504 4301 contra
2550 4244 2668 4299 vim
2721 4242 2903 4298 totius
2948 4247 3185 4297 strenue
3238 4242 3608 4308 decertando,
3643 4258 3788 4297 ense

2132 4334 2335 4390 militis
2368 4349 2684 4405 percussus
2714 4349 2816 4404 per
2846 4331 3107 4386 medium
3142 4330 3266 4386 nasi
3319 4331 3553 4386 cerebro
3586 4336 3782 4397 tenus,

2129 4423 2186 4478 in
2222 4423 2456 4478 nomine
2488 4422 2717 4477 Domini
2760 4420 2930 4477 morti
2964 4419 3252 4475 tributum
3287 4418 3667 4491 persolvende
3683 4420 3786 4474 de-

374 4505 477 4561 D’ei
498 4505 825 4577 juvamine,
858 4507 1143 4562 accerime
1173 4508 1765 4578 percussurum.Quid
1811 4508 2018 4565 horum
2052 4525 2097 4588 ι)
2130 4512 2337 4579 bitum,
2371 4528 2566 4567 coram
2598 4510 2766 4582 signo
2799 4513 3012 4564 sanctas
3044 4508 3234 4564 crucis
3264 4524 3476 4580 corpus
3507 4511 3693 4574 terrae,
3720 4512 3784 4563 et

376 4593 610 4667 singula
637 4595 665 4650 ‘2
694 4595 858 4651 Sicut
887 4595 1100 4668 saepius
1131 4599 1265 4651 ante
1296 4595 1664 4667 disposuerat
1702 4596 1854 4653 acies
1899 4598 2021 4653 sin-

374 4682 825 4757 gulas'singulls
853 4683 1159 4740 ordinibus
1192 4684 1622 4751 incedere,tunc
1654 4700 1885 4757 quoque
1916 4686 2019 4741 im-

374 4770 615 4844 peravit,
648 4773 749 4828 sed
784 4772 966 4828 multo
999 4772 1230 4828 melius.
1261 4772 1357 4827 Ait
1384 4773 1541 4828 enim
1578 4790 1590 4827 :
1625 4797 1650 4823 «
1688 4774 1749 4828 In
1782 4775 2018 4829 nomine

374 4860 609 4916 Domini
640 4861 823 4916 nostri
852 4863 993 4917 Jcsu
1025 4862 1263 4927 Christi,
1298 4861 2018 4934 utdecetmilitesprolege

374 4948 477 5004 Dei
505 4950 741 5018 tuenda,
776 4950 886 5005 iter
913 4950 1169 5022 arripitc,
1203 4954 1259 5005 et
1289 4968 1421 5005 cum
1456 4950 1615 5005 locus
1657 4951 2016 5021 percutiendi

372 5036 625 5104 affuerit,
659 5038 814 5095 baud
844 5039 1007 5093 obliti
1039 5056 1336 5095 servorum
1369 5038 1469 5093 Dei
1500 5039 1665 5094 effusi
1687 5040 2015 5112 sanguinis.

372 5127 594 5183 crebris
637 5127 850 5183 ictibus
899 5127 1244 5193 insistendo,
1294 5128 1629 5199 iniquorum
1681 5129 2015 5200 superbiam

372 5221 756 5289 prosternere,
790 5220 846 5270 et
878 5215 1109 5271 illorum
1160 5217 1509 5288 sanguinem
1557 5217 1851 5271 ell'undere
1895 5235 2016 5273 me-

374 5306 648 5359 mentote.
685 5302 821 5357 nHis
851 5303 1045 5371 dietis,
1079 5304 1317 5359 adorato
1346 5304 1513 5376 signo
1547 5310 1758 5359 sanctae
1804 5307 2013 5374 crucis,

373 5392 576 5448 eodem
603 5391 1069 5448 reverentissime
1098 5392 1601 5466 osculato,singuli
1632 5394 2020 5450 erectisvexil-

373 5479 683 5536 listordine
709 5479 1005 5551 assignato
1035 5480 1298 5555 profecti,
1326 5482 1642 5554 gracilibus
1672 5482 1831 5538 tibiis
1861 5482 2018 5539 tubis

373 5567 801 5642 clangentibus,
826 5569 886 5625 in
917 5568 1019 5628 Dei
1051 5570 1423 5639 nomine,iter
1452 5570 1759 5644 arripiunt.
1778 5573 2014 5629 Interim

2131 4601 2388 4657 animam
2421 4599 2563 4655 coelo
2595 4597 2870 4653 reddidit.
2908 4598 3020 4653 Hac
3052 4596 3310 4653 illatione
3333 4598 3783 4669 facta,peremp-

2126 4691 2183 4743 to
2216 4686 2515 4742 sacerdote
2544 4686 2811 4741 eamdem
2864 4701 3096 4740 crucem
3139 4684 3414 4740 manibus
3463 4683 3779 4753 deferente,

2128 4776 2324 4847 plures
2355 4774 2527 4829 etiam
2562 4774 2916 4845 perfidorum
2948 4772 3268 4829 ambitione
3313 4772 3438 4828 auri
3492 4774 3778 4845 pretioso-

2128 4881 2373 4935 rumque
2405 4861 2668 4934 lapidum
2699 4861 2872 4934 capti,
2907 4861 3023 4915 vim
3051 4861 3286 4916 virtutis
3320 4862 3412 4916 Dei
3438 4861 3496 4916 in
3520 4861 3784 4916 crucela-

2125 4952 2301 5007 tentis
2324 4952 2679 5023 ignorantes,
2714 4950 2929 5006 ibidem
2963 4951 3117 5006 inter
3146 4968 3206 5005 se
3239 4951 3390 5005 datis
3426 4949 3781 5006 crebrisicti-

2128 5042 2237 5096 bus
2270 5039 2428 5096 necis
2460 5040 2703 5095 materia
2741 5040 2948 5103 effecti,
2998 5040 3071 5095 ad
3122 5038 3357 5106 inferos,
3410 5038 3776 5094 infernorum

2125 5129 2361 5200 ignibus
2391 5128 2821 5193 concremandi,
2856 5145 2972 5182 non
3004 5126 3244 5182 redituri
3277 5126 3456 5199 elapsi
3474 5127 3778 5182 suut.Sta-

2127 5218 2351 5289 timque
2383 5233 2586 5272 omnes
2618 5234 2753 5283 una,
2792 5221 2855 5270 ut
2884 5219 3051 5271 erant
3082 5220 3316 5271 centum
3352 5214 3537 5271 millia
3558 5231 3780 5288 pugna-

2127 5310 2341 5371 torum,
2364 5304 2646 5375 assignati
2678 5322 2712 5358 a
2741 5309 2995 5375 quatuor
3025 5304 3228 5359 mundi
3243 5299 3781 5376 partibus,atrocis?

2126 5394 2272 5449 sime
2304 5394 2360 5447 in
2395 5400 2623 5449 nostros
2646 5394 3175 5449 irruerunt.Nostri
3207 5393 3407 5466 itaque
3434 5396 3581 5448 nutu
3614 5409 3778 5448 sum-

2127 5482 2206 5538 mi
2239 5482 2485 5549 Judicis,
2519 5482 2714 5536 divina
2746 5481 2963 5538 ultione
2995 5482 3316 5550 subacti,ut
3344 5486 3512 5537 erant
3554 5482 3778 5554 septin-

2127 5571 2281 5643 genti
2317 5570 2552 5639 milites,
2585 5574 2641 5626 et
2671 5569 2781 5625 tria
2802 5570 3263 5644 milliapeditum
3286 5573 3777 5645 pugnatorumre-
