3992 6090
212 289 367 353 1021

866 284 1232 351 GALTERII
1276 284 1792 350 CANCELLARII
1837 283 2092 349 BELLA
2132 283 2498 348 ANTIOCH.
2532 320 2610 331 —
2638 284 2836 348 PARS
2879 285 2958 349 ΙΙ.

3454 290 3612 354 1029

203 423 386 482 tionis
417 419 629 496 regalis
657 419 794 477 belli
825 420 1180 488 edisseram;
1203 424 1261 476 et
1285 424 1374 476 est
1400 419 1567 475 ratio.
1599 417 1856 490 Contigit
1883 417 1938 484 Α
1965 420 2281 475 admodum
2313 435 2551 492 gravare
2584 419 2889 492 potuisset.
2914 419 3250 477 Patriareha
3268 438 3401 478 vero
3433 440 3614 496 super

206 515 368 571 enim
402 529 470 569 ex
500 509 795 584 regalibus
828 509 1046 582 plures,
1072 509 1586 566 sortemiserrima
1605 525 1741 564 cum
1763 508 1857 563 his

207 599 545 667 admisceri,
569 601 639 656 de
669 599 887 671 quibus
919 599 1152 671 provisu
1185 603 1240 654 et
1271 599 1468 654 auditu
1501 615 1633 653 rara
1663 597 1856 653 discu-

207 692 372 748 tiam.
407 691 518 746 Sed
554 707 624 744 .1e
655 689 896 760 inceptae
929 687 1280 743 narrationis
1324 687 1586 743 ordinem
1621 691 1855 760 printer-

207 798 369 848 eam,
397 781 468 836 ad
501 778 559 834 id
593 778 747 850 quod
783 776 1051 841 vicinius,
1082 776 1279 850 Algazi
1309 781 1442 849 post
1471 776 1690 832 bellum
1717 775 1853 849 egit,

207 873 554 927 narraturus
584 865 771 940 ipsius
800 866 1169 939 tyrannidem
1201 867 1685 922 condescendam.

851 964 1083 1020 CAPUT
1124 964 1213 1019 IX.

277 1047 417 1103 Viso
448 1063 578 1102 esse
607 1044 807 1117 Cerepi
839 1060 972 1099 cum
1004 1044 1258 1100 exercitu
1291 1043 1626 1099 Artensium
1663 1045 1856 1114 profe-

206 1141 339 1194 ctus
361 1139 468 1191 est.
494 1133 602 1190 Ubi
633 1138 856 1189 turrem
887 1133 1274 1206 episcopalem
1305 1133 1454 1188 facto
1487 1132 1712 1204 placido
1746 1133 1858 1188 sibi

205 1224 566 1297 subjugavit,
590 1223 699 1278 hoc
726 1223 920 1288 modo,
944 1222 1097 1294 quod
1130 1221 1470 1295 episc0pum
1501 1239 1634 1277 cum
1667 1223 1856 1278 omni-

203 1318 320 1374 bus
345 1315 496 1381 suis,
518 1316 638 1368 tam
670 1311 894 1367 clericis
927 1329 1104 1383 quam
1126 1311 1354 1377 etaliis,
1379 1311 1650 1383 liberum,
1685 1313 1856 1368 abso-

202 1405 423 1469 lutum,
457 1407 514 1458 et
543 1401 808 1473 quietum
849 1399 1215 1456 Antiochiam
1265 1400 1425 1456 adire
1473 1400 1852 1472 permitteret.

204 1494 371 1561 Quod
395 1493 456 1548 in
487 1495 649 1564 parte
681 1488 1010 1561 complevit,
1034 1494 1090 1545 et
1121 1489 1179 1544 in
1213 1494 1375 1561 parte
1398 1490 1687 1562 promisso
1719 1508 1855 1546 con-

202 1583 426 1640 trarius
456 1579 692 1638 exstitit.
729 1577 1025 1650 Quidquid
1051 1577 1207 1633 enim
1240 1578 1364 1634 auri
1395 1583 1454 1634 et
1484 1581 1728 1652 argenti,
1764 1598 1855 1636 or-

200 1675 734 1742 namentorumque
755 1665 997 1724 clericos
1018 1667 1241 1724 deferre
1261 1669 1586 1740 comperiit,
1601 1669 1858 1725 vicecon-

198 1765 518 1820 duetorum
551 1757 750 1816 missis
784 1757 1117 1830 raptoribus
1149 1762 1336 1812 totum
1371 1757 1644 1814 abstulit:
1671 1775 1856 1815 sacer-
1885 1791 1934 1856 B

199 1851 422 1909 dotalia
473 1866 608 1906 vero
666 1848 1030 1912 indumenta,
1066 1850 1130 1902 ut
1171 1847 1264 1903 his
1313 1848 1634 1919 nequitiam
1687 1866 1855 1903 suam

197 1949 400 2016 tegere
421 1939 728 2014 potuisset,
755 1935 949 2010 palam
973 1936 1222 1992 reddidit
1247 1941 1302 1992 et
1323 1939 1456 2008 post
1478 1937 1610 1993 illos
1631 1939 1853 1993 abeun-

199 2038 292 2089 tes
315 2029 510 2087 ablata
541 2028 791 2096 remisit,
815 2026 1012 2098 ibique
1037 2029 1169 2082 ante
1191 2027 1484 2082 Artesium
1508 2027 1636 2083 ﬁxis
1667 2032 1855 2084 tento-

203 2121 312 2177 riis
344 2117 771 2192 perhendinare
802 2115 1113 2188 disposuit,
1140 2121 1203 2171 ut
1225 2116 1388 2188 prius
1409 2121 1576 2188 capto
1605 2116 1853 2183 Artesio,

205 2211 345 2266 inde
376 2207 668 2280 profectus
696 2205 1065 2261 Antiochiam
1097 2210 1474 2277 expugnaret.
1509 2204 1731 2261 Placuit
1753 2224 1857 2262 au-

203 2303 328 2354 tem
350 2297 556 2352 divinae
582 2293 975 2367 dispositioni,
990 2299 1054 2349 ut
1075 2294 1152 2350 ibi
1177 2293 1534 2350 detineretur
1552 2295 1743 2350 verbis
1757 2313 1854 2350 cu-

194 2387 443 2460 jusdam
469 2383 746 2450 hominis,
763 2385 998 2439 nomine
1018 2382 1367 2455 Joseph,viri
1391 2384 1854 2456 prudentissimi.

204 2475 332 2549 qui,
364 2492 500 2531 cum
533 2474 658 2546 ipse
689 2471 886 2545 Algazi
929 2477 1210 2544 quaereret
1239 2477 1496 2528 castrum
1530 2472 1640 2528 sibi
1671 2473 1854 2541 reddi,

201 2565 426 2636 Joseph
473 2563 694 2620 astutia
741 2562 1147 2635 praemunitus,
1181 2579 1296 2617 non
1326 2563 1726 2634 repugnando,
1755 2565 1857 2619 sed

202 2654 376 2728 quasi
401 2653 798 2717 assentiendo,
820 2651 928 2707 hoc
949 2651 1119 2706 modo
1152 2651 1452 2723 respondit
1477 2669 1489 2706 :
1525 2673 1552 2700 «
1577 2651 1859 2708 Novimus

200 2744 346 2817 quia
379 2742 498 2798 tuis
529 2741 771 2797 ensibus
789 2745 845 2796 et
864 2745 965 2796 tuo
989 2739 1247 2796 dominio
1278 2741 1543 2812 subjacet
1571 2742 1858 2814 quidquid

201 2834 264 2889 in
280 2833 392 2888 hoc
407 2830 913 2904 principatuextra
927 2828 1291 2885 Antiochiam
1307 2831 1856 2904 continetur.Ipsam

201 2923 406 2994 itaque
430 2921 478 2976 si
501 2919 868 2992 acquisieris.
891 2935 1026 2974 cum
1048 2936 1116 2974 ea
1137 2924 1190 2974 et
1212 2919 1344 2984 hoc,
1367 2923 1424 2974 et
1444 2924 1648 2976 caetera
1668 2924 1860 2977 castra

211 3012 274 3068 in
309 3013 609 3066 momento
632 3013 806 3064 erunt
827 3007 931 3063 tibi
953 3007 1206 3078 subdita,
1232 3012 1288 3063 et
1318 3025 1389 3062 ne
1419 3009 1622 3065 credas
1654 3014 1708 3064 te
1734 3027 1858 3064 ver-

205 3100 302 3156 bis
335 3097 482 3154 meis
513 3096 956 3152 illudi.Interim
983 3097 1298 3168 quemdam
1331 3100 1565 3152 tuorum
1599 3097 1859 3154 Sahenas

207 3188 358 3244 mihi
391 3185 696 3253 attribuas,
721 3184 820 3257 qui
851 3184 972 3240 vice
1001 3183 1088 3239 tui
1119 3200 1350 3239 mecum
1381 3201 1473 3240 res
1502 3189 1634 3241 tuas
1666 3190 1859 3242 custo-
1890 3157 1934 3226 C

207 3277 356 3344 diat,
389 3280 446 3332 et
475 3274 670 3330 locum
696 3273 843 3329 tanti
877 3274 1097 3329 domini
1129 3273 1452 3345 possideat;
1478 3278 1534 3329 te
1565 3274 1760 3347 ipsum
1783 3281 1863 3331 et-

206 3365 370 3423 enim
394 3363 444 3420 si
469 3363 630 3419 intus
664 3362 1000 3434 receperim,
1026 3361 1224 3434 procul
1248 3362 1426 3418 dubio
1449 3362 1558 3418 hoc
1581 3365 1779 3419 audito
1803 3365 1862 3419 ﬁ-

209 3455 334 3511 lius
383 3470 550 3509 meus
601 3451 911 3506 Antiochiae
961 3450 1213 3506 existens
1273 3456 1460 3506 morte
1520 3452 1862 3524 turpissima

209 3542 572 3616 perimetur;
606 3545 664 3596 et
693 3557 798 3613 ego
829 3556 1002 3595 senex
1031 3543 1088 3595 et
1134 3539 1343 3612 plenus
1390 3541 1637 3609 dierum,
1673 3542 1720 3597 si
1752 3542 1861 3598 hoc

210 3649 405 3706 egero,
431 3647 533 3703 pro
563 3629 924 3701 nequissimo
954 3629 1267 3700 proditore,
1291 3630 1446 3702 quod
1478 3630 1633 3684 absit
1656 3631 1668 3686 l
1696 3648 1862 3703 repu-

207 3721 411 3788 tabor;
435 3724 492 3775 et
508 3717 810 3775 decentius
832 3722 938 3786 est,
966 3723 1030 3772 ut
1051 3735 1142 3773 me
1167 3718 1470 3774 innoxium
1495 3736 1671 3791 quam
1696 3737 1858 3776 reum

205 3809 484 3866 habeat.»
506 3806 608 3862 His
631 3806 827 3862 verbis
849 3806 1126 3877 deceptus
1158 3811 1420 3862 castrum
1450 3806 1736 3864 intactum
1768 3810 1860 3864 di-

208 3897 394 3965 misit,
410 3899 467 3952 et
487 3895 704 3951 ibidem
726 3894 985 3950 Sahenas
1007 3896 1321 3966 quemdam
1345 3897 1568 3967 posuit;
1585 3897 1708 3970 ipse
1728 3915 1860 3954 vero

203 3984 609 4061 potationibus
624 3983 909 4053 intentus,
929 3986 984 4039 et
1001 3988 1146 4039 nutu
1163 3983 1264 4040 Dei
1287 3985 1504 4042 oblitus
1519 3987 1856 4057 Antiochiae,

203 4093 314 4150 per
335 4077 530 4147 partes
548 4077 772 4128 exteras
792 4076 851 4128 et
871 4073 1232 4146 propinquas
1253 4073 1468 4146 saepius
1500 4076 1685 4132 millia
1706 4076 1858 4133 mili-

203 4169 338 4220 tum
368 4160 826 4218 transmittebat.
851 4160 958 4227 Qui
990 4161 1061 4216 de
1091 4162 1184 4217 die
1215 4161 1276 4216 in
1308 4161 1482 4231 diem,
1506 4165 1716 4235 praedis
1739 4170 1858 4222 tam

205 4251 529 4309 Dominum
560 4265 738 4322 quam
771 4248 1022 4304 aliorum
1054 4249 1273 4317 refecti,
1298 4251 1369 4305 ad
1393 4251 1585 4323 ipsum
1611 4258 1858 4309 reverte~

205 4343 434 4398 bantur
481 4337 723 4395 onerati.
759 4337 999 4394 Interim
1031 4355 1206 4410 super
1235 4337 1406 4394 malis
1438 4344 1494 4395 et
1522 4340 1859 4399 infortuniis

206 4445 340 4502 quae
353 4445 424 4484 ex
445 4426 710 4498 proximo
733 4427 902 4492 facta,
928 4430 983 4482 et
1003 4443 1034 4482 e
1055 4428 1316 4499 proximo
1339 4428 1642 4485 amissioni
1665 4431 1860 4488 civita-

1967 508 2060 564 his
2091 513 2148 564 et
2178 508 2308 564 aliis
2357 509 2592 581 provide
2640 526 2838 581 agens,
2870 509 3088 564 vocatis
3137 511 3205 565 ad
3257 528 3317 567 se
3349 513 3606 582 Francis,

1967 599 2065 654 Dei
2115 599 2328 653 virtute
2371 598 2798 664 corroboratur,
2841 599 3050 670 suique
3097 599 3232 655 cleri
3284 602 3610 660 munimine

1969 687 2118 761 frugi
2144 692 2364 760 septus,
2394 705 2527 743 cum
2551 688 2634 742 eis
2659 705 2835 760 super
2855 687 2964 744 hoc
2986 689 3246 744 decernit
3267 694 3333 745 ut
3361 707 3524 763 gens,
3561 693 3610 748 si

1965 777 2122 840 velit,
2148 777 2472 849 proditione
2494 794 2663 850 agere
2683 781 2951 849 nequeat,
2973 781 3028 832 et
3047 781 3111 832 ut
3135 777 3259 849 ipse
3281 781 3608 836 custodiam

1967 867 2218 921 civitatis
2250 866 2430 922 totius
2449 866 2558 922 sibi
2583 872 2637 922 et
2659 866 2808 922 clero
2831 883 2965 921 cum
2991 867 3226 923 Francis
3249 872 3610 926 tantummo-

1966 956 2038 1010 do
2069 961 2335 1010 assumat
2361 974 2374 1023 ;
2407 956 2727 1028 statuitque
2759 960 2824 1010 ut
2855 956 3188 1028 ubicunque
3219 961 3276 1012 et
3310 959 3613 1015 undecun-

1968 1062 2078 1116 que
2127 1044 2246 1098 sint
2289 1044 2348 1098 in
2380 1045 2612 1100 civitate
2645 1045 3005 1100 diversarum
3052 1045 3354 1101 nationum
3387 1049 3607 1120 pepuli,

1966 1133 2218 1206 exceptis
2261 1133 2514 1199 Francis,
2542 1151 2746 1189 omnes
2789 1133 3042 1189 inermes
3073 1135 3343 1204 existant,
3374 1142 3430 1192 et
3458 1156 3610 1194 nun-

1966 1240 2143 1294 quam
2166 1241 2200 1278 a
2221 1223 2493 1278 domibus
2523 1222 2646 1276 suis
2667 1226 2834 1279 nocte
2855 1223 2980 1278 sine
3002 1221 3222 1279 lumine
3245 1227 3439 1298 egredi
3463 1245 3608 1298 prae-

1966 1317 2222 1368 sumant.
2259 1313 2439 1384 quue
2470 1316 2666 1366 actum
2695 1316 2802 1377 est,
2838 1316 2902 1366 ut
2934 1311 3092 1367 nullo
3125 1314 3297 1369 modo
3329 1317 3610 1387 proditio-

1966 1403 2055 1457 nis
2077 1401 2310 1474 ingenio
2335 1401 2529 1456 infecti
2549 1401 2965 1467 viderentur,et
2987 1406 3051 1456 ut
3071 1402 3410 1458 nullatenus
3435 1405 3610 1462 etiam

1966 1491 2222 1564 suspecti
2253 1490 2455 1547 haberi
2487 1489 2833 1562 potuissent.
2857 1491 3076 1546 Statuit
3098 1497 3162 1546 ut
3193 1492 3291 1548 ubi
3319 1494 3499 1550 totius
3531 1496 3611 1552 ci-

1964 1580 2159 1636 vitatis
2210 1579 2448 1635 inferior
2495 1579 2732 1652 patebat
2781 1579 3072 1648 debilitas,
3107 1581 3187 1635 ibi
3227 1584 3476 1638 tentoria
3507 1601 3614 1641 sua

1966 1669 2310 1742 protectioni
2339 1667 2794 1724 Christianitatis
2819 1669 3142 1724 necessaria
3163 1677 3536 1743 ponerentur,
3557 1678 3614 1730 et

1966 1764 2030 1814 ut
2051 1758 2293 1832 singulae
2325 1763 2513 1813 turres
2545 1762 2830 1828 quotquot
2850 1763 3064 1825 essent,
3090 1760 3394 1832 monachis
3419 1779 3483 1817 ac
3507 1762 3616 1819 cle-

1968 1849 2104 1904 ricis
2153 1847 2374 1904 mistim
2422 1863 2556 1902 cum
2616 1845 2802 1915 laicis,
2837 1864 2941 1918 pro
2991 1865 3161 1920 posse
3192 1853 3249 1904 et
3292 1829 3613 1922 quantitate

1965 1935 2442 1993 Christicolarum
2477 1936 2709 1990 eminus
2741 1935 3130 1992 munirentur.
3149 1939 3334 2010 Hujus
3355 1940 3538 2011 patris
3559 1945 3615 1996 et

1966 2026 2219 2082 doctoris
2243 2025 2689 2098 prudentissimi
2710 2041 2916 2081 omnes
2940 2043 3058 2081 una
3081 2026 3390 2100 diligenter
3410 2034 3615 2101 parent

1967 2117 2230 2188 imperio.
2266 2114 2510 2170 Munitis
2541 2114 2736 2186 itaque
2779 2113 3059 2183 turribus,
3095 2116 3396 2172 intrinseci
3429 2122 3485 2172 et
3513 2136 3614 2174 ex-

1968 2204 2204 2260 trinseci
2229 2204 2585 2260 adhibentur
2605 2204 2875 2259 custodes
2899 2221 3030 2258 cum
3056 2206 3616 2263 custodibus.ldem-

1968 2311 2079 2366 que
2105 2293 2459 2365 patriarcha,
2485 2292 2674 2364 magis
2697 2293 2966 2364 precibus
2988 2310 3164 2364 quam
3191 2294 3371 2350 armis
3395 2313 3616 2368 pugna-

1967 2388 2156 2452 turus,
2180 2399 2281 2454 pro
2315 2381 2500 2437 salute
2521 2399 2587 2436 ac
2609 2381 2945 2436 defensione
2967 2382 3280 2438 Christiani
3305 2384 3503 2457 populi
3535 2385 3618 2440 in-

1968 2476 2264 2528 cessanter
2308 2475 2415 2527 Deo
2461 2463 2828 2543 supplicabat
2877 2470 3237 2528 medullitus.
3271 2473 3386 2528 Nec
3417 2477 3616 2530 tamen

1967 2562 2162 2630 desiit,
2194 2561 2354 2617 horis
2403 2561 2889 2631 competentibus,
2927 2566 3092 2616 nocte
3125 2577 3190 2616 ac
3231 2561 3326 2617 die
3357 2579 3490 2618 cum
3523 2581 3616 2620 ar-

1969 2656 2126 2708 mato
2158 2667 2262 2706 suo
2287 2650 2438 2706 clero
2460 2655 2516 2705 et
2538 2649 2850 2718 militibus,
2875 2666 3032 2705 more
3055 2655 3468 2722 pugnatorum,
3493 2670 3618 2724 por-

1966 2745 2076 2808 tas,
2115 2739 2349 2807 mccnia,
2383 2743 2439 2794 et
2481 2742 2694 2804 turres,
2752 2733 3072 2810 muresque
3128 2739 3528 2808 circumcirca,
3563 2747 3620 2798 et

1968 2831 2230 2902 ipsorum
2290 2828 2562 2884 custodes
2618 2827 2875 2882 vicissim
2927 2827 3182 2898 visitare,
3224 2829 3530 2898 consolari,
3563 2836 3620 2888 et

1970 2919 2209 2974 incitare
2241 2922 2306 2973 ut
2338 2916 2600 2990 vigilanti
2633 2916 2827 2971 animo
2869 2915 3210 2972 Christianae
3243 2919 3619 2990 protectionis

1969 3025 2168 3063 curam
2199 3006 2560 3072 adhiberent,
2587 3011 2642 3060 et
2664 3005 2892 3076 incepto
2916 3005 3069 3060 bono
3093 3005 3253 3061 nulla
3273 3006 3470 3062 hostili
3494 3024 3617 3080 per-

1970 3096 2305 3151 turbatione
2352 3094 2720 3150 desisterent.
2756 3093 2900 3159 Quid
2946 3093 3180 3166 singula
3201 3096 3228 3149 ?
3253 3094 3449 3151 Clerus
3482 3113 3618 3153 cum

1972 3185 2193 3242 caeteris
2226 3183 2496 3240 ﬁdelibus
2529 3183 2763 3255 provide
2795 3187 2849 3237 et
2878 3187 3132 3250 strenue,
3158 3184 3318 3239 intus
3349 3189 3404 3240 et
3434 3189 3614 3254 extra,

1971 3274 2240 3330 militaris
2274 3273 2448 3329 ofﬁcii
2481 3272 2862 3339 vicefunctus,
2898 3288 3030 3326 cum
3081 3271 3180 3328 Dei
3214 3273 3444 3338 virtute,
3479 3275 3615 3329 civi-

1970 3369 2148 3420 tatem
2176 3365 2247 3419 ab
2267 3361 2536 3417 hostibus
2560 3361 2837 3416 intactam
2862 3359 3143 3416 Balduino
3161 3361 3280 3435 regi
3299 3361 3397 3418 diu
3421 3367 3615 3435 optato

1972 3452 2384 3527 protegendum
2419 3449 2748 3505 reservavit.

2625 3548 2856 3602 CAPUT
2895 3549 2961 3602 X.

2043 3633 2200 3687 Inter
2229 3630 2350 3685 haec
2379 3627 2722 3684 discrimina
2743 3627 2895 3682 sicut
2917 3628 3090 3684 certis
3124 3628 3503 3686 internuntiis
3525 3631 3617 3686 di-

1970 3720 2242 3786 dicimus,
2259 3719 2502 3774 auribus
2520 3715 2716 3790 Algazi
2738 3715 2998 3772 insonuit
3022 3733 3215 3790 regem
3240 3717 3617 3792 Balduinum,

1969 3808 2356 3879 Pontiumque
2388 3804 2659 3861 comitem
2691 3803 3119 3876 Tripolitanum
3153 3822 3286 3861 cum
3319 3823 3385 3862 eo
3415 3809 3487 3863 ad
3508 3810 3619 3864 An-

1969 3896 2246 3952 tiochiam
2292 3894 2423 3950 citis
2454 3893 2754 3966 gressibus
2789 3894 3080 3950 festinare.
3119 3894 3280 3951 Unde
3311 3895 3465 3952 illico
3497 3901 3616 3954 sta-

1969 3985 2084 4040 tuit
2115 3988 2315 4040 contra
2335 4000 2432 4039 eos
2463 3984 2661 4038 decem
2695 3981 2877 4038 millia
2910 3982 3166 4038 militum
3198 3986 3614 4056 transmittere,

1971 4078 2027 4130 et
2055 4077 2186 4146 post
2217 4071 2346 4128 illos
2377 4071 2618 4126 totidem
2647 4071 2734 4127 vel
2766 4070 2964 4144 plures
2995 4076 3097 4128 aut
3143 4071 3296 4129 lente
3336 4075 3616 4148 subsequi

1970 4161 2294 4234 imperavit.
2328 4162 2618 4232 Factaque
2651 4159 2929 4216 electione
2967 4179 3114 4234 quos
3145 4164 3528 4231 transmittat,
3561 4169 3619 4220 et

1970 4268 2117 4324 quos
2139 4267 2337 4306 secum
2361 4249 2628 4314 retineat,
2651 4249 2928 4304 euntibus
2953 4249 3206 4321 injunxit
3229 4251 3380 4324 regis
3403 4254 3614 4309 adven-

1969 4339 2054 4396 tui
2086 4338 2328 4396 sollicite
2362 4337 2648 4404 insidiari,
2683 4341 2737 4393 et
2769 4338 3219 4411 quibuscunque
3261 4341 3449 4397 modis
3482 4359 3614 4414 pos-

1970 4434 2102 4485 sent
2123 4426 2575 4484 Christianitatis
2606 4425 2907 4500 invigilare
2939 4428 3320 4484 exterminiis.
3347 4429 3484 4485 Moti
3507 4430 3613 4486 ita-

205 4518 290 4574 tis
311 4514 631 4571 Antiochiae
650 4513 956 4570 imminere
968 4515 1669 4590 cernebantur,quidquid
1685 4537 1856 4591 curae,
1890 4532 1935 4596 D
1971 4535 2082 4590 que
2106 4516 2486 4590 impii,jussu
2511 4515 2601 4572 sui
2625 4516 2847 4571 domini
2865 4517 2935 4572 de
2954 4533 3113 4572 more
3133 4517 3305 4573 solito
3328 4519 3615 4577 ordinatis

203 4604 453 4673 laboris,
469 4603 718 4675 timoris,
736 4603 1050 4670 metus,vel
1073 4603 1272 4660 damni
1285 4605 1702 4663 Christianitati
1720 4627 1855 4664 con-

201 4695 438 4768 tingere
460 4696 705 4765 poterat,
721 4693 847 4763 jam
871 4691 1149 4748 destituto
1173 4692 1412 4749 militari
1435 4695 1647 4764 ofﬁcio,
1663 4701 1720 4752 et
1731 4699 1857 4769 jam

203 4798 360 4856 pene
373 4785 495 4837 toto
508 4781 726 4838 amisso
739 4782 1094 4836 Francorum
1109 4781 1323 4838 civium
1337 4784 1570 4851 auxilio,
1588 4803 1655 4841 ea
1667 4785 1786 4841 vice
1798 4785 1858 4842 in

202 4871 434 4929 clerum
469 4869 796 4926 necessario
827 4873 1013 4925 totum
1046 4871 1345 4926 redactum
1367 4873 1607 4939 exstitit,
1631 4875 1731 4940 ita,
1765 4874 1860 4930 in-

202 4975 413 5032 quam,
435 4963 499 5013 ut
520 4957 703 5013 multo
725 4957 919 5014 acrius
941 4958 1214 5014 timerent
1233 4959 1577 5017 interiorum
1601 4962 1858 5019 hostium

200 5047 538 5122 proditione
582 5046 725 5116 falli,
760 5064 938 5120 quam
977 5047 1031 5103 vi
1063 5052 1389 5105 exterorum
1417 5049 1535 5107 ullo
1567 5053 1738 5108 modo
1770 5053 1859 5108 in-

199 5137 502 5194 trinsecus
532 5153 704 5209 posse
735 5137 1062 5210 comprimi.
1096 5138 1210 5194 Nec
1240 5138 1298 5194 id
1330 5139 1576 5209 mirum;
1611 5159 1752 5215 gens
1775 5147 1858 5198 et-

198 5226 368 5283 enim
391 5225 772 5294 Antiochena,
795 5225 850 5280 vi
872 5229 929 5281 et
950 5244 1124 5298 pravo
1147 5226 1379 5300 ingenio
1403 5229 1592 5301 gentis
1625 5235 1858 5299 nostrae,

198 5316 440 5388 privata
476 5316 602 5371 suis
651 5313 820 5370 bonis
851 5319 909 5370 et
940 5315 1173 5371 addicta
1203 5333 1390 5388 pravae
1423 5318 1858 5384 consuetudini,

200 5402 426 5476 sepius
458 5419 703 5460 mmrore
742 5420 1048 5475 concussa,
1075 5403 1146 5472 si,
1179 5406 1333 5478 quod
1385 5409 1474 5460 est
1519 5405 1859 5464 vicissitudo

189 5492 472 5567 justitias,
497 5493 721 5550 malum
744 5509 847 5568 pro
872 5493 1024 5550 malo
1047 5494 1288 5550 reddere
1307 5492 1608 5563 voluisset,
1633 5513 1699 5554 eo
1721 5501 1858 5552 tem-

199 5580 368 5657 poris
401 5581 706 5640 intervallo
737 5587 967 5641 nostros
999 5582 1344 5655 proditione,
1386 5582 1470 5638 vel
1517 5582 1627 5641 alio
1661 5586 1856 5653 modo,

1967 4606 2222 4674 aciebus,
2254 4623 2457 4661 versus
2507 4606 2838 4662 Laodiciam
2871 4610 2928 4661 et
2959 4606 3030 4661 ad
3070 4611 3350 4662 montana
3397 4610 3615 4666 montis

1973 4695 2197 4761 Palerii,
2231 4711 2344 4767 quo
2375 4699 2432 4750 et
2461 4695 2727 4767 praedari,
2761 4699 2817 4750 et
2849 4695 3000 4768 regis
3031 4695 3315 4767 equitatui
3348 4697 3612 4753 insidiari

1969 4784 2217 4851 valeant,
2254 4788 2422 4838 nocte
2473 4783 2711 4855 profecti
2762 4788 2920 4838 sunt.
2953 4783 3033 4838 Ad
3075 4801 3221 4856 quas
3256 4790 3448 4857 partes
3479 4803 3613 4842 cum

1969 4871 2530 4938 devenissent,divisi
2547 4873 2879 4939 sunt,factis
2892 4873 3082 4928 tribus
3095 4873 3382 4945 partibus,
3398 4879 3462 4930 ut
3481 4892 3554 4947 qu
3567 4877 3616 4930 i-

1970 4963 2105 5018 dam
2153 4961 2396 5016 tendant
2452 4961 2572 5034 regi
2625 4961 2878 5030 obviam,
2911 4966 2966 5017 et
3009 4961 3247 5034 quidam
3279 4964 3490 5034 praedis
3521 4982 3614 5020 ca-

1968 5050 2194 5124 piendis
2227 5050 2520 5117 insistant,
2555 5050 2741 5107 cazteri
2773 5069 2904 5107 vero
2936 5051 3007 5106 ad
3039 5055 3271 5124 portum
3306 5053 3500 5109 Sancti
3534 5055 3618 5110 Si-

1970 5139 2196 5196 meonis
2227 5156 2406 5210 supra
2448 5157 2606 5194 mare
2638 5139 2747 5196 iter
2777 5140 3052 5214 dirigant.
3090 5141 3366 5198 Profectis
3415 5147 3618 5200 contra

1970 5246 2164 5302 regem
2196 5229 2319 5300 ipse
2348 5228 2505 5285 idem
2535 5229 2607 5284 ad
2650 5233 2908 5287 montem
2955 5231 3270 5304 Hingronis
3301 5249 3368 5286 ex
3399 5231 3619 5304 impro-

1967 5317 2089 5374 viso
2112 5317 2323 5374 obviat.
2359 5318 2474 5374 llos
2509 5317 2703 5390 itaque
2737 5323 2973 5376 strenue
3005 5320 3332 5376 invadendo
3365 5325 3618 5392 proster-

1970 5407 2076 5476 nit,
2092 5412 2147 5464 et
2162 5423 2262 5479 pcr
2274 5406 2526 5481 abrupta
2547 5408 2832 5464 montium
2856 5408 2940 5463 ita
2961 5410 3210 5483 dissipat
3232 5414 3296 5464 ut
3312 5425 3416 5463 nec
3430 5408 3624 5464 socius

1969 5497 2223 5562 socium,
2257 5512 2362 5552 nec
2393 5515 2495 5571 par
2526 5513 2724 5569 parem
2765 5499 2873 5555 sibi
2927 5500 3302 5569 profuturum
3351 5495 3624 5551 inveniat.

1971 5586 2098 5653 Quo
2122 5587 2384 5666 peracto,
2405 5604 2506 5645 rex
2526 5591 2658 5647 ante
2683 5589 2944 5646 latorum
2978 5583 3375 5646 castrametari
3390 5584 3581 5653 jubet,
3601 5598 3634 5636 e
