3992 6090
1649 35 1684 65 θ

374 250 530 325 1093
902 255 1006 322 AD
1050 257 1560 323 GODEFRIDUM
1604 256 1936 320 APPEND.
1982 252 2012 317 I‘

2123 282 2173 303 ι-
2199 255 2510 323 MONUM.
2557 259 2659 322 DE
2701 259 2953 323 BELLO
2996 258 3271 324 SACRO.
3614 256 3776 323 1024

371 391 510 451 inde
556 408 727 450 mane
775 393 1090 467 profectus,
1123 410 1185 450 se
1227 393 1420 466 ipsum
1472 408 1914 465 przecessurum,
1949 393 2014 445 ut
2126 391 2285 446 omni
2319 393 2532 464 populo
2560 393 2887 451 Christiano
2917 393 3347 467 exspectatione
3374 406 3648 466 magnus,
3668 393 3772 449 ad-

373 483 631 557 primum
661 483 861 539 hostes
898 483 1173 550 inveniat,
1206 478 1514 555 disponere
1563 481 1802 545 curavit,
1837 479 2017 535 comi-

373 577 607 646 temque
637 589 769 627 cum
803 572 1260 628 Provincialibus
1310 571 1642 643 retrograde
1690 569 2018 625 custoditu-

374 680 527 731 rum,
563 661 843 733 subsequi
875 661 1283 734 imperavit,ut
1307 664 1364 716 et
1392 659 1535 732 ipse,
1562 659 1608 715 si
1643 660 1785 715 forte
1815 659 2015 714 hostes

371 751 599 815 viderit,
623 750 741 824 regi
765 750 878 806 cito
902 750 1104 805 nuntio
1128 750 1184 804 id
1212 749 1487 815 insinuet,
1511 753 1567 804 et
1587 765 1685 804 eos
1716 751 2014 820 percutere

373 856 489 897 non
520 844 747 896 renuat.
781 839 991 910 Sicque
1038 839 1133 894 his
1175 838 1378 894 ordine
1416 837 1842 903 incedentibus,
1877 853 2013 892 con-

372 929 504 1002 tigit
538 927 919 983 Provinciales
956 926 1172 982 vidisse
1222 931 1447 999 partem
1497 927 1755 981 hostium
1789 930 1921 981 ante
1953 942 2014 980 se

371 1018 625 1091 praedam
661 1014 975 1071 maximam
1007 1016 1413 1087 etfugantium,
1448 1032 1597 1087 quos
1636 1015 1916 1070 citissime
1948 1031 2013 1069 ac

370 1106 616 1163 viriliter
646 1109 945 1178 percutere
994 1122 1109 1160 non
1159 1104 1454 1171 diﬂ‘erunt,
1489 1105 1571 1159 ita
1620 1105 1772 1176 quod
1824 1104 2011 1175 ipsam

369 1196 627 1269 praedam
656 1195 728 1249 ab
773 1194 858 1248 eis
905 1192 1228 1248 excutiunt.
1264 1192 1428 1248 Sorte
1487 1209 1622 1265 ergo
1685 1191 2015 1248 miserrima

368 1284 595 1359 perﬁdi,
628 1284 943 1354 resumptis
980 1282 1218 1350 viribus,
1254 1280 1640 1337 Provinciales
1686 1280 2011 1336 invadendo

369 1373 441 1429 ad
474 1372 583 1428 hoc
613 1372 960 1444 perducunt,
995 1371 1148 1443 quod
1195 1370 1266 1425 ad
1317 1386 1513 1443 regem
1555 1368 1655 1424 illa
1684 1370 1777 1425 die
1806 1367 2012 1425 reverti

369 1465 687 1534 nequeunt.
710 1459 1069 1525 Quibusdam
1099 1459 1313 1515 etenim
1335 1458 1671 1531 peremptis,
1696 1462 1751 1512 et
1776 1458 2015 1530 quibus-

369 1552 505 1607 dam
537 1567 641 1623 per
672 1552 951 1604 montana
980 1547 1301 1619 dissipatis,
1335 1547 1526 1603 caeteri
1559 1548 1825 1619 vagando
1856 1548 2011 1602 ince-

369 1641 593 1703 dentes,
611 1639 737 1709 jam
764 1641 933 1692 nocte
955 1636 1107 1708 apud
1131 1637 1333 1692 Casam
1361 1635 1572 1691 bellam
1597 1652 1789 1707 regem
1815 1634 2012 1707 hospi-

367 1732 559 1784 tatum
582 1725 904 1783 inveniunt.
924 1724 1067 1781 Huic
1091 1725 1244 1781 sicut
1266 1725 1349 1781 eis
1380 1725 1700 1797 contigerat
1729 1725 2008 1781 referunt.
2040 1754 2091 1825 Β

369 1817 452 1875 Ibi
475 1817 710 1890 quidem
736 1833 831 1871 rex
850 1814 1113 1870 hostium
1136 1818 1292 1869 certa
1314 1814 1533 1869 invenit
1554 1813 1788 1869 indicia.
1813 1815 2015 1870 Castra

367 1907 580 1963 etenim
615 1908 865 1978 quatuor
894 1903 1145 1959 millium
1170 1902 1424 1958 militum
1456 1903 1733 1975 patebant
1761 1902 2015 1959 recentia

368 1994 617 2051 mortuis
638 1991 979 2049 hominibus
1001 1996 1059 2047 et
1079 1991 1361 2047 membris
1383 1990 1752 2056 animalium,
1775 2008 1903 2063 quae
1925 2008 2016 2047 cc-

368 2085 629 2140 mederat
657 2082 848 2138 adhuc
875 2081 1127 2153 turpiter
1154 2079 1388 2136 infecta.
1414 2080 1533 2135 Rex
1564 2084 1760 2135 autem
1794 2079 1887 2136 his
1909 2096 2010 2135 au-

368 2171 529 2240 ditis,
562 2170 862 2227 aestimans
891 2185 990 2226 eos
1022 2184 1193 2242 posse
1225 2168 1479 2239 assequi,
1507 2175 1571 2223 ut
1602 2168 1714 2236 ille,
1738 2170 1837 2241 qui
1861 2186 2014 2225 com-

368 2260 704 2334 patiebatur
743 2257 1075 2331 praeteritis,
1106 2256 1493 2331 praesentibus
1537 2258 1922 2331 interemptis,
1957 2262 2014 2314 et

369 2351 537 2421 cujus
560 2347 716 2421 juris
757 2351 881 2403 erat
916 2346 1063 2402 tueri
1110 2347 1383 2418 patriam,
1416 2345 1581 2401 valde
1613 2347 2009 2419 conqueritur,

368 2454 503 2495 cum
536 2438 762 2510 ignoret
791 2452 907 2508 quo
933 2435 1147 2490 certius
1168 2452 1267 2490 eos
1296 2434 1461 2506 sequi
1490 2436 2010 2507 potuisset,secum

368 2531 566 2584 tamen
597 2529 829 2598 reputat
858 2523 1065 2580 utilius
1095 2522 1457 2579 Antiochiam
1489 2523 1667 2590 adire,
1700 2541 1879 2580 causa
1908 2542 2011 2599 ge-

367 2615 547 2684 mina,
568 2614 836 2671 videlicet
867 2618 931 2669 ut
955 2616 1013 2668 et
1037 2608 1327 2669 desolatos
1354 2612 1666 2669 Antiochia:
1698 2613 2010 2682 consolari,

368 2705 511 2763 etibi
528 2703 744 2760 auditis
761 2702 1115 2770 rumoribus,
1133 2707 1367 2774 sumpto
1385 2718 1520 2757 cum
1539 2702 2012 2775 patriarchacon-

370 2794 520 2862 silio,
543 2793 741 2849 hostes
763 2792 927 2864 sequi
948 2789 1152 2846 valeat.
1178 2790 1417 2846 Interim
1439 2790 1552 2846 tria
1572 2784 1758 2847 millia
1778 2791 1862 2846 vel
1888 2791 2011 2863 plu-

367 2900 460 2940 res
488 2886 657 2939 nccte
688 2882 759 2937 ad
791 2884 1022 2954 portum
1057 2879 1251 2937 Sancti
1284 2880 1573 2936 Simeonis
1604 2881 1867 2952 profecti,
1900 2897 2009 2936 au-

365 2990 497 3029 rora
526 2974 842 3045 apparente
873 2969 1068 3026 subito
1109 2973 1411 3041 soporatos
1440 2974 1856 3040 percusserunt
1884 2968 2009 3041 gla-

365 3062 498 3129 dio;
531 3059 720 3116 caeteri
764 3076 897 3138 vero
945 3061 1254 3114 evaserunt
1299 3057 1552 3129 navigio.
1587 3057 1755 3130 [mpii
1788 3063 2004 3126 autem,

2126 484 2299 536 ventu
2329 483 2537 554 major,
2569 484 2923 555 protectione
2956 482 3269 538 maximus.
3306 481 3412 549 Qui
3445 499 3581 537 cum
3610 482 3777 538 intel-

2124 569 2360 626 lexisset
2382 572 2737 643 perﬁdorum
2760 572 3127 645 tyrannidem
3149 572 3209 627 in
3233 572 3647 640 nostros,ini‘ra
3671 588 3772 628 cu-

2122 662 2329 729 temVet
2360 677 2615 725 carnem,
2648 678 2713 717 ac
2746 660 3085 717 medullitus
3133 656 3444 728 exarsisse,
3475 678 3581 717 nec
3613 661 3773 733 ipsos

2124 748 2237 805 alio
2260 753 2515 806 retentos
2548 750 2730 805 milite
2762 750 2876 806 nisi
2910 750 3090 806 maris
3119 751 3280 805 unda
3309 750 3663 819 dehiscente,
3690 755 3776 805 ta-

2123 842 2253 894 ctus
2283 838 2479 895 dolore
2508 839 2710 907 nimio,
2738 840 2941 895 urbem
2964 839 3179 895 intrare
3213 838 3506 895 festinavit
3531 859 3543 907 ;
3569 856 3687 895 non
3708 846 3776 896 ut

2123 926 2464 1000 quiesceret,
2490 929 2589 983 sed
2613 932 2679 983 ut
2700 928 2961 1000 primum
2994 943 3241 1000 regnum
3264 926 3366 983 Dei
3388 933 3694 1000 quaereret,
3715 932 3775 984 et

2120 1015 2266 1088 ipse,
2291 1033 2393 1088 pro
2412 1018 2600 1088 patria
2631 1020 3019 1089 pugnaturus,
3046 1017 3102 1070 in
3136 1015 3379 1071 ecclesia
3408 1015 3561 1072 beati
3594 1015 3771 1085 Petri,

2123 1108 2186 1159 ut
2206 1106 2445 1160 decebat
2474 1123 2690 1177 regem,
2716 1104 3088 1162 devotissime
3118 1109 3231 1160 Deo
3258 1104 3614 1178 supplicaret
3633 1122 3776 1178 qua-

2121 1197 2294 1249 tenus
2324 1193 2458 1249 inde
2487 1193 2687 1259 libere,
2722 1197 2778 1250 et
2808 1192 3075 1250 absoluto
3107 1192 3498 1250 ecclesiastico
3528 1194 3771 1251 consilio

2122 1283 2447 1350 roboratus,
2483 1282 2594 1339 iter
2623 1283 2889 1355 sequenti
2929 1283 3182 1355 perfidos
3230 1281 3418 1338 tutius
3466 1299 3773 1340 assumere

2121 1372 2427 1444 potuisset.
2452 1372 2567 1427 Nec
2590 1372 2645 1427 id
2672 1370 2919 1439 distulit,
2944 1372 3043 1427 sed
3071 1372 3227 1427 facta
3245 1372 3504 1427 oratione
3523 1376 3581 1427 et
3606 1389 3777 1445 vege-

2120 1466 2278 1517 tatus
2307 1459 2678 1533 patriarchali
2710 1460 2979 1528 consilio,
3005 1465 3201 1516 motus
3232 1459 3408 1516 etiam
3440 1461 3647 1517 ardore
3671 1462 3778 1516 du-

2120 1549 2277 1622 plici,
2312 1550 2688 1614 intrinsecus,
2721 1549 2903 1605 animi
2951 1548 3282 1605 anhelantis
3323 1550 3395 1605 ad
3423 1549 3770 1619 vindictam,

2120 1644 2175 1694 et
2206 1639 2585 1707 extrinsecus,
2622 1637 2896 1694 militaris
2943 1638 3119 1694 ofﬁcii
3164 1637 3465 1695 incitantis
3494 1639 3567 1694 ad
3612 1639 3772 1695 mili-

2120 1729 2286 1795 tiam,
2319 1727 2639 1801 praemissis
2686 1726 3176 1801 speculatoribus,
3213 1728 3284 1783 ad
3334 1725 3771 1800 insequendum

2121 1817 2251 1872 citis
2272 1817 2575 1889 gressibus
2596 1820 2653 1872 et
2673 1815 2957 1872 ordinatis
2980 1815 3217 1872 aciebus
3238 1816 3346 1872 iter
3368 1816 3637 1890 arripuit.
3661 1816 3773 1883 Qui

2122 1923 2255 1962 eum
2289 1906 2628 1961 nuntiorum
2661 1905 2847 1961 relatu
2880 1904 3266 1978 persensisset
3294 1921 3393 1961 eos
3423 1920 3553 1962 esse
3584 1922 3773 1962 remo-

2120 1999 2297 2063 tos,et
2318 2011 2608 2067 nusqaam
2642 1998 2798 2050 certo
2830 1993 2955 2050 loco
2988 1982 3435 2067 pausantes,sed
3467 1993 3645 2050 citius
3676 2012 3771 2052 so-

2120 2084 2276 2152 litos,
2305 2083 2474 2156 quasi
2510 2083 2720 2140 timore
2768 2083 2997 2140 subacti
3030 2084 3384 2156 equitantes,
3416 2099 3675 2156 suosque
3703 2100 3773 2140 ex

2119 2172 2324 2229 itinere
2351 2173 2623 2245 fatigatos
2652 2172 3072 2246 conspexisset,
3096 2171 3271 2229 laude
3301 2171 3438 2228 cleri
3470 2173 3774 2246 totiusque

2120 2262 2344 2318 ordinis
2365 2266 2724 2333 senatorum,
2748 2260 3113 2318 considerata
3133 2261 3376 2329 ratione,
3403 2261 3772 2318 Antiochiam

2121 2368 2386 2408 reversus
2417 2354 2524 2407 est.
2548 2350 2679 2417 Ubi,
2706 2350 2821 2407 Deo
2850 2353 3111 2418 vocante,
3146 2354 3203 2405 et
3232 2350 3421 2423 ipsius
3450 2350 3602 2407 dono
3634 2354 3772 2424 pro-

2120 2444 2337 2505 motus,
2364 2438 2727 2511 principatus
2751 2438 3091 2513 dignitatem
3116 2439 3363 2512 adeptus
3374 2442 3483 2505 est,
3489 2439 3626 2510 jure
3648 2440 3776 2513 qui-

2121 2531 2274 2586 dem.
2303 2529 2490 2600 Hujus
2516 2527 2731 2584 etenim
2756 2545 2956 2598 manu,
2980 2527 3176 2583 divina
3197 2527 3583 2600 providentia,
3614 2530 3773 2585 cives

2119 2617 2433 2684 moenibus,
2464 2621 2522 2672 et
2551 2617 2755 2673 urbem
2788 2616 3031 2684 civibus,
3053 2616 3270 2689 quibus
3301 2615 3584 2673 destituta
3612 2621 3773 2674 sorte

2120 2706 2453 2762 miserrima
2497 2706 2711 2772 fuerat,
2744 2705 2984 2762 reddere
3034 2705 3275 2761 curavit.
3310 2704 3630 2761 Eventilata
3659 2705 3771 2762 ita-

2119 2812 2231 2869 que
2260 2811 2437 2850 eausa
2468 2810 2571 2866 pro
2603 2793 2935 2849 imminenti
2967 2792 3197 2865 negotio
3244 2794 3597 2861 necessaria,
3631 2812 3768 2851 cum

2118 2885 2317 2940 hostes
2348 2883 2467 2939 sint
2495 2882 2713 2955 copiosi
2743 2883 3191 2955 fortes,sintque
3222 2886 3487 2955 potentes
3518 2882 3577 2939 in
3600 2884 3771 2939 mali-

2117 2974 2220 3033 tia.
2254 2972 2586 3045 patriarcha
2634 2974 2692 3027 et
2741 2971 2880 3027 ordo
2937 2969 3244 3039 clericalis,
3275 2973 3448 3043 cujus
3489 2971 3647 3043 juris
3677 2977 3771 3029 est

2118 3064 2272 3119 bona
2301 3078 2555 3128 monere,
2598 3060 2786 3116 facere
2822 3063 2879 3115 et
2911 3061 3135 3128 docere,
3166 3058 3222 3114 vi
3252 3059 3546 3116 interioris
3575 3059 3769 3116 homi-

363 3128 671 3207 hominum
691 3152 749 3205 et
768 3130 1015 3204 aliarum
1038 3164 1233 3203 rerum
1258 3128 1513 3218 praedam
1538 3128 2008 3219 colligentes,per
2037 3128 2081 3196 C
2120 3153 2213 3207 nis
2244 3149 2491 3215 sull‘ulti,
2524 3148 2801 3221 inquiunt
2842 3148 3094 3221 perﬁdos
3125 3152 3183 3204 et
3210 3148 3544 3206 incredulos
3574 3165 3646 3205 ex
3674 3150 3768 3205 fa-

364 3240 614 3312 abrupta
662 3237 951 3294 montium
999 3235 1393 3309 elapsi,'moto
1421 3236 1547 3307 jam
1579 3235 1698 3292 sole
1730 3236 2007 3292 horarum

365 3329 613 3384 duarum
646 3326 853 3398 spatio,
892 3342 1003 3381 non
1037 3324 1207 3397 longe
1237 3324 1310 3378 ab
1343 3323 1640 3379 Antiochia
1677 3325 1883 3380 erectis
1914 3342 2008 3381 ve-

360 3416 517 3473 xillis
547 3419 966 3489 apparuerunt.
1001 3413 1164 3468 Unde
1189 3412 1329 3467 visis
1360 3412 1651 3479 hostibus,
1684 3413 1856 3468 sicuti
1882 3430 2009 3469 mos

361 3504 669 3561 hominum
691 3502 888 3577 exigit,
909 3500 1288 3557 circumcirca
1312 3498 1533 3556 clamor
1548 3501 1873 3557 immensus
1894 3501 2009 3557 ori-

361 3597 476 3650 tur.
509 3592 790 3658 Quocirca
809 3590 1001 3646 clerus
1030 3594 1086 3646 et
1117 3588 1355 3659 milites,
1389 3588 1489 3661 qui
1523 3589 1594 3646 de
1626 3589 1776 3645 bello
1814 3591 2008 3647 Antic-

362 3683 556 3740 chiam
584 3684 883 3748 venerant,
908 3684 966 3736 et
985 3678 1159 3745 cives,
1181 3681 1238 3734 et
1260 3682 1548 3751 quotquot
1567 3681 1819 3747 fuerant,
1846 3697 2008 3736 sum-

362 3771 482 3845 ptis
513 3769 694 3827 armis
725 3768 893 3842 quasi
925 3767 1243 3842 pugnaturi
1273 3770 1505 3835 exeunt,
1533 3771 1588 3823 et
1620 3769 1817 3824 statim
1841 3785 2013 3841 quos~

362 3861 500 3916 dam
530 3876 599 3916 ex
628 3859 723 3915 his
752 3857 811 3913 in
842 3857 1044 3913 hostes
1089 3856 1353 3929 dirigunt
1394 3860 1758 3913 scrutaturos
1790 3860 2011 3928 quanta

362 3950 540 4006 fuerit
568 3965 705 4022 pars
737 3951 794 4003 et
820 3946 909 4003 vis
936 3946 1172 4002 illorum
1217 3945 1498 4009 hostium.
1532 3945 1784 4019 Contigit
1814 3951 2009 4002 autem

362 4054 431 4096 ex
455 4038 573 4093 illis
602 4036 822 4104 missis,
857 4036 1004 4092 duos
1038 4036 1095 4090 in
1127 4034 1352 4106 campis
1396 4033 1625 4106 perimi,
1658 4038 1715 4089 et
1748 4040 2008 4102 caeteros,

361 4131 587 4201 tmpetu
642 4124 904 4182 hostium
954 4122 1262 4196 impulsos,
1297 4122 1558 4179 celeriter
1607 4124 1855 4196 regredi.
1889 4127 2010 4191 Quo

363 4216 506 4284 viso,
540 4215 723 4272 nostri
774 4231 891 4269 non
938 4213 1109 4285 longe
1154 4213 1224 4268 ab
1257 4212 1397 4267 urbe
1436 4212 1854 4284 praestolantes,
1891 4213 2013 4268 visa

370 4305 581 4361 inermi
634 4304 800 4376 plebe
830 4302 1089 4376 fugiente
1119 4319 1245 4373 quae
1277 4317 1411 4356 cum
1450 4300 1596 4373 ipsis
1630 4302 1793 4369 ierat,
1826 4317 2013 4373 coepe-

364 4397 502 4451 runt
533 4393 746 4450 moveri
778 4396 834 4448 et
864 4390 1117 4456 titillare,
1151 4391 1266 4445 Nec
1297 4406 1461 4445 mora
1492 4406 1504 4444 :
1540 4388 1737 4444 hostes
1786 4388 1884 4461 qui
1923 4406 2014 4445 se-

2117 3240 2212 3296 cili
2237 3256 2407 3312 posse
2438 3237 2588 3294 ﬂecti
2613 3241 2670 3293 et
2699 3237 3010 3311 prosterni,
3033 3234 3210 3292 etiam
3243 3253 3564 3309 paucorum
3597 3238 3769 3294 Chri-

2118 3327 2459 3386 sticolarum
2492 3326 2787 3392 manibus,
2810 3326 2882 3393 si,
2906 3342 3041 3381 vera
3061 3325 3297 3395 justitia
3325 3343 3461 3381 cum
3483 3326 3569 3383 eis
3588 3327 3771 3383 comi-

2116 3422 2296 3485 tante,
2321 3416 2577 3489 legitime
2608 3412 3013 3487 pugnaverint,
3035 3417 3093 3469 et
3115 3418 3178 3468 ut
3198 3414 3307 3470 hoc
3326 3415 3451 3485 ﬁat,
3471 3432 3569 3471 rex
3586 3420 3645 3471 et
3664 3428 3769 3471 cas-

2115 3507 2246 3575 teri,
2282 3523 2474 3561 mores
2504 3504 2792 3577 corrigere
2822 3502 3033 3558 horum
3066 3502 3332 3571 consilio,
3355 3507 3413 3558 et
3435 3502 3567 3559 aliis
3598 3504 3774 3560 bonis

2116 3595 2420 3668 invigilare
2451 3596 2746 3666 satagunt.
2768 3593 2998 3649 Statuto
3016 3591 3215 3664 itaque
3232 3590 3497 3658 consilio,
3520 3592 3582 3648 in
3602 3592 3775 3649 curia

2117 3684 2269 3741 beati
2303 3682 2456 3739 Petri
2503 3681 2728 3737 ratione
2770 3680 3208 3753 pernecessaria
3256 3681 3557 3737 decretum
3590 3684 3681 3737 est
3706 3686 3779 3737 ut

2117 3791 2235 3842 rex,
2270 3772 2364 3828 cui
2395 3788 2597 3844 aequus
2630 3773 2687 3826 et
2717 3786 2990 3825 summus
3041 3769 3278 3825 Arbiter
3324 3771 3442 3825 fere
3470 3786 3647 3827 omne
3677 3786 3778 3826 re-

2118 3878 2301 3936 gnum
2333 3858 2704 3917 orientalium
2752 3857 3235 3915 Christicolarum
3270 3857 3632 3928 subdiderat,
3670 3875 3778 3931 pro

2119 3951 2329 4008 affectu
2353 3946 2598 4020 justitiae
2630 3952 2689 4003 et
2718 3963 2821 4019 pro
2854 3946 3155 4002 communi
3198 3945 3451 4002 utilitate
3480 3946 3600 4003 ﬁlio
3632 3947 3777 4003 Boe-

2120 4039 2349 4108 mundi,
2363 4038 2535 4109 cujus
2550 4037 2704 4109 juris
2722 4040 2867 4104 erat,
2884 4035 3277 4108 principatum
3302 4034 3616 4092 Antiochia!
3637 4050 3777 4093 cum

2121 4129 2242 4185 ﬁlia
2287 4145 2396 4184 sua
2440 4127 2717 4193 traderet,
2747 4125 2796 4181 si
2845 4124 3023 4180 etiam
3080 4125 3392 4191 ducturus,
3425 4128 3484 4180 et
3530 4128 3775 4193 terram,

2120 4218 2505 4293 principatus,
2536 4213 2725 4288 ipsius
2756 4213 3000 4270 consilio
3040 4217 3098 4269 et
3139 4213 3355 4269 auxilio
3402 4216 3787 4286 preti-cturus

2122 4305 2436 4364 adveniret.
2472 4305 2589 4361 Hoc
2619 4303 2796 4360 etiam
2835 4302 3204 4360 considerato
3252 4303 3654 4360 moderamine
3675 4305 3783 4377 ju-

2124 4396 2318 4462 stitiae,
2354 4397 2652 4452 decretum
2701 4396 2791 4450 est
2838 4398 2906 4450 ut
2937 4393 3022 4449 illi
3052 4393 3151 4466 qui
3182 4393 3242 4449 in
3273 4398 3431 4450 terra
3461 4392 3674 4462 aliena,
3709 4398 3791 4451 ex

367 4485 699 4557 quebantur
728 4482 971 4555 primos,
1003 4497 1115 4536 non
1170 4477 1410 4535 retentis
1457 4476 1618 4544 loris,
1652 4478 1755 4533 sed
1796 4478 2014 4550 pressis
2043 4498 2090 4561 Ι)
2123 4486 2275 4541 dono
2306 4483 2703 4548 dominorum,
2727 4480 3015 4553 multique
3047 4480 3419 4538 contumeliis
3449 4484 3505 4537 et
3533 4482 3776 4538 terrori-

367 4572 533 4645 equis
554 4570 902 4637 calcaribus,
929 4568 1107 4625 simul
1129 4569 1187 4622 in
1211 4571 1444 4622 nostros
1476 4562 1728 4634 irruunt,
1753 4567 1835 4622 ita
1856 4567 2012 4639 quod

368 4661 656 4732 quosdam
689 4659 862 4716 etiam
894 4657 1166 4715 loricatos
1198 4656 1258 4711 in
1289 4654 1530 4710 ﬂumine
1562 4654 1745 4727 mergi
1774 4654 2013 4726 faciunt,

369 4754 723 4821 crateresque
755 4747 980 4804 mistim
1014 4744 1414 4818 percutiendo,
1450 4760 1635 4816 usque
1666 4760 1844 4816 super
1874 4762 2016 4817 pon-

368 4842 485 4893 tem
510 4838 740 4909 insequi
766 4853 881 4892 non
906 4834 1210 4891 desistant.
1239 4831 1316 4888 Ex
1337 4849 1453 4905 quo
1475 4832 1695 4905 impetu
1718 4836 1787 4888 37
1817 4850 1885 4889 ex
1914 4850 2018 4889 no-

371 4925 506 4982 slris
531 4925 815 4998 perempti
840 4928 996 4980 sunt.
1025 4921 1218 4978 Nostri
1244 4925 1438 4976 tamen
1462 4920 1520 4974 in
1545 4926 1721 4993 ponte
1752 4922 2021 4979 resisten-

371 5020 479 5082 tes,
512 5013 775 5069 dimissis
805 5012 972 5084 equis
1003 5016 1060 5067 et
1090 5009 1363 5066 extractis
1385 5009 1648 5077 ensibus,
1667 5011 2019 5082 pedetentim

371 5104 524 5160 vires
546 5102 916 5166 resumendo,
942 5100 1138 5156 hostes
1154 5098 1479 5156 eliminant.
1503 5098 1800 5155 Eliminati
1825 5101 2021 5174 itaque

375 5208 441 5246 ac
472 5191 696 5246 caeteris
726 5190 936 5262 prwdis
968 5188 1188 5245 onerati
1250 5187 1428 5243 simul
1478 5187 1833 5256 incedentes,
1869 5190 2024 5246 ultra

374 5279 698 5333 Corbanam
758 5278 908 5332 inter
956 5277 1104 5333 duas
1153 5292 1339 5350 aquas
1384 5276 1683 5350 paulisper
1728 5279 2022 5335 accubue-

378 5370 536 5422 runt.

448 5541 567 5605 Nec
592 5541 777 5599 multo
805 5550 938 5617 post
964 5453 1486 5607 agtgfgz‘ldﬁnus
1514 5561 1614 5601 rex
1642 5549 2022 5616 memoratus,

2122 4573 2254 4640 bus,
2279 4570 2561 4628 effusione
2581 4570 2758 4628 etiam
2778 4569 3085 4643 sanguinis
3108 4569 3199 4626 sui
3221 4574 3278 4627 et
3297 4574 3609 4643 parentum
3649 4586 3789 4628 suo-

2127 4678 2281 4729 rum,
2306 4662 2365 4716 in
2386 4659 2723 4716 defensione
2752 4657 3215 4715 Christianitatis
3244 4662 3431 4715 terras
3451 4660 3509 4713 et
3528 4658 3793 4716 honores

2127 4746 2550 4820 acquisierunt,
2584 4743 2749 4801 nulla
2778 4745 3102 4802 mutatione
3131 4745 3790 4802 Christianm’domina-

2125 4836 2302 4892 tionis
2323 4834 2526 4890 habita
2554 4838 2611 4890 et
2641 4850 2915 4906 possessa
2943 4835 3297 4902 amitterent,
3322 4834 3423 4889 sed
3437 4834 3582 4905 jure'
3601 4832 3789 4890 haere-

2128 4924 2338 4981 ditario
2370 4922 2756 4995 possiderent.
2781 4923 2963 4995 quue
2983 4922 3175 4979 verbis
3195 4926 3250 4978 et
3272 4936 3451 4978 manu
3473 4922 3635 4993 regia
3651 4936 3790 4979 sano

2128 5012 2310 5069 citum
2338 5016 2395 5067 et
2424 5011 2835 5066 confirmatum
2866 5010 3109 5066 exstitit.

2759 5108 2995 5165 CAPUT
3031 5106 3153 5164 XlI.

2201 5188 2302 5245 His
2331 5187 2604 5261 peractis,
2639 5204 2739 5244 rex
2786 5188 3101 5245 Antiochiae
3150 5189 3404 5245 existens
3435 5189 3507 5244 de
3540 5189 3791 5246 remotis

2130 5278 2419 5352 partibus,
2447 5280 2506 5333 et
2544 5276 2851 5350 proximis,
2883 5280 2941 5334 et
2992 5277 3383 5351 undecunque
3430 5280 3644 5352 potest,
3677 5295 3795 5336 no-

2132 5367 2290 5423 mine
2318 5365 2455 5422 belli
2485 5370 2719 5439 gentem
2748 5365 3034 5423 citissime
3057 5369 3403 5440 congregat;
3424 5378 3605 5437 seque
3626 5383 3799 5423 suos-

2133 5472 2248 5529 que
2279 5455 2461 5511 armis
2491 5454 2738 5524 bellicis,
2773 5458 3097 5528 castamque
3127 5454 3338 5512 bellico
3382 5458 3695 5527 apparatu,
3727 5462 3807 5512 ut

2135 5545 2375 5603 decebat
2420 5559 2638 5618 regem,
2666 5544 2898 5602 munire
2943 5544 3176 5617 satagit.
3209 5543 3329 5601 Hoc
3361 5541 3564 5600 audito
3592 5543 3801 5617 Algaﬂ
