  <div class='ocr_page' id='page_1' title='image "/cluster/home/n/w/nwhite01/storage/ocr_20150623/155/hvd.32044054760137/516.png"; bbox 0 0 3992 6090; ppageno 0'>
   <div class='ocr_carea' id='block_1_1' title="bbox 260 323 3693 421">
    <p class='ocr_par' dir='ltr' id='par_1_1' title="bbox 260 323 3693 421">
     <span class='ocr_line' id='line_1_1' title="bbox 260 323 3693 421; baseline 0.001 -26"><span class='ocrx_word' id='word_1_1' title='bbox 260 324 443 395; x_wconf 62' lang='lat' dir='ltr'>r1025</span> <span class='ocrx_word' id='word_1_2' title='bbox 787 412 793 418; x_wconf 26' lang='lat'><strong><em>.</em></strong></span> <span class='ocrx_word' id='word_1_3' title='bbox 937 324 1303 391; x_wconf 71' lang='lat' dir='ltr'>GALTERII</span> <span class='ocrx_word' id='word_1_4' title='bbox 1347 326 1862 421; x_wconf 81' lang='lat' dir='ltr'>CANCELLABII</span> <span class='ocrx_word' id='word_1_5' title='bbox 1908 323 2161 389; x_wconf 85' lang='lat' dir='ltr'><strong>BELLA</strong></span> <span class='ocrx_word' id='word_1_6' title='bbox 2210 324 2578 391; x_wconf 81' lang='lat' dir='ltr'>ANTIOCH.</span> <span class='ocrx_word' id='word_1_7' title='bbox 2612 364 2690 374; x_wconf 96' lang='lat'><strong>—</strong></span> <span class='ocrx_word' id='word_1_8' title='bbox 2721 326 2918 392; x_wconf 83' lang='lat' dir='ltr'>PARS</span> <span class='ocrx_word' id='word_1_9' title='bbox 2962 326 3040 392; x_wconf 90' lang='lat' dir='ltr'>ll.</span> <span class='ocrx_word' id='word_1_10' title='bbox 3534 330 3693 399; x_wconf 74' lang='grc'>1026</span> 
     </span>
    </p>
   </div>
   <div class='ocr_carea' id='block_1_2' title="bbox 270 458 3695 536">
    <p class='ocr_par' dir='ltr' id='par_1_2' title="bbox 270 458 3695 536">
     <span class='ocr_line' id='line_1_2' title="bbox 270 458 3695 536; baseline 0.001 -19"><span class='ocrx_word' id='word_1_11' title='bbox 270 458 759 529; x_wconf 77' lang='lat' dir='ltr'>.dimissointacto</span> <span class='ocrx_word' id='word_1_12' title='bbox 779 463 968 519; x_wconf 84' lang='lat' dir='ltr'>castro</span> <span class='ocrx_word' id='word_1_13' title='bbox 983 460 1307 517; x_wconf 85' lang='lat' dir='ltr'>Arthesiiet</span> <span class='ocrx_word' id='word_1_14' title='bbox 1331 460 1551 529; x_wconf 88' lang='lat' dir='ltr'>Emine,</span> <span class='ocrx_word' id='word_1_15' title='bbox 1570 461 1641 517; x_wconf 89' lang='lat' dir='ltr'>ab</span> <span class='ocrx_word' id='word_1_16' title='bbox 1668 461 1935 519; x_wconf 69' lang='lat' dir='ltr'>obsitlen-</span> <span class='ocrx_word' id='word_1_17' title='bbox 1960 462 2010 529; x_wconf 81' lang='grc' dir='ltr'><strong>Α</strong></span> <span class='ocrx_word' id='word_1_18' title='bbox 2048 460 2298 532; x_wconf 88' lang='lat' dir='ltr'>pretioso</span> <span class='ocrx_word' id='word_1_19' title='bbox 2332 478 2437 516; x_wconf 89' lang='lat' dir='ltr'>suo</span> <span class='ocrx_word' id='word_1_20' title='bbox 2470 462 2755 536; x_wconf 89' lang='lat' dir='ltr'>sanguine</span> <span class='ocrx_word' id='word_1_21' title='bbox 2799 461 3063 530; x_wconf 79' lang='lat' dir='ltr'>redemit,</span> <span class='ocrx_word' id='word_1_22' title='bbox 3096 461 3223 535; x_wconf 88' lang='lat' dir='ltr'>ipse</span> <span class='ocrx_word' id='word_1_23' title='bbox 3252 462 3327 518; x_wconf 90' lang='lat' dir='ltr'>sit</span> <span class='ocrx_word' id='word_1_24' title='bbox 3357 462 3612 520; x_wconf 86' lang='lat' dir='ltr'>clemens</span> <span class='ocrx_word' id='word_1_25' title='bbox 3638 472 3695 527; x_wconf 81' lang='lat' dir='ltr'>et</span> 
     </span>
    </p>
   </div>
   <div class='ocr_carea' id='block_1_3' title="bbox 277 548 3698 625">
    <p class='ocr_par' dir='ltr' id='par_1_3' title="bbox 277 548 3698 625">
     <span class='ocr_line' id='line_1_3' title="bbox 277 548 3698 625; baseline 0.001 -21"><span class='ocrx_word' id='word_1_26' title='bbox 277 548 425 607; x_wconf 89' lang='lat' dir='ltr'>dum</span> <span class='ocrx_word' id='word_1_27' title='bbox 445 548 728 622; x_wconf 86' lang='lat' dir='ltr'>Cerepum</span> <span class='ocrx_word' id='word_1_28' title='bbox 750 548 1043 622; x_wconf 89' lang='lat' dir='ltr'>profectus</span> <span class='ocrx_word' id='word_1_29' title='bbox 1065 554 1170 606; x_wconf 89' lang='lat' dir='ltr'>est.</span> <span class='ocrx_word' id='word_1_30' title='bbox 1192 549 1471 606; x_wconf 72' lang='lat' dir='ltr'>Audierat</span> <span class='ocrx_word' id='word_1_31' title='bbox 1494 550 1929 623; x_wconf 82' lang='lat' dir='ltr'>namquc,fama</span> <span class='ocrx_word' id='word_1_32' title='bbox 2038 548 2330 622; x_wconf 89' lang='lat' dir='ltr'>propitius</span> <span class='ocrx_word' id='word_1_33' title='bbox 2361 551 2479 605; x_wconf 78' lang='lat' dir='ltr'>dux</span> <span class='ocrx_word' id='word_1_34' title='bbox 2522 549 2766 619; x_wconf 89' lang='lat' dir='ltr'>itineris,</span> <span class='ocrx_word' id='word_1_35' title='bbox 2800 556 2858 607; x_wconf 92' lang='lat' dir='ltr'>et</span> <span class='ocrx_word' id='word_1_36' title='bbox 2900 551 3162 625; x_wconf 83' lang='lat' dir='ltr'>provisor</span> <span class='ocrx_word' id='word_1_37' title='bbox 3208 551 3500 623; x_wconf 81' lang='lat' dir='ltr'>utilitatis,</span> <span class='ocrx_word' id='word_1_38' title='bbox 3533 557 3599 608; x_wconf 89' lang='lat' dir='ltr'>ut</span> <span class='ocrx_word' id='word_1_39' title='bbox 3638 554 3698 609; x_wconf 82' lang='lat' dir='ltr'>et</span> 
     </span>
    </p>
   </div>
   <div class='ocr_carea' id='block_1_4' title="bbox 279 637 1926 707">
    <p class='ocr_par' dir='ltr' id='par_1_4' title="bbox 279 637 1926 707">
     <span class='ocr_line' id='line_1_4' title="bbox 279 637 1926 707; baseline 0.001 -14"><span class='ocrx_word' id='word_1_40' title='bbox 279 637 602 695; x_wconf 87' lang='lat' dir='ltr'>multorum</span> <span class='ocrx_word' id='word_1_41' title='bbox 625 642 952 707; x_wconf 79' lang='lat' dir='ltr'>enarrante,</span> <span class='ocrx_word' id='word_1_42' title='bbox 970 637 1214 695; x_wconf 82' lang='lat' dir='ltr'>Alanum</span> <span class='ocrx_word' id='word_1_43' title='bbox 1232 638 1390 695; x_wconf 90' lang='lat' dir='ltr'>illius</span> <span class='ocrx_word' id='word_1_44' title='bbox 1407 639 1581 695; x_wconf 82' lang='lat' dir='ltr'>castri</span> <span class='ocrx_word' id='word_1_45' title='bbox 1598 640 1926 707; x_wconf 89' lang='lat' dir='ltr'>dominum,</span> 
     </span>
    </p>
   </div>
   <div class='ocr_carea' id='block_1_5' title="bbox 277 726 1932 794">
    <p class='ocr_par' dir='ltr' id='par_1_5' title="bbox 277 726 1932 794">
     <span class='ocr_line' id='line_1_5' title="bbox 277 726 1932 794; baseline 0.001 -11"><span class='ocrx_word' id='word_1_46' title='bbox 277 744 417 783; x_wconf 89' lang='lat' dir='ltr'>cum</span> <span class='ocrx_word' id='word_1_47' title='bbox 448 726 574 783; x_wconf 88' lang='lat' dir='ltr'>suis</span> <span class='ocrx_word' id='word_1_48' title='bbox 604 726 911 794; x_wconf 86' lang='lat' dir='ltr'>militibus,</span> <span class='ocrx_word' id='word_1_49' title='bbox 948 727 1271 785; x_wconf 89' lang='lat' dir='ltr'>Edessanos</span> <span class='ocrx_word' id='word_1_50' title='bbox 1297 728 1471 784; x_wconf 89' lang='lat' dir='ltr'>etiam</span> <span class='ocrx_word' id='word_1_51' title='bbox 1517 728 1730 785; x_wconf 82' lang='lat' dir='ltr'>milites</span> <span class='ocrx_word' id='word_1_52' title='bbox 1763 746 1829 784; x_wconf 80' lang='lat' dir='ltr'>ac</span> <span class='ocrx_word' id='word_1_53' title='bbox 1861 729 1932 784; x_wconf 88' lang='lat' dir='ltr'>de</span> 
     </span>
    </p>
   </div>
   <div class='ocr_carea' id='block_1_6' title="bbox 279 814 1935 890">
    <p class='ocr_par' dir='ltr' id='par_1_6' title="bbox 279 814 1935 890">
     <span class='ocr_line' id='line_1_6' title="bbox 279 814 1935 890; baseline -0.001 -15"><span class='ocrx_word' id='word_1_54' title='bbox 279 815 412 875; x_wconf 79' lang='lat' dir='ltr'>aliis</span> <span class='ocrx_word' id='word_1_55' title='bbox 442 814 652 872; x_wconf 85' lang='lat' dir='ltr'>castris</span> <span class='ocrx_word' id='word_1_56' title='bbox 680 815 797 871; x_wconf 84' lang='lat' dir='ltr'>fere</span> <span class='ocrx_word' id='word_1_57' title='bbox 827 817 1235 888; x_wconf 81' lang='lat' dir='ltr'>omnes,jussu</span> <span class='ocrx_word' id='word_1_58' title='bbox 1269 817 1426 890; x_wconf 91' lang='lat' dir='ltr'>regio</span> <span class='ocrx_word' id='word_1_59' title='bbox 1451 817 1817 873; x_wconf 84' lang='lat' dir='ltr'>Antiochiam</span> <span class='ocrx_word' id='word_1_60' title='bbox 1840 817 1935 873; x_wconf 82' lang='lat' dir='ltr'>ad-</span> 
     </span>
    </p>
   </div>
   <div class='ocr_carea' id='block_1_7' title="bbox 278 904 1934 979">
    <p class='ocr_par' dir='ltr' id='par_1_7' title="bbox 278 904 1934 979">
     <span class='ocr_line' id='line_1_7' title="bbox 278 904 1934 979; baseline 0.002 -20"><span class='ocrx_word' id='word_1_61' title='bbox 278 904 496 973; x_wconf 80' lang='lat' dir='ltr'>venire,</span> <span class='ocrx_word' id='word_1_62' title='bbox 530 908 595 960; x_wconf 91' lang='lat' dir='ltr'>ut</span> <span class='ocrx_word' id='word_1_63' title='bbox 626 904 761 960; x_wconf 90' lang='lat' dir='ltr'>inde</span> <span class='ocrx_word' id='word_1_64' title='bbox 805 906 1077 977; x_wconf 85' lang='lat' dir='ltr'>promoti,</span> <span class='ocrx_word' id='word_1_65' title='bbox 1123 905 1319 979; x_wconf 89' lang='lat' dir='ltr'>ipsum</span> <span class='ocrx_word' id='word_1_66' title='bbox 1367 906 1448 962; x_wconf 89' lang='lat' dir='ltr'>ibi</span> <span class='ocrx_word' id='word_1_67' title='bbox 1497 906 1583 961; x_wconf 87' lang='lat' dir='ltr'>vel</span> <span class='ocrx_word' id='word_1_68' title='bbox 1629 905 1769 963; x_wconf 88' lang='lat' dir='ltr'>alibi</span> <span class='ocrx_word' id='word_1_69' title='bbox 1818 905 1934 962; x_wconf 86' lang='lat' dir='ltr'>exi-</span> 
     </span>
    </p>
   </div>
   <div class='ocr_carea' id='block_1_8' title="bbox 282 992 1938 1068">
    <p class='ocr_par' dir='ltr' id='par_1_8' title="bbox 282 992 1938 1068">
     <span class='ocr_line' id='line_1_8' title="bbox 282 992 1938 1068; baseline 0 -18"><span class='ocrx_word' id='word_1_70' title='bbox 282 998 498 1064; x_wconf 87' lang='lat' dir='ltr'>stente,</span> <span class='ocrx_word' id='word_1_71' title='bbox 533 992 685 1049; x_wconf 92' lang='lat' dir='ltr'>bello</span> <span class='ocrx_word' id='word_1_72' title='bbox 716 994 1066 1065; x_wconf 81' lang='lat' dir='ltr'>percutiant.</span> <span class='ocrx_word' id='word_1_73' title='bbox 1100 994 1215 1051; x_wconf 85' lang='lat' dir='ltr'>Nec</span> <span class='ocrx_word' id='word_1_74' title='bbox 1264 995 1469 1051; x_wconf 74' lang='lat' dir='ltr'>effectu</span> <span class='ocrx_word' id='word_1_75' title='bbox 1501 995 1709 1063; x_wconf 87' lang='lat' dir='ltr'>caruit,</span> <span class='ocrx_word' id='word_1_76' title='bbox 1760 1012 1938 1068; x_wconf 85' lang='lat' dir='ltr'>super</span> 
     </span>
    </p>
   </div>
   <div class='ocr_carea' id='block_1_9' title="bbox 278 1074 1938 1156">
    <p class='ocr_par' dir='ltr' id='par_1_9' title="bbox 278 1074 1938 1156">
     <span class='ocr_line' id='line_1_9' title="bbox 278 1074 1938 1156; baseline 0 -17"><span class='ocrx_word' id='word_1_77' title='bbox 278 1082 391 1139; x_wconf 90' lang='lat' dir='ltr'>hoc</span> <span class='ocrx_word' id='word_1_78' title='bbox 420 1088 478 1138; x_wconf 89' lang='lat' dir='ltr'>et</span> <span class='ocrx_word' id='word_1_79' title='bbox 524 1098 704 1155; x_wconf 86' lang='lat' dir='ltr'>super</span> <span class='ocrx_word' id='word_1_80' title='bbox 750 1081 903 1149; x_wconf 88' lang='lat' dir='ltr'>aliis,</span> <span class='ocrx_word' id='word_1_81' title='bbox 949 1083 1105 1156; x_wconf 89' lang='lat' dir='ltr'>quod</span> <span class='ocrx_word' id='word_1_82' title='bbox 1154 1074 1273 1139; x_wconf 77' lang='lat' dir='ltr'>Rex</span> <span class='ocrx_word' id='word_1_83' title='bbox 1315 1083 1442 1139; x_wconf 74' lang='grc' dir='ltr'>οωΙί</span> <span class='ocrx_word' id='word_1_84' title='bbox 1490 1090 1548 1141; x_wconf 91' lang='lat' dir='ltr'>et</span> <span class='ocrx_word' id='word_1_85' title='bbox 1595 1090 1757 1140; x_wconf 82' lang='lat' dir='ltr'>terrae</span> <span class='ocrx_word' id='word_1_86' title='bbox 1811 1084 1938 1140; x_wconf 82' lang='lat' dir='ltr'>fieri</span> 
     </span>
    </p>
   </div>
   <div class='ocr_carea' id='block_1_10' title="bbox 276 1170 1936 1244">
    <p class='ocr_par' dir='ltr' id='par_1_10' title="bbox 276 1170 1936 1244">
     <span class='ocr_line' id='line_1_10' title="bbox 276 1170 1936 1244; baseline 0.002 -18"><span class='ocrx_word' id='word_1_87' title='bbox 276 1170 481 1227; x_wconf 87' lang='lat' dir='ltr'>voluit.</span> <span class='ocrx_word' id='word_1_88' title='bbox 514 1170 894 1244; x_wconf 84' lang='lat' dir='ltr'>Algazivero,</span> <span class='ocrx_word' id='word_1_89' title='bbox 930 1189 1063 1229; x_wconf 91' lang='lat' dir='ltr'>cum</span> <span class='ocrx_word' id='word_1_90' title='bbox 1113 1189 1353 1228; x_wconf 91' lang='lat' dir='ltr'>suorum</span> <span class='ocrx_word' id='word_1_91' title='bbox 1403 1172 1630 1229; x_wconf 88' lang='lat' dir='ltr'>assultu</span> <span class='ocrx_word' id='word_1_92' title='bbox 1679 1179 1936 1230; x_wconf 91' lang='lat' dir='ltr'>castrum</span> 
     </span>
    </p>
   </div>
   <div class='ocr_carea' id='block_1_11' title="bbox 279 1261 1938 1335">
    <p class='ocr_par' dir='ltr' id='par_1_11' title="bbox 279 1261 1938 1335">
     <span class='ocr_line' id='line_1_11' title="bbox 279 1261 1938 1335; baseline 0.001 -18"><span class='ocrx_word' id='word_1_93' title='bbox 279 1276 486 1333; x_wconf 86' lang='lat' dir='ltr'>capere</span> <span class='ocrx_word' id='word_1_94' title='bbox 515 1265 786 1333; x_wconf 88' lang='lat' dir='ltr'>nequeat,</span> <span class='ocrx_word' id='word_1_95' title='bbox 838 1278 907 1317; x_wconf 76' lang='lat' dir='ltr'>ex</span> <span class='ocrx_word' id='word_1_96' title='bbox 952 1261 1196 1318; x_wconf 84' lang='lat' dir='ltr'>diversis</span> <span class='ocrx_word' id='word_1_97' title='bbox 1244 1262 1513 1335; x_wconf 91' lang='lat' dir='ltr'>partibus</span> <span class='ocrx_word' id='word_1_98' title='bbox 1560 1264 1711 1319; x_wconf 80' lang='lat' dir='ltr'>facto</span> <span class='ocrx_word' id='word_1_99' title='bbox 1760 1281 1938 1335; x_wconf 86' lang='lat' dir='ltr'>specu</span> 
     </span>
    </p>
   </div>
   <div class='ocr_carea' id='block_1_12' title="bbox 266 1338 1938 1424">
    <p class='ocr_par' dir='ltr' id='par_1_12' title="bbox 266 1338 1938 1424">
     <span class='ocr_line' id='line_1_12' title="bbox 266 1338 1938 1424; baseline 0.002 -19"><span class='ocrx_word' id='word_1_100' title='bbox 266 1338 665 1406; x_wconf 82' lang='lat' dir='ltr'>subterraneo</span> <span class='ocrx_word' id='word_1_101' title='bbox 698 1350 1047 1407; x_wconf 86' lang='lat' dir='ltr'>infodientes</span> <span class='ocrx_word' id='word_1_102' title='bbox 1099 1349 1280 1406; x_wconf 87' lang='lat' dir='ltr'>mittit</span> <span class='ocrx_word' id='word_1_103' title='bbox 1311 1351 1597 1419; x_wconf 87' lang='lat' dir='ltr'>homines,</span> <span class='ocrx_word' id='word_1_104' title='bbox 1631 1351 1938 1424; x_wconf 77' lang='lat' dir='ltr'>igniferos-</span> 
     </span>
    </p>
   </div>
   <div class='ocr_carea' id='block_1_13' title="bbox 279 1438 1940 1513">
    <p class='ocr_par' dir='ltr' id='par_1_13' title="bbox 279 1438 1940 1513">
     <span class='ocr_line' id='line_1_13' title="bbox 279 1438 1940 1513; baseline 0.001 -17"><span class='ocrx_word' id='word_1_105' title='bbox 279 1456 395 1513; x_wconf 90' lang='lat' dir='ltr'>que</span> <span class='ocrx_word' id='word_1_106' title='bbox 424 1444 592 1513; x_wconf 88' lang='lat' dir='ltr'>parat</span> <span class='ocrx_word' id='word_1_107' title='bbox 622 1455 829 1495; x_wconf 92' lang='lat' dir='ltr'>currus</span> <span class='ocrx_word' id='word_1_108' title='bbox 860 1439 1033 1495; x_wconf 89' lang='lat' dir='ltr'>siccis</span> <span class='ocrx_word' id='word_1_109' title='bbox 1083 1438 1262 1513; x_wconf 85' lang='lat' dir='ltr'>lignis</span> <span class='ocrx_word' id='word_1_110' title='bbox 1311 1440 1541 1508; x_wconf 89' lang='lat' dir='ltr'>insitos,</span> <span class='ocrx_word' id='word_1_111' title='bbox 1574 1445 1639 1496; x_wconf 92' lang='lat' dir='ltr'>ut</span> <span class='ocrx_word' id='word_1_112' title='bbox 1685 1458 1819 1497; x_wconf 88' lang='lat' dir='ltr'>cum</span> <span class='ocrx_word' id='word_1_113' title='bbox 1867 1442 1940 1498; x_wconf 89' lang='lat' dir='ltr'>ad</span> 
     </span>
    </p>
   </div>
   <div class='ocr_carea' id='block_1_14' title="bbox 278 1528 1942 1603">
    <p class='ocr_par' dir='ltr' id='par_1_14' title="bbox 278 1528 1942 1603">
     <span class='ocr_line' id='line_1_14' title="bbox 278 1528 1942 1603; baseline 0 -18"><span class='ocrx_word' id='word_1_114' title='bbox 278 1532 476 1585; x_wconf 86' lang='lat' dir='ltr'>turres</span> <span class='ocrx_word' id='word_1_115' title='bbox 506 1528 876 1603; x_wconf 84' lang='lat' dir='ltr'>pervenerint</span> <span class='ocrx_word' id='word_1_116' title='bbox 896 1529 1007 1585; x_wconf 86' lang='lat' dir='ltr'>sub</span> <span class='ocrx_word' id='word_1_117' title='bbox 1032 1529 1278 1602; x_wconf 66' lang='lat' dir='ltr'>podiataz</span> <span class='ocrx_word' id='word_1_118' title='bbox 1302 1529 1569 1603; x_wconf 89' lang='lat' dir='ltr'>postibus</span> <span class='ocrx_word' id='word_1_119' title='bbox 1595 1529 1812 1586; x_wconf 92' lang='lat' dir='ltr'>eisdem</span> <span class='ocrx_word' id='word_1_120' title='bbox 1837 1531 1942 1586; x_wconf 85' lang='lat' dir='ltr'>im-</span> 
     </span>
    </p>
   </div>
   <div class='ocr_carea' id='block_1_15' title="bbox 279 1617 1939 1691">
    <p class='ocr_par' dir='ltr' id='par_1_15' title="bbox 279 1617 1939 1691">
     <span class='ocr_line' id='line_1_15' title="bbox 279 1617 1939 1691; baseline -0.002 -14"><span class='ocrx_word' id='word_1_121' title='bbox 279 1618 483 1677; x_wconf 85' lang='lat' dir='ltr'>missis</span> <span class='ocrx_word' id='word_1_122' title='bbox 511 1617 749 1691; x_wconf 88' lang='lat' dir='ltr'>ignibus</span> <span class='ocrx_word' id='word_1_123' title='bbox 780 1622 1074 1675; x_wconf 90' lang='lat' dir='ltr'>corruant.</span> <span class='ocrx_word' id='word_1_124' title='bbox 1110 1618 1321 1674; x_wconf 68' lang='lat' dir='ltr'>Praeter</span> <span class='ocrx_word' id='word_1_125' title='bbox 1346 1618 1467 1674; x_wconf 66' lang='lat' dir='ltr'>haec</span> <span class='ocrx_word' id='word_1_126' title='bbox 1497 1619 1567 1675; x_wconf 90' lang='lat' dir='ltr'>de</span> <span class='ocrx_word' id='word_1_127' title='bbox 1590 1619 1682 1674; x_wconf 90' lang='lat' dir='ltr'>die</span> <span class='ocrx_word' id='word_1_128' title='bbox 1702 1618 1761 1674; x_wconf 90' lang='lat' dir='ltr'>in</span> <span class='ocrx_word' id='word_1_129' title='bbox 1785 1619 1939 1675; x_wconf 92' lang='lat' dir='ltr'>diem</span> 
     </span>
    </p>
   </div>
   <div class='ocr_carea' id='block_1_16' title="bbox 279 1706 1940 1781">
    <p class='ocr_par' dir='ltr' id='par_1_16' title="bbox 279 1706 1940 1781">
     <span class='ocr_line' id='line_1_16' title="bbox 279 1706 1940 1781; baseline 0.001 -18"><span class='ocrx_word' id='word_1_130' title='bbox 279 1710 370 1763; x_wconf 88' lang='lat' dir='ltr'>ter</span> <span class='ocrx_word' id='word_1_131' title='bbox 394 1706 484 1763; x_wconf 90' lang='lat' dir='ltr'>vel</span> <span class='ocrx_word' id='word_1_132' title='bbox 514 1711 722 1779; x_wconf 87' lang='lat' dir='ltr'>quater</span> <span class='ocrx_word' id='word_1_133' title='bbox 758 1706 1029 1779; x_wconf 88' lang='lat' dir='ltr'>petrariis</span> <span class='ocrx_word' id='word_1_134' title='bbox 1060 1706 1541 1780; x_wconf 90' lang='lat' dir='ltr'>diversorumque</span> <span class='ocrx_word' id='word_1_135' title='bbox 1572 1708 1940 1781; x_wconf 83' lang='lat' dir='ltr'>ingeniorum</span> 
     </span>
    </p>
   </div>
   <div class='ocr_carea' id='block_1_17' title="bbox 278 1795 1940 1863">
    <p class='ocr_par' dir='ltr' id='par_1_17' title="bbox 278 1795 1940 1863">
     <span class='ocr_line' id='line_1_17' title="bbox 278 1795 1940 1863; baseline 0 -12"><span class='ocrx_word' id='word_1_136' title='bbox 278 1795 715 1863; x_wconf 87' lang='lat' dir='ltr'>instrumentis,</span> <span class='ocrx_word' id='word_1_137' title='bbox 748 1812 884 1851; x_wconf 91' lang='lat' dir='ltr'>cum</span> <span class='ocrx_word' id='word_1_138' title='bbox 919 1796 1150 1853; x_wconf 87' lang='lat' dir='ltr'>assultu</span> <span class='ocrx_word' id='word_1_139' title='bbox 1181 1801 1540 1853; x_wconf 88' lang='lat' dir='ltr'>armatorum</span> <span class='ocrx_word' id='word_1_140' title='bbox 1587 1796 1790 1853; x_wconf 92' lang='lat' dir='ltr'>ordine</span> <span class='ocrx_word' id='word_1_141' title='bbox 1838 1796 1940 1852; x_wconf 88' lang='lat' dir='ltr'>tri-</span> 
     </span>
    </p>
   </div>
   <div class='ocr_carea' id='block_1_18' title="bbox 274 1883 1939 1959">
    <p class='ocr_par' dir='ltr' id='par_1_18' title="bbox 274 1883 1939 1959">
     <span class='ocr_line' id='line_1_18' title="bbox 274 1883 1939 1959; baseline 0 -19"><span class='ocrx_word' id='word_1_142' title='bbox 274 1883 423 1959; x_wconf 89' lang='lat' dir='ltr'>plici</span> <span class='ocrx_word' id='word_1_143' title='bbox 436 1884 833 1941; x_wconf 89' lang='lat' dir='ltr'>invadentium</span> <span class='ocrx_word' id='word_1_144' title='bbox 846 1883 1160 1952; x_wconf 89' lang='lat' dir='ltr'>,immissis</span> <span class='ocrx_word' id='word_1_145' title='bbox 1177 1884 1406 1959; x_wconf 85' lang='lat' dir='ltr'>sagittis</span> <span class='ocrx_word' id='word_1_146' title='bbox 1423 1902 1557 1941; x_wconf 89' lang='lat' dir='ltr'>cum</span> <span class='ocrx_word' id='word_1_147' title='bbox 1575 1885 1939 1941; x_wconf 87' lang='lat' dir='ltr'>immanitate</span> 
     </span>
    </p>
   </div>
   <div class='ocr_carea' id='block_1_19' title="bbox 278 1972 1939 2047">
    <p class='ocr_par' dir='ltr' id='par_1_19' title="bbox 278 1972 1939 2047">
     <span class='ocr_line' id='line_1_19' title="bbox 278 1972 1939 2047; baseline 0 -17"><span class='ocrx_word' id='word_1_148' title='bbox 278 1972 555 2041; x_wconf 87' lang='lat' dir='ltr'>telorum,</span> <span class='ocrx_word' id='word_1_149' title='bbox 588 1977 647 2029; x_wconf 91' lang='lat' dir='ltr'>et</span> <span class='ocrx_word' id='word_1_150' title='bbox 673 1977 867 2029; x_wconf 89' lang='lat' dir='ltr'>turres</span> <span class='ocrx_word' id='word_1_151' title='bbox 906 1972 1364 2047; x_wconf 88' lang='lat' dir='ltr'>propugnaculis</span> <span class='ocrx_word' id='word_1_152' title='bbox 1396 1973 1721 2047; x_wconf 87' lang='lat' dir='ltr'>privabant,</span> <span class='ocrx_word' id='word_1_153' title='bbox 1755 1978 1812 2030; x_wconf 88' lang='lat' dir='ltr'>et</span> <span class='ocrx_word' id='word_1_154' title='bbox 1840 1976 1939 2030; x_wconf 80' lang='lat' dir='ltr'>de-</span> 
     </span>
    </p>
   </div>
   <div class='ocr_carea' id='block_1_20' title="bbox 276 2061 1939 2137">
    <p class='ocr_par' dir='ltr' id='par_1_20' title="bbox 276 2061 1939 2137">
     <span class='ocr_line' id='line_1_20' title="bbox 276 2061 1939 2137; baseline 0.001 -20"><span class='ocrx_word' id='word_1_155' title='bbox 276 2064 535 2131; x_wconf 71' lang='lat' dir='ltr'>fessores</span> <span class='ocrx_word' id='word_1_156' title='bbox 566 2061 733 2119; x_wconf 72' lang='lat' dir='ltr'>saevis</span> <span class='ocrx_word' id='word_1_157' title='bbox 764 2062 979 2118; x_wconf 88' lang='lat' dir='ltr'>ictibus</span> <span class='ocrx_word' id='word_1_158' title='bbox 1011 2063 1478 2135; x_wconf 82' lang='lat' dir='ltr'>prasternebant.</span> <span class='ocrx_word' id='word_1_159' title='bbox 1494 2064 1751 2119; x_wconf 88' lang='lat' dir='ltr'>Tandem</span> <span class='ocrx_word' id='word_1_160' title='bbox 1776 2063 1939 2137; x_wconf 89' lang='lat' dir='ltr'>oppi-</span> 
     </span>
    </p>
   </div>
   <div class='ocr_carea' id='block_1_21' title="bbox 280 2150 1940 2225">
    <p class='ocr_par' dir='ltr' id='par_1_21' title="bbox 280 2150 1940 2225">
     <span class='ocr_line' id='line_1_21' title="bbox 280 2150 1940 2225; baseline 0.001 -18"><span class='ocrx_word' id='word_1_161' title='bbox 280 2151 447 2218; x_wconf 90' lang='lat' dir='ltr'>dani,</span> <span class='ocrx_word' id='word_1_162' title='bbox 479 2150 693 2225; x_wconf 89' lang='lat' dir='ltr'>partim</span> <span class='ocrx_word' id='word_1_163' title='bbox 724 2150 816 2207; x_wconf 90' lang='lat' dir='ltr'>his</span> <span class='ocrx_word' id='word_1_164' title='bbox 848 2150 1129 2219; x_wconf 88' lang='lat' dir='ltr'>territi,et</span> <span class='ocrx_word' id='word_1_165' title='bbox 1148 2151 1363 2224; x_wconf 89' lang='lat' dir='ltr'>partim</span> <span class='ocrx_word' id='word_1_166' title='bbox 1397 2152 1777 2208; x_wconf 79' lang='lat' dir='ltr'>subterraneo</span> <span class='ocrx_word' id='word_1_167' title='bbox 1806 2153 1940 2225; x_wconf 88' lang='lat' dir='ltr'>igne</span> 
     </span>
    </p>
   </div>
   <div class='ocr_carea' id='block_1_22' title="bbox 279 2238 1939 2309">
    <p class='ocr_par' dir='ltr' id='par_1_22' title="bbox 279 2238 1939 2309">
     <span class='ocr_line' id='line_1_22' title="bbox 279 2238 1939 2309; baseline 0 -12"><span class='ocrx_word' id='word_1_168' title='bbox 279 2240 549 2298; x_wconf 86' lang='lat' dir='ltr'>turribus</span> <span class='ocrx_word' id='word_1_169' title='bbox 573 2239 842 2297; x_wconf 87' lang='lat' dir='ltr'>immisso</span> <span class='ocrx_word' id='word_1_170' title='bbox 886 2241 1092 2309; x_wconf 89' lang='lat' dir='ltr'>coacti,</span> <span class='ocrx_word' id='word_1_171' title='bbox 1145 2238 1430 2297; x_wconf 89' lang='lat' dir='ltr'>malentes</span> <span class='ocrx_word' id='word_1_172' title='bbox 1478 2241 1668 2297; x_wconf 88' lang='lat' dir='ltr'>adhuc</span> <span class='ocrx_word' id='word_1_173' title='bbox 1718 2242 1939 2297; x_wconf 89' lang='lat' dir='ltr'>mundo</span> 
     </span>
    </p>
   </div>
   <div class='ocr_carea' id='block_1_23' title="bbox 277 2328 1938 2402">
    <p class='ocr_par' dir='ltr' id='par_1_23' title="bbox 277 2328 1938 2402">
     <span class='ocr_line' id='line_1_23' title="bbox 277 2328 1938 2402; baseline 0 -17"><span class='ocrx_word' id='word_1_174' title='bbox 277 2330 473 2385; x_wconf 88' lang='lat' dir='ltr'>vivere</span> <span class='ocrx_word' id='word_1_175' title='bbox 504 2345 681 2402; x_wconf 88' lang='lat' dir='ltr'>quam</span> <span class='ocrx_word' id='word_1_176' title='bbox 712 2329 772 2385; x_wconf 91' lang='lat' dir='ltr'>in</span> <span class='ocrx_word' id='word_1_177' title='bbox 821 2334 1014 2386; x_wconf 89' lang='lat' dir='ltr'>castro</span> <span class='ocrx_word' id='word_1_178' title='bbox 1064 2328 1342 2387; x_wconf 92' lang='lat' dir='ltr'>diuturno</span> <span class='ocrx_word' id='word_1_179' title='bbox 1388 2330 1595 2386; x_wconf 89' lang='lat' dir='ltr'>timore</span> <span class='ocrx_word' id='word_1_180' title='bbox 1646 2330 1818 2399; x_wconf 72' lang='lat' dir='ltr'>efﬁci,</span> <span class='ocrx_word' id='word_1_181' title='bbox 1851 2330 1938 2386; x_wconf 90' lang='lat' dir='ltr'>vel</span> 
     </span>
    </p>
   </div>
   <div class='ocr_carea' id='block_1_24' title="bbox 280 2418 1938 2492">
    <p class='ocr_par' dir='ltr' id='par_1_24' title="bbox 280 2418 1938 2492">
     <span class='ocr_line' id='line_1_24' title="bbox 280 2418 1938 2492; baseline 0 -17"><span class='ocrx_word' id='word_1_182' title='bbox 280 2418 563 2491; x_wconf 82' lang='lat' dir='ltr'>martyrio</span> <span class='ocrx_word' id='word_1_183' title='bbox 594 2418 881 2487; x_wconf 90' lang='lat' dir='ltr'>coronari,</span> <span class='ocrx_word' id='word_1_184' title='bbox 906 2418 1126 2485; x_wconf 85' lang='lat' dir='ltr'>infelix,</span> <span class='ocrx_word' id='word_1_185' title='bbox 1145 2422 1202 2474; x_wconf 89' lang='lat' dir='ltr'>et</span> <span class='ocrx_word' id='word_1_186' title='bbox 1222 2419 1493 2490; x_wconf 89' lang='lat' dir='ltr'>pudendo</span> <span class='ocrx_word' id='word_1_187' title='bbox 1524 2418 1674 2475; x_wconf 83' lang='lat' dir='ltr'>facto</span> <span class='ocrx_word' id='word_1_188' title='bbox 1707 2419 1938 2492; x_wconf 88' lang='lat' dir='ltr'>placito,</span> 
     </span>
    </p>
   </div>
   <div class='ocr_carea' id='block_1_25' title="bbox 281 2506 1937 2581">
    <p class='ocr_par' dir='ltr' id='par_1_25' title="bbox 281 2506 1937 2581">
     <span class='ocr_line' id='line_1_25' title="bbox 281 2506 1937 2581; baseline 0 -17"><span class='ocrx_word' id='word_1_189' title='bbox 281 2513 352 2564; x_wconf 88' lang='lat' dir='ltr'>ut</span> <span class='ocrx_word' id='word_1_190' title='bbox 381 2506 570 2564; x_wconf 89' lang='lat' dir='ltr'>securi</span> <span class='ocrx_word' id='word_1_191' title='bbox 595 2506 704 2563; x_wconf 87' lang='lat' dir='ltr'>vivi</span> <span class='ocrx_word' id='word_1_192' title='bbox 757 2512 997 2580; x_wconf 89' lang='lat' dir='ltr'>possent</span> <span class='ocrx_word' id='word_1_193' title='bbox 1026 2508 1288 2574; x_wconf 89' lang='lat' dir='ltr'>evadere,</span> <span class='ocrx_word' id='word_1_194' title='bbox 1317 2512 1555 2580; x_wconf 89' lang='lat' dir='ltr'>sumpta</span> <span class='ocrx_word' id='word_1_195' title='bbox 1584 2509 1937 2581; x_wconf 74' lang='lat' dir='ltr'>perfidorum</span> 
     </span>
    </p>
   </div>
   <div class='ocr_carea' id='block_1_26' title="bbox 276 2595 1943 2669">
    <p class='ocr_par' dir='ltr' id='par_1_26' title="bbox 276 2595 1943 2669">
     <span class='ocr_line' id='line_1_26' title="bbox 276 2595 1943 2669; baseline -0.001 -16"><span class='ocrx_word' id='word_1_196' title='bbox 276 2597 521 2665; x_wconf 82' lang='lat' dir='ltr'>ﬁducia,</span> <span class='ocrx_word' id='word_1_197' title='bbox 553 2600 813 2652; x_wconf 89' lang='lat' dir='ltr'>castrum</span> <span class='ocrx_word' id='word_1_198' title='bbox 844 2595 1167 2664; x_wconf 90' lang='lat' dir='ltr'>reddidere,</span> <span class='ocrx_word' id='word_1_199' title='bbox 1190 2602 1247 2653; x_wconf 90' lang='lat' dir='ltr'>et</span> <span class='ocrx_word' id='word_1_200' title='bbox 1274 2595 1410 2653; x_wconf 90' lang='lat' dir='ltr'>inde</span> <span class='ocrx_word' id='word_1_201' title='bbox 1442 2596 1663 2654; x_wconf 84' lang='lat' dir='ltr'>flebiles</span> <span class='ocrx_word' id='word_1_202' title='bbox 1694 2601 1751 2653; x_wconf 88' lang='lat' dir='ltr'>et</span> <span class='ocrx_word' id='word_1_203' title='bbox 1780 2597 1943 2669; x_wconf 89' lang='lat' dir='ltr'>pudi-</span> 
     </span>
    </p>
   </div>
   <div class='ocr_carea' id='block_1_27' title="bbox 280 2684 1939 2757">
    <p class='ocr_par' dir='ltr' id='par_1_27' title="bbox 280 2684 1939 2757">
     <span class='ocr_line' id='line_1_27' title="bbox 280 2684 1939 2757; baseline -0.001 -14"><span class='ocrx_word' id='word_1_204' title='bbox 280 2685 469 2743; x_wconf 78' lang='lat' dir='ltr'>bundi</span> <span class='ocrx_word' id='word_1_205' title='bbox 502 2686 573 2741; x_wconf 91' lang='lat' dir='ltr'>ad</span> <span class='ocrx_word' id='word_1_206' title='bbox 605 2701 799 2757; x_wconf 86' lang='lat' dir='ltr'>regem</span> <span class='ocrx_word' id='word_1_207' title='bbox 832 2685 942 2741; x_wconf 90' lang='lat' dir='ltr'>iter</span> <span class='ocrx_word' id='word_1_208' title='bbox 967 2689 1278 2741; x_wconf 80' lang='lat' dir='ltr'>extorsere.</span> <span class='ocrx_word' id='word_1_209' title='bbox 1312 2685 1522 2742; x_wconf 75' lang='lat' dir='ltr'>Per-fidi</span> <span class='ocrx_word' id='word_1_210' title='bbox 1550 2703 1682 2741; x_wconf 90' lang='lat' dir='ltr'>vero</span> <span class='ocrx_word' id='word_1_211' title='bbox 1722 2684 1939 2742; x_wconf 88' lang='lat' dir='ltr'>ibidem</span> 
     </span>
    </p>
   </div>
   <div class='ocr_carea' id='block_1_28' title="bbox 282 2773 1939 2841">
    <p class='ocr_par' dir='ltr' id='par_1_28' title="bbox 282 2773 1939 2841">
     <span class='ocr_line' id='line_1_28' title="bbox 282 2773 1939 2841; baseline 0 -10"><span class='ocrx_word' id='word_1_212' title='bbox 282 2773 488 2832; x_wconf 86' lang='lat' dir='ltr'>missis</span> <span class='ocrx_word' id='word_1_213' title='bbox 520 2774 884 2841; x_wconf 88' lang='lat' dir='ltr'>custodibus,</span> <span class='ocrx_word' id='word_1_214' title='bbox 915 2779 972 2830; x_wconf 91' lang='lat' dir='ltr'>et</span> <span class='ocrx_word' id='word_1_215' title='bbox 1002 2774 1131 2831; x_wconf 90' lang='lat' dir='ltr'>aliis</span> <span class='ocrx_word' id='word_1_216' title='bbox 1163 2773 1476 2831; x_wconf 87' lang='lat' dir='ltr'>munitioni</span> <span class='ocrx_word' id='word_1_217' title='bbox 1524 2774 1697 2831; x_wconf 86' lang='lat' dir='ltr'>castri</span> <span class='ocrx_word' id='word_1_218' title='bbox 1742 2792 1939 2831; x_wconf 86' lang='lat' dir='ltr'>neres-</span> 
     </span>
    </p>
   </div>
   <div class='ocr_carea' id='block_1_29' title="bbox 278 2862 1940 2935">
    <p class='ocr_par' dir='ltr' id='par_1_29' title="bbox 278 2862 1940 2935">
     <span class='ocr_line' id='line_1_29' title="bbox 278 2862 1940 2935; baseline -0.001 -14"><span class='ocrx_word' id='word_1_219' title='bbox 278 2863 479 2934; x_wconf 87' lang='lat' dir='ltr'>sariis,</span> <span class='ocrx_word' id='word_1_220' title='bbox 503 2864 573 2919; x_wconf 91' lang='lat' dir='ltr'>ad</span> <span class='ocrx_word' id='word_1_221' title='bbox 597 2862 985 2919; x_wconf 90' lang='lat' dir='ltr'>obsidendum</span> <span class='ocrx_word' id='word_1_222' title='bbox 1009 2863 1302 2919; x_wconf 90' lang='lat' dir='ltr'>Sardonas</span> <span class='ocrx_word' id='word_1_223' title='bbox 1334 2863 1573 2935; x_wconf 81' lang='lat' dir='ltr'>profecti</span> <span class='ocrx_word' id='word_1_224' title='bbox 1601 2868 1759 2920; x_wconf 88' lang='lat' dir='ltr'>sunt.</span> <span class='ocrx_word' id='word_1_225' title='bbox 1784 2864 1940 2919; x_wconf 83' lang='lat' dir='ltr'>lnte-</span> 
     </span>
    </p>
   </div>
   <div class='ocr_carea' id='block_1_30' title="bbox 282 2951 1942 3025">
    <p class='ocr_par' dir='ltr' id='par_1_30' title="bbox 282 2951 1942 3025">
     <span class='ocr_line' id='line_1_30' title="bbox 282 2951 1942 3025; baseline -0.001 -16"><span class='ocrx_word' id='word_1_226' title='bbox 282 2954 401 3010; x_wconf 89' lang='lat' dir='ltr'>rim</span> <span class='ocrx_word' id='word_1_227' title='bbox 434 2969 532 3009; x_wconf 81' lang='lat' dir='ltr'>rex</span> <span class='ocrx_word' id='word_1_228' title='bbox 559 2952 856 3009; x_wconf 62' lang='lat' dir='ltr'>testimans</span> <span class='ocrx_word' id='word_1_229' title='bbox 888 2951 1140 3009; x_wconf 81' lang='lat' dir='ltr'>nefarios</span> <span class='ocrx_word' id='word_1_230' title='bbox 1173 2952 1329 3025; x_wconf 90' lang='lat' dir='ltr'>apud</span> <span class='ocrx_word' id='word_1_231' title='bbox 1362 2952 1643 3024; x_wconf 89' lang='lat' dir='ltr'>Cerepum</span> <span class='ocrx_word' id='word_1_232' title='bbox 1667 2969 1835 3024; x_wconf 88' lang='lat' dir='ltr'>posse</span> <span class='ocrx_word' id='word_1_233' title='bbox 1858 2952 1942 3007; x_wconf 90' lang='lat' dir='ltr'>in-</span> 
     </span>
    </p>
   </div>
   <div class='ocr_carea' id='block_1_31' title="bbox 278 3041 1942 3114">
    <p class='ocr_par' dir='ltr' id='par_1_31' title="bbox 278 3041 1942 3114">
     <span class='ocr_line' id='line_1_31' title="bbox 278 3041 1942 3114; baseline 0.001 -17"><span class='ocrx_word' id='word_1_234' title='bbox 278 3041 492 3113; x_wconf 85' lang='lat' dir='ltr'>veniri,</span> <span class='ocrx_word' id='word_1_235' title='bbox 522 3041 741 3114; x_wconf 91' lang='lat' dir='ltr'>paratis</span> <span class='ocrx_word' id='word_1_236' title='bbox 771 3041 1069 3108; x_wconf 84' lang='lat' dir='ltr'>omnibus,</span> <span class='ocrx_word' id='word_1_237' title='bbox 1103 3058 1231 3114; x_wconf 65' lang='lat' dir='ltr'>quae</span> <span class='ocrx_word' id='word_1_238' title='bbox 1262 3058 1331 3097; x_wconf 91' lang='lat' dir='ltr'>ea</span> <span class='ocrx_word' id='word_1_239' title='bbox 1360 3042 1481 3097; x_wconf 88' lang='lat' dir='ltr'>vice</span> <span class='ocrx_word' id='word_1_240' title='bbox 1509 3042 1568 3096; x_wconf 91' lang='lat' dir='ltr'>in</span> <span class='ocrx_word' id='word_1_241' title='bbox 1600 3041 1942 3098; x_wconf 89' lang='lat' dir='ltr'>hominibus</span> 
     </span>
    </p>
   </div>
   <div class='ocr_carea' id='block_1_32' title="bbox 278 3129 1940 3203">
    <p class='ocr_par' dir='ltr' id='par_1_32' title="bbox 278 3129 1940 3203">
     <span class='ocr_line' id='line_1_32' title="bbox 278 3129 1940 3203; baseline -0.002 -15"><span class='ocrx_word' id='word_1_242' title='bbox 278 3131 419 3188; x_wconf 81' lang='lat' dir='ltr'>aliis</span> <span class='ocrx_word' id='word_1_243' title='bbox 444 3130 579 3187; x_wconf 91' lang='lat' dir='ltr'>belli</span> <span class='ocrx_word' id='word_1_244' title='bbox 610 3129 953 3188; x_wconf 88' lang='lat' dir='ltr'>necessariis</span> <span class='ocrx_word' id='word_1_245' title='bbox 978 3129 1189 3187; x_wconf 86' lang='lat' dir='ltr'>habere</span> <span class='ocrx_word' id='word_1_246' title='bbox 1221 3134 1466 3202; x_wconf 77' lang='lat' dir='ltr'>poterat,</span> <span class='ocrx_word' id='word_1_247' title='bbox 1498 3129 1557 3185; x_wconf 91' lang='lat' dir='ltr'>in</span> <span class='ocrx_word' id='word_1_248' title='bbox 1588 3129 1796 3203; x_wconf 88' lang='lat' dir='ltr'>spiritu</span> <span class='ocrx_word' id='word_1_249' title='bbox 1828 3131 1940 3185; x_wconf 90' lang='lat' dir='ltr'>hu-</span> 
     </span>
    </p>
   </div>
   <div class='ocr_carea' id='block_1_33' title="bbox 2039 640 3697 713">
    <p class='ocr_par' dir='ltr' id='par_1_33' title="bbox 2039 640 3697 713">
     <span class='ocr_line' id='line_1_33' title="bbox 2039 640 3697 713; baseline 0.004 -20"><span class='ocrx_word' id='word_1_250' title='bbox 2039 644 2244 694; x_wconf 79' lang='lat' dir='ltr'>euntes</span> <span class='ocrx_word' id='word_1_251' title='bbox 2276 644 2331 693; x_wconf 91' lang='lat' dir='ltr'>et</span> <span class='ocrx_word' id='word_1_252' title='bbox 2363 645 2729 696; x_wconf 84' lang='lat' dir='ltr'>remanentes</span> <span class='ocrx_word' id='word_1_253' title='bbox 2763 658 2795 696; x_wconf 91' lang='lat' dir='ltr'>a</span> <span class='ocrx_word' id='word_1_254' title='bbox 2829 641 3081 713; x_wconf 88' lang='lat' dir='ltr'>peccatis</span> <span class='ocrx_word' id='word_1_255' title='bbox 3113 640 3387 710; x_wconf 89' lang='lat' dir='ltr'>absoluti,</span> <span class='ocrx_word' id='word_1_256' title='bbox 3432 641 3610 699; x_wconf 83' lang='lat' dir='ltr'>libere</span> <span class='ocrx_word' id='word_1_257' title='bbox 3640 646 3697 700; x_wconf 85' lang='lat' dir='ltr'>et</span> 
     </span>
    </p>
   </div>
   <div class='ocr_carea' id='block_1_34' title="bbox 2041 727 3694 804">
    <p class='ocr_par' dir='ltr' id='par_1_34' title="bbox 2041 727 3694 804">
     <span class='ocr_line' id='line_1_34' title="bbox 2041 727 3694 804; baseline 0.005 -23"><span class='ocrx_word' id='word_1_258' title='bbox 2041 727 2305 783; x_wconf 81' lang='lat' dir='ltr'>absolute</span> <span class='ocrx_word' id='word_1_259' title='bbox 2336 728 2523 783; x_wconf 79' lang='lat' dir='ltr'>eidem</span> <span class='ocrx_word' id='word_1_260' title='bbox 2558 729 2825 785; x_wconf 88' lang='lat' dir='ltr'>famulari</span> <span class='ocrx_word' id='word_1_261' title='bbox 2854 729 2936 785; x_wconf 90' lang='lat' dir='ltr'>sic</span> <span class='ocrx_word' id='word_1_262' title='bbox 2967 730 3227 795; x_wconf 81' lang='lat' dir='ltr'>valealis,</span> <span class='ocrx_word' id='word_1_263' title='bbox 3246 736 3535 803; x_wconf 76' lang='lat' dir='ltr'>quatenus</span> <span class='ocrx_word' id='word_1_264' title='bbox 3567 734 3694 804; x_wconf 86' lang='lat' dir='ltr'>ejus</span> 
     </span>
    </p>
   </div>
   <div class='ocr_carea' id='block_1_35' title="bbox 2044 816 3693 893">
    <p class='ocr_par' dir='ltr' id='par_1_35' title="bbox 2044 816 3693 893">
     <span class='ocr_line' id='line_1_35' title="bbox 2044 816 3693 893; baseline 0.004 -22"><span class='ocrx_word' id='word_1_265' title='bbox 2044 816 2195 872; x_wconf 92' lang='lat' dir='ltr'>dono</span> <span class='ocrx_word' id='word_1_266' title='bbox 2226 816 2645 873; x_wconf 88' lang='lat' dir='ltr'>consolationis</span> <span class='ocrx_word' id='word_1_267' title='bbox 2674 822 2730 872; x_wconf 87' lang='lat' dir='ltr'>et</span> <span class='ocrx_word' id='word_1_268' title='bbox 2772 818 3022 874; x_wconf 68' lang='lat' dir='ltr'>victoria:</span> <span class='ocrx_word' id='word_1_269' title='bbox 3065 820 3364 891; x_wconf 87' lang='lat' dir='ltr'>triumpho</span> <span class='ocrx_word' id='word_1_270' title='bbox 3414 822 3602 893; x_wconf 89' lang='lat' dir='ltr'>potiti,</span> <span class='ocrx_word' id='word_1_271' title='bbox 3634 822 3693 879; x_wconf 89' lang='lat' dir='ltr'>in</span> 
     </span>
    </p>
   </div>
   <div class='ocr_carea' id='block_1_36' title="bbox 2044 904 3696 979">
    <p class='ocr_par' dir='ltr' id='par_1_36' title="bbox 2044 904 3696 979">
     <span class='ocr_line' id='line_1_36' title="bbox 2044 904 3696 979; baseline 0.005 -19"><span class='ocrx_word' id='word_1_272' title='bbox 2044 904 2170 977; x_wconf 91' lang='lat' dir='ltr'>ipso</span> <span class='ocrx_word' id='word_1_273' title='bbox 2200 908 2256 960; x_wconf 89' lang='lat' dir='ltr'>et</span> <span class='ocrx_word' id='word_1_274' title='bbox 2306 923 2408 978; x_wconf 89' lang='lat' dir='ltr'>per</span> <span class='ocrx_word' id='word_1_275' title='bbox 2449 905 2645 979; x_wconf 89' lang='lat' dir='ltr'>ipsum</span> <span class='ocrx_word' id='word_1_276' title='bbox 2686 907 3011 979; x_wconf 82' lang='lat' dir='ltr'>gaudeatis.</span> <span class='ocrx_word' id='word_1_277' title='bbox 3051 930 3078 957; x_wconf 81' lang='grc'>››</span> <span class='ocrx_word' id='word_1_278' title='bbox 3113 908 3213 965; x_wconf 85' lang='lat' dir='ltr'>llis</span> <span class='ocrx_word' id='word_1_279' title='bbox 3246 906 3438 975; x_wconf 88' lang='lat' dir='ltr'>dictis,</span> <span class='ocrx_word' id='word_1_280' title='bbox 3472 911 3608 967; x_wconf 90' lang='lat' dir='ltr'>hinc</span> <span class='ocrx_word' id='word_1_281' title='bbox 3638 916 3696 968; x_wconf 87' lang='lat' dir='ltr'>et</span> 
     </span>
    </p>
   </div>
   <div class='ocr_carea' id='block_1_37' title="bbox 2044 992 3695 1070">
    <p class='ocr_par' dir='ltr' id='par_1_37' title="bbox 2044 992 3695 1070">
     <span class='ocr_line' id='line_1_37' title="bbox 2044 992 3695 1070; baseline 0.006 -24"><span class='ocrx_word' id='word_1_282' title='bbox 2044 992 2180 1049; x_wconf 89' lang='lat' dir='ltr'>inde</span> <span class='ocrx_word' id='word_1_283' title='bbox 2212 994 2357 1049; x_wconf 85' lang='lat' dir='ltr'>fusis</span> <span class='ocrx_word' id='word_1_284' title='bbox 2379 994 3047 1067; x_wconf 73' lang='lat' dir='ltr'>lacrymis,pra3cerlente</span> <span class='ocrx_word' id='word_1_285' title='bbox 3069 997 3235 1070; x_wconf 89' lang='lat' dir='ltr'>signo</span> <span class='ocrx_word' id='word_1_286' title='bbox 3264 1004 3475 1054; x_wconf 68' lang='lat' dir='ltr'>sanctae</span> <span class='ocrx_word' id='word_1_287' title='bbox 3505 1001 3695 1056; x_wconf 90' lang='lat' dir='ltr'>crucis</span> 
     </span>
    </p>
   </div>
   <div class='ocr_carea' id='block_1_38' title="bbox 2045 1083 3696 1160">
    <p class='ocr_par' dir='ltr' id='par_1_38' title="bbox 2045 1083 3696 1160">
     <span class='ocr_line' id='line_1_38' title="bbox 2045 1083 3696 1160; baseline 0.005 -23"><span class='ocrx_word' id='word_1_288' title='bbox 2045 1100 2144 1138; x_wconf 82' lang='lat' dir='ltr'>rex</span> <span class='ocrx_word' id='word_1_289' title='bbox 2173 1084 2243 1137; x_wconf 87' lang='lat' dir='ltr'>ad</span> <span class='ocrx_word' id='word_1_290' title='bbox 2278 1083 2520 1155; x_wconf 87' lang='lat' dir='ltr'>bellum,</span> <span class='ocrx_word' id='word_1_291' title='bbox 2539 1084 2729 1140; x_wconf 89' lang='lat' dir='ltr'>clerus</span> <span class='ocrx_word' id='word_1_292' title='bbox 2758 1085 2830 1140; x_wconf 90' lang='lat' dir='ltr'>ad</span> <span class='ocrx_word' id='word_1_293' title='bbox 2863 1085 3187 1153; x_wconf 87' lang='lat' dir='ltr'>ecclesiam,</span> <span class='ocrx_word' id='word_1_294' title='bbox 3213 1086 3465 1160; x_wconf 88' lang='lat' dir='ltr'>populus</span> <span class='ocrx_word' id='word_1_295' title='bbox 3499 1088 3555 1144; x_wconf 90' lang='lat' dir='ltr'>in</span> <span class='ocrx_word' id='word_1_296' title='bbox 3588 1107 3696 1146; x_wconf 89' lang='lat' dir='ltr'>sua</span> 
     </span>
    </p>
   </div>
   <div class='ocr_carea' id='block_1_39' title="bbox 2046 1173 3698 1246">
    <p class='ocr_par' dir='ltr' id='par_1_39' title="bbox 2046 1173 3698 1246">
     <span class='ocr_line' id='line_1_39' title="bbox 2046 1173 3698 1246; baseline 0.005 -19"><span class='ocrx_word' id='word_1_297' title='bbox 2046 1173 2353 1228; x_wconf 88' lang='lat' dir='ltr'>remeavit:</span> <span class='ocrx_word' id='word_1_298' title='bbox 2378 1179 2681 1229; x_wconf 77' lang='lat' dir='ltr'>exerentes</span> <span class='ocrx_word' id='word_1_299' title='bbox 2712 1178 2767 1229; x_wconf 90' lang='lat' dir='ltr'>et</span> <span class='ocrx_word' id='word_1_300' title='bbox 2797 1174 3194 1246; x_wconf 87' lang='lat' dir='ltr'>deprecantes,</span> <span class='ocrx_word' id='word_1_301' title='bbox 3218 1181 3281 1231; x_wconf 92' lang='lat' dir='ltr'>ut</span> <span class='ocrx_word' id='word_1_302' title='bbox 3304 1180 3512 1233; x_wconf 81' lang='lat' dir='ltr'>Auctor</span> <span class='ocrx_word' id='word_1_303' title='bbox 3540 1195 3698 1235; x_wconf 87' lang='lat' dir='ltr'>sum-</span> 
     </span>
    </p>
   </div>
   <div class='ocr_carea' id='block_1_40' title="bbox 2048 1261 3694 1340">
    <p class='ocr_par' dir='ltr' id='par_1_40' title="bbox 2048 1261 3694 1340">
     <span class='ocr_line' id='line_1_40' title="bbox 2048 1261 3694 1340; baseline 0.005 -25"><span class='ocrx_word' id='word_1_304' title='bbox 2048 1278 2155 1315; x_wconf 60' lang='lat' dir='ltr'>mae.</span> <span class='ocrx_word' id='word_1_305' title='bbox 2178 1261 2443 1331; x_wconf 67' lang='lat' dir='ltr'>justitiee,</span> <span class='ocrx_word' id='word_1_306' title='bbox 2468 1262 2567 1333; x_wconf 85' lang='lat' dir='ltr'>qui</span> <span class='ocrx_word' id='word_1_307' title='bbox 2598 1263 2670 1317; x_wconf 89' lang='lat' dir='ltr'>ab</span> <span class='ocrx_word' id='word_1_308' title='bbox 2704 1261 2869 1318; x_wconf 90' lang='lat' dir='ltr'>initio</span> <span class='ocrx_word' id='word_1_309' title='bbox 2900 1262 3050 1318; x_wconf 88' lang='lat' dir='ltr'>bella</span> <span class='ocrx_word' id='word_1_310' title='bbox 3080 1264 3348 1332; x_wconf 86' lang='lat' dir='ltr'>conterit,</span> <span class='ocrx_word' id='word_1_311' title='bbox 3372 1266 3442 1321; x_wconf 90' lang='lat' dir='ltr'>ab</span> <span class='ocrx_word' id='word_1_312' title='bbox 3473 1266 3694 1340; x_wconf 89' lang='lat' dir='ltr'>impetu</span> 
     </span>
    </p>
   </div>
   <div class='ocr_carea' id='block_1_41' title="bbox 2048 1349 3698 1423">
    <p class='ocr_par' dir='ltr' id='par_1_41' title="bbox 2048 1349 3698 1423">
     <span class='ocr_line' id='line_1_41' title="bbox 2048 1349 3698 1423; baseline 0.004 -18"><span class='ocrx_word' id='word_1_313' title='bbox 2048 1349 2246 1422; x_wconf 89' lang='lat' dir='ltr'>populi</span> <span class='ocrx_word' id='word_1_314' title='bbox 2280 1349 2371 1405; x_wconf 89' lang='lat' dir='ltr'>sui</span> <span class='ocrx_word' id='word_1_315' title='bbox 2402 1368 2507 1406; x_wconf 88' lang='lat' dir='ltr'>suo</span> <span class='ocrx_word' id='word_1_316' title='bbox 2558 1351 2781 1406; x_wconf 90' lang='lat' dir='ltr'>nomini</span> <span class='ocrx_word' id='word_1_317' title='bbox 2824 1350 3057 1407; x_wconf 86' lang='lat' dir='ltr'>laudem</span> <span class='ocrx_word' id='word_1_318' title='bbox 3102 1353 3386 1423; x_wconf 88' lang='lat' dir='ltr'>tribuens,</span> <span class='ocrx_word' id='word_1_319' title='bbox 3440 1359 3698 1412; x_wconf 88' lang='lat' dir='ltr'>conterat</span> 
     </span>
    </p>
   </div>
   <div class='ocr_carea' id='block_1_42' title="bbox 2049 1438 2430 1495">
    <p class='ocr_par' dir='ltr' id='par_1_42' title="bbox 2049 1438 2430 1495">
     <span class='ocr_line' id='line_1_42' title="bbox 2049 1438 2430 1495; baseline 0.005 -2"><span class='ocrx_word' id='word_1_320' title='bbox 2049 1438 2430 1495; x_wconf 87' lang='lat' dir='ltr'>adversarios.</span> 
     </span>
    </p>
   </div>
   <div class='ocr_carea' id='block_1_43' title="bbox 2667 1529 3077 1586">
    <p class='ocr_par' dir='ltr' id='par_1_43' title="bbox 2667 1529 3077 1586">
     <span class='ocr_line' id='line_1_43' title="bbox 2667 1529 3077 1586; baseline 0.002 -1"><span class='ocrx_word' id='word_1_321' title='bbox 2667 1529 2897 1586; x_wconf 77' lang='lat' dir='ltr'><strong>CAPUT</strong></span> <span class='ocrx_word' id='word_1_322' title='bbox 2935 1531 3077 1586; x_wconf 79' lang='lat' dir='ltr'>Xlll.</span> 
     </span>
    </p>
   </div>
   <div class='ocr_carea' id='block_1_44' title="bbox 2120 1614 3697 1696">
    <p class='ocr_par' dir='ltr' id='par_1_44' title="bbox 2120 1614 3697 1696">
     <span class='ocr_line' id='line_1_44' title="bbox 2120 1614 3697 1696; baseline 0.004 -23"><span class='ocrx_word' id='word_1_323' title='bbox 2120 1617 2335 1673; x_wconf 89' lang='lat' dir='ltr'>Eodem</span> <span class='ocrx_word' id='word_1_324' title='bbox 2364 1614 2496 1673; x_wconf 72' lang='lat' dir='ltr'>vero</span> <span class='ocrx_word' id='word_1_325' title='bbox 2528 1618 2620 1673; x_wconf 89' lang='lat' dir='ltr'>die</span> <span class='ocrx_word' id='word_1_326' title='bbox 2657 1622 2715 1673; x_wconf 90' lang='lat' dir='ltr'>et</span> <span class='ocrx_word' id='word_1_327' title='bbox 2745 1620 3013 1691; x_wconf 86' lang='lat' dir='ltr'>sequenti</span> <span class='ocrx_word' id='word_1_328' title='bbox 3044 1624 3229 1688; x_wconf 87' lang='lat' dir='ltr'>nocte,</span> <span class='ocrx_word' id='word_1_329' title='bbox 3262 1622 3381 1696; x_wconf 85' lang='lat' dir='ltr'>regi</span> <span class='ocrx_word' id='word_1_330' title='bbox 3411 1623 3697 1696; x_wconf 88' lang='lat' dir='ltr'>equitanti</span> 
     </span>
    </p>
   </div>
   <div class='ocr_carea' id='block_1_45' title="bbox 2050 1705 3699 1785">
    <p class='ocr_par' dir='ltr' id='par_1_45' title="bbox 2050 1705 3699 1785">
     <span class='ocr_line' id='line_1_45' title="bbox 2050 1705 3699 1785; baseline 0.006 -25"><span class='ocrx_word' id='word_1_331' title='bbox 2050 1705 2121 1761; x_wconf 91' lang='lat' dir='ltr'>ad</span> <span class='ocrx_word' id='word_1_332' title='bbox 2150 1705 2431 1778; x_wconf 88' lang='lat' dir='ltr'>Cerepum</span> <span class='ocrx_word' id='word_1_333' title='bbox 2464 1706 2679 1761; x_wconf 88' lang='lat' dir='ltr'>adsunt</span> <span class='ocrx_word' id='word_1_334' title='bbox 2730 1706 2813 1762; x_wconf 89' lang='lat' dir='ltr'>illi</span> <span class='ocrx_word' id='word_1_335' title='bbox 2863 1708 3113 1779; x_wconf 90' lang='lat' dir='ltr'>obviam,</span> <span class='ocrx_word' id='word_1_336' title='bbox 3143 1709 3243 1782; x_wconf 90' lang='lat' dir='ltr'>qui</span> <span class='ocrx_word' id='word_1_337' title='bbox 3275 1718 3517 1785; x_wconf 88' lang='lat' dir='ltr'>cogente</span> <span class='ocrx_word' id='word_1_338' title='bbox 3547 1716 3699 1770; x_wconf 88' lang='lat' dir='ltr'>sorte</span> 
     </span>
    </p>
   </div>
   <div class='ocr_carea' id='block_1_46' title="bbox 2051 1793 3701 1867">
    <p class='ocr_par' dir='ltr' id='par_1_46' title="bbox 2051 1793 3701 1867">
     <span class='ocr_line' id='line_1_46' title="bbox 2051 1793 3701 1867; baseline 0.005 -19"><span class='ocrx_word' id='word_1_339' title='bbox 2051 1793 2381 1850; x_wconf 88' lang='lat' dir='ltr'>miserrima</span> <span class='ocrx_word' id='word_1_340' title='bbox 2411 1795 2678 1852; x_wconf 86' lang='lat' dir='ltr'>hostibus</span> <span class='ocrx_word' id='word_1_341' title='bbox 2710 1800 2968 1853; x_wconf 89' lang='lat' dir='ltr'>castrum</span> <span class='ocrx_word' id='word_1_342' title='bbox 2993 1798 3356 1855; x_wconf 86' lang='lat' dir='ltr'>dimiserant.</span> <span class='ocrx_word' id='word_1_343' title='bbox 3379 1802 3603 1867; x_wconf 88' lang='lat' dir='ltr'>Quibus</span> <span class='ocrx_word' id='word_1_344' title='bbox 3623 1802 3701 1857; x_wconf 90' lang='lat' dir='ltr'>vi-</span> 
     </span>
    </p>
   </div>
   <div class='ocr_carea' id='block_1_47' title="bbox 2049 1882 3700 1958">
    <p class='ocr_par' dir='ltr' id='par_1_47' title="bbox 2049 1882 3700 1958">
     <span class='ocr_line' id='line_1_47' title="bbox 2049 1882 3700 1958; baseline 0.005 -19"><span class='ocrx_word' id='word_1_345' title='bbox 2049 1882 2131 1939; x_wconf 91' lang='lat' dir='ltr'>sis</span> <span class='ocrx_word' id='word_1_346' title='bbox 2160 1886 2217 1938; x_wconf 90' lang='lat' dir='ltr'>et</span> <span class='ocrx_word' id='word_1_347' title='bbox 2248 1884 2484 1952; x_wconf 89' lang='lat' dir='ltr'>auditis,</span> <span class='ocrx_word' id='word_1_348' title='bbox 2517 1902 2615 1941; x_wconf 84' lang='lat' dir='ltr'>rex</span> <span class='ocrx_word' id='word_1_349' title='bbox 2647 1885 2873 1942; x_wconf 91' lang='lat' dir='ltr'>interno</span> <span class='ocrx_word' id='word_1_350' title='bbox 2906 1903 3151 1944; x_wconf 82' lang='lat' dir='ltr'>mcerore</span> <span class='ocrx_word' id='word_1_351' title='bbox 3198 1905 3541 1958; x_wconf 90' lang='lat' dir='ltr'>concussus,</span> <span class='ocrx_word' id='word_1_352' title='bbox 3575 1895 3700 1947; x_wconf 89' lang='lat' dir='ltr'>stu-</span> 
     </span>
    </p>
   </div>
   <div class='ocr_carea' id='block_1_48' title="bbox 2050 1973 3699 2051">
    <p class='ocr_par' dir='ltr' id='par_1_48' title="bbox 2050 1973 3699 2051">
     <span class='ocr_line' id='line_1_48' title="bbox 2050 1973 3699 2051; baseline 0.007 -25"><span class='ocrx_word' id='word_1_353' title='bbox 2050 1976 2144 2043; x_wconf 82' lang='lat' dir='ltr'>pet</span> <span class='ocrx_word' id='word_1_354' title='bbox 2194 1976 2250 2026; x_wconf 89' lang='lat' dir='ltr'>et</span> <span class='ocrx_word' id='word_1_355' title='bbox 2291 1973 2690 2029; x_wconf 88' lang='lat' dir='ltr'>contristatur.</span> <span class='ocrx_word' id='word_1_356' title='bbox 2725 1975 3068 2031; x_wconf 88' lang='lat' dir='ltr'>lntuebatur</span> <span class='ocrx_word' id='word_1_357' title='bbox 3114 1976 3271 2032; x_wconf 90' lang='lat' dir='ltr'>enim</span> <span class='ocrx_word' id='word_1_358' title='bbox 3320 1979 3446 2051; x_wconf 91' lang='lat' dir='ltr'>ipso</span> <span class='ocrx_word' id='word_1_359' title='bbox 3497 1979 3699 2037; x_wconf 88' lang='lat' dir='ltr'>eodem</span> 
     </span>
    </p>
   </div>
   <div class='ocr_carea' id='block_1_49' title="bbox 2048 2063 3700 2141">
    <p class='ocr_par' dir='ltr' id='par_1_49' title="bbox 2048 2063 3700 2141">
     <span class='ocr_line' id='line_1_49' title="bbox 2048 2063 3700 2141; baseline 0.007 -27"><span class='ocrx_word' id='word_1_360' title='bbox 2048 2064 2376 2127; x_wconf 90' lang='lat' dir='ltr'>attestantc,</span> <span class='ocrx_word' id='word_1_361' title='bbox 2402 2078 2471 2117; x_wconf 83' lang='lat' dir='ltr'>ex</span> <span class='ocrx_word' id='word_1_362' title='bbox 2501 2063 2823 2119; x_wconf 89' lang='lat' dir='ltr'>redditione</span> <span class='ocrx_word' id='word_1_363' title='bbox 2854 2065 3029 2120; x_wconf 89' lang='lat' dir='ltr'>castri</span> <span class='ocrx_word' id='word_1_364' title='bbox 3060 2064 3418 2124; x_wconf 89' lang='lat' dir='ltr'>Christicolis</span> <span class='ocrx_word' id='word_1_365' title='bbox 3447 2086 3700 2141; x_wconf 73' lang='lat' dir='ltr'>praesen-</span> 
     </span>
    </p>
   </div>
   <div class='ocr_carea' id='block_1_50' title="bbox 2047 2148 3696 2217">
    <p class='ocr_par' dir='ltr' id='par_1_50' title="bbox 2047 2148 3696 2217">
     <span class='ocr_line' id='line_1_50' title="bbox 2047 2148 3696 2217; baseline 0.006 -13"><span class='ocrx_word' id='word_1_366' title='bbox 2047 2148 2207 2205; x_wconf 89' lang='lat' dir='ltr'>tibus</span> <span class='ocrx_word' id='word_1_367' title='bbox 2237 2154 2294 2204; x_wconf 90' lang='lat' dir='ltr'>et</span> <span class='ocrx_word' id='word_1_368' title='bbox 2323 2149 2556 2217; x_wconf 84' lang='lat' dir='ltr'>futuris,</span> <span class='ocrx_word' id='word_1_369' title='bbox 2589 2152 2704 2207; x_wconf 92' lang='lat' dir='ltr'>duo</span> <span class='ocrx_word' id='word_1_370' title='bbox 2728 2152 3013 2209; x_wconf 89' lang='lat' dir='ltr'>damnosa</span> <span class='ocrx_word' id='word_1_371' title='bbox 3036 2152 3343 2211; x_wconf 89' lang='lat' dir='ltr'>imminere</span> <span class='ocrx_word' id='word_1_372' title='bbox 3372 2157 3696 2214; x_wconf 88' lang='lat' dir='ltr'>contraria:</span> 
     </span>
    </p>
   </div>
   <div class='ocr_carea' id='block_1_51' title="bbox 2048 2237 3703 2317">
    <p class='ocr_par' dir='ltr' id='par_1_51' title="bbox 2048 2237 3703 2317">
     <span class='ocr_line' id='line_1_51' title="bbox 2048 2237 3703 2317; baseline 0.007 -25"><span class='ocrx_word' id='word_1_373' title='bbox 2048 2237 2295 2294; x_wconf 88' lang='lat' dir='ltr'>alterum</span> <span class='ocrx_word' id='word_1_374' title='bbox 2326 2239 2396 2294; x_wconf 88' lang='lat' dir='ltr'>ad</span> <span class='ocrx_word' id='word_1_375' title='bbox 2431 2244 2682 2312; x_wconf 88' lang='lat' dir='ltr'>tempus,</span> <span class='ocrx_word' id='word_1_376' title='bbox 2708 2240 2824 2297; x_wconf 91' lang='lat' dir='ltr'>Deo</span> <span class='ocrx_word' id='word_1_377' title='bbox 2853 2248 3149 2299; x_wconf 90' lang='lat' dir='ltr'>annuente</span> <span class='ocrx_word' id='word_1_378' title='bbox 3179 2245 3610 2317; x_wconf 89' lang='lat' dir='ltr'>recuperabile;</span> <span class='ocrx_word' id='word_1_379' title='bbox 3644 2251 3703 2303; x_wconf 91' lang='lat' dir='ltr'>et</span> 
     </span>
    </p>
   </div>
   <div class='ocr_carea' id='block_1_52' title="bbox 2048 2325 3701 2405">
    <p class='ocr_par' dir='ltr' id='par_1_52' title="bbox 2048 2325 3701 2405">
     <span class='ocr_line' id='line_1_52' title="bbox 2048 2325 3701 2405; baseline 0.005 -22"><span class='ocrx_word' id='word_1_380' title='bbox 2048 2325 2297 2383; x_wconf 89' lang='lat' dir='ltr'>alterum</span> <span class='ocrx_word' id='word_1_381' title='bbox 2329 2345 2631 2401; x_wconf 88' lang='lat' dir='ltr'>nunquam</span> <span class='ocrx_word' id='word_1_382' title='bbox 2652 2330 3080 2403; x_wconf 88' lang='lat' dir='ltr'>recuperabile;</span> <span class='ocrx_word' id='word_1_383' title='bbox 3108 2334 3501 2405; x_wconf 89' lang='lat' dir='ltr'>rccuperabile</span> <span class='ocrx_word' id='word_1_384' title='bbox 3523 2336 3701 2392; x_wconf 87' lang='lat' dir='ltr'>castri</span> 
     </span>
    </p>
   </div>
   <div class='ocr_carea' id='block_1_53' title="bbox 2048 2416 3698 2496">
    <p class='ocr_par' dir='ltr' id='par_1_53' title="bbox 2048 2416 3698 2496">
     <span class='ocr_line' id='line_1_53' title="bbox 2048 2416 3698 2496; baseline 0.007 -25"><span class='ocrx_word' id='word_1_385' title='bbox 2048 2416 2353 2483; x_wconf 88' lang='lat' dir='ltr'>damnum,</span> <span class='ocrx_word' id='word_1_386' title='bbox 2404 2417 2852 2491; x_wconf 88' lang='lat' dir='ltr'>irrecuperabile</span> <span class='ocrx_word' id='word_1_387' title='bbox 2906 2420 3249 2477; x_wconf 87' lang='lat' dir='ltr'>redditionis</span> <span class='ocrx_word' id='word_1_388' title='bbox 3298 2423 3698 2496; x_wconf 87' lang='lat' dir='ltr'>opprobrium.</span> 
     </span>
    </p>
   </div>
   <div class='ocr_carea' id='block_1_54' title="bbox 2049 2505 3699 2582">
    <p class='ocr_par' dir='ltr' id='par_1_54' title="bbox 2049 2505 3699 2582">
     <span class='ocr_line' id='line_1_54' title="bbox 2049 2505 3699 2582; baseline 0.005 -22"><span class='ocrx_word' id='word_1_389' title='bbox 2049 2505 2149 2561; x_wconf 86' lang='lat' dir='ltr'>llis</span> <span class='ocrx_word' id='word_1_390' title='bbox 2170 2505 2366 2578; x_wconf 76' lang='lat' dir='ltr'>itaque</span> <span class='ocrx_word' id='word_1_391' title='bbox 2389 2523 2670 2562; x_wconf 89' lang='lat' dir='ltr'>accensus</span> <span class='ocrx_word' id='word_1_392' title='bbox 2693 2507 3280 2582; x_wconf 86' lang='lat' dir='ltr'>animosius,sumpto</span> <span class='ocrx_word' id='word_1_393' title='bbox 3302 2511 3415 2567; x_wconf 86' lang='lat' dir='ltr'>cito</span> <span class='ocrx_word' id='word_1_394' title='bbox 3437 2512 3699 2581; x_wconf 89' lang='lat' dir='ltr'>consilio,</span> 
     </span>
    </p>
   </div>
   <div class='ocr_carea' id='block_1_55' title="bbox 2048 2595 3699 2676">
    <p class='ocr_par' dir='ltr' id='par_1_55' title="bbox 2048 2595 3699 2676">
     <span class='ocr_line' id='line_1_55' title="bbox 2048 2595 3699 2676; baseline 0.005 -27"><span class='ocrx_word' id='word_1_395' title='bbox 2048 2595 2117 2650; x_wconf 91' lang='lat' dir='ltr'>ad</span> <span class='ocrx_word' id='word_1_396' title='bbox 2153 2595 2412 2650; x_wconf 68' lang='lat' dir='ltr'>[iubeam</span> <span class='ocrx_word' id='word_1_397' title='bbox 2445 2596 2554 2651; x_wconf 90' lang='lat' dir='ltr'>iter</span> <span class='ocrx_word' id='word_1_398' title='bbox 2582 2596 2881 2669; x_wconf 86' lang='lat' dir='ltr'>dirigit,ut</span> <span class='ocrx_word' id='word_1_399' title='bbox 2901 2597 3037 2654; x_wconf 90' lang='lat' dir='ltr'>inde</span> <span class='ocrx_word' id='word_1_400' title='bbox 3069 2598 3403 2671; x_wconf 86' lang='lat' dir='ltr'>equitando,</span> <span class='ocrx_word' id='word_1_401' title='bbox 3423 2618 3524 2674; x_wconf 89' lang='lat' dir='ltr'>per</span> <span class='ocrx_word' id='word_1_402' title='bbox 3553 2602 3699 2676; x_wconf 86' lang='lat' dir='ltr'>Hap,</span> 
     </span>
    </p>
   </div>
   <div class='ocr_carea' id='block_1_56' title="bbox 2048 2683 3702 2753">
    <p class='ocr_par' dir='ltr' id='par_1_56' title="bbox 2048 2683 3702 2753">
     <span class='ocr_line' id='line_1_56' title="bbox 2048 2683 3702 2753; baseline 0.005 -15"><span class='ocrx_word' id='word_1_403' title='bbox 2048 2683 2117 2739; x_wconf 89' lang='lat' dir='ltr'>ad</span> <span class='ocrx_word' id='word_1_404' title='bbox 2158 2689 2437 2752; x_wconf 90' lang='lat' dir='ltr'>montem,</span> <span class='ocrx_word' id='word_1_405' title='bbox 2465 2685 2699 2740; x_wconf 91' lang='lat' dir='ltr'>nomine</span> <span class='ocrx_word' id='word_1_406' title='bbox 2728 2685 2929 2753; x_wconf 90' lang='lat' dir='ltr'>Daniz,</span> <span class='ocrx_word' id='word_1_407' title='bbox 2954 2688 3356 2744; x_wconf 89' lang='lat' dir='ltr'>castrametari</span> <span class='ocrx_word' id='word_1_408' title='bbox 3385 2689 3589 2746; x_wconf 89' lang='lat' dir='ltr'>valeat.</span> <span class='ocrx_word' id='word_1_409' title='bbox 3617 2691 3702 2748; x_wconf 93' lang='lat' dir='ltr'>Ibi</span> 
     </span>
    </p>
   </div>
   <div class='ocr_carea' id='block_1_57' title="bbox 2047 2771 3700 2845">
    <p class='ocr_par' dir='ltr' id='par_1_57' title="bbox 2047 2771 3700 2845">
     <span class='ocr_line' id='line_1_57' title="bbox 2047 2771 3700 2845; baseline 0.005 -17"><span class='ocrx_word' id='word_1_410' title='bbox 2047 2771 2202 2828; x_wconf 87' lang='lat' dir='ltr'>enim</span> <span class='ocrx_word' id='word_1_411' title='bbox 2235 2773 2508 2845; x_wconf 88' lang='lat' dir='ltr'>sperabat</span> <span class='ocrx_word' id='word_1_412' title='bbox 2537 2791 2598 2829; x_wconf 91' lang='lat' dir='ltr'>se</span> <span class='ocrx_word' id='word_1_413' title='bbox 2632 2791 2802 2845; x_wconf 83' lang='lat' dir='ltr'>posse</span> <span class='ocrx_word' id='word_1_414' title='bbox 2832 2776 3035 2831; x_wconf 90' lang='lat' dir='ltr'>auditu</span> <span class='ocrx_word' id='word_1_415' title='bbox 3082 2775 3168 2831; x_wconf 89' lang='lat' dir='ltr'>vel</span> <span class='ocrx_word' id='word_1_416' title='bbox 3216 2777 3343 2833; x_wconf 89' lang='lat' dir='ltr'>visu</span> <span class='ocrx_word' id='word_1_417' title='bbox 3390 2782 3547 2835; x_wconf 88' lang='lat' dir='ltr'>certa</span> <span class='ocrx_word' id='word_1_418' title='bbox 3595 2778 3700 2836; x_wconf 86' lang='lat' dir='ltr'>ho-</span> 
     </span>
    </p>
   </div>
   <div class='ocr_carea' id='block_1_58' title="bbox 2048 2861 3700 2940">
    <p class='ocr_par' dir='ltr' id='par_1_58' title="bbox 2048 2861 3700 2940">
     <span class='ocr_line' id='line_1_58' title="bbox 2048 2861 3700 2940; baseline 0.005 -23"><span class='ocrx_word' id='word_1_419' title='bbox 2048 2861 2227 2917; x_wconf 87' lang='lat' dir='ltr'>stium</span> <span class='ocrx_word' id='word_1_420' title='bbox 2260 2861 2475 2918; x_wconf 88' lang='lat' dir='ltr'>indicia</span> <span class='ocrx_word' id='word_1_421' title='bbox 2524 2864 2840 2935; x_wconf 89' lang='lat' dir='ltr'>percipere.</span> <span class='ocrx_word' id='word_1_422' title='bbox 2874 2864 2989 2919; x_wconf 84' lang='lat' dir='ltr'>Nec</span> <span class='ocrx_word' id='word_1_423' title='bbox 3035 2864 3245 2921; x_wconf 81' lang='lat' dir='ltr'>effectu</span> <span class='ocrx_word' id='word_1_424' title='bbox 3289 2867 3496 2938; x_wconf 88' lang='lat' dir='ltr'>caruit,</span> <span class='ocrx_word' id='word_1_425' title='bbox 3544 2869 3700 2940; x_wconf 89' lang='lat' dir='ltr'>quod</span> 
     </span>
    </p>
   </div>
   <div class='ocr_carea' id='block_1_59' title="bbox 2048 2951 3702 3029">
    <p class='ocr_par' dir='ltr' id='par_1_59' title="bbox 2048 2951 3702 3029">
     <span class='ocr_line' id='line_1_59' title="bbox 2048 2951 3702 3029; baseline 0.005 -25"><span class='ocrx_word' id='word_1_426' title='bbox 2048 2952 2429 3022; x_wconf 65' lang='lat' dir='ltr'>praetentabat</span> <span class='ocrx_word' id='word_1_427' title='bbox 2453 2951 2659 3008; x_wconf 89' lang='lat' dir='ltr'>habitu</span> <span class='ocrx_word' id='word_1_428' title='bbox 2691 2951 2782 3007; x_wconf 90' lang='lat' dir='ltr'>sui</span> <span class='ocrx_word' id='word_1_429' title='bbox 2815 2952 3017 3007; x_wconf 90' lang='lat' dir='ltr'>animi.</span> <span class='ocrx_word' id='word_1_430' title='bbox 3052 2954 3184 3026; x_wconf 92' lang='lat' dir='ltr'>Ipso</span> <span class='ocrx_word' id='word_1_431' title='bbox 3215 2955 3428 3011; x_wconf 91' lang='lat' dir='ltr'>etenim</span> <span class='ocrx_word' id='word_1_432' title='bbox 3460 2956 3553 3012; x_wconf 89' lang='lat' dir='ltr'>die</span> <span class='ocrx_word' id='word_1_433' title='bbox 3584 2974 3702 3029; x_wconf 90' lang='lat' dir='ltr'>quo</span> 
     </span>
    </p>
   </div>
   <div class='ocr_carea' id='block_1_60' title="bbox 2050 3039 3702 3119">
    <p class='ocr_par' dir='ltr' id='par_1_60' title="bbox 2050 3039 3702 3119">
     <span class='ocr_line' id='line_1_60' title="bbox 2050 3039 3702 3119; baseline 0.005 -26"><span class='ocrx_word' id='word_1_434' title='bbox 2050 3039 2110 3094; x_wconf 93' lang='lat' dir='ltr'>in</span> <span class='ocrx_word' id='word_1_435' title='bbox 2143 3043 2337 3094; x_wconf 91' lang='lat' dir='ltr'>monte</span> <span class='ocrx_word' id='word_1_436' title='bbox 2372 3039 2498 3095; x_wconf 76' lang='lat' dir='ltr'>ﬁxis</span> <span class='ocrx_word' id='word_1_437' title='bbox 2529 3040 2737 3097; x_wconf 86' lang='lat' dir='ltr'>castris</span> <span class='ocrx_word' id='word_1_438' title='bbox 2786 3041 3081 3108; x_wconf 90' lang='lat' dir='ltr'>accubuit,</span> <span class='ocrx_word' id='word_1_439' title='bbox 3127 3042 3324 3099; x_wconf 90' lang='lat' dir='ltr'>hostes</span> <span class='ocrx_word' id='word_1_440' title='bbox 3372 3061 3487 3100; x_wconf 90' lang='lat' dir='ltr'>non</span> <span class='ocrx_word' id='word_1_441' title='bbox 3533 3044 3702 3119; x_wconf 91' lang='lat' dir='ltr'>longe</span> 
     </span>
    </p>
   </div>
   <div class='ocr_carea' id='block_1_61' title="bbox 2049 3124 3702 3203">
    <p class='ocr_par' dir='ltr' id='par_1_61' title="bbox 2049 3124 3702 3203">
     <span class='ocr_line' id='line_1_61' title="bbox 2049 3124 3702 3203; baseline 0.005 -21"><span class='ocrx_word' id='word_1_442' title='bbox 2049 3144 2177 3183; x_wconf 79' lang='lat' dir='ltr'>esse</span> <span class='ocrx_word' id='word_1_443' title='bbox 2236 3133 2488 3184; x_wconf 88' lang='lat' dir='ltr'>remotos</span> <span class='ocrx_word' id='word_1_444' title='bbox 2557 3128 2732 3185; x_wconf 90' lang='lat' dir='ltr'>certis</span> <span class='ocrx_word' id='word_1_445' title='bbox 2790 3124 3024 3185; x_wconf 86' lang='lat' dir='ltr'>indiciis</span> <span class='ocrx_word' id='word_1_446' title='bbox 3082 3132 3425 3203; x_wconf 91' lang='lat' dir='ltr'>comperuit.</span> <span class='ocrx_word' id='word_1_447' title='bbox 3494 3133 3702 3191; x_wconf 81' lang='lat' dir='ltr'>Relatu</span> 
     </span>
    </p>
   </div>
   <div class='ocr_carea' id='block_1_62' title="bbox 281 3204 3701 3292">
    <p class='ocr_par' dir='ltr' id='par_1_62' title="bbox 281 3204 3701 3292">
     <span class='ocr_line' id='line_1_62' title="bbox 281 3204 3701 3292; baseline 0.001 -15"><span class='ocrx_word' id='word_1_448' title='bbox 281 3219 556 3277; x_wconf 89' lang='lat' dir='ltr'>militatis</span> <span class='ocrx_word' id='word_1_449' title='bbox 576 3224 634 3277; x_wconf 90' lang='lat' dir='ltr'>et</span> <span class='ocrx_word' id='word_1_450' title='bbox 660 3218 721 3275; x_wconf 92' lang='lat' dir='ltr'>in</span> <span class='ocrx_word' id='word_1_451' title='bbox 745 3221 942 3275; x_wconf 88' lang='lat' dir='ltr'>animo</span> <span class='ocrx_word' id='word_1_452' title='bbox 964 3219 1233 3287; x_wconf 90' lang='lat' dir='ltr'>contrito,</span> <span class='ocrx_word' id='word_1_453' title='bbox 1258 3218 1426 3275; x_wconf 88' lang='lat' dir='ltr'>laneo</span> <span class='ocrx_word' id='word_1_454' title='bbox 1447 3219 1689 3275; x_wconf 89' lang='lat' dir='ltr'>indutus</span> <span class='ocrx_word' id='word_1_455' title='bbox 1711 3219 1936 3290; x_wconf 86' lang='lat' dir='ltr'>habitu,</span> <span class='ocrx_word' id='word_1_456' title='bbox 1969 3204 2011 3270; x_wconf 88' lang='lat' dir='ltr'>C</span> <span class='ocrx_word' id='word_1_457' title='bbox 2051 3233 2306 3289; x_wconf 78' lang='lat' dir='ltr'>uanique</span> <span class='ocrx_word' id='word_1_458' title='bbox 2331 3217 2695 3273; x_wconf 89' lang='lat' dir='ltr'>audientium</span> <span class='ocrx_word' id='word_1_459' title='bbox 2719 3223 2774 3274; x_wconf 90' lang='lat' dir='ltr'>et</span> <span class='ocrx_word' id='word_1_460' title='bbox 2795 3218 3113 3274; x_wconf 87' lang='lat' dir='ltr'>videntium</span> <span class='ocrx_word' id='word_1_461' title='bbox 3138 3221 3391 3292; x_wconf 83' lang='lat' dir='ltr'>perﬁdos</span> <span class='ocrx_word' id='word_1_462' title='bbox 3412 3222 3701 3280; x_wconf 89' lang='lat' dir='ltr'>Sardenas</span> 
     </span>
    </p>
   </div>
   <div class='ocr_carea' id='block_1_63' title="bbox 281 3307 1948 3385">
    <p class='ocr_par' dir='ltr' id='par_1_63' title="bbox 281 3307 1948 3385">
     <span class='ocr_line' id='line_1_63' title="bbox 281 3307 1948 3385; baseline -0.002 -19"><span class='ocrx_word' id='word_1_463' title='bbox 281 3310 579 3385; x_wconf 88' lang='lat' dir='ltr'>nudisque</span> <span class='ocrx_word' id='word_1_464' title='bbox 610 3308 886 3366; x_wconf 89' lang='lat' dir='ltr'>incedens</span> <span class='ocrx_word' id='word_1_465' title='bbox 919 3308 1166 3381; x_wconf 89' lang='lat' dir='ltr'>pedibus</span> <span class='ocrx_word' id='word_1_466' title='bbox 1198 3307 1256 3363; x_wconf 90' lang='lat' dir='ltr'>in</span> <span class='ocrx_word' id='word_1_467' title='bbox 1281 3308 1583 3365; x_wconf 90' lang='lat' dir='ltr'>beatorum</span> <span class='ocrx_word' id='word_1_468' title='bbox 1609 3308 1948 3365; x_wconf 79' lang='lat' dir='ltr'>intercessu.</span> 
     </span>
    </p>
   </div>
   <div class='ocr_carea' id='block_1_64' title="bbox 278 3396 1949 3471">
    <p class='ocr_par' dir='ltr' id='par_1_64' title="bbox 278 3396 1949 3471">
     <span class='ocr_line' id='line_1_64' title="bbox 278 3396 1949 3471; baseline -0.004 -12"><span class='ocrx_word' id='word_1_469' title='bbox 278 3416 419 3459; x_wconf 85' lang='lat' dir='ltr'>rum</span> <span class='ocrx_word' id='word_1_470' title='bbox 441 3397 723 3467; x_wconf 89' lang='lat' dir='ltr'>ecclesiis,</span> <span class='ocrx_word' id='word_1_471' title='bbox 737 3396 1243 3471; x_wconf 87' lang='lat' dir='ltr'>Cunctipotcntem</span> <span class='ocrx_word' id='word_1_472' title='bbox 1264 3414 1520 3465; x_wconf 85' lang='lat' dir='ltr'>exorare,</span> <span class='ocrx_word' id='word_1_473' title='bbox 1535 3396 1705 3471; x_wconf 89' lang='lat' dir='ltr'>eique</span> <span class='ocrx_word' id='word_1_474' title='bbox 1726 3397 1949 3453; x_wconf 88' lang='lat' dir='ltr'>medul-</span> 
     </span>
    </p>
   </div>
   <div class='ocr_carea' id='block_1_65' title="bbox 278 3486 1947 3569">
    <p class='ocr_par' dir='ltr' id='par_1_65' title="bbox 278 3486 1947 3569">
     <span class='ocr_line' id='line_1_65' title="bbox 278 3486 1947 3569; baseline -0.002 -24"><span class='ocrx_word' id='word_1_475' title='bbox 278 3488 427 3569; x_wconf 80' lang='lat' dir='ltr'>litus</span> <span class='ocrx_word' id='word_1_476' title='bbox 448 3486 776 3561; x_wconf 88' lang='lat' dir='ltr'>supplicare</span> <span class='ocrx_word' id='word_1_477' title='bbox 798 3487 1131 3555; x_wconf 87' lang='lat' dir='ltr'>maturavit,</span> <span class='ocrx_word' id='word_1_478' title='bbox 1155 3491 1219 3542; x_wconf 91' lang='lat' dir='ltr'>ut</span> <span class='ocrx_word' id='word_1_479' title='bbox 1241 3488 1412 3558; x_wconf 86' lang='lat' dir='ltr'>cujus</span> <span class='ocrx_word' id='word_1_480' title='bbox 1437 3491 1584 3542; x_wconf 89' lang='lat' dir='ltr'>nutu</span> <span class='ocrx_word' id='word_1_481' title='bbox 1610 3498 1947 3560; x_wconf 73' lang='lat' dir='ltr'>susceperat</span> 
     </span>
    </p>
   </div>
   <div class='ocr_carea' id='block_1_66' title="bbox 273 3574 1942 3651">
    <p class='ocr_par' dir='ltr' id='par_1_66' title="bbox 273 3574 1942 3651">
     <span class='ocr_line' id='line_1_66' title="bbox 273 3574 1942 3651; baseline -0.001 -17"><span class='ocrx_word' id='word_1_482' title='bbox 273 3577 443 3651; x_wconf 84' lang='lat' dir='ltr'>regni</span> <span class='ocrx_word' id='word_1_483' title='bbox 474 3576 894 3650; x_wconf 87' lang='lat' dir='ltr'>gubernacula,</span> <span class='ocrx_word' id='word_1_484' title='bbox 930 3576 1057 3649; x_wconf 89' lang='lat' dir='ltr'>ipso</span> <span class='ocrx_word' id='word_1_485' title='bbox 1088 3574 1399 3632; x_wconf 88' lang='lat' dir='ltr'>inchoante</span> <span class='ocrx_word' id='word_1_486' title='bbox 1427 3580 1484 3632; x_wconf 90' lang='lat' dir='ltr'>et</span> <span class='ocrx_word' id='word_1_487' title='bbox 1512 3580 1845 3649; x_wconf 87' lang='lat' dir='ltr'>peragente,</span> <span class='ocrx_word' id='word_1_488' title='bbox 1869 3577 1942 3632; x_wconf 91' lang='lat' dir='ltr'>ad</span> 
     </span>
    </p>
   </div>
   <div class='ocr_carea' id='block_1_67' title="bbox 270 3663 1944 3739">
    <p class='ocr_par' dir='ltr' id='par_1_67' title="bbox 270 3663 1944 3739">
     <span class='ocr_line' id='line_1_67' title="bbox 270 3663 1944 3739; baseline -0.004 -12"><span class='ocrx_word' id='word_1_489' title='bbox 270 3667 563 3727; x_wconf 86' lang='lat' dir='ltr'>honorem</span> <span class='ocrx_word' id='word_1_490' title='bbox 584 3670 641 3722; x_wconf 91' lang='lat' dir='ltr'>et</span> <span class='ocrx_word' id='word_1_491' title='bbox 660 3665 895 3722; x_wconf 90' lang='lat' dir='ltr'>laudem</span> <span class='ocrx_word' id='word_1_492' title='bbox 918 3665 1010 3721; x_wconf 91' lang='lat' dir='ltr'>sui</span> <span class='ocrx_word' id='word_1_493' title='bbox 1034 3663 1311 3736; x_wconf 90' lang='lat' dir='ltr'>nominis,</span> <span class='ocrx_word' id='word_1_494' title='bbox 1339 3669 1616 3739; x_wconf 87' lang='lat' dir='ltr'>tyrannos</span> <span class='ocrx_word' id='word_1_495' title='bbox 1638 3670 1693 3721; x_wconf 91' lang='lat' dir='ltr'>et</span> <span class='ocrx_word' id='word_1_496' title='bbox 1717 3666 1944 3739; x_wconf 84' lang='lat' dir='ltr'>impug—</span> 
     </span>
    </p>
   </div>
   <div class='ocr_carea' id='block_1_68' title="bbox 275 3754 1938 3827">
    <p class='ocr_par' dir='ltr' id='par_1_68' title="bbox 275 3754 1938 3827">
     <span class='ocr_line' id='line_1_68' title="bbox 275 3754 1938 3827; baseline -0.003 -12"><span class='ocrx_word' id='word_1_497' title='bbox 275 3761 518 3815; x_wconf 86' lang='lat' dir='ltr'>natores</span> <span class='ocrx_word' id='word_1_498' title='bbox 549 3754 1027 3821; x_wconf 83' lang='lat' dir='ltr'>Christianitatis,</span> <span class='ocrx_word' id='word_1_499' title='bbox 1062 3754 1134 3810; x_wconf 90' lang='lat' dir='ltr'>ab</span> <span class='ocrx_word' id='word_1_500' title='bbox 1166 3754 1414 3811; x_wconf 88' lang='lat' dir='ltr'>elatione</span> <span class='ocrx_word' id='word_1_501' title='bbox 1452 3758 1938 3827; x_wconf 79' lang='lat' dir='ltr'>praesumptuosa,</span> 
     </span>
    </p>
   </div>
   <div class='ocr_carea' id='block_1_69' title="bbox 275 3841 1937 3916">
    <p class='ocr_par' dir='ltr' id='par_1_69' title="bbox 275 3841 1937 3916">
     <span class='ocr_line' id='line_1_69' title="bbox 275 3841 1937 3916; baseline -0.002 -15"><span class='ocrx_word' id='word_1_502' title='bbox 275 3852 339 3902; x_wconf 89' lang='lat' dir='ltr'>et</span> <span class='ocrx_word' id='word_1_503' title='bbox 366 3862 401 3900; x_wconf 92' lang='lat' dir='ltr'>a</span> <span class='ocrx_word' id='word_1_504' title='bbox 430 3844 555 3901; x_wconf 89' lang='lat' dir='ltr'>suis</span> <span class='ocrx_word' id='word_1_505' title='bbox 584 3843 829 3909; x_wconf 84' lang='lat' dir='ltr'>viribus.</span> <span class='ocrx_word' id='word_1_506' title='bbox 861 3843 1077 3916; x_wconf 89' lang='lat' dir='ltr'>quibus</span> <span class='ocrx_word' id='word_1_507' title='bbox 1107 3860 1170 3899; x_wconf 88' lang='lat' dir='ltr'>se</span> <span class='ocrx_word' id='word_1_508' title='bbox 1218 3841 1583 3915; x_wconf 89' lang='lat' dir='ltr'>triumphare</span> <span class='ocrx_word' id='word_1_509' title='bbox 1630 3843 1937 3916; x_wconf 89' lang='lat' dir='ltr'>putabant,</span> 
     </span>
    </p>
   </div>
   <div class='ocr_carea' id='block_1_70' title="bbox 274 3930 1939 4007">
    <p class='ocr_par' dir='ltr' id='par_1_70' title="bbox 274 3930 1939 4007">
     <span class='ocr_line' id='line_1_70' title="bbox 274 3930 1939 4007; baseline -0.002 -16"><span class='ocrx_word' id='word_1_510' title='bbox 274 3933 429 3993; x_wconf 87' lang='lat' dir='ltr'>nihil</span> <span class='ocrx_word' id='word_1_511' title='bbox 460 3932 744 4007; x_wconf 87' lang='lat' dir='ltr'>triumphi</span> <span class='ocrx_word' id='word_1_512' title='bbox 772 3930 861 3988; x_wconf 88' lang='lat' dir='ltr'>vel</span> <span class='ocrx_word' id='word_1_513' title='bbox 892 3931 1065 3988; x_wconf 90' lang='lat' dir='ltr'>inane</span> <span class='ocrx_word' id='word_1_514' title='bbox 1095 3931 1288 3988; x_wconf 89' lang='lat' dir='ltr'>laudis</span> <span class='ocrx_word' id='word_1_515' title='bbox 1319 3931 1432 3987; x_wconf 89' lang='lat' dir='ltr'>sibi</span> <span class='ocrx_word' id='word_1_516' title='bbox 1456 3932 1818 4005; x_wconf 89' lang='lat' dir='ltr'>usurpando,</span> <span class='ocrx_word' id='word_1_517' title='bbox 1838 3933 1939 3989; x_wconf 91' lang='lat' dir='ltr'>sed</span> 
     </span>
    </p>
   </div>
   <div class='ocr_carea' id='block_1_71' title="bbox 277 4020 1940 4088">
    <p class='ocr_par' dir='ltr' id='par_1_71' title="bbox 277 4020 1940 4088">
     <span class='ocr_line' id='line_1_71' title="bbox 277 4020 1940 4088; baseline -0.002 -9"><span class='ocrx_word' id='word_1_518' title='bbox 277 4027 476 4080; x_wconf 85' lang='lat' dir='ltr'>totum</span> <span class='ocrx_word' id='word_1_519' title='bbox 506 4022 622 4078; x_wconf 90' lang='lat' dir='ltr'>Deo</span> <span class='ocrx_word' id='word_1_520' title='bbox 654 4021 1091 4087; x_wconf 88' lang='lat' dir='ltr'>committendo,</span> <span class='ocrx_word' id='word_1_521' title='bbox 1113 4020 1323 4076; x_wconf 90' lang='lat' dir='ltr'>virtute</span> <span class='ocrx_word' id='word_1_522' title='bbox 1354 4025 1568 4077; x_wconf 72' lang='lat' dir='ltr'>sanctae</span> <span class='ocrx_word' id='word_1_523' title='bbox 1599 4021 1810 4088; x_wconf 91' lang='lat' dir='ltr'>crucis,</span> <span class='ocrx_word' id='word_1_524' title='bbox 1836 4021 1940 4077; x_wconf 90' lang='lat' dir='ltr'>de-</span> 
     </span>
    </p>
   </div>
   <div class='ocr_carea' id='block_1_72' title="bbox 274 4109 1939 4185">
    <p class='ocr_par' dir='ltr' id='par_1_72' title="bbox 274 4109 1939 4185">
     <span class='ocr_line' id='line_1_72' title="bbox 274 4109 1939 4185; baseline -0.001 -18"><span class='ocrx_word' id='word_1_525' title='bbox 274 4127 499 4185; x_wconf 88' lang='lat' dir='ltr'>ponere</span> <span class='ocrx_word' id='word_1_526' title='bbox 518 4116 576 4167; x_wconf 89' lang='lat' dir='ltr'>et</span> <span class='ocrx_word' id='word_1_527' title='bbox 597 4114 961 4184; x_wconf 89' lang='lat' dir='ltr'>prosternere</span> <span class='ocrx_word' id='word_1_528' title='bbox 983 4109 1290 4182; x_wconf 89' lang='lat' dir='ltr'>potuisset.</span> <span class='ocrx_word' id='word_1_529' title='bbox 1307 4110 1568 4166; x_wconf 89' lang='lat' dir='ltr'>Tandem</span> <span class='ocrx_word' id='word_1_530' title='bbox 1591 4114 1939 4183; x_wconf 87' lang='lat' dir='ltr'>congregato</span> 
     </span>
    </p>
   </div>
   <div class='ocr_carea' id='block_1_73' title="bbox 272 4196 1937 4272">
    <p class='ocr_par' dir='ltr' id='par_1_73' title="bbox 272 4196 1937 4272">
     <span class='ocr_line' id='line_1_73' title="bbox 272 4196 1937 4272; baseline -0.002 -15"><span class='ocrx_word' id='word_1_531' title='bbox 272 4200 463 4258; x_wconf 76' lang='lat' dir='ltr'>totius</span> <span class='ocrx_word' id='word_1_532' title='bbox 484 4198 735 4256; x_wconf 88' lang='lat' dir='ltr'>civitatis</span> <span class='ocrx_word' id='word_1_533' title='bbox 756 4198 910 4255; x_wconf 92' lang='lat' dir='ltr'>clero</span> <span class='ocrx_word' id='word_1_534' title='bbox 931 4203 987 4255; x_wconf 88' lang='lat' dir='ltr'>et</span> <span class='ocrx_word' id='word_1_535' title='bbox 1008 4198 1221 4272; x_wconf 89' lang='lat' dir='ltr'>populo</span> <span class='ocrx_word' id='word_1_536' title='bbox 1244 4199 1304 4255; x_wconf 91' lang='lat' dir='ltr'>in</span> <span class='ocrx_word' id='word_1_537' title='bbox 1326 4196 1572 4255; x_wconf 88' lang='lat' dir='ltr'>ecclesia</span> <span class='ocrx_word' id='word_1_538' title='bbox 1587 4198 1741 4254; x_wconf 89' lang='lat' dir='ltr'>beati</span> <span class='ocrx_word' id='word_1_539' title='bbox 1764 4198 1937 4265; x_wconf 87' lang='lat' dir='ltr'>Petri,</span> 
     </span>
    </p>
   </div>
   <div class='ocr_carea' id='block_1_74' title="bbox 268 4286 1936 4364">
    <p class='ocr_par' dir='ltr' id='par_1_74' title="bbox 268 4286 1936 4364">
     <span class='ocr_line' id='line_1_74' title="bbox 268 4286 1936 4364; baseline -0.003 -17"><span class='ocrx_word' id='word_1_540' title='bbox 268 4288 616 4364; x_wconf 88' lang='lat' dir='ltr'>patriarcha</span> <span class='ocrx_word' id='word_1_541' title='bbox 642 4287 930 4345; x_wconf 88' lang='lat' dir='ltr'>celebrato</span> <span class='ocrx_word' id='word_1_542' title='bbox 963 4287 1158 4344; x_wconf 90' lang='lat' dir='ltr'>divino</span> <span class='ocrx_word' id='word_1_543' title='bbox 1187 4286 1400 4353; x_wconf 78' lang='lat' dir='ltr'>ofﬁcio,</span> <span class='ocrx_word' id='word_1_544' title='bbox 1424 4290 1491 4342; x_wconf 89' lang='lat' dir='ltr'>ut</span> <span class='ocrx_word' id='word_1_545' title='bbox 1521 4287 1683 4343; x_wconf 89' lang='lat' dir='ltr'>decet</span> <span class='ocrx_word' id='word_1_546' title='bbox 1710 4291 1936 4360; x_wconf 89' lang='lat' dir='ltr'>patrem</span> 
     </span>
    </p>
   </div>
   <div class='ocr_carea' id='block_1_75' title="bbox 275 4370 1938 4446">
    <p class='ocr_par' dir='ltr' id='par_1_75' title="bbox 275 4370 1938 4446">
     <span class='ocr_line' id='line_1_75' title="bbox 275 4370 1938 4446; baseline -0.002 -11"><span class='ocrx_word' id='word_1_547' title='bbox 275 4377 435 4436; x_wconf 82' lang='lat' dir='ltr'>ﬁlios</span> <span class='ocrx_word' id='word_1_548' title='bbox 461 4394 600 4435; x_wconf 90' lang='lat' dir='ltr'>suos</span> <span class='ocrx_word' id='word_1_549' title='bbox 630 4370 817 4434; x_wconf 80' lang='lat' dir='ltr'>ituros</span> <span class='ocrx_word' id='word_1_550' title='bbox 846 4378 919 4433; x_wconf 90' lang='lat' dir='ltr'>ad</span> <span class='ocrx_word' id='word_1_551' title='bbox 951 4376 1192 4446; x_wconf 90' lang='lat' dir='ltr'>bellum,</span> <span class='ocrx_word' id='word_1_552' title='bbox 1212 4381 1270 4433; x_wconf 90' lang='lat' dir='ltr'>et</span> <span class='ocrx_word' id='word_1_553' title='bbox 1291 4375 1447 4433; x_wconf 90' lang='lat' dir='ltr'>domi</span> <span class='ocrx_word' id='word_1_554' title='bbox 1481 4375 1539 4431; x_wconf 93' lang='lat' dir='ltr'>in</span> <span class='ocrx_word' id='word_1_555' title='bbox 1571 4375 1669 4432; x_wconf 92' lang='lat' dir='ltr'>Dei</span> <span class='ocrx_word' id='word_1_556' title='bbox 1703 4376 1938 4432; x_wconf 91' lang='lat' dir='ltr'>servitio</span> 
     </span>
    </p>
   </div>
   <div class='ocr_carea' id='block_1_76' title="bbox 274 4464 1937 4540">
    <p class='ocr_par' dir='ltr' id='par_1_76' title="bbox 274 4464 1937 4540">
     <span class='ocr_line' id='line_1_76' title="bbox 274 4464 1937 4540; baseline -0.004 -14"><span class='ocrx_word' id='word_1_557' title='bbox 274 4484 681 4534; x_wconf 87' lang='lat' dir='ltr'>remansuros,</span> <span class='ocrx_word' id='word_1_558' title='bbox 711 4466 1016 4540; x_wconf 72' lang='lat' dir='ltr'>praeceptis</span> <span class='ocrx_word' id='word_1_559' title='bbox 1045 4464 1366 4524; x_wconf 89' lang='lat' dir='ltr'>Dominicis</span> <span class='ocrx_word' id='word_1_560' title='bbox 1396 4464 1693 4532; x_wconf 84' lang='lat' dir='ltr'>instruxit,</span> <span class='ocrx_word' id='word_1_561' title='bbox 1708 4464 1937 4521; x_wconf 89' lang='lat' dir='ltr'>monuit</span> 
     </span>
    </p>
   </div>
   <div class='ocr_carea' id='block_1_77' title="bbox 2058 3306 3702 3382">
    <p class='ocr_par' dir='ltr' id='par_1_77' title="bbox 2058 3306 3702 3382">
     <span class='ocr_line' id='line_1_77' title="bbox 2058 3306 3702 3382; baseline 0.004 -21"><span class='ocrx_word' id='word_1_562' title='bbox 2058 3306 2357 3362; x_wconf 85' lang='lat' dir='ltr'>obsedisse</span> <span class='ocrx_word' id='word_1_563' title='bbox 2388 3307 2577 3362; x_wconf 89' lang='lat' dir='ltr'>lucide</span> <span class='ocrx_word' id='word_1_564' title='bbox 2609 3306 2924 3376; x_wconf 82' lang='lat' dir='ltr'>intellexit;</span> <span class='ocrx_word' id='word_1_565' title='bbox 2961 3313 3019 3364; x_wconf 89' lang='lat' dir='ltr'>et</span> <span class='ocrx_word' id='word_1_566' title='bbox 3048 3309 3202 3382; x_wconf 91' lang='lat' dir='ltr'>quod</span> <span class='ocrx_word' id='word_1_567' title='bbox 3234 3311 3437 3365; x_wconf 88' lang='lat' dir='ltr'>eodem</span> <span class='ocrx_word' id='word_1_568' title='bbox 3468 3312 3582 3378; x_wconf 91' lang='lat' dir='ltr'>die,</span> <span class='ocrx_word' id='word_1_569' title='bbox 3611 3312 3702 3368; x_wconf 93' lang='lat' dir='ltr'>vel</span> 
     </span>
    </p>
   </div>
   <div class='ocr_carea' id='block_1_78' title="bbox 2055 3396 3704 3469">
    <p class='ocr_par' dir='ltr' id='par_1_78' title="bbox 2055 3396 3704 3469">
     <span class='ocr_line' id='line_1_78' title="bbox 2055 3396 3704 3469; baseline 0.005 -20"><span class='ocrx_word' id='word_1_570' title='bbox 2055 3411 2246 3466; x_wconf 90' lang='lat' dir='ltr'>mane,</span> <span class='ocrx_word' id='word_1_571' title='bbox 2278 3412 2347 3452; x_wconf 79' lang='lat' dir='ltr'>ex</span> <span class='ocrx_word' id='word_1_572' title='bbox 2376 3396 2519 3468; x_wconf 90' lang='lat' dir='ltr'>ipsis</span> <span class='ocrx_word' id='word_1_573' title='bbox 2552 3396 2836 3469; x_wconf 90' lang='lat' dir='ltr'>quosdam</span> <span class='ocrx_word' id='word_1_574' title='bbox 2869 3396 3108 3466; x_wconf 90' lang='lat' dir='ltr'>videret,</span> <span class='ocrx_word' id='word_1_575' title='bbox 3136 3402 3291 3454; x_wconf 89' lang='lat' dir='ltr'>certe</span> <span class='ocrx_word' id='word_1_576' title='bbox 3322 3400 3527 3456; x_wconf 89' lang='lat' dir='ltr'>nuntio</span> <span class='ocrx_word' id='word_1_577' title='bbox 3558 3400 3704 3457; x_wconf 91' lang='lat' dir='ltr'>didi-</span> 
     </span>
    </p>
   </div>
   <div class='ocr_carea' id='block_1_79' title="bbox 2053 3483 3702 3558">
    <p class='ocr_par' dir='ltr' id='par_1_79' title="bbox 2053 3483 3702 3558">
     <span class='ocr_line' id='line_1_79' title="bbox 2053 3483 3702 3558; baseline 0.005 -20"><span class='ocrx_word' id='word_1_578' title='bbox 2053 3483 2151 3539; x_wconf 90' lang='lat' dir='ltr'>cit.</span> <span class='ocrx_word' id='word_1_579' title='bbox 2184 3484 2435 3557; x_wconf 85' lang='lat' dir='ltr'>Contigit</span> <span class='ocrx_word' id='word_1_580' title='bbox 2466 3502 2719 3558; x_wconf 83' lang='lat' dir='ltr'>namque</span> <span class='ocrx_word' id='word_1_581' title='bbox 2750 3485 2809 3540; x_wconf 88' lang='lat' dir='ltr'>in</span> <span class='ocrx_word' id='word_1_582' title='bbox 2843 3486 3095 3542; x_wconf 88' lang='lat' dir='ltr'>crastino</span> <span class='ocrx_word' id='word_1_583' title='bbox 3140 3504 3374 3543; x_wconf 86' lang='lat' dir='ltr'>summo</span> <span class='ocrx_word' id='word_1_584' title='bbox 3422 3506 3593 3545; x_wconf 88' lang='lat' dir='ltr'>mane</span> <span class='ocrx_word' id='word_1_585' title='bbox 3622 3488 3702 3547; x_wconf 85' lang='lat' dir='ltr'>le-</span> 
     </span>
    </p>
   </div>
   <div class='ocr_carea' id='block_1_80' title="bbox 2050 3572 3702 3650">
    <p class='ocr_par' dir='ltr' id='par_1_80' title="bbox 2050 3572 3702 3650">
     <span class='ocr_line' id='line_1_80' title="bbox 2050 3572 3702 3650; baseline 0.005 -24"><span class='ocrx_word' id='word_1_586' title='bbox 2050 3573 2239 3629; x_wconf 88' lang='lat' dir='ltr'>viores</span> <span class='ocrx_word' id='word_1_587' title='bbox 2283 3572 2713 3647; x_wconf 89' lang='lat' dir='ltr'>habilioresque</span> <span class='ocrx_word' id='word_1_588' title='bbox 2761 3574 2980 3630; x_wconf 63' lang='lat' dir='ltr'>militia</span> <span class='ocrx_word' id='word_1_589' title='bbox 3028 3576 3279 3648; x_wconf 86' lang='lat' dir='ltr'>sparsim</span> <span class='ocrx_word' id='word_1_590' title='bbox 3327 3576 3702 3650; x_wconf 83' lang='lat' dir='ltr'>praeludendo</span> 
     </span>
    </p>
   </div>
   <div class='ocr_carea' id='block_1_81' title="bbox 2050 3661 3697 3740">
    <p class='ocr_par' dir='ltr' id='par_1_81' title="bbox 2050 3661 3697 3740">
     <span class='ocr_line' id='line_1_81' title="bbox 2050 3661 3697 3740; baseline 0.004 -23"><span class='ocrx_word' id='word_1_591' title='bbox 2050 3661 2506 3736; x_wconf 84' lang='lat' dir='ltr'>circumquaque</span> <span class='ocrx_word' id='word_1_592' title='bbox 2555 3662 2790 3720; x_wconf 90' lang='lat' dir='ltr'>emissis</span> <span class='ocrx_word' id='word_1_593' title='bbox 2842 3662 3074 3737; x_wconf 87' lang='lat' dir='ltr'>sagittis</span> <span class='ocrx_word' id='word_1_594' title='bbox 3122 3669 3351 3722; x_wconf 90' lang='lat' dir='ltr'>nostros</span> <span class='ocrx_word' id='word_1_595' title='bbox 3400 3667 3697 3740; x_wconf 88' lang='lat' dir='ltr'>impetere.</span> 
     </span>
    </p>
   </div>
   <div class='ocr_carea' id='block_1_82' title="bbox 2051 3751 3704 3830">
    <p class='ocr_par' dir='ltr' id='par_1_82' title="bbox 2051 3751 3704 3830">
     <span class='ocr_line' id='line_1_82' title="bbox 2051 3751 3704 3830; baseline 0.004 -23"><span class='ocrx_word' id='word_1_596' title='bbox 2051 3751 2261 3823; x_wconf 88' lang='lat' dir='ltr'>Sicque</span> <span class='ocrx_word' id='word_1_597' title='bbox 2292 3751 2443 3808; x_wconf 90' lang='lat' dir='ltr'>diem</span> <span class='ocrx_word' id='word_1_598' title='bbox 2475 3753 2825 3809; x_wconf 88' lang='lat' dir='ltr'>deducentes</span> <span class='ocrx_word' id='word_1_599' title='bbox 2846 3752 2968 3808; x_wconf 90' lang='lat' dir='ltr'>bini</span> <span class='ocrx_word' id='word_1_600' title='bbox 2991 3757 3048 3808; x_wconf 89' lang='lat' dir='ltr'>et</span> <span class='ocrx_word' id='word_1_601' title='bbox 3067 3753 3387 3827; x_wconf 90' lang='lat' dir='ltr'>bini,pauci</span> <span class='ocrx_word' id='word_1_602' title='bbox 3407 3772 3540 3812; x_wconf 92' lang='lat' dir='ltr'>cum</span> <span class='ocrx_word' id='word_1_603' title='bbox 3564 3774 3704 3830; x_wconf 89' lang='lat' dir='ltr'>pau-</span> 
     </span>
    </p>
   </div>
   <div class='ocr_carea' id='block_1_83' title="bbox 2049 3840 3704 3914">
    <p class='ocr_par' dir='ltr' id='par_1_83' title="bbox 2049 3840 3704 3914">
     <span class='ocr_line' id='line_1_83' title="bbox 2049 3840 3704 3914; baseline 0.004 -19"><span class='ocrx_word' id='word_1_604' title='bbox 2049 3840 2154 3908; x_wconf 92' lang='lat' dir='ltr'>cis,</span> <span class='ocrx_word' id='word_1_605' title='bbox 2184 3840 2379 3912; x_wconf 88' lang='lat' dir='ltr'>plures</span> <span class='ocrx_word' id='word_1_606' title='bbox 2411 3858 2543 3896; x_wconf 93' lang='lat' dir='ltr'>cum</span> <span class='ocrx_word' id='word_1_607' title='bbox 2594 3840 2882 3914; x_wconf 89' lang='lat' dir='ltr'>pluribus,</span> <span class='ocrx_word' id='word_1_608' title='bbox 2917 3841 3054 3898; x_wconf 91' lang='lat' dir='ltr'>hinc</span> <span class='ocrx_word' id='word_1_609' title='bbox 3103 3847 3159 3898; x_wconf 90' lang='lat' dir='ltr'>et</span> <span class='ocrx_word' id='word_1_610' title='bbox 3208 3843 3362 3909; x_wconf 91' lang='lat' dir='ltr'>inde,</span> <span class='ocrx_word' id='word_1_611' title='bbox 3413 3846 3601 3901; x_wconf 89' lang='lat' dir='ltr'>cauda</span> <span class='ocrx_word' id='word_1_612' title='bbox 3646 3851 3704 3902; x_wconf 89' lang='lat' dir='ltr'>et</span> 
     </span>
    </p>
   </div>
   <div class='ocr_carea' id='block_1_84' title="bbox 2047 3928 3701 4003">
    <p class='ocr_par' dir='ltr' id='par_1_84' title="bbox 2047 3928 3701 4003">
     <span class='ocr_line' id='line_1_84' title="bbox 2047 3928 3701 4003; baseline 0.004 -19"><span class='ocrx_word' id='word_1_613' title='bbox 2047 3934 2225 4002; x_wconf 88' lang='lat' dir='ltr'>caput</span> <span class='ocrx_word' id='word_1_614' title='bbox 2253 3928 2644 3986; x_wconf 87' lang='lat' dir='ltr'>moliebantur</span> <span class='ocrx_word' id='word_1_615' title='bbox 2676 3935 2899 4003; x_wconf 91' lang='lat' dir='ltr'>partem</span> <span class='ocrx_word' id='word_1_616' title='bbox 2930 3932 3115 3987; x_wconf 89' lang='lat' dir='ltr'>nostri</span> <span class='ocrx_word' id='word_1_617' title='bbox 3146 3932 3432 3990; x_wconf 83' lang='lat' dir='ltr'>exercitus</span> <span class='ocrx_word' id='word_1_618' title='bbox 3462 3939 3701 3991; x_wconf 90' lang='lat' dir='ltr'>contur-</span> 
     </span>
    </p>
   </div>
   <div class='ocr_carea' id='block_1_85' title="bbox 2047 4017 3701 4093">
    <p class='ocr_par' dir='ltr' id='par_1_85' title="bbox 2047 4017 3701 4093">
     <span class='ocr_line' id='line_1_85' title="bbox 2047 4017 3701 4093; baseline 0.003 -19"><span class='ocrx_word' id='word_1_619' title='bbox 2047 4018 2208 4086; x_wconf 87' lang='lat' dir='ltr'>bare,</span> <span class='ocrx_word' id='word_1_620' title='bbox 2240 4017 2325 4074; x_wconf 90' lang='lat' dir='ltr'>vel</span> <span class='ocrx_word' id='word_1_621' title='bbox 2358 4036 2590 4093; x_wconf 90' lang='lat' dir='ltr'>quoquo</span> <span class='ocrx_word' id='word_1_622' title='bbox 2624 4020 2793 4075; x_wconf 88' lang='lat' dir='ltr'>modo</span> <span class='ocrx_word' id='word_1_623' title='bbox 2840 4019 3155 4092; x_wconf 89' lang='lat' dir='ltr'>impellere.</span> <span class='ocrx_word' id='word_1_624' title='bbox 3204 4021 3322 4077; x_wconf 84' lang='lat' dir='ltr'>Rex</span> <span class='ocrx_word' id='word_1_625' title='bbox 3368 4027 3562 4079; x_wconf 89' lang='lat' dir='ltr'>autem</span> <span class='ocrx_word' id='word_1_626' title='bbox 3614 4023 3701 4079; x_wconf 92' lang='lat' dir='ltr'>vi-</span> 
     </span>
    </p>
   </div>
   <div class='ocr_carea' id='block_1_86' title="bbox 2048 4106 3700 4183">
    <p class='ocr_par' dir='ltr' id='par_1_86' title="bbox 2048 4106 3700 4183">
     <span class='ocr_line' id='line_1_86' title="bbox 2048 4106 3700 4183; baseline 0.005 -21"><span class='ocrx_word' id='word_1_627' title='bbox 2048 4124 2185 4181; x_wconf 90' lang='lat' dir='ltr'>gore</span> <span class='ocrx_word' id='word_1_628' title='bbox 2215 4106 2395 4163; x_wconf 90' lang='lat' dir='ltr'>virilis</span> <span class='ocrx_word' id='word_1_629' title='bbox 2426 4108 2748 4180; x_wconf 61' lang='lat' dir='ltr'>prudentia:</span> <span class='ocrx_word' id='word_1_630' title='bbox 2795 4109 2995 4178; x_wconf 80' lang='lat' dir='ltr'>fretus,</span> <span class='ocrx_word' id='word_1_631' title='bbox 3027 4125 3158 4165; x_wconf 92' lang='lat' dir='ltr'>cum</span> <span class='ocrx_word' id='word_1_632' title='bbox 3210 4110 3561 4183; x_wconf 80' lang='lat' dir='ltr'>inspexisset</span> <span class='ocrx_word' id='word_1_633' title='bbox 3601 4129 3700 4170; x_wconf 89' lang='lat' dir='ltr'>eos</span> 
     </span>
    </p>
   </div>
   <div class='ocr_carea' id='block_1_87' title="bbox 2048 4197 3700 4270">
    <p class='ocr_par' dir='ltr' id='par_1_87' title="bbox 2048 4197 3700 4270">
     <span class='ocr_line' id='line_1_87' title="bbox 2048 4197 3700 4270; baseline 0.004 -19"><span class='ocrx_word' id='word_1_634' title='bbox 2048 4214 2164 4251; x_wconf 82' lang='lat' dir='ltr'>non</span> <span class='ocrx_word' id='word_1_635' title='bbox 2219 4213 2379 4251; x_wconf 90' lang='lat' dir='ltr'>more</span> <span class='ocrx_word' id='word_1_636' title='bbox 2435 4200 2828 4270; x_wconf 87' lang='lat' dir='ltr'>pugnatorum</span> <span class='ocrx_word' id='word_1_637' title='bbox 2884 4215 2945 4253; x_wconf 84' lang='lat' dir='ltr'>se</span> <span class='ocrx_word' id='word_1_638' title='bbox 2994 4197 3225 4267; x_wconf 89' lang='lat' dir='ltr'>habere,</span> <span class='ocrx_word' id='word_1_639' title='bbox 3261 4216 3365 4256; x_wconf 89' lang='lat' dir='ltr'>nec</span> <span class='ocrx_word' id='word_1_640' title='bbox 3411 4201 3700 4258; x_wconf 90' lang='lat' dir='ltr'>ordinatis</span> 
     </span>
    </p>
   </div>
   <div class='ocr_carea' id='block_1_88' title="bbox 2047 4284 3701 4362">
    <p class='ocr_par' dir='ltr' id='par_1_88' title="bbox 2047 4284 3701 4362">
     <span class='ocr_line' id='line_1_88' title="bbox 2047 4284 3701 4362; baseline 0.004 -21"><span class='ocrx_word' id='word_1_641' title='bbox 2047 4285 2284 4341; x_wconf 90' lang='lat' dir='ltr'>aciebus</span> <span class='ocrx_word' id='word_1_642' title='bbox 2312 4284 2600 4353; x_wconf 88' lang='lat' dir='ltr'>incedere,</span> <span class='ocrx_word' id='word_1_643' title='bbox 2634 4285 2901 4341; x_wconf 87' lang='lat' dir='ltr'>hortatur</span> <span class='ocrx_word' id='word_1_644' title='bbox 2929 4303 3087 4356; x_wconf 90' lang='lat' dir='ltr'>suos,</span> <span class='ocrx_word' id='word_1_645' title='bbox 3122 4287 3486 4362; x_wconf 88' lang='lat' dir='ltr'>imperatque</span> <span class='ocrx_word' id='word_1_646' title='bbox 3515 4291 3701 4346; x_wconf 90' lang='lat' dir='ltr'>omni-</span> 
     </span>
    </p>
   </div>
   <div class='ocr_carea' id='block_1_89' title="bbox 2046 4373 3698 4447">
    <p class='ocr_par' dir='ltr' id='par_1_89' title="bbox 2046 4373 3698 4447">
     <span class='ocr_line' id='line_1_89' title="bbox 2046 4373 3698 4447; baseline 0.002 -16"><span class='ocrx_word' id='word_1_647' title='bbox 2046 4374 2158 4431; x_wconf 91' lang='lat' dir='ltr'>bus</span> <span class='ocrx_word' id='word_1_648' title='bbox 2189 4391 2292 4446; x_wconf 92' lang='lat' dir='ltr'>pro</span> <span class='ocrx_word' id='word_1_649' title='bbox 2324 4374 2533 4430; x_wconf 87' lang='lat' dir='ltr'>castris</span> <span class='ocrx_word' id='word_1_650' title='bbox 2564 4373 2690 4430; x_wconf 91' lang='lat' dir='ltr'>suis</span> <span class='ocrx_word' id='word_1_651' title='bbox 2721 4375 3040 4447; x_wconf 87' lang='lat' dir='ltr'>prudenter</span> <span class='ocrx_word' id='word_1_652' title='bbox 3081 4375 3344 4445; x_wconf 79' lang='lat' dir='ltr'>existere,</span> <span class='ocrx_word' id='word_1_653' title='bbox 3378 4379 3698 4434; x_wconf 89' lang='lat' dir='ltr'>constanti-</span> 
     </span>
    </p>
   </div>
   <div class='ocr_carea' id='block_1_90' title="bbox 2046 4463 3700 4555">
    <p class='ocr_par' dir='ltr' id='par_1_90' title="bbox 2046 4463 3700 4555">
     <span class='ocr_line' id='line_1_90' title="bbox 2046 4463 3700 4555; baseline 0.004 -37"><span class='ocrx_word' id='word_1_654' title='bbox 2046 4479 2158 4536; x_wconf 90' lang='lat' dir='ltr'>que</span> <span class='ocrx_word' id='word_1_655' title='bbox 2190 4463 2385 4519; x_wconf 90' lang='lat' dir='ltr'>animo</span> <span class='ocrx_word' id='word_1_656' title='bbox 2417 4463 2558 4537; x_wconf 87' lang='lat' dir='ltr'>pati,</span> <span class='ocrx_word' id='word_1_657' title='bbox 2578 4467 2635 4519; x_wconf 90' lang='lat' dir='ltr'>et</span> <span class='ocrx_word' id='word_1_658' title='bbox 2664 4463 2951 4536; x_wconf 91' lang='lat' dir='ltr'>inspicere</span> <span class='ocrx_word' id='word_1_659' title='bbox 2981 4464 3433 4555; x_wconf 73' lang='lat' dir='ltr'>quousqueloco</span> <span class='ocrx_word' id='word_1_660' title='bbox 3462 4484 3700 4542; x_wconf 89' lang='lat' dir='ltr'>congre-</span> 
     </span>
    </p>
   </div>
   <div class='ocr_carea' id='block_1_91' title="bbox 274 4551 3696 4636">
    <p class='ocr_par' dir='ltr' id='par_1_91' title="bbox 274 4551 3696 4636">
     <span class='ocr_line' id='line_1_91' title="bbox 274 4551 3696 4636; baseline -0.001 -21"><span class='ocrx_word' id='word_1_661' title='bbox 274 4562 343 4615; x_wconf 84' lang='lat' dir='ltr'>et</span> <span class='ocrx_word' id='word_1_662' title='bbox 371 4556 639 4625; x_wconf 86' lang='lat' dir='ltr'>armavit,</span> <span class='ocrx_word' id='word_1_663' title='bbox 665 4555 1011 4628; x_wconf 84' lang='lat' dir='ltr'>ccelitusque</span> <span class='ocrx_word' id='word_1_664' title='bbox 1042 4554 1448 4612; x_wconf 89' lang='lat' dir='ltr'>benedictione</span> <span class='ocrx_word' id='word_1_665' title='bbox 1477 4553 1747 4628; x_wconf 88' lang='lat' dir='ltr'>signavit.</span> <span class='ocrx_word' id='word_1_666' title='bbox 1771 4554 1941 4610; x_wconf 88' lang='lat' dir='ltr'>Sum-</span> <span class='ocrx_word' id='word_1_667' title='bbox 1967 4571 2014 4636; x_wconf 72' lang='grc' dir='ltr'>ι)</span> <span class='ocrx_word' id='word_1_668' title='bbox 2045 4557 2231 4626; x_wconf 87' lang='lat' dir='ltr'>gates,</span> <span class='ocrx_word' id='word_1_669' title='bbox 2263 4551 2351 4608; x_wconf 90' lang='lat' dir='ltr'>vel</span> <span class='ocrx_word' id='word_1_670' title='bbox 2382 4552 2558 4609; x_wconf 90' lang='lat' dir='ltr'>simul</span> <span class='ocrx_word' id='word_1_671' title='bbox 2593 4552 2927 4609; x_wconf 89' lang='lat' dir='ltr'>incedentes</span> <span class='ocrx_word' id='word_1_672' title='bbox 2957 4557 3154 4626; x_wconf 81' lang='lat' dir='ltr'>posset</span> <span class='ocrx_word' id='word_1_673' title='bbox 3184 4570 3282 4609; x_wconf 93' lang='lat' dir='ltr'>eos</span> <span class='ocrx_word' id='word_1_674' title='bbox 3305 4551 3696 4628; x_wconf 79' lang='lat' dir='ltr'>comprehen-</span> 
     </span>
    </p>
   </div>
   <div class='ocr_carea' id='block_1_92' title="bbox 272 4643 1939 4721">
    <p class='ocr_par' dir='ltr' id='par_1_92' title="bbox 272 4643 1939 4721">
     <span class='ocr_line' id='line_1_92' title="bbox 272 4643 1939 4721; baseline -0.002 -18"><span class='ocrx_word' id='word_1_675' title='bbox 272 4645 403 4721; x_wconf 82' lang='lat' dir='ltr'>ptis</span> <span class='ocrx_word' id='word_1_676' title='bbox 434 4645 825 4720; x_wconf 87' lang='lat' dir='ltr'>processionis</span> <span class='ocrx_word' id='word_1_677' title='bbox 881 4643 1196 4719; x_wconf 74' lang='lat' dir='ltr'>mysteriis,</span> <span class='ocrx_word' id='word_1_678' title='bbox 1229 4660 1432 4700; x_wconf 86' lang='lat' dir='ltr'>omnes</span> <span class='ocrx_word' id='word_1_679' title='bbox 1477 4660 1597 4699; x_wconf 92' lang='lat' dir='ltr'>una</span> <span class='ocrx_word' id='word_1_680' title='bbox 1642 4643 1939 4700; x_wconf 88' lang='lat' dir='ltr'>inclinatis</span> 
     </span>
    </p>
   </div>
   <div class='ocr_carea' id='block_1_93' title="bbox 276 4731 1938 4809">
    <p class='ocr_par' dir='ltr' id='par_1_93' title="bbox 276 4731 1938 4809">
     <span class='ocr_line' id='line_1_93' title="bbox 276 4731 1938 4809; baseline -0.004 -14"><span class='ocrx_word' id='word_1_681' title='bbox 276 4734 581 4809; x_wconf 77' lang='lat' dir='ltr'>capitibus</span> <span class='ocrx_word' id='word_1_682' title='bbox 610 4734 683 4792; x_wconf 91' lang='lat' dir='ltr'>ad</span> <span class='ocrx_word' id='word_1_683' title='bbox 713 4733 914 4804; x_wconf 89' lang='lat' dir='ltr'>altare,</span> <span class='ocrx_word' id='word_1_684' title='bbox 948 4750 1083 4791; x_wconf 91' lang='lat' dir='ltr'>cum</span> <span class='ocrx_word' id='word_1_685' title='bbox 1114 4750 1417 4791; x_wconf 88' lang='lat' dir='ltr'>sacrarum</span> <span class='ocrx_word' id='word_1_686' title='bbox 1446 4731 1827 4806; x_wconf 89' lang='lat' dir='ltr'>reliquiarum</span> <span class='ocrx_word' id='word_1_687' title='bbox 1858 4732 1938 4789; x_wconf 81' lang='lat' dir='ltr'>fe-</span> 
     </span>
    </p>
   </div>
   <div class='ocr_carea' id='block_1_94' title="bbox 266 4821 1938 4899">
    <p class='ocr_par' dir='ltr' id='par_1_94' title="bbox 266 4821 1938 4899">
     <span class='ocr_line' id='line_1_94' title="bbox 266 4821 1938 4899; baseline -0.002 -18"><span class='ocrx_word' id='word_1_688' title='bbox 266 4824 457 4893; x_wconf 55' lang='lat' dir='ltr'>retris</span> <span class='ocrx_word' id='word_1_689' title='bbox 487 4828 546 4883; x_wconf 78' lang='lat' dir='ltr'>et.</span> <span class='ocrx_word' id='word_1_690' title='bbox 572 4823 783 4899; x_wconf 85' lang='lat' dir='ltr'>signis,</span> <span class='ocrx_word' id='word_1_691' title='bbox 814 4824 1173 4897; x_wconf 77' lang='lat' dir='ltr'>praecedente</span> <span class='ocrx_word' id='word_1_692' title='bbox 1222 4839 1393 4879; x_wconf 91' lang='lat' dir='ltr'>cruce</span> <span class='ocrx_word' id='word_1_693' title='bbox 1433 4822 1688 4891; x_wconf 89' lang='lat' dir='ltr'>Domini,</span> <span class='ocrx_word' id='word_1_694' title='bbox 1737 4821 1938 4878; x_wconf 91' lang='lat' dir='ltr'>ordine</span> 
     </span>
    </p>
   </div>
   <div class='ocr_carea' id='block_1_95' title="bbox 276 4910 1938 4984">
    <p class='ocr_par' dir='ltr' id='par_1_95' title="bbox 276 4910 1938 4984">
     <span class='ocr_line' id='line_1_95' title="bbox 276 4910 1938 4984; baseline -0.001 -14"><span class='ocrx_word' id='word_1_695' title='bbox 276 4912 426 4970; x_wconf 86' lang='lat' dir='ltr'>cleri</span> <span class='ocrx_word' id='word_1_696' title='bbox 473 4911 871 4971; x_wconf 90' lang='lat' dir='ltr'>ecclesiastica</span> <span class='ocrx_word' id='word_1_697' title='bbox 916 4912 1284 4970; x_wconf 86' lang='lat' dir='ltr'>institutione</span> <span class='ocrx_word' id='word_1_698' title='bbox 1331 4912 1621 4982; x_wconf 88' lang='lat' dir='ltr'>decorate,</span> <span class='ocrx_word' id='word_1_699' title='bbox 1662 4910 1938 4984; x_wconf 89' lang='lat' dir='ltr'>omnique</span> 
     </span>
    </p>
   </div>
   <div class='ocr_carea' id='block_1_96' title="bbox 276 5000 1939 5077">
    <p class='ocr_par' dir='ltr' id='par_1_96' title="bbox 276 5000 1939 5077">
     <span class='ocr_line' id='line_1_96' title="bbox 276 5000 1939 5077; baseline -0.002 -18"><span class='ocrx_word' id='word_1_700' title='bbox 276 5000 501 5077; x_wconf 88' lang='lat' dir='ltr'>populo</span> <span class='ocrx_word' id='word_1_701' title='bbox 535 5003 947 5076; x_wconf 89' lang='lat' dir='ltr'>subsequente,</span> <span class='ocrx_word' id='word_1_702' title='bbox 964 5018 1100 5059; x_wconf 89' lang='lat' dir='ltr'>cum</span> <span class='ocrx_word' id='word_1_703' title='bbox 1122 5001 1487 5059; x_wconf 87' lang='lat' dir='ltr'>humanitate</span> <span class='ocrx_word' id='word_1_704' title='bbox 1516 5005 1574 5057; x_wconf 91' lang='lat' dir='ltr'>et</span> <span class='ocrx_word' id='word_1_705' title='bbox 1601 5005 1939 5057; x_wconf 87' lang='lat' dir='ltr'>mansuetu-</span> 
     </span>
    </p>
   </div>
   <div class='ocr_carea' id='block_1_97' title="bbox 277 5089 1932 5166">
    <p class='ocr_par' dir='ltr' id='par_1_97' title="bbox 277 5089 1932 5166">
     <span class='ocr_line' id='line_1_97' title="bbox 277 5089 1932 5166; baseline -0.004 -13"><span class='ocrx_word' id='word_1_706' title='bbox 277 5090 423 5153; x_wconf 80' lang='lat' dir='ltr'>dine</span> <span class='ocrx_word' id='word_1_707' title='bbox 452 5091 676 5150; x_wconf 89' lang='lat' dir='ltr'>litaniis</span> <span class='ocrx_word' id='word_1_708' title='bbox 720 5095 778 5147; x_wconf 89' lang='lat' dir='ltr'>et</span> <span class='ocrx_word' id='word_1_709' title='bbox 812 5091 942 5149; x_wconf 89' lang='lat' dir='ltr'>aliis</span> <span class='ocrx_word' id='word_1_710' title='bbox 972 5091 1244 5166; x_wconf 90' lang='lat' dir='ltr'>precibus</span> <span class='ocrx_word' id='word_1_711' title='bbox 1275 5091 1392 5148; x_wconf 89' lang='lat' dir='ltr'>Deo</span> <span class='ocrx_word' id='word_1_712' title='bbox 1442 5089 1932 5163; x_wconf 85' lang='lat' dir='ltr'>supplicantibus,</span> 
     </span>
    </p>
   </div>
   <div class='ocr_carea' id='block_1_98' title="bbox 275 5178 1939 5252">
    <p class='ocr_par' dir='ltr' id='par_1_98' title="bbox 275 5178 1939 5252">
     <span class='ocr_line' id='line_1_98' title="bbox 275 5178 1939 5252; baseline -0.001 -15"><span class='ocrx_word' id='word_1_713' title='bbox 275 5180 424 5239; x_wconf 90' lang='lat' dir='ltr'>ituri</span> <span class='ocrx_word' id='word_1_714' title='bbox 452 5181 525 5238; x_wconf 89' lang='lat' dir='ltr'>ad</span> <span class='ocrx_word' id='word_1_715' title='bbox 556 5179 778 5239; x_wconf 87' lang='lat' dir='ltr'>bellum</span> <span class='ocrx_word' id='word_1_716' title='bbox 810 5185 867 5237; x_wconf 89' lang='lat' dir='ltr'>et</span> <span class='ocrx_word' id='word_1_717' title='bbox 896 5181 1055 5238; x_wconf 89' lang='lat' dir='ltr'>domi</span> <span class='ocrx_word' id='word_1_718' title='bbox 1084 5180 1348 5237; x_wconf 90' lang='lat' dir='ltr'>mansuri</span> <span class='ocrx_word' id='word_1_719' title='bbox 1379 5179 1629 5252; x_wconf 85' lang='lat' dir='ltr'>singulis</span> <span class='ocrx_word' id='word_1_720' title='bbox 1650 5178 1833 5235; x_wconf 90' lang='lat' dir='ltr'>laneis</span> <span class='ocrx_word' id='word_1_721' title='bbox 1854 5179 1939 5235; x_wconf 88' lang='lat' dir='ltr'>in-</span> 
     </span>
    </p>
   </div>
   <div class='ocr_carea' id='block_1_99' title="bbox 274 5269 1933 5346">
    <p class='ocr_par' dir='ltr' id='par_1_99' title="bbox 274 5269 1933 5346">
     <span class='ocr_line' id='line_1_99' title="bbox 274 5269 1933 5346; baseline -0.003 -17"><span class='ocrx_word' id='word_1_722' title='bbox 274 5269 433 5337; x_wconf 88' lang='lat' dir='ltr'>duti,</span> <span class='ocrx_word' id='word_1_723' title='bbox 466 5274 525 5328; x_wconf 84' lang='lat' dir='ltr'>et</span> <span class='ocrx_word' id='word_1_724' title='bbox 552 5271 728 5329; x_wconf 86' lang='lat' dir='ltr'>nudis</span> <span class='ocrx_word' id='word_1_725' title='bbox 759 5271 1006 5346; x_wconf 88' lang='lat' dir='ltr'>pedibus</span> <span class='ocrx_word' id='word_1_726' title='bbox 1035 5270 1297 5344; x_wconf 88' lang='lat' dir='ltr'>profecti,</span> <span class='ocrx_word' id='word_1_727' title='bbox 1331 5273 1493 5326; x_wconf 87' lang='lat' dir='ltr'>extra</span> <span class='ocrx_word' id='word_1_728' title='bbox 1521 5269 1812 5325; x_wconf 89' lang='lat' dir='ltr'>civitatem</span> <span class='ocrx_word' id='word_1_729' title='bbox 1861 5269 1933 5324; x_wconf 88' lang='lat' dir='ltr'>ad</span> 
     </span>
    </p>
   </div>
   <div class='ocr_carea' id='block_1_100' title="bbox 276 5358 1936 5435">
    <p class='ocr_par' dir='ltr' id='par_1_100' title="bbox 276 5358 1936 5435">
     <span class='ocr_line' id='line_1_100' title="bbox 276 5358 1936 5435; baseline -0.002 -18"><span class='ocrx_word' id='word_1_730' title='bbox 276 5358 589 5421; x_wconf 82' lang='lat' dir='ltr'>divisionis</span> <span class='ocrx_word' id='word_1_731' title='bbox 616 5364 835 5418; x_wconf 88' lang='lat' dir='ltr'>metam</span> <span class='ocrx_word' id='word_1_732' title='bbox 869 5361 1073 5418; x_wconf 88' lang='lat' dir='ltr'>devote</span> <span class='ocrx_word' id='word_1_733' title='bbox 1102 5359 1467 5435; x_wconf 88' lang='lat' dir='ltr'>perveniunt.</span> <span class='ocrx_word' id='word_1_734' title='bbox 1492 5358 1575 5415; x_wconf 91' lang='lat' dir='ltr'>Ibi</span> <span class='ocrx_word' id='word_1_735' title='bbox 1597 5358 1809 5414; x_wconf 89' lang='lat' dir='ltr'>iterum</span> <span class='ocrx_word' id='word_1_736' title='bbox 1840 5375 1936 5430; x_wconf 89' lang='lat' dir='ltr'>pa-</span> 
     </span>
    </p>
   </div>
   <div class='ocr_carea' id='block_1_101' title="bbox 276 5447 1934 5511">
    <p class='ocr_par' dir='ltr' id='par_1_101' title="bbox 276 5447 1934 5511">
     <span class='ocr_line' id='line_1_101' title="bbox 276 5447 1934 5511; baseline -0.005 -2"><span class='ocrx_word' id='word_1_737' title='bbox 276 5448 538 5511; x_wconf 72' lang='lat' dir='ltr'>triarcha</span> <span class='ocrx_word' id='word_1_738' title='bbox 564 5466 799 5511; x_wconf 86' lang='lat' dir='ltr'>sacram</span> <span class='ocrx_word' id='word_1_739' title='bbox 843 5466 1075 5508; x_wconf 90' lang='lat' dir='ltr'>crucem</span> <span class='ocrx_word' id='word_1_740' title='bbox 1123 5448 1369 5506; x_wconf 91' lang='lat' dir='ltr'>sacratis</span> <span class='ocrx_word' id='word_1_741' title='bbox 1399 5464 1709 5505; x_wconf 89' lang='lat' dir='ltr'>assumens</span> <span class='ocrx_word' id='word_1_742' title='bbox 1742 5447 1934 5502; x_wconf 88' lang='lat' dir='ltr'>mani-</span> 
     </span>
    </p>
   </div>
   <div class='ocr_carea' id='block_1_102' title="bbox 268 5535 1934 5615">
    <p class='ocr_par' dir='ltr' id='par_1_102' title="bbox 268 5535 1934 5615">
     <span class='ocr_line' id='line_1_102' title="bbox 268 5535 1934 5615; baseline -0.007 -12"><span class='ocrx_word' id='word_1_743' title='bbox 268 5539 416 5615; x_wconf 65' lang='lat' dir='ltr'>Pus,</span> <span class='ocrx_word' id='word_1_744' title='bbox 440 5539 654 5611; x_wconf 62' lang='lat' dir='ltr'>iterum</span> <span class='ocrx_word' id='word_1_745' title='bbox 682 5540 897 5609; x_wconf 78' lang='lat' dir='ltr'>virtute</span> <span class='ocrx_word' id='word_1_746' title='bbox 926 5539 1113 5613; x_wconf 89' lang='lat' dir='ltr'>ipsius</span> <span class='ocrx_word' id='word_1_747' title='bbox 1142 5554 1347 5596; x_wconf 89' lang='lat' dir='ltr'>omnes</span> <span class='ocrx_word' id='word_1_748' title='bbox 1366 5536 1639 5610; x_wconf 85' lang='lat' dir='ltr'>signavit,</span> <span class='ocrx_word' id='word_1_749' title='bbox 1658 5535 1934 5611; x_wconf 83' lang='lat' dir='ltr'>Domino-</span> 
     </span>
    </p>
   </div>
   <div class='ocr_carea' id='block_1_103' title="bbox 274 5623 1936 5709">
    <p class='ocr_par' dir='ltr' id='par_1_103' title="bbox 274 5623 1936 5709">
     <span class='ocr_line' id='line_1_103' title="bbox 274 5623 1936 5709; baseline -0.003 -18"><span class='ocrx_word' id='word_1_750' title='bbox 274 5645 399 5709; x_wconf 69' lang='lat' dir='ltr'>que</span> <span class='ocrx_word' id='word_1_751' title='bbox 426 5628 771 5699; x_wconf 74' lang='lat' dir='ltr'>medullitus</span> <span class='ocrx_word' id='word_1_752' title='bbox 794 5626 912 5691; x_wconf 68' lang='lat' dir='ltr'>hoc</span> <span class='ocrx_word' id='word_1_753' title='bbox 940 5628 1112 5689; x_wconf 90' lang='lat' dir='ltr'>modo</span> <span class='ocrx_word' id='word_1_754' title='bbox 1141 5623 1604 5689; x_wconf 84' lang='lat' dir='ltr'>commendavit:</span> <span class='ocrx_word' id='word_1_755' title='bbox 1631 5650 1660 5681; x_wconf 82' lang='lat'><strong>«</strong></span> <span class='ocrx_word' id='word_1_756' title='bbox 1688 5623 1799 5701; x_wconf 85' lang='lat' dir='ltr'>Qui</span> <span class='ocrx_word' id='word_1_757' title='bbox 1828 5642 1936 5686; x_wconf 79' lang='lat' dir='ltr'>nos</span> 
     </span>
    </p>
   </div>
   <div class='ocr_carea' id='block_1_104' title="bbox 2049 4641 3694 4716">
    <p class='ocr_par' dir='ltr' id='par_1_104' title="bbox 2049 4641 3694 4716">
     <span class='ocr_line' id='line_1_104' title="bbox 2049 4641 3694 4716; baseline 0.002 -19"><span class='ocrx_word' id='word_1_758' title='bbox 2049 4642 2201 4698; x_wconf 91' lang='lat' dir='ltr'>dere.</span> <span class='ocrx_word' id='word_1_759' title='bbox 2222 4641 2339 4715; x_wconf 86' lang='lat' dir='ltr'>Ipsi</span> <span class='ocrx_word' id='word_1_760' title='bbox 2359 4658 2493 4697; x_wconf 89' lang='lat' dir='ltr'>vero</span> <span class='ocrx_word' id='word_1_761' title='bbox 2515 4641 2715 4699; x_wconf 89' lang='lat' dir='ltr'>dolosa</span> <span class='ocrx_word' id='word_1_762' title='bbox 2736 4641 3049 4698; x_wconf 89' lang='lat' dir='ltr'>calliditate</span> <span class='ocrx_word' id='word_1_763' title='bbox 3079 4642 3254 4716; x_wconf 88' lang='lat' dir='ltr'>pleni,</span> <span class='ocrx_word' id='word_1_764' title='bbox 3278 4642 3338 4698; x_wconf 90' lang='lat' dir='ltr'>in</span> <span class='ocrx_word' id='word_1_765' title='bbox 3366 4660 3493 4700; x_wconf 87' lang='lat' dir='ltr'>sero</span> <span class='ocrx_word' id='word_1_766' title='bbox 3518 4645 3694 4701; x_wconf 88' lang='lat' dir='ltr'>etiam</span> 
     </span>
    </p>
   </div>
   <div class='ocr_carea' id='block_1_105' title="bbox 2046 4729 3696 4806">
    <p class='ocr_par' dir='ltr' id='par_1_105' title="bbox 2046 4729 3696 4806">
     <span class='ocr_line' id='line_1_105' title="bbox 2046 4729 3696 4806; baseline 0.002 -21"><span class='ocrx_word' id='word_1_767' title='bbox 2046 4729 2308 4787; x_wconf 90' lang='lat' dir='ltr'>vitabant</span> <span class='ocrx_word' id='word_1_768' title='bbox 2338 4730 2516 4787; x_wconf 91' lang='lat' dir='ltr'>simul</span> <span class='ocrx_word' id='word_1_769' title='bbox 2546 4730 2852 4803; x_wconf 91' lang='lat' dir='ltr'>hospitari,</span> <span class='ocrx_word' id='word_1_770' title='bbox 2887 4731 2985 4787; x_wconf 91' lang='lat' dir='ltr'>sed</span> <span class='ocrx_word' id='word_1_771' title='bbox 3012 4731 3073 4787; x_wconf 91' lang='lat' dir='ltr'>in</span> <span class='ocrx_word' id='word_1_772' title='bbox 3121 4731 3307 4787; x_wconf 88' lang='lat' dir='ltr'>noctis</span> <span class='ocrx_word' id='word_1_773' title='bbox 3352 4732 3696 4806; x_wconf 89' lang='lat' dir='ltr'>crepusculo</span> 
     </span>
    </p>
   </div>
   <div class='ocr_carea' id='block_1_106' title="bbox 2047 4819 3694 4895">
    <p class='ocr_par' dir='ltr' id='par_1_106' title="bbox 2047 4819 3694 4895">
     <span class='ocr_line' id='line_1_106' title="bbox 2047 4819 3694 4895; baseline 0.004 -20"><span class='ocrx_word' id='word_1_774' title='bbox 2047 4819 2203 4876; x_wconf 91' lang='lat' dir='ltr'>circa</span> <span class='ocrx_word' id='word_1_775' title='bbox 2227 4820 2541 4876; x_wconf 80' lang='lat' dir='ltr'>exercitum</span> <span class='ocrx_word' id='word_1_776' title='bbox 2571 4820 2847 4894; x_wconf 89' lang='lat' dir='ltr'>hospitati</span> <span class='ocrx_word' id='word_1_777' title='bbox 2896 4820 3169 4893; x_wconf 88' lang='lat' dir='ltr'>sparsim,</span> <span class='ocrx_word' id='word_1_778' title='bbox 3202 4825 3465 4880; x_wconf 90' lang='lat' dir='ltr'>tenentes</span> <span class='ocrx_word' id='word_1_779' title='bbox 3512 4840 3694 4895; x_wconf 88' lang='lat' dir='ltr'>equos</span> 
     </span>
    </p>
   </div>
   <div class='ocr_carea' id='block_1_107' title="bbox 2046 4908 3697 4982">
    <p class='ocr_par' dir='ltr' id='par_1_107' title="bbox 2046 4908 3697 4982">
     <span class='ocr_line' id='line_1_107' title="bbox 2046 4908 3697 4982; baseline 0.005 -19"><span class='ocrx_word' id='word_1_780' title='bbox 2046 4908 2319 4966; x_wconf 91' lang='lat' dir='ltr'>manibus</span> <span class='ocrx_word' id='word_1_781' title='bbox 2350 4909 2409 4965; x_wconf 91' lang='lat' dir='ltr'>in</span> <span class='ocrx_word' id='word_1_782' title='bbox 2456 4908 2706 4982; x_wconf 85' lang='lat' dir='ltr'>singulis</span> <span class='ocrx_word' id='word_1_783' title='bbox 2738 4927 2752 4964; x_wconf 75' lang='grc' dir='ltr'>ε</span> <span class='ocrx_word' id='word_1_784' title='bbox 2788 4927 2856 4967; x_wconf 89' lang='lat' dir='ltr'>ea</span> <span class='ocrx_word' id='word_1_785' title='bbox 2887 4913 3052 4966; x_wconf 89' lang='lat' dir='ltr'>nocte</span> <span class='ocrx_word' id='word_1_786' title='bbox 3084 4910 3194 4966; x_wconf 83' lang='lat' dir='ltr'>fuit</span> <span class='ocrx_word' id='word_1_787' title='bbox 3221 4909 3376 4967; x_wconf 90' lang='lat' dir='ltr'>idem</span> <span class='ocrx_word' id='word_1_788' title='bbox 3407 4928 3609 4969; x_wconf 89' lang='lat' dir='ltr'>servus</span> <span class='ocrx_word' id='word_1_789' title='bbox 3638 4916 3697 4971; x_wconf 85' lang='lat' dir='ltr'>et</span> 
     </span>
    </p>
   </div>
   <div class='ocr_carea' id='block_1_108' title="bbox 2044 4998 2338 5056">
    <p class='ocr_par' dir='ltr' id='par_1_108' title="bbox 2044 4998 2338 5056">
     <span class='ocr_line' id='line_1_108' title="bbox 2044 4998 2338 5056; baseline 0.007 -2"><span class='ocrx_word' id='word_1_790' title='bbox 2044 4998 2338 5056; x_wconf 88' lang='lat' dir='ltr'>dominus.</span> 
     </span>
    </p>
   </div>
   <div class='ocr_carea' id='block_1_109' title="bbox 2661 5088 3070 5147">
    <p class='ocr_par' dir='ltr' id='par_1_109' title="bbox 2661 5088 3070 5147">
     <span class='ocr_line' id='line_1_109' title="bbox 2661 5088 3070 5147; baseline 0.007 -3"><span class='ocrx_word' id='word_1_791' title='bbox 2661 5088 2891 5146; x_wconf 84' lang='lat' dir='ltr'>CAPUT</span> <span class='ocrx_word' id='word_1_792' title='bbox 2929 5090 3070 5147; x_wconf 84' lang='lat' dir='ltr'><strong>XIV.</strong></span> 
     </span>
    </p>
   </div>
   <div class='ocr_carea' id='block_1_110' title="bbox 2116 5166 3695 5251">
    <p class='ocr_par' dir='ltr' id='par_1_110' title="bbox 2116 5166 3695 5251">
     <span class='ocr_line' id='line_1_110' title="bbox 2116 5166 3695 5251; baseline 0.003 -17"><span class='ocrx_word' id='word_1_793' title='bbox 2116 5166 2355 5234; x_wconf 71' lang='lat' dir='ltr'>Interim</span> <span class='ocrx_word' id='word_1_794' title='bbox 2387 5195 2521 5234; x_wconf 89' lang='lat' dir='ltr'>cum</span> <span class='ocrx_word' id='word_1_795' title='bbox 2559 5176 2756 5251; x_wconf 88' lang='lat' dir='ltr'>Algazi</span> <span class='ocrx_word' id='word_1_796' title='bbox 2785 5177 3047 5250; x_wconf 86' lang='lat' dir='ltr'>petiisset</span> <span class='ocrx_word' id='word_1_797' title='bbox 3093 5183 3350 5236; x_wconf 88' lang='lat' dir='ltr'>castrum</span> <span class='ocrx_word' id='word_1_798' title='bbox 3399 5181 3695 5240; x_wconf 89' lang='lat' dir='ltr'>Sardonas</span> 
     </span>
    </p>
   </div>
   <div class='ocr_carea' id='block_1_111' title="bbox 2044 5266 3693 5342">
    <p class='ocr_par' dir='ltr' id='par_1_111' title="bbox 2044 5266 3693 5342">
     <span class='ocr_line' id='line_1_111' title="bbox 2044 5266 3693 5342; baseline 0.003 -20"><span class='ocrx_word' id='word_1_799' title='bbox 2044 5266 2156 5323; x_wconf 89' lang='lat' dir='ltr'>sibi</span> <span class='ocrx_word' id='word_1_800' title='bbox 2189 5267 2352 5323; x_wconf 90' lang='lat' dir='ltr'>reddi</span> <span class='ocrx_word' id='word_1_801' title='bbox 2384 5266 2582 5333; x_wconf 90' lang='lat' dir='ltr'>minis,</span> <span class='ocrx_word' id='word_1_802' title='bbox 2605 5271 2662 5322; x_wconf 90' lang='lat' dir='ltr'>et</span> <span class='ocrx_word' id='word_1_803' title='bbox 2687 5266 3009 5337; x_wconf 88' lang='lat' dir='ltr'>blanditiis,</span> <span class='ocrx_word' id='word_1_804' title='bbox 3036 5268 3377 5337; x_wconf 88' lang='lat' dir='ltr'>terroribus,</span> <span class='ocrx_word' id='word_1_805' title='bbox 3392 5269 3693 5342; x_wconf 87' lang='lat' dir='ltr'>pollicitis,</span> 
     </span>
    </p>
   </div>
   <div class='ocr_carea' id='block_1_112' title="bbox 2046 5354 3693 5430">
    <p class='ocr_par' dir='ltr' id='par_1_112' title="bbox 2046 5354 3693 5430">
     <span class='ocr_line' id='line_1_112' title="bbox 2046 5354 3693 5430; baseline 0.001 -20"><span class='ocrx_word' id='word_1_806' title='bbox 2046 5373 2149 5412; x_wconf 92' lang='lat' dir='ltr'>nec</span> <span class='ocrx_word' id='word_1_807' title='bbox 2166 5356 2380 5412; x_wconf 89' lang='lat' dir='ltr'>habere</span> <span class='ocrx_word' id='word_1_808' title='bbox 2402 5355 2708 5429; x_wconf 88' lang='lat' dir='ltr'>potuisset,</span> <span class='ocrx_word' id='word_1_809' title='bbox 2723 5354 2952 5411; x_wconf 89' lang='lat' dir='ltr'>assultu</span> <span class='ocrx_word' id='word_1_810' title='bbox 2970 5360 3028 5412; x_wconf 92' lang='lat' dir='ltr'>et</span> <span class='ocrx_word' id='word_1_811' title='bbox 3042 5355 3275 5430; x_wconf 87' lang='lat' dir='ltr'>ingenio</span> <span class='ocrx_word' id='word_1_812' title='bbox 3293 5357 3467 5429; x_wconf 91' lang='lat' dir='ltr'>priori</span> <span class='ocrx_word' id='word_1_813' title='bbox 3491 5356 3693 5427; x_wconf 90' lang='lat' dir='ltr'>simili,</span> 
     </span>
    </p>
   </div>
   <div class='ocr_carea' id='block_1_113' title="bbox 2044 5441 3697 5519">
    <p class='ocr_par' dir='ltr' id='par_1_113' title="bbox 2044 5441 3697 5519">
     <span class='ocr_line' id='line_1_113' title="bbox 2044 5441 3697 5519; baseline -0.001 -20"><span class='ocrx_word' id='word_1_814' title='bbox 2044 5444 2372 5519; x_wconf 89' lang='lat' dir='ltr'>impetuose</span> <span class='ocrx_word' id='word_1_815' title='bbox 2400 5443 2492 5501; x_wconf 90' lang='lat' dir='ltr'>bis</span> <span class='ocrx_word' id='word_1_816' title='bbox 2520 5443 2609 5499; x_wconf 90' lang='lat' dir='ltr'>vel</span> <span class='ocrx_word' id='word_1_817' title='bbox 2648 5448 2738 5500; x_wconf 90' lang='lat' dir='ltr'>ter</span> <span class='ocrx_word' id='word_1_818' title='bbox 2766 5443 2825 5499; x_wconf 90' lang='lat' dir='ltr'>in</span> <span class='ocrx_word' id='word_1_819' title='bbox 2856 5441 2975 5512; x_wconf 89' lang='lat' dir='ltr'>die,</span> <span class='ocrx_word' id='word_1_820' title='bbox 3010 5449 3174 5501; x_wconf 89' lang='lat' dir='ltr'>nocte</span> <span class='ocrx_word' id='word_1_821' title='bbox 3214 5443 3389 5500; x_wconf 88' lang='lat' dir='ltr'>etiam</span> <span class='ocrx_word' id='word_1_822' title='bbox 3435 5448 3697 5500; x_wconf 90' lang='lat' dir='ltr'>castrum</span> 
     </span>
    </p>
   </div>
   <div class='ocr_carea' id='block_1_114' title="bbox 2045 5530 3702 5611">
    <p class='ocr_par' dir='ltr' id='par_1_114' title="bbox 2045 5530 3702 5611">
     <span class='ocr_line' id='line_1_114' title="bbox 2045 5530 3702 5611; baseline -0.004 -20"><span class='ocrx_word' id='word_1_823' title='bbox 2045 5533 2286 5611; x_wconf 87' lang='lat' dir='ltr'>aggredi</span> <span class='ocrx_word' id='word_1_824' title='bbox 2316 5552 2429 5591; x_wconf 90' lang='lat' dir='ltr'>non</span> <span class='ocrx_word' id='word_1_825' title='bbox 2463 5533 2695 5592; x_wconf 89' lang='lat' dir='ltr'>desistit</span> <span class='ocrx_word' id='word_1_826' title='bbox 2725 5550 2738 5588; x_wconf 90' lang='lat'>:</span> <span class='ocrx_word' id='word_1_827' title='bbox 2770 5531 2873 5589; x_wconf 80' lang='lat' dir='ltr'>abi</span> <span class='ocrx_word' id='word_1_828' title='bbox 2906 5538 3107 5591; x_wconf 87' lang='lat' dir='ltr'>autem</span> <span class='ocrx_word' id='word_1_829' title='bbox 3134 5531 3537 5589; x_wconf 82' lang='lat' dir='ltr'>deficientibus</span> <span class='ocrx_word' id='word_1_830' title='bbox 3566 5530 3702 5585; x_wconf 84' lang='lat' dir='ltr'>her-</span> 
     </span>
    </p>
   </div>
   <div class='ocr_carea' id='block_1_115' title="bbox 2046 5615 3706 5703">
    <p class='ocr_par' dir='ltr' id='par_1_115' title="bbox 2046 5615 3706 5703">
     <span class='ocr_line' id='line_1_115' title="bbox 2046 5615 3706 5703; baseline -0.008 -13"><span class='ocrx_word' id='word_1_831' title='bbox 2046 5626 2142 5690; x_wconf 82' lang='lat' dir='ltr'>bis</span> <span class='ocrx_word' id='word_1_832' title='bbox 2157 5626 2217 5685; x_wconf 84' lang='lat' dir='ltr'>et</span> <span class='ocrx_word' id='word_1_833' title='bbox 2231 5623 2721 5703; x_wconf 79' lang='lat' dir='ltr'>segetibus,aqnis</span> <span class='ocrx_word' id='word_1_834' title='bbox 2737 5621 2921 5682; x_wconf 86' lang='lat' dir='ltr'>etiam</span> <span class='ocrx_word' id='word_1_835' title='bbox 2937 5619 3250 5683; x_wconf 86' lang='lat' dir='ltr'>hominum</span> <span class='ocrx_word' id='word_1_836' title='bbox 3263 5623 3321 5679; x_wconf 86' lang='lat' dir='ltr'>et</span> <span class='ocrx_word' id='word_1_837' title='bbox 3333 5632 3614 5697; x_wconf 83' lang='lat' dir='ltr'>equorum</span> <span class='ocrx_word' id='word_1_838' title='bbox 3627 5615 3706 5677; x_wconf 77' lang='lat' dir='ltr'>vi~</span> 
     </span>
    </p>
   </div>
  </div>
