3992 6090
433 332 579 399 1027

943 335 1045 397 AD
1092 329 1600 399 GODEFRIDUM
1646 333 1980 396 APPEND.
2007 331 2105 396 ἸΙ.
2132 368 2206 380 -
2236 329 2545 398 MONUM.
2595 335 2696 398 DE
2738 331 2990 398 BELLO
3036 334 3308 398 SACRO.

3667 310 3800 398 4028

426 469 542 523 rtui
571 467 935 535 necessariis,
967 468 1076 524 sub
1111 468 1301 540 specie
1331 468 1696 540 acquirendas
1727 465 2071 522 munitionis
2101 470 2154 536 Α
2187 467 2368 524 misso
2400 467 2568 542 signo
2599 467 2920 536 salutifero,
2953 484 3156 524 novem
3187 466 3430 524 aciebus
3467 467 3637 539 jussu
3666 469 3798 542 regio

424 561 481 611 ct
513 556 810 629 stipendii,
845 557 1048 628 perfidi
1101 557 1383 630 gregatim
1429 558 1968 629 Turcomagnorum
2016 561 2072 610 et

422 645 679 700 Arabum
711 647 877 702 factis
901 645 1184 710 millibus,
1218 663 1319 717 per
1351 645 1608 700 diversas
1631 649 1824 717 partes
1856 644 2071 716 quibus

420 733 766 790 incedebant
795 735 864 789 de
894 751 1053 790 more
1083 734 1353 805 luporum
1379 734 1701 804 rapacium,
1729 733 1967 806 perfidis
1989 732 2072 786 in-

421 821 690 878 haerendo
747 828 803 878 et
850 823 1177 881 devorando
1229 839 1545 894 secumque
1605 822 1944 877 abducendo
2001 837 2069 875 ex

420 916 583 983 rapto
610 913 894 984 quidquid
927 916 1213 984 poterant,
1237 912 1549 982 repatriare
1571 911 2067 984 satagebant.lpse

417 1000 590 1055 etiam
649 1018 745 1055 rex
793 1001 1070 1067 Arabum,
1115 1001 1349 1056 nomine
1393 1001 1622 1066 Debeis,
1656 1000 2066 1070 Bocardusque

414 1088 682 1161 princeps
741 1107 857 1144 sum
916 1089 1106 1163 gentis
1163 1089 1694 1156 nominatissimus,
1757 1092 1812 1143 et
1869 1087 2066 1160 plures

411 1177 765 1250 principum,
790 1179 1047 1251 quicum
1076 1177 1272 1252 Algazi
1303 1179 1363 1233 in
1396 1179 1666 1234 conflictu
1699 1178 2061 1244 exstiterant,

409 1271 543 1336 post
571 1268 792 1340 primos
824 1269 1157 1324 recedentes
1203 1267 1382 1323 simili
1416 1268 1588 1322 modo
1621 1266 1858 1338 profecti
1905 1269 2054 1320 sunt.

409 1357 531 1421 Quo
560 1357 932 1431 viso,Algazi,
954 1361 1268 1428 antequam
1303 1373 1400 1411 rex
1431 1355 1722 1423 adveniat,
1739 1356 1810 1411 ad
1837 1355 2061 1426 capien-

409 1447 547 1501 dum
583 1451 840 1502 castrum
891 1445 1108 1502 insistit
1153 1447 1278 1501 suis
1329 1445 1582 1512 viribus;
1626 1445 1814 1515 magis
1863 1449 2056 1498 autem

407 1537 625 1591 astutia
672 1534 890 1590 fallenti
941 1534 1263 1608 oppidanos
1313 1533 1509 1588 fallere
1552 1532 1774 1588 nititur.
1825 1532 2055 1587 Eisdem

407 1625 621 1680 etenim
655 1623 966 1697 spopondit
999 1623 1109 1677 lide
1140 1627 1195 1678 et
1226 1627 1592 1677 sacramento
1640 1639 1757 1677 suae
1807 1619 1972 1693 legis,
2008 1621 2056 1676 si

407 1713 790 1768 munitionem
826 1731 942 1767 sua:
976 1711 1359 1766 dominationi
1391 1712 1728 1778 subderent,
1753 1727 1851 1765 eos
1882 1726 2056 1764 sanos

405 1808 461 1858 et
485 1801 754 1869 intactos,
789 1820 892 1857 suo
939 1801 1192 1856 deductu
1241 1799 1484 1867 salubri,
1536 1800 1869 1854 ad'mctam
1918 1803 2054 1854 tuta:

404 1891 690 1947 evasionis
723 1890 977 1963 provehi,
999 1890 1172 1945 rebus
1201 1888 1476 1944 omnibus
1507 1887 1682 1944 salvis
1713 1893 1769 1942 et
1800 1887 2050 1942 intactis.

404 1980 504 2035 His
555 1980 790 2048 auditis,
843 1979 1056 2052 partim
1105 1978 1285 2034 coacti
1335 1977 1694 2042 vulneribus,
1730 1994 1798 2031 ex
1848 1976 2055 2031 inertia

403 2070 660 2142 corporis
718 2069 926 2140 privati
975 2067 1216 2135 viribus,
1267 2072 1502 2139 sumpta
1552 2065 1834 2138 principis
1885 2065 2050 2136 quasi

403 2158 638 2223 ﬁducia,
653 2157 914 2230 petitioni
939 2156 1368 2212 nefandissimze
1393 2155 1500 2210 hoc
1531 2159 1697 2226 pacto
1728 2169 2049 2220 assensere,

403 2247 737 2318 omissoque
768 2246 999 2318 oppido,
1027 2247 1202 2317 jussu
1236 2244 1460 2316 profani
1491 2242 1791 2315 principis,
1816 2259 1919 2314 pro
1951 2243 2052 2297 du-

403 2335 567 2390 cibus
613 2334 1004 2390 conductoriis
1063 2351 1124 2389 sc
1176 2335 1334 2406 ipsos
1387 2333 1659 2388 manibus
1708 2332 2049 2386 carnificum

401 2422 739 2497 ignoranter
767 2423 1074 2479 tradidere.
1106 2424 1296 2478 Laetus
1327 2422 1543 2493 itaque,
1568 2420 1698 2476 laeto
1730 2420 1923 2476 animo
1955 2439 2049 2493 op-

399 2512 602 2585 pidum
621 2511 892 2585 suscepit.
912 2511 1094 2568 Multo
1117 2529 1250 2567 vero
1273 2511 1476 2567 laetiori
1507 2511 1756 2582 imperat
1777 2509 2048 2565 manibus

399 2617 642 2657 suorum
702 2602 984 2657 abeuntes
1043 2599 1416 2655 Christicolas
1475 2599 1804 2655 saavissimae
1875 2597 2046 2653 morti

397 2691 569 2746 tradi.
605 2691 752 2757 Quid
795 2690 1004 2746 horum
1056 2688 1334 2761 singula?
1366 2706 1510 2761 pene
1541 2706 1744 2744 omnes
1775 2705 1889 2742 uno
1923 2705 2045 2743 mo-

397 2785 593 2836 mento
623 2779 758 2835 t’acti
790 2784 927 2835 sunt
957 2779 1114 2834 necis
1143 2779 1356 2850 praeda.

1027 2875 1252 2931 CAPUT
1288 2874 1402 2930 XV.

467 2958 735 3014 Nondum
768 2962 962 3014 autem
996 2957 1067 3011 ad
1100 2973 1268 3011 aures
1300 2955 1453 3027 regis
1483 2954 1538 3008 id
1577 2959 1930 3026 pervenerat.
1965 2955 2044 3009 Ea

394 3065 524 3104 vero
557 3052 742 3114 nocte,
777 3065 894 3119 qua
924 3047 1076 3118 apud
1110 3045 1287 3100 Daniz
1335 3048 1782 3100 castrametatus
1812 3049 1919 3110 est,
1954 3061 2042 3099 re-

394 3137 512 3192 latu
544 3137 852 3209 cujusdam
883 3135 1066 3191 curati
1090 3133 1347 3190 Rotberti
1372 3132 1630 3189 Fulchoii
1655 3133 1737 3188 sic
1759 3132 2040 3188 accidisse

392 3226 694 3283 intellexit.
726 3226 839 3281 Nec
873 3230 1010 3280 tunc
1040 3223 1371 3279 mirandum
1417 3223 1545 3289 fuit,
1581 3223 1626 3277 si
1662 3240 1777 3291 rex,
1812 3222 1912 3294 qui
1944 3239 2033 3277 so-
2067 3213 2109 3278 C

393 3315 486 3372 lus
517 3321 648 3388 post
678 3314 1300 3381 Dominum,dominus
1322 3316 1377 3368 et
1407 3313 1678 3368 defensor
1706 3311 2043 3367 Christiani-

391 3405 526 3461 tatis
553 3405 793 3472 exstitit,
821 3421 888 3459 ea
916 3403 1037 3458 vice
1065 3403 1274 3457 iterum
1310 3401 1657 3456 detrimento
1688 3405 1744 3456 et
1773 3401 2039 3455 dedecori

391 3493 867 3550 Christicolarum
897 3491 1216 3556 condoluit,
1240 3489 1574 3546 consolatus
1605 3494 1798 3545 tamen
1830 3490 2040 3545 virtute

391 3587 604 3639 sanctae
623 3581 837 3648 crucis,
856 3598 917 3636 se
935 3581 993 3634 in
1012 3596 1183 3634 mane
1202 3583 1598 3652 pugnaturum
1623 3583 1823 3633 contra
1843 3579 2040 3634 hostes

393 3670 734 3744 praaparavit
757 3669 1017 3724 viriliter.
1051 3668 1244 3740 Algazi
1276 3685 1408 3722 vero
1449 3669 1572 3738 jam
1625 3668 1814 3722 sciens
1845 3685 2038 3741 regem

392 3760 546 3832 apud
581 3758 758 3814 Daniz
777 3757 1098 3823 immorari,
1119 3756 1297 3811 relatu
1323 3755 1557 3810 illorum
1581 3756 1680 3828 qui
1705 3757 1858 3811 circa
1881 3774 2039 3812 exer-

392 3849 575 3904 citum
601 3852 862 3904 nostrum
888 3846 1272 3919 praeludentes
1289 3845 1649 3910 exstiterant,
1670 3846 1896 3901 munito
1915 3847 2043 3901 Sar-

391 3939 596 4003 donas,
631 3938 755 4010 ipse
785 3940 841 3992 et
871 3935 1240 3991 Dodechinus
1290 3952 1422 3990 cum
1455 3934 1611 3990 omni
1647 3935 1899 3990 exercitu
1934 3953 2038 3992 suo

389 4026 449 4082 in
483 4043 633 4094 sero,
653 4025 939 4081 militibus
971 4023 1086 4080 illis
1117 4041 1264 4096 quos
1295 4028 1428 4079 ante
1460 4024 2041 4096 praemiserant,circa

392 4124 621 4170 nostros
651 4114 1081 4170 exsultantibus
1112 4119 1169 4170 et
1199 4112 1613 4170 insidiantibus
1635 4114 1826 4185 juncti
1879 4119 2037 4180 sunt,

391 4210 455 4260 ut
484 4221 652 4260 mane
684 4205 876 4260 subito
907 4208 1208 4277 soporatos
1249 4203 1517 4259 invadere
1566 4204 1933 4276 potuissent;
1977 4204 2036 4259 id

389 4309 644 4366 namque
663 4310 815 4366 saepe
838 4292 1040 4348 multis
1063 4292 1298 4366 profuit.
1323 4292 1439 4347 Rex
1460 4297 1650 4348 autem
1677 4310 1902 4348 sommo
1925 4292 2040 4349 len-

387 4387 504 4450 tus,
539 4383 637 4440 sed
672 4383 934 4456 provisor
965 4382 1251 4452 utilitatis,
1288 4386 1345 4438 et
1377 4382 1640 4437 munitus
1671 4383 1837 4454 signo
1865 4399 2036 4438 vene-

388 4472 556 4527 rabili
589 4489 704 4544 quo
736 4476 791 4528 ot
817 4489 979 4545 reges
1000 4475 1247 4544 regnant
1269 4475 1325 4526 et
1345 4471 1544 4526 hostes
1575 4470 2037 4542 vincuntur,ipso

2182 556 2502 629 dispositis,
2538 559 2653 612 Deo
2685 563 2741 614 et
2777 557 2987 612 virtute
3018 560 3226 612 sanctae
3260 556 3454 611 crucis
3506 555 3798 613 Christicoli

2180 647 2596 713 commendati,
2613 663 2771 702 more
2792 645 3138 701 bellatorum
3161 644 3386 717 passim
3409 644 3516 699 iter
3546 645 3798 717 arripiunt

2178 734 2286 790 hoc
2321 735 2522 790 ordine
2554 735 2889 791 incedentes
2915 751 2928 789 :
2951 735 3140 789 tribus
3172 734 3411 789 aciebus
3443 737 3571 789 ante
3599 735 3793 806 positis,

2178 839 2390 878 manus
2421 823 2707 895 pedestris
2738 827 2804 878 ut
2833 823 2940 878 hos
2972 826 3236 896 protegat
3265 826 3325 877 et
3355 822 3428 876 ab
3459 820 3548 877 his
3571 825 3796 894 protega-

2175 914 2292 979 tur,
2329 916 2480 968 retro
2511 911 2770 980 sistitur;
2798 910 2982 966 virtus
3012 927 3144 966 vero
3177 910 3340 984 regia
3371 909 3577 965 barum
3605 915 3657 966 et
3683 909 3792 964 alia-

2176 1017 2306 1054 rum
2340 1001 2692 1072 protectionc
2737 1003 2962 1072 parata,
3015 998 3257 1055 incessit
3304 998 3506 1053 ordine
3552 999 3790 1053 omnibus

2175 1089 2502 1145 necessario
2538 1107 2549 1144 :
2598 1090 2721 1145 acie
2769 1088 2998 1144 comitis
3042 1086 3385 1160 Tripolitani
3434 1085 3630 1142 militis
3670 1091 3786 1142 stre-

2173 1178 2445 1234 nuissimi
2473 1197 2507 1235 a
2537 1179 2753 1234 dextris
2785 1179 3010 1251 posita;
3047 1177 3284 1232 aciebus
3315 1176 3598 1230 baronum
3625 1191 3654 1230 a
3678 1175 3788 1230 sini-

2171 1267 2310 1323 stris
2341 1272 2396 1323 et
2425 1273 2576 1340 post,
2587 1269 2762 1339 jussu
2787 1267 2940 1340 regis
2961 1267 3297 1339 quibusque
3319 1282 3426 1321 suo
3449 1263 3569 1320 loco
3591 1264 3780 1337 positis.

2171 1357 2376 1413 Hostes
2405 1375 2536 1413 vero
2570 1358 2627 1412 in
2658 1356 2771 1412 diei
2795 1354 3136 1428 crepusculo
3163 1355 3619 1426 circumquaque
3639 1353 3780 1426 positi

2166 1451 2580 1520 tympanorum
2613 1463 2678 1502 ac
2729 1446 3109 1501 buccinarum
3170 1444 3452 1500 emittunt
3493 1441 3777 1514 strepitum,

2167 1553 2302 1592 cum
2335 1535 2678 1609 strepitibus
2696 1534 3148 1601 clamores,cum
3174 1533 3532 1588 clamoribus
3550 1530 3774 1596 latratus,

2167 1642 2300 1680 cum
2332 1624 2641 1680 latratibus
2673 1623 2999 1678 audaciam.
3035 1624 3102 1677 Et
3133 1621 3272 1694 quia
3313 1621 3407 1676 bis
3455 1620 3525 1675 ab
3569 1619 3776 1691 incoepta

2164 1731 2369 1787 gressu
2400 1713 2775 1769 Christicolas
2819 1729 3132 1776 removere,
3184 1715 3242 1767 et
3286 1711 3347 1766 in
3398 1709 3774 1782 dispersioncm

2165 1805 2534 1860 aestimabant
2611 1802 2977 1875 compellere,
3067 1800 3386 1873 duplicatis
3466 1797 3774 1854 clamoribus

2166 1893 2448 1948 insistunt
2507 1891 2928 1959 vehementius,
2981 1890 3118 1946 hinc
3167 1893 3224 1946 et
3277 1890 3413 1944 inde
3460 1887 3656 1960 saapius
3697 1903 3772 1940 sa-

2164 1983 2444 2054 gittarum
2523 1987 2578 2037 et
2647 1981 2896 2037 telorum
2975 1977 3264 2034 immissis
3339 1977 3503 2034 saevis
3574 1975 3768 2031 ictibus.

2163 2072 2269 2138 Qui
2300 2089 2433 2127 cum
2489 2071 2596 2126 hoc
2626 2072 2799 2125 modo
2833 2069 2984 2142 quod
3037 2067 3433 2123 moliebantur
3460 2066 3666 2122 efﬁcere
3690 2080 3769 2118 ne-

2162 2161 2502 2233 quivissent,
2534 2165 2591 2215 et
2623 2165 2852 2214 nostros
2884 2159 3159 2214 audacter
3187 2157 3460 2212 incedere
3489 2159 3542 2211 et
3567 2152 3770 2208 viriliter

2161 2251 2427 2305 resistere
2459 2247 2906 2322 persensissent,
2940 2263 3009 2300 ex
3038 2245 3374 2318 arrogantia
3419 2240 3766 2300 multitudinis

2161 2343 2553 2411 pugnatorum
2585 2337 2888 2393 audaciam
2939 2340 3332 2399 assumentes,
3366 2331 3641 2389 ambitiosi
3668 2346 3764 2385 ma-

2160 2445 2298 2482 num
2332 2429 2659 2499 pedestrem
2694 2431 3078 2499 prosternere,
3108 2440 3225 2495 qua
3275 2423 3507 2495 gravius
3549 2421 3762 2477 refrena-

2158 2518 2408 2585 bantur;
2443 2533 2576 2572 cum
2607 2515 2758 2570 hanc
2791 2513 3254 2587 praecedentibus
3285 2512 3539 2576 aciebus,
3566 2513 3616 2565 et
3640 2506 3762 2564 acies

2156 2606 2265 2661 hoc
2299 2605 2520 2677 protegi
2552 2602 2820 2671 viderint,
2845 2603 2898 2658 vi
2933 2602 3188 2658 maxima
3218 2596 3762 2666 accensi,animosius

2156 2700 2287 2768 post
2319 2695 2467 2749 ictus
2500 2692 2713 2758 illatos,
2755 2690 2973 2747 lanceis
3020 2695 3077 2747 et
3125 2689 3380 2762 sagittis,
3415 2688 3648 2743 arcubus
3675 2684 3760 2738 im-

2156 2784 2355 2840 missis
2386 2781 2659 2848 brachiis,
2706 2779 2990 2853 exemptis
3036 2779 3282 2835 ensibus
3320 2781 3544 2834 nostros
3589 2789 3760 2847 percu-

2155 2875 2326 2930 tiunt.
2365 2873 2563 2942 Itaque
2595 2871 2720 2942 jam
2753 2868 3020 2942 pluribus
3053 2867 3378 2940 dissipatis,
3411 2868 3587 2939 ipsam
3614 2863 3757 2918 etiam

2153 2961 2382 3019 comitis
2414 2961 2597 3016 aciem
2621 2957 3160 3031 splendidissimam
3183 2957 3244 3011 in
3269 2955 3445 3029 regali
3468 2954 3579 3011 acie
3608 2947 3757 3021 mergi

2152 3050 2490 3109 faciunt.lbi
2527 3047 2762 3120 quidem
2794 3046 3065 3118 apparuit
3095 3046 3234 3118 quia
3266 3046 3325 3100 in
3357 3044 3556 3100 comite
3585 3044 3756 3096 natura

2152 3142 2372 3197 militiae
2405 3137 2550 3194 nihil
2582 3136 2844 3204 exaruit;
2869 3135 3088 3206 sparsis
3120 3135 3300 3190 etiam
3333 3134 3453 3189 suis
3481 3137 3534 3188 et
3561 3127 3754 3202 penitus

2149 3230 2436 3303 eii‘ugatis,
2471 3221 2808 3300 sparsisque
2839 3225 3029 3281 tribus
3059 3224 3320 3291 aciebus,
3371 3225 3491 3295 ipse
3518 3218 3659 3276 solus
3685 3213 3752 3269 vel

2150 3338 2282 3378 cum
2317 3318 2519 3391 paucis
2549 3315 2820 3371 militarie
2865 3315 3087 3387 agendo
3130 3313 3390 3370 vicissim
3439 3309 3581 3366 datis
3615 3311 3664 3361 et
3687 3303 3751 3356 vi-

2149 3410 2349 3466 cissim
2382 3405 2672 3478 susceptis
2703 3403 2938 3469 ictibus,
2989 3403 3260 3459 hostibus
3295 3400 3602 3464 resistebat,
3632 3397 3679 3451 et
3703 3407 3750 3478 se

2149 3497 2439 3555 constanti
2467 3476 2661 3550 animo
2684 3510 2816 3549 cum
2844 3509 3014 3548 cruce
3037 3492 3265 3548 Domini
3296 3495 3353 3548 et
3381 3505 3510 3562 rege
3535 3483 3664 3542 mori
3681 3476 3753 3535 vel

2147 3589 2335 3644 vivere
2367 3583 2667 3657 applicuit.
2694 3581 2930 3638 Interim
2964 3582 3222 3654 praefatis
3255 3581 3484 3637 aciebus
3504 3569 3750 3645 etfugatis,

2150 3679 2338 3748 major
2370 3692 2503 3748 pars
2554 3677 2764 3728 nostra:
2813 3688 3026 3746 manus
3073 3671 3384 3742 pedestris,
3419 3660 3752 3748 permissione

2149 3746 2385 3822 Domini
2423 3777 2728 3826 concussa,
2761 3759 3016 3815 hostium
3067 3757 3264 3831 gladio
3307 3754 3534 3814 corruit.
3581 3746 3750 3806 Statim

2150 3871 2260 3926 quc
2291 3871 2322 3908 a
2355 3851 2572 3907 dextris
2603 3855 2658 3904 et
2685 3866 2715 3904 a
2748 3847 3023 3914 sinistris,
3047 3865 3081 3902 a
3109 3849 3298 3903 cauda
3327 3851 3382 3902 et
3411 3863 3442 3900 a
3462 3834 3753 3926 capite,ih0-

2150 3925 2267 3999 stes
2284 3940 2442 4015 gravi
2465 3939 2684 4010 impetu
2704 3942 2935 3992 nostros
2952 3935 3304 4008 percutiunt.
3323 3941 3384 3990 in
3404 3933 3506 3989 hoc
3523 3925 3750 4015 conﬂictu

2149 4011 2622 4103 archiepiscopus
2678 4025 3069 4094 Caesariensis,
3124 4025 3212 4080 vir
3258 4025 3383 4081 vita:
3430 4011 3748 4076 venerabilis,

2149 4120 2382 4176 nomine
2414 4119 2790 4182 Euzomerus,
2823 4131 2938 4169 nou
2971 4113 3170 4182 lorica,
3196 4115 3296 4169 sed
3329 4103 3646 4168 sacerdotali
3673 4115 3750 4154 su-

2149 4208 2482 4284 perpellicio
2517 4207 2780 4274 indutus,
2813 4220 3045 4259 crucem
3091 4203 3325 4259 Domini
3373 4191 3750 4256 venerabilibus

2147 4299 2413 4373 gestabat
2446 4295 2752 4360 manibus;
2778 4293 2948 4364 cujus
2981 4293 3334 4365 protectione
3365 4291 3483 4363 ipse
3510 4284 3662 4373 etiam
3681 4292 3751 4373 sf!-

2145 4361 2291 4459 gitta
2321 4401 2654 4459 percussus,
2683 4361 2886 4437 multis
2911 4361 3344 4448 attestantibus,
3379 4361 3669 4462 permansit

2147 4476 2340 4543 laesus,
2375 4473 2500 4530 sola
2528 4476 2694 4546 gutta
2725 4471 3031 4543 sanguinis
3082 4469 3165 4524 illi
3197 4470 3257 4526 in
3286 4460 3600 4525 testimonio
3629 4460 3745 4511 emi-

387 4561 562 4617 etiam
595 4561 688 4617 die
718 4579 832 4634 quo
878 4561 1100 4634 priores
1147 4564 1444 4627 venerint,
1497 4559 1750 4631 provide,
1805 4563 1870 4614 ut
1918 4558 2033 4628 ille,
2065 4583 2111 4647 D
2147 4564 2548 4634 nentc.lbique
2570 4559 2721 4634 regis
2742 4558 3012 4631 equusin
3033 4557 3176 4615 c.0110
3198 4557 3414 4614 exstitit
3432 4548 3742 4647 vulnerattls:

389 4649 487 4722 qui
518 4649 730 4724 saepius
762 4650 1021 4706 hostium
1055 4665 1183 4704 esse
1214 4654 1270 4704 et
1317 4647 1470 4704 bella
1517 4652 1786 4720 expertus
1837 4648 2028 4715 fuerit,

387 4756 520 4794 cum
576 4739 1009 4812 archiepiscopo
1059 4736 1394 4794 Caesariensi
1445 4741 1502 4792 et
1541 4735 1672 4791 aliis
1710 4753 1854 4792 verte
1905 4737 2037 4793 ﬁdei

388 4827 732 4896 cultoribus,
758 4826 1048 4900 disposuit
1081 4832 1246 4882 nocte
1277 4824 1523 4880 tentoria
1553 4842 1660 4880 sua
1691 4825 1904 4898 colligi,
1937 4825 2044 4886 mi-

387 4913 518 4971 lites
557 4916 768 4988 parari,
804 4922 860 4972 et
905 4915 1101 4972 omnia
1151 4914 1533 4970 bellatoribus
1582 4914 1911 4969 necessaria
1955 4915 2039 4971 sic

387 5005 818 5076 decerni;quod
843 5006 888 5061 si
915 5005 1111 5060 hostes
1136 5003 1313 5059 subiti
1346 5004 1403 5058 in
1435 5021 1533 5059 eos
1563 5004 1869 5072 irruerent,
1891 5005 2036 5060 nihil

387 5094 644 5166 pigrum,
697 5093 959 5166 nihilque
1010 5093 1406 5148 inordinatum
1459 5093 1792 5161 inveniant;
1844 5095 1942 5150 sed
1976 5094 2033 5149 in

387 5183 536 5238 datis
583 5182 794 5236 ictibus
826 5188 882 5239 et
912 5182 1218 5254 prostratis
1249 5181 1518 5237 hostibus
1548 5182 1904 5239 Christianos
1941 5185 2035 5240 Dei

384 5271 595 5327 virtute
627 5275 684 5326 et
713 5272 840 5342 ejus
871 5271 1038 5343 signo
1069 5271 1258 5342 vigere
1280 5271 1639 5342 comperiant
1659 5291 1670 5340 ;
1693 5272 1781 5327 sin
1815 5277 2030 5341 autem,

387 5365 451 5417 ut
479 5378 578 5417 eos
607 5360 889 5433 gregatim
924 5363 1118 5433 posset
1139 5359 2033 5434 comprehendere,disposuitse

385 5465 520 5506 cum
552 5453 670 5505 toto
701 5450 952 5506 exercitu
985 5447 1270 5504 ordinatis
1307 5447 1543 5505 aciebus
1579 5450 1667 5506 die
1699 5451 1867 5507 terris
1899 5451 2032 5506 illa-

383 5539 577 5607 bente,
608 5556 811 5595 versus
843 5540 963 5611 Hap
991 5537 1271 5612 equitare.
1305 5539 1386 5595 Eo
1428 5539 1641 5595 etenim
1673 5541 1844 5596 modo
1875 5541 2029 5597 aesti-

382 5628 581 5692 mabat
607 5629 846 5707 bellum,
869 5633 926 5688 et
953 5629 1081 5704 fuit,
1100 5625 1453 5689 inevitabile.
1475 5628 1642 5686 Mane
1664 5628 1860 5710 itaque
1891 5648 2030 5710 prae-

2144 4653 2304 4720 Quod
2337 4630 2470 4707 cum
2508 4630 2982 4720 archiepiscopus
3028 4647 3424 4720 comperisset,
3455 4645 3506 4698 et
3532 4630 3741 4710 perﬁdos

2147 4748 2379 4799 nostros
2408 4738 2759 4796 invalescere
2791 4737 3194 4810 persensisset,
3219 4737 3278 4792 in
3304 4751 3400 4791 eos
3426 4743 3578 4787 versa
3603 4729 3741 4776 cruce

2149 4831 2382 4888 Domini
2416 4827 2782 4901 apertissime
2814 4826 3004 4898 inquit
3037 4844 3049 4881 :
3084 4850 3113 4877 ‹‹
3147 4828 3334 4898 Hujus
3360 4822 3558 4878 virtute
3585 4819 3740 4904 ξεξοξἮ·

2150 4920 2380 4976 tissima
2405 4897 2880 4973 anathematizati
2900 4897 3060 4984 isitis,
3083 4897 3479 4971 nefandissimi
3505 4908 3558 4960 et
3581 4897 3741 4994 divina

2147 5009 2369 5065 ultione
2401 5005 2459 5060 in
2489 5004 2849 5076 dispersione
2882 4995 3429 5077 eﬂ‘ugati,citissime
3458 4990 3692 5082 pereatis-
3717 4997 3737 5024 ν

2146 5100 2262 5155 Rex
2293 5099 2488 5168 itaque
2519 5094 2668 5150 virili
2701 5094 2947 5149 audacia
2979 5095 3307 5166 fretus,qua
3341 5090 3494 5162 parte
3521 5078 3735 5134 hostium

2145 5194 2371 5243 turmas
2392 5185 2444 5239 vi
2471 5187 2862 5256 pugnatorum
2892 5183 2949 5236 in
2973 5187 3204 5239 nostros
3228 5177 3410 5252 magis
3427 5172 3598 5243 vigere
3617 5168 3736 5256 com:

2144 5275 2356 5350 peruit,
2392 5271 2508 5327 illic
2541 5270 2919 5327 exclamando
2953 5273 3011 5328 S.
3045 5272 3234 5327 crucis
3274 5258 3664 5350 protectioneru‘

2143 5329 2444 5428 auxilium,
2477 5359 2842 5415 velocissime
2875 5359 3081 5428 irruit;
3115 5357 3362 5432 perfidos
3394 5329 3732 5436 prostraov'itit

2140 5455 2200 5508 in
2233 5447 2654 5523 dispersionem
2687 5428 3727 5523 impulit,ita,inquam,quodvicisti?1

2140 5540 2479 5604 anteriores,
2503 5542 2559 5592 et
2579 5537 2839 5593 vicissim
2868 5538 3220 5610 posteriores
3248 5517 3593 5610 percutiendo
3617 5505 3729 5610 cliti:

2139 5595 2530 5712 gavitﬁicque
2561 5629 2757 5686 actum
2789 5595 2888 5687 est
2907 5633 2970 5688 ut
2990 5629 3050 5687 in
3071 5595 3540 5695 illobello,divina
3557 5595 3726 5678 αεθοιθ
