3992 6090
223 343 251 401 1
262 341 381 400 099

867 335 1230 399 GALTEBII
1276 337 1793 408 CANCELLAltll
1836 337 2086 402 BELLA
2130 335 2498 402 ANTIOCH.
2525 373 2598 386 --
2627 339 2830 401 PARS
2875 333 2952 400 ll.

3477 339 3500 398 1
3515 331 3634 398 O30

221 470 610 546 providentia,
647 474 712 526 ut
735 487 802 525 ex
826 473 1073 542 utraque
1095 474 1281 543 parte,
1308 475 1366 526 et
1392 470 1522 526 victi
1545 476 1603 526 et
1631 472 1878 529 victores
1905 476 1958 541 Α
1991 473 2398 546 spiritualibus
2427 472 2730 529 victoriose
2775 471 3114 543 suscipitur,
3150 470 3443 540 ductuque
3503 486 3634 541 pro-

222 562 609 624 haberentur,
648 559 748 614 sed
781 558 1370 614 dissimiliter.Nostri
1404 559 1616 615 etenim
1647 560 1780 615 victi
1805 562 1875 616 ad

223 649 459 722 Hap,ad
491 647 862 703 Antiochiam
894 653 950 703 et
979 648 1157 704 etiam
1179 648 1461 704 remotius
1493 649 1564 704 ad
1598 649 1875 720 Tripolim

227 739 370 810 fuga
399 737 727 802 evadentes,
761 740 992 792 nostros
1033 738 1104 792 ad
1155 736 1563 793 exterminium
1599 739 1878 794 deductos

225 826 670 882 nuntiaverunt.
720 825 970 880 Aliunde
1020 826 1196 881 etiam
1249 827 1422 881 Turci
1483 843 1616 882 cum
1656 827 1879 899 impetu

227 915 622 987 quorumdam
659 918 995 970 nostrorum
1030 915 1098 970 ad
1119 913 1386 987 Alapiam
1419 915 1880 989 effugati.Algazi

227 1009 284 1059 et
305 1003 706 1059 Dodechinum
726 1020 860 1057 cum
879 1003 1038 1058 omni
1061 1005 1604 1076 Turcomagnorum
1629 1004 1879 1059 exercitu

227 1094 301 1148 ad
326 1093 627 1147 interitum
658 1093 940 1147 deductos
970 1098 1366 1148 asseruerunt.
1400 1095 1617 1148 Auctor
1661 1110 1794 1148 vero
1827 1095 1883 1148 et

227 1181 528 1254 inspector
557 1197 804 1236 summae
825 1179 1067 1252 justitiae
1101 1181 1158 1234 id
1191 1180 1310 1252 regi
1334 1180 1748 1254 Balduino,per
1776 1180 1883 1236 vir-

228 1274 417 1326 tutem
451 1271 510 1325 S.
544 1269 735 1324 crucis
765 1274 822 1324 et
871 1269 1048 1324 vitam
1107 1270 1293 1342 ipsius
1323 1271 1585 1342 exigente
1617 1269 1879 1337 contulit,

229 1360 388 1431 quod
417 1364 474 1414 et
504 1359 702 1414 hostes
733 1359 1029 1431 eil‘ugavit,
1063 1363 1119 1414 et
1165 1377 1296 1414 cum
1346 1359 1646 1432 triumpho
1677 1360 1883 1414 divinze

228 1445 649 1515 victoriaa,belli
679 1464 952 1518 campum
977 1446 1157 1504 libere
1175 1447 1505 1504 etabsolule
1523 1466 1655 1504 cum
1681 1448 1884 1520 paucis

233 1537 414 1592 etiam
447 1535 718 1592 obtinuit.

852 1625 1086 1682 CAPUT
1126 1626 1268 1680 XVI.

305 1713 565 1787 Contigit
577 1718 770 1769 autem
786 1719 980 1787 partes
997 1715 1254 1771 hostium
1274 1715 1538 1788 partibus
1553 1720 1886 1770 nostrorum

233 1803 308 1857 ab
341 1803 565 1874 impetu
598 1803 1020 1859 revertentibus
1052 1804 1241 1872 fessis,
1275 1808 1333 1860 et
1362 1805 1529 1876 equis
1559 1822 1760 1860 eorum
1785 1805 1885 1859 de-

235 1890 572 1947 ficientibus
595 1909 728 1946 cum
760 1908 1030 1964 agasone,
1065 1893 1362 1964 quoddam
1393 1893 1732 1949 vexillorum
1766 1891 1886 1964 regi

237 1980 558 2046 deferente,
593 1981 910 2053 separatim
953 1981 1236 2036 obviasse.
1290 1982 1454 2047 Quod
1513 1999 1645 2037 cum
1680 1981 1885 2053 perfidi

233 2072 394 2122 sorte
425 2066 667 2122 sinistra
697 2068 1044 2140 defatigatos
1093 2069 1550 2142 conspexissent,
1603 2068 1887 2125 immissis

233 2154 469 2228 sagittis
501 2171 682 2227 equos
713 2173 779 2211 ex
813 2155 966 2211 facili
1001 2161 1461 2228 prostraverunt,
1481 2162 1538 2213 et
1571 2157 1783 2214 milites
1805 2157 1884 2212 vi-

233 2243 490 2300 telorum
523 2249 754 2301 coactos
788 2246 1077 2316 quosdam
1110 2246 1282 2301 morti
1315 2245 1689 2312 tradiderc,et
1711 2263 1884 2318 quos-

233 2334 375 2388 dam
404 2333 759 2405 captivitatis
799 2333 1024 2406 laqueis
1079 2336 1367 2403 astrictos,
1430 2352 1561 2408 rege
1595 2337 1886 2391 nesciente

231 2420 504 2494 Alapiam
535 2424 950 2494 perduxerunt.
987 2427 1104 2478 Rex
1132 2441 1266 2479 vero
1289 2441 1562 2497 campum
1594 2424 1882 2494 obtinens,

234 2510 440 2564 audito
473 2511 677 2564 nuntio
709 2512 994 2582 quosdam
1029 2513 1099 2567 ad
1125 2513 1247 2583 Ilap
1278 2513 1638 2584 eifugisse,et
1661 2513 1736 2568 ibi
1763 2531 1887 2585 per-

235 2615 495 2664 manere,
531 2617 632 2670 pro
667 2600 782 2655 illis
813 2600 906 2654 his
938 2607 995 2656 et
1023 2605 1110 2656 ter
1151 2602 1455 2657 enuntiata
1484 2603 1724 2656 victoria
1752 2603 1884 2656 mit-

237 2692 358 2742 tere
389 2688 813 2753 festinavit.Qui
846 2689 977 2744 licet
1000 2695 1156 2745 certo
1181 2691 1349 2762 signo
1368 2695 1423 2746 et
1454 2692 1628 2746 certis
1653 2691 1885 2744 indiciis

237 2792 373 2847 rege
407 2793 540 2832 cum
569 2777 816 2832 victoriae
849 2777 1144 2850 lriumpho
1176 2797 1446 2851 campum
1471 2781 1730 2835 obtinere
1763 2797 1888 2850 per-

237 2864 588 2932 sensissent,
622 2867 694 2922 ad
727 2867 922 2938 ipsum
955 2873 1172 2937 tamen,
1208 2868 1418 2941 partim
1443 2869 1648 2924 timore
1680 2868 1883 2936 coacti,

237 2958 297 3009 et
311 2954 525 3026 partim
539 2955 887 3011 verecundia
900 2956 1083 3028 pressi
1094 2958 1386 3025 ,accedere
1397 2958 1748 3014 verebantur
1762 2974 1888 3024 ;nec

239 3049 439 3098 tamen
474 3045 677 3099 reverti
711 3044 1083 3112 desinunt,ne
1100 3046 1334 3118 penitus
1359 3046 1638 3103 defecisse
1658 3051 1888 3102 tenean-

240 3137 361 3187 tur.
402 3132 518 3187 Rex
551 3133 750 3205 itaque
783 3135 1028 3206 penuria
1066 3135 1253 3190 victus
1312 3140 1602 3207 potusque
1632 3139 1887 3201 coactus,

1988 561 2270 618 cessionis
2302 561 2636 632 salutiferae,
2670 562 2740 617 ad
2774 560 3080 617 ecclesiam
3115 557 3267 614 beati
3299 558 3635 620 Petri,unde

1987 652 2096 706 iter
2125 657 2181 706 et
2213 651 2447 706 initium
2482 652 2644 706 bona:
2678 649 3061 722 expeditionis
3095 653 3520 720 assumpserut,
3542 647 3636 702 hi-

1986 740 2124 796 laris
2181 745 2238 795 et
2295 739 2464 795 laetus
2518 741 2835 804 reducitur,
2869 740 2936 794 ad
2991 738 3224 793 laudem
3273 741 3328 792 et
3387 735 3635 809 gloriam

1987 829 2204 885 summi
2239 828 2390 902 regis
2422 833 2478 884 et
2512 829 2727 885 summi
2763 827 3052 895 Domini,«
3083 827 3175 881 cui
3211 843 3379 880 nemo
3404 824 3638 880 aliunde

1989 918 2214 991 placere
2238 918 2569 990 potest,nisi
2601 935 2668 973 ex
2700 935 2764 972 eo
2797 917 2950 990 quod
2987 915 3109 987 ipse
3143 913 3504 982 donaverit,»
3537 912 3639 986 qui

1986 1008 2127 1062 vivit
2157 1011 2211 1069 et
2243 1013 2446 1080 regnat
2477 1008 2630 1062 Deus
2664 1007 2720 1061 in
2765 1005 2978 1062 saecula
3035 1004 3400 1060 saeculorum.
3431 1005 3635 1058 Amen.

2591 1095 2821 1151 CAPUT
2859 1095 3026 1150 XVII.

2061 1185 2224 1240 Nunc
2257 1189 2446 1240 autem
2474 1183 2991 1256 quzedam'illorum
3010 1200 3135 1254 quae
3159 1180 3638 1237 Christicolarum

1991 1274 2354 1345 captivorum
2387 1275 2649 1329 extermis
2679 1273 2732 1327 io
2766 1272 3136 1328 discutienda
3185 1270 3501 1344 przelibavi,
3535 1289 3639 1344 pro

1990 1363 2118 1417 visu
2152 1367 2209 1416 et
2240 1362 2442 1416 auditu
2477 1362 2737 1416 seriatim
2777 1361 3116 1416 edisseram.
3152 1361 3228 1415 Eo
3261 1377 3514 1431 namque
3547 1360 3641 1416 die

1993 1467 2108 1522 quo
2139 1451 2512 1506 Dodechinus
2544 1468 2641 1505 rex
2691 1443 2961 1505 Damasci
2996 1455 3052 1504 et
3096 1449 3290 1521 Algazi
3322 1450 3641 1505 Turcoma-

1993 1555 2240 1612 gnorum
2275 1539 2546 1611 princeps
2593 1539 2807 1594 virtute
2862 1539 2920 1593 S.
2956 1537 3144 1592 crucis
3175 1542 3231 1593 et
3270 1554 3448 1592 manu
3484 1537 3644 1609 regia

1992 1627 2197 1682 devicti
2233 1628 2554 1695 fuerunt,et
2572 1628 2627 1682 in
2652 1627 3014 1700 dispersione
3036 1626 3640 1700 effugati,nuntiatum

1993 1721 2083 1771 est
2109 1716 2227 1772 filio
2257 1716 2474 1789 Algazi,
2508 1733 2576 1772 ea
2605 1717 2728 1771 vice
2761 1716 3053 1788 oppidano
3103 1715 3316 1788 Alapiaa
3347 1715 3641 1778 existenti,

1996 1805 2154 1878 ipsos
2186 1805 2465 1878 primates
2497 1822 2631 1860 cum
2667 1804 2873 1875 majori
2905 1809 3067 1876 parte
3092 1803 3327 1860 illorum
3356 1805 3642 1860 exercitus

1996 1893 2461 1949 Christianorum
2493 1893 2686 1967 gladio
2717 1893 3026 1949 corruisse.
3054 1895 3174 1959 Quo
3207 1893 3641 1965 audito,poten-

1995 1982 2171 2037 tiores
2203 1981 2410 2054 Alapiae
2443 1981 2681 2054 quidam
2713 1986 2885 2038 antea
2908 1999 3085 2037 manu
3119 1985 3176 2036 et
3197 1981 3373 2052 jussu
3406 1980 3642 2036 nefandi

1995 2069 2276 2141 principis
2307 2070 2612 2141 redempti,
2649 2075 2704 2125 et
2751 2070 2994 2142 quidam
3049 2087 3083 2124 a
3130 2069 3407 2126 domibus
3434 2070 3558 2125 suis
3589 2072 3645 2126 et

1997 2157 2125 2214 aliis
2157 2158 2479 2213 honoribus
2511 2159 2739 2230 privati,
2774 2159 2995 2215 eisdem
3027 2159 3454 2214 Turcomannis
3471 2158 3641 2214 attri-

1996 2248 2174 2315 butis,
2210 2248 2319 2302 sub
2352 2247 2540 2318 specie
2569 2247 2784 2319 publici
2814 2247 3007 2303 luctus
3035 2252 3091 2303 et
3121 2247 3414 2313 clamoris,
3440 2247 3644 2303 intrin-

1996 2353 2165 2392 secus
2192 2335 2393 2408 gavisi,
2419 2337 2605 2392 moliti
2637 2342 2777 2392 sunt
2807 2337 2996 2392 evasis
3019 2336 3381 2408 fugientibus
3400 2335 3642 2394 diversis

1996 2426 2186 2480 modis
2217 2425 2542 2480 exterminii
2575 2425 3063 2497 impedimentum
3087 2426 3539 2482 inferre.Astute
3569 2431 3647 2482 et-

1993 2515 2150 2569 enim
2183 2513 2398 2570 milites
2429 2513 2575 2570 alios
2605 2520 2887 2586 raptores,
2925 2521 3056 2586 post
3089 2515 3479 2572 disconfectos
3511 2515 3648 2570 diri-

1994 2609 2161 2674 gunt,
2197 2603 2296 2674 qui
2331 2603 2603 2674 fugitivos
2636 2603 3014 2674 exspoliando
3046 2605 3288 2671 caedant,
3315 2608 3371 2659 et
3403 2596 3526 2659 vice
3559 2604 3646 2659 di-

1996 2692 2372 2763 spendiorum
2432 2691 2820 2762 Alapensibus
2897 2691 3214 2754 illatorum,
3277 2694 3362 2748 ira
3419 2692 3646 2748 vindice

1997 2781 2155 2852 ipsos
2187 2782 2450 2852 perdant.
2486 2781 2696 2852 Sicque
2724 2785 2917 2834 actum
2952 2784 3040 2836 est
3069 2782 3223 2852 quod
3255 2786 3415 2836 extra
3447 2779 3646 2836 civita-

1995 2874 2114 2923 tem
2147 2869 2436 2940 fugientes
2469 2886 2570 2940 per
2602 2869 2860 2924 diversas
2889 2873 3105 2940 partes,
3125 2869 3366 2924 diversis
3398 2870 3648 2925 exactio-

1997 2958 2172 3012 nibus
2203 2957 2554 3029 plectantur,
2591 2966 2645 3013 et
2679 2957 2831 3012 infra
2862 2974 2895 3011 a
2927 2958 3285 3029 quibusdam
3317 2957 3492 3027 veris,
3527 2962 3586 3013 et
3615 2975 3650 3013 a

1998 3047 2354 3118 quibusdam
2387 3046 2534 3101 ﬁctis
2565 3046 2837 3118 lacrymis
2869 3063 3002 3100 cum
3037 3046 3345 3102 immensis
3375 3045 3648 3102 clamori-

1998 3136 2129 3203 bus,
2165 3152 2266 3206 pro
2299 3135 2614 3206 peremptis
2635 3134 2915 3206 lugubres
2937 3135 3134 3190 luctus
3160 3134 3649 3201 deducuntur,ita

237 3238 372 3278 sero
404 3223 700 3293 profectus
731 3224 801 3278 ad
837 3224 1158 3295 Hap,mane
1181 3223 1238 3278 in
1263 3241 1534 3296 campum
1560 3223 1884 3290 revertitur,
1918 3215 1960 3280 C
2000 3225 2154 3296 quod
2187 3223 2316 3295 ipsa
2345 3223 2547 3278 civitas
2578 3223 2637 3278 in
2670 3223 2977 3295 superficie
3008 3227 3064 3278 et
3092 3223 3491 3279 fundamentis
3524 3241 3652 3279 mu-

237 3310 579 3367 vulneratos
609 3313 798 3384 campi
824 3316 880 3367 et
908 3313 1235 3380 defunctos,
1260 3313 1415 3384 quod
1441 3313 1890 3380 decebat,utros-

237 3416 358 3472 que
389 3401 620 3472 perduci
654 3401 978 3474 imperavit,
1026 3407 1084 3457 et
1141 3401 1598 3474 circumquaque
1648 3401 1698 3456 si
1749 3401 1890 3472 quid

238 3489 378 3545 belli
411 3490 629 3546 residui
662 3491 1060 3558 remansisset,
1094 3490 1342 3562 ipsemet
1372 3490 1642 3562 equitans
1673 3495 1892 3562 specta-

239 3584 392 3649 tum,
425 3583 696 3636 strenuos
727 3581 1121 3636 transmittere
1153 3581 1460 3647 curavit,in
1493 3597 1698 3653 campo
1715 3579 1888 3635 etiam

238 3673 366 3723 tam
399 3668 494 3722 diu
532 3669 992 3741 remansit,quod
1025 3669 1197 3726 certis
1217 3669 1442 3725 nuntiis
1463 3675 1518 3725 et
1540 3670 1711 3725 certis
1733 3668 1890 3724 indi-

241 3758 354 3813 ciis
386 3758 638 3828 perfidos
670 3759 924 3814 devictos
956 3759 1146 3814 lucide
1199 3758 1500 3814 intellexit.
1529 3765 1591 3813 ln
1621 3757 1720 3813 illo
1748 3775 1888 3814 con-

243 3845 423 3916 ﬂicto,
461 3850 523 3900 ut
555 3847 963 3919 putabatur,ex
992 3847 1208 3904 nostris
1240 3847 1547 3919 quingenti
1571 3845 1890 3918 velseptin-

241 3935 404 4006 genti
438 3936 680 4006 pedites,
717 3941 772 3991 et
801 3943 1035 3992 centum
1072 3936 1288 3991 milites
1321 3935 1604 4008 perempti
1638 3940 1777 3990 sunt
1800 3935 1891 4002 ;de

241 4025 451 4079 Turcis
483 4041 634 4093 vero,
671 4030 736 4080 ut
766 4025 1003 4098 ipsimet
1048 4026 1399 4092 fatebantur,
1429 4024 1528 4096 qui
1561 4027 1887 4091 evaserunt,

240 4115 360 4170 duo
385 4113 469 4168 vel
497 4113 607 4168 tria
623 4114 1293 4170 milliaChristicolarum
1317 4113 1510 4186 gladio
1525 4117 1887 4169 corruerunt.

242 4203 304 4258 Id
343 4203 615 4268 victoriae,
650 4204 710 4258 in
742 4203 939 4277 vigilia
970 4203 1300 4259 festivitatis
1351 4203 1422 4258 de
1477 4202 1892 4274 Assumptione

240 4293 428 4348 beatze
461 4291 651 4348 Mariae
679 4292 946 4366 virginis,
978 4293 1166 4348 virtus
1199 4293 1258 4348 S.
1292 4291 1481 4347 crucis
1511 4291 1893 4347 obtinuit.Ga-

237 4381 407 4437 visus
441 4380 632 4452 itaque
667 4399 762 4437 rex
804 4386 1183 4448 memoratus,
1218 4380 1504 4436 annulum
1563 4380 1655 4436 sui
1703 4378 1887 4452 digiti,

237 4469 588 4543 patriarchae
627 4487 860 4544 suaeque
893 4471 1079 4528 sorori
1103 4471 1465 4542 principissa:
1486 4470 1633 4525 bene
1665 4473 1889 4540 notum,

237 4559 401 4614 fideli
435 4559 796 4617 internuntio
827 4561 895 4616 ad
927 4560 1296 4616 Antiochiam
1327 4559 1704 4616 deferendum
1740 4575 1891 4613 com-
1922 4578 1967 4642 Ι)

236 4648 564 4720 mandavit,
598 4653 660 4704 ut
690 4649 799 4705 hoc
823 4649 988 4722 signo
1018 4649 1324 4705 victoriam
1357 4648 1414 4704 S.
1449 4648 1640 4703 crucis
1661 4647 1892 4701 nuntia-

238 4742 350 4804 ret,
385 4741 442 4792 et
469 4755 661 4811 regem
687 4738 822 4794 belli
845 4756 1118 4812 campum
1143 4739 1404 4795 obtinere
1427 4735 1893 4794 assereret.Nun-

239 4827 363 4882 tius
395 4827 590 4898 itaque
623 4828 776 4884 haud
809 4828 960 4884 lente
990 4829 1306 4900 profectus,
1342 4827 1498 4884 omni
1535 4825 1746 4898 pepulo
1777 4826 1891 4879 An-

239 4914 472 4970 tiochiae
507 4917 563 4971 in
597 4933 841 4973 mmrore
873 4919 1192 4974 constituto
1237 4917 1358 4972 haec
1391 4915 1690 4980 nuntians,
1723 4913 1782 4968 in
1815 4913 1892 4970 si-

236 5021 430 5078 gnum
462 5005 799 5061 Christianis
823 5006 1069 5062 victoria:
1101 5024 1168 5062 ex
1193 5012 1354 5078 parte
1375 5005 1526 5078 regis
1549 5003 1892 5075 patriarcha:

239 5093 533 5150 annulum
568 5095 1111 5166 prmsentavitﬂuid
1133 5112 1269 5167 ergo
1290 5096 1436 5150 ?Deo
1456 5093 1740 5149 altissimo
1763 5109 1892 5147 om-

237 5201 352 5240 nes
367 5185 828 5257 una,resumptis
848 5185 1357 5252 viribus,moribus
1383 5181 1890 5248 etvitaemendati,

237 5273 571 5329 retulerunt
601 5273 923 5346 gratiarum
956 5271 1313 5343 actiones,in
1345 5268 1589 5326 ecclesia
1619 5285 1725 5323 sua
1757 5265 1890 5322 laeti.

237 5364 380 5418 Post
409 5361 529 5418 haec
560 5366 755 5418 autem
789 5362 847 5417 in
879 5361 1073 5418 divina
1101 5361 1362 5434 potentia
1411 5357 1646 5414 vivificaa
1679 5355 1888 5424 crucis,

229 5455 585 5524 recuperato
606 5451 784 5507 trium
792 5451 906 5524 pho
924 5450 1506 5518 Christianitatis,rex
1524 5445 1891 5502 Antiochiam

227 5540 493 5610 rediens,
528 5548 688 5599 extra
719 5541 1104 5611 civitatem,ut
1119 5535 1667 5609 decebat,remotius
1698 5534 1889 5602 solito,

228 5632 314 5694 ab
348 5631 508 5688 omni
538 5632 756 5710 populo
791 5647 857 5689 ac
889 5630 1040 5690 clero
1071 5646 1205 5689 cum
1252 5626 1488 5707 hymnis
1539 5629 1594 5683 et
1648 5621 1897 5689 canticis

2002 3329 2198 3368 rerum
2230 3329 2294 3367 ac
2327 3312 2577 3367 turrium
2609 3311 3105 3384 aedifiiorumque
3137 3311 3499 3368 diversorum
3532 3329 3648 3368 non

2000 3418 2170 3456 secus
2202 3400 2446 3467 intonat,
2481 3418 2547 3456 ac
2582 3403 2629 3456 si
2662 3405 2782 3456 tota
2803 3400 3128 3474 fulgoribus
3150 3406 3207 3457 et
3229 3401 3651 3457 tonitruissub—

1998 3490 2142 3544 verti
2173 3490 2398 3545 debeat.
2451 3490 2632 3561 quue
2689 3494 2884 3545 actum
2945 3490 3184 3558 exstitit,
3221 3507 3381 3546 more
3415 3489 3648 3546 illorum

1999 3577 2258 3651 exigente
2284 3596 2298 3646 ;
2331 3579 2634 3633 eumenim
2656 3578 3144 3647 vincantur,facto
3159 3579 3652 3648 edicto,nuntiant

2001 3686 2060 3724 se
2090 3668 2316 3734 vicisse,
2351 3673 2407 3724 et
2438 3667 2733 3724 simulatis
2772 3668 3058 3740 triumphi
3092 3668 3326 3741 gaudiis
3356 3667 3649 3742 tympani-

2001 3758 2157 3826 stris,
2195 3757 2666 3828 tibiis,tubisque
2689 3757 3097 3830 clangentibus
3123 3762 3350 3813 mentes
3371 3756 3652 3813 desolato-

2000 3863 2152 3913 rum,
2187 3864 2258 3902 ne
2289 3847 2616 3919 desperent,
2652 3845 2742 3902 his
2773 3847 3184 3902 instrumentis
3216 3847 3286 3902 ad
3311 3847 3530 3918 gaudia
3560 3864 3652 3901 ex-
3677 3879 3690 3888 -

2001 3934 2200 3989 citant.
2226 3937 2305 3990 Ea
2335 3952 2466 3991 vero
2497 3935 2618 3990 vice
2643 3937 2964 4006 jucundius
3009 3935 3181 3990 solito
3241 3941 3298 3990 et
3329 3935 3651 3990 animosius

1999 4023 2217 4080 talibus
2249 4023 2598 4079 insistebant
2631 4029 2695 4079 ut
2723 4024 2933 4096 captivi
2966 4023 3347 4092 Christicolis,
3379 4025 3478 4096 qui
3513 4028 3650 4078 tunc

1998 4111 2212 4184 Alapize
2245 4112 2489 4168 diversis
2519 4117 2944 4168 tormentorum
2973 4112 3288 4185 generibus
3322 4111 3549 4168 astricti
3575 4117 3654 4169 te-

2001 4201 2309 4271 nebantur,
2342 4200 2449 4256 hoc
2481 4201 2677 4256 audito
2721 4201 2909 4274 magis
2944 4200 3250 4273 magisque
3281 4201 3477 4256 animo
3511 4218 3648 4256 cru-

2001 4289 2134 4344 ciati
2167 4306 2401 4360 quoquo
2451 4290 2621 4345 modo
2680 4289 3111 4344 decrevissent:
3148 4281 3270 4361 ipsi"
3300 4306 3432 4345 vero
3466 4287 3649 4344 armis

2001 4377 2134 4434 fidei
2168 4378 2518 4450 prmmuniti,
2553 4377 2687 4433 licet
2734 4377 3091 4433 cruciamine
3133 4379 3324 4434 cordis
3357 4382 3413 4432 et
3444 4376 3649 4433 multis

1999 4466 2232 4538 injuriis
2264 4467 2452 4523 affecti
2477 4467 2848 4536 haberentur,
2884 4484 2986 4539 pro
3034 4483 3216 4539 eoque
3248 4466 3433 4522 relatu
3469 4467 3645 4539 perfi-

1999 4555 2206 4610 dorum
2239 4556 2544 4612 audierant
2575 4573 2768 4628 regem
2829 4573 3086 4628 suosque
3127 4555 3277 4610 bello
3337 4555 3638 4622 cecidisse,

2001 4662 2302 4716 nunquam
2337 4649 2530 4700 tamen
2554 4662 2587 4699 a
2617 4645 2777 4699 cultu
2807 4662 2955 4700 verae
2987 4645 3120 4699 fidei
3157 4645 3512 4713 defecerunt,
3541 4646 3645 4701 sed

2001 4733 2186 4788 multo
2201 4734 2500 4790 ardentius
2523 4732 2692 4789 solito
2717 4751 2818 4806 pro
2841 4733 3029 4790 salute
3047 4733 3385 4790 Christianae
3405 4733 3646 4805 militiae,

2004 4826 2060 4877 et
2091 4839 2192 4894 pro
2217 4840 2277 4877 se
2306 4823 2452 4895 ipsis
2475 4824 2589 4878 Deo
2614 4823 2959 4879 medullitus
2976 4822 3190 4896 vigiliis
3207 4827 3264 4878 et
3286 4823 3649 4880 orationibus

2003 4911 2432 4983 supplicabant.
2468 4912 2724 4986 Contigit
2764 4917 2959 4968 autem
2992 4929 3090 4968 eos
3149 4912 3402 4981 audisse,
3437 4913 3648 4969 furtivo

2003 4999 2186 5055 relatu
2218 5003 2610 5072 quorumdam
2646 5002 2928 5068 fidelium,
2963 5006 3020 5056 et
3069 5001 3245 5056 etiam
3297 5002 3645 5072 infidelium,

2003 5090 2216 5162 gaudia
2245 5096 2300 5146 et
2331 5091 2588 5146 diversos
2615 5091 2858 5162 plausus
2889 5107 3016 5162 quze
3040 5089 3272 5164 publice
3303 5091 3645 5164 agebantur,

2002 5194 2069 5233 ex
2101 5195 2432 5246 re,mmrore
2455 5185 2509 5236 et
2541 5179 2696 5234 luctu
2733 5179 3106 5252 praemaximo
3134 5179 3305 5251 plena
3329 5179 3643 5246 exstitisse,

2003 5283 2180 5339 super
2211 5269 2597 5325 nefandorum
2620 5268 3056 5336 exterminio,et
3083 5267 3544 5324 Christianorum
3566 5267 3651 5320 vi-

2005 5357 2207 5422 ctoria,
2241 5374 2368 5428 quae
2402 5358 2640 5430 patebat
2672 5358 2882 5414 virtute
2915 5357 2975 5411 S.
3011 5356 3203 5413 crucis
3249 5355 3562 5428 insignata,
3599 5357 3655 5407 et

2004 5445 2318 5514 praesentia
2348 5446 2500 5518 regis
2531 5446 2800 5503 Balduini
2834 5443 2974 5503 belli
3007 5461 3282 5517 campum
3312 5439 3652 5498 obtinentis.

2003 5534 2331 5595 Audierunt
2360 5535 2536 5593 etiam
2561 5537 2964 5594 Dodechinum
2999 5551 3136 5591 cum
3163 5529 3356 5605 Algazi
3380 5530 3452 5585 ad
3483 5529 3663 5582 exter-

2006 5628 2269 5693 minium
2299 5625 2620 5687 devenisse.
2652 5626 2800 5700 Quid
2827 5636 2974 5698 ergo
2997 5622 3028 5682 ’ἰ
3061 5616 3352 5700 Quidquid
3382 5611 3664 5673 amaritu-
