3992 6090
954 128 983 151 ο..

368 320 518 386 1031

862 320 966 381 AD
1010 315 1517 383 GODEFIUDUM
1563 314 1895 380 APPEND.
1944 316 2020 379 Il.
2052 351 2128 366 —-
2159 314 2466 381 MONUM.
2513 314 2615 380 DE
2659 316 2911 380 BELLO
2954 312 3227 380 SAGRO.

3538 2 3657 67 ss.

3569 64 3595 75 -

366 456 522 512 dinis
552 471 619 510 ae
647 453 867 510 doloris
896 457 1066 509 antea
1096 452 1253 525 passi
1287 451 1651 519 fuerant,hoc
1682 451 1883 507 audito
1915 456 2005 507 to-
2036 453 2090 518 Α
2120 451 2288 519 fario,
2323 456 2383 507 ut
2418 452 2574 509 hunc
2610 450 2983 519 Doldeehino,
3016 449 3357 525 exquisitori
3396 454 3453 507 et
3481 450 3772 509 inventori

368 549 494 599 tum
518 542 576 598 in
609 541 776 598 dulce
807 558 1151 597 conversum
1175 541 1646 619 reputant,eique
1668 558 1703 595 a
1727 556 1841 612 quo
1863 540 2015 595 bona

368 636 579 688 cuncta
608 632 952 704 procedunt,
987 631 1189 687 devote
1219 647 1284 686 ac
1316 628 1447 702 pnri
1490 628 1680 685 cordis
1713 629 2014 685 affectibus

368 719 699 793 supplicare
729 737 845 774 non
878 723 1126 776 cessant.
1160 718 1277 773 Hoc
1319 716 1531 790 gaudio
1559 717 1757 772 refecti
1790 717 1884 772 die
1916 717 2013 774 de-

367 810 647 865 ducentes
678 812 734 863 et
763 809 833 863 ad
868 806 1055 863 noctis
1086 800 1308 878 partem
1368 805 1600 861 tertiam
1637 805 1721 861 vel
1757 806 2011 861 mediam

365 892 696 968 exhilarati,
731 902 897 952 certa
929 896 1052 969 spei
1082 894 1331 949 victoria
1364 895 1894 967 congaudentes,ex
1924 893 2011 948 in-

366 990 596 1059 sperato
629 986 879 1040 audiunt
909 989 965 1040 et
994 984 1237 1039 diversis
1269 984 1536 1056 partibus
1566 983 1872 1039 hominum
1904 982 2015 1039 cla-

366 1092 556 1131 mores
588 1074 881 1146 prioribus
913 1072 1252 1140 dissimiles,
1274 1074 1490 1144 gaudia
1528 1072 1752 1128 cateris
1783 1072 2009 1139 altiora,

365 1164 775 1229 instrumenta,
801 1161 1234 1234 tympanistria,
1272 1162 1519 1217 ferocius
1544 1166 1674 1216 ante
1726 1162 1894 1216 tactis
1926 1178 2013 1218 so-

354 1252 523 1328 nitus
536 1268 600 1307 ac
619 1250 911 1306 tumultus
924 1250 1564 1306 emittentia.Mirantur
1586 1252 1778 1322 itaque
1802 1249 2011 1321 captivi

363 1346 421 1397 et
449 1341 834 1407 admirantur,
869 1341 1011 1412 quid
1043 1341 1173 1395 novi
1206 1341 1417 1397 horum
1446 1340 1694 1395 mutatio
1728 1339 2008 1405 insinuet,

364 1435 421 1486 et
452 1430 592 1503 quid
624 1428 923 1485 insolitum
958 1429 1207 1501 populus
1272 1430 1451 1485 totius
1482 1429 1731 1485 civitatis
1762 1429 2010 1483 circum-

365 1535 597 1592 quaque
629 1517 888 1573 accensis
909 1516 1304 1574 luminaribus
1326 1535 1459 1573 cum
1491 1517 1624 1572 altis
1654 1516 2011 1573 clamoribus

366 1608 655 1681 pradicet.
680 1606 1013 1679 Contigerat
1044 1612 1238 1663 autem
1260 1606 1660 1662 Dodechinum
1684 1611 1741 1662 et
1762 1605 1953 1679 Algazi
1979 1623 2013 1661 a

362 1695 514 1753 bello
530 1697 586 1752 in
611 1700 805 1768 partes
825 1696 976 1751 Βενυί
987 1715 1029 1751 a
1046 1698 1101 1751 fu
1110 1696 1555 1770 gates,inermes
1569 1700 1625 1752 et
1639 1695 1812 1751 defati
1820 1700 2007 1768 gates,

366 1802 499 1841 cum
532 1783 735 1857 paucis
765 1784 1032 1856 Alapiam
1067 1802 1356 1840 remeasse
1384 1789 1459 1851 ;et
1480 1783 1614 1839 inde
1636 1784 1871 1857 praefata
1892 1782 2013 1838 lau-

366 1874 506 1930 dum
539 1872 828 1947 praconia
858 1872 1020 1927 intus
1051 1877 1106 1929 et
1137 1878 1294 1929 extra
1318 1873 1472 1929 inter
1491 1873 1808 1945 Alapenses
1831 1871 2012 1927 admi-

364 1964 545 2018 rative
575 1961 915 2017 excrevisse.
968 1962 1131 2017 Tunc
1162 1961 1397 2029 iterum,
1434 1963 1584 2035 quod
1610 1960 1852 2035 captivis
1877 1978 2008 2033 gra-

364 2057 492 2108 tum
520 2052 792 2106 fueratvet
823 2048 1010 2117 dulce,
1044 2050 1152 2106 hoc
1178 2049 1470 2107 intellecto
1491 2054 1648 2105 sortc
1681 2048 2010 2104 miserrima

364 2140 543 2197 cessit
576 2141 631 2195 in
663 2139 992 2207 contraria;
1027 2156 1259 2195 summo
1292 2140 1505 2194 etenim
1540 2156 1710 2194 mane
1732 2139 1873 2192 dum
1902 2155 2004 2193 va-

365 2234 565 2285 carent
594 2227 1401 2295 orationibus,sceleratorum
1420 2226 1757 2300 principum
1792 2227 2009 2282 adsunt

364 2317 731 2383 internuntii,
766 2320 987 2373 etcum
1030 2317 1175 2389 ipsis
1204 2317 1377 2372 turba
1420 2317 1830 2389 pradictorum
1892 2333 2007 2370 non

364 2407 630 2473 minima,
663 2407 970 2462 afferentes
1000 2410 1221 2478 septem
1248 2404 1501 2461 militum
1523 2404 1880 2478 capita,cum
1905 2422 2008 2460 nu-

363 2496 515 2552 datis
538 2496 776 2552 ensibns
800 2496 1078 2551 ferratum
1096 2494 1173 2549 im
1184 2499 1423 2567 petuose
1441 2493 1687 2549 carceris
1704 2493 2007 2566 pulsantes

364 2591 421 2640 et
449 2583 816 2657 impellentes
848 2583 1084 2651 ostium,
1120 2585 1191 2638 de
1222 2600 1381 2638 more
1412 2582 1579 2637 solito
1610 2599 1725 2654 quo
1748 2581 2004 2654 captivos

362 2674 433 2730 de
464 2674 557 2729 die
586 2673 645 2728 in
675 2673 827 2728 diem
854 2673 925 2728 ad
944 2671 1353 2727 decollandum
1376 2672 1673 2727 extrahere
1696 2687 2003 2727 consueve-

362 2764 886 2835 rant;intrantque
941 2777 1230 2816 carcerem
1287 2761 1378 2815 usi
1414 2760 1505 2817 his
1562 2760 1828 2815 vocibus:
1866 2781 1893 2809 «
1924 2760 2006 2815 Ex

362 2855 525 2925 parte
542 2849 982 2923 victorisAlgazi
1008 2850 1281 2904 nuntium
1305 2850 1466 2905 vobis
1481 2849 2003 2921 afferimus,regem

361 2945 617 2997 vestrum
650 2939 1068 3011 residuumque
1090 2938 1402 2994 Christiani
1429 2938 1857 3011 pOpelli,ipsius
1888 2937 2007 3009 gla-

360 3028 455 3085 dio
485 3029 545 3084 in
578 3027 725 3085 bello
758 3027 1067 3094 corruisse,
1106 3050 1126 3076 ι»
1166 3031 1223 3082 et
1252 3027 1463 3082 oblatis
1493 3026 2006 3099 capitibus,capti-

360 3118 446 3173 vis
478 3117 751 3190 inquiunt
776 3135 827 3172 ;‹‹
857 3117 984 3171 Hac
1017 3115 1235 3171 fercula
1265 3120 1329 3170 ut
1360 3116 1479 3171 sint
1506 3116 1669 3169 vobis
1702 3115 1759 3170 in
1783 3132 2000 3180 escam,

2040 1827 2088 1892 B

2124 540 2486 596 diversorum
2512 544 2960 609 tormentorum,
2995 540 3067 595 ad
3115 537 3483 611 puniendum
3535 536 3771 611 dirigat.

2125 628 2377 684 Mittitur
2405 628 2602 702 itaque
2632 634 2689 686 et
2722 646 2756 685 a
2786 628 2933 685 collo
2955 632 3012 684 et
3041 645 3076 684 a
3106 627 3380 683 manibus
3395 624 3646 683 vinculis
3667 628 3777 684 fer-

2124 718 2237 774 reis
2267 718 2642 775 strictissime
2672 719 2970 791 religatus.
3024 720 3146 784 Quo
3198 716 3320 774 viso
3377 715 3776 773 Doldechinus

2120 807 2242 863 vice
2276 808 2475 881 gaudii
2517 808 2823 879 pratendit
2872 825 2937 863 os
2984 805 3136 862 rictu
3194 805 3378 862 ferino
3439 805 3769 863 dilatatum.

2123 894 2367 949 Miratur
2394 893 2590 966 itaque
2620 900 2782 950 torvo
2814 894 3039 950 lumine
3070 892 3267 966 ipsum
3294 892 3565 961 militem,
3599 894 3775 966 cujus

2123 1000 2302 1038 manu
2334 986 2391 1038 et
2420 981 2653 1056 ingenio
2685 999 2820 1038 eum
2855 981 3077 1038 cateris
3109 979 3627 1053 ﬁdelibus,sapius
3656 980 3773 1038 sibi

2123 1073 2486 1145 contigerant
2518 1088 2710 1127 rerum
2745 1089 2985 1127 suarum
3047 1070 3371 1144 dispendia,
3403 1069 3613 1143 suique
3644 1087 3772 1127 cor-

2122 1161 2279 1232 poris
2306 1160 2543 1235 effugati
2576 1159 2745 1233 plura
2776 1159 3168 1216 incommoda.
3203 1159 3353 1226 Quid
3396 1158 3551 1215 ultra
3573 1160 3603 1214 ?
3632 1177 3771 1231 pra-

2122 1254 2417 1306 sentatum
2451 1249 2730 1322 suscepit,
2768 1254 3107 1323 susceptum
3148 1248 3401 1320 inspicit,
3435 1247 3771 1321 inspectum

2122 1339 2460 1405 contemnit,
2494 1343 2895 1411 contemptum
2944 1340 3017 1393 ad
3077 1338 3318 1395 exitium
3376 1354 3491 1409 quo
3551 1338 3772 1410 dignus

2123 1428 2311 1483 fuerat
2339 1429 2598 1485 evenisse
2626 1427 3021 1495 decernit,hoc
3053 1427 3225 1483 modo
3257 1426 3531 1499 inquiens
3556 1443 3610 1481 :«
3625 1425 3768 1483 Eia!

2122 1518 2416 1586 Rotberte,
2445 1517 2569 1574 eia!
2626 1517 2847 1588 inspice
2893 1516 3033 1588 quid
3096 1515 3371 1572 utilitatis
3423 1514 3515 1571 lex
3571 1520 3777 1571 nostra

2122 1608 2364 1671 confert,
2398 1624 2514 1679 quo
2542 1623 2645 1662 vos
2676 1622 2837 1662 error
2892 1610 2952 1662 et.
3009 1602 3392 1661 incredulitas
3451 1603 3772 1676 compellit.

2122 1696 2286 1752 Unde
2320 1696 2390 1750 ad
2426 1694 2532 1752 hoc
2565 1694 2848 1751 ducimini
2899 1695 3053 1767 quod
3108 1693 3295 1767 legem
3352 1698 3613 1749 nostram
3646 1692 3776 1766 lege

2120 1790 2312 1841 vestra
2340 1790 2396 1841 et
2426 1783 2700 1840 omnibus
2732 1782 2865 1840 aliis
2897 1782 3199 1839 meliorem
3256 1785 3578 1856 pervertere
3628 1782 3775 1837 niti-

2122 1873 2315 1930 mini?
2366 1879 2431 1929 ut
2478 1874 2619 1948 quid
2675 1890 2889 1928 manus
2943 1877 3156 1939 vestra,
3209 1888 3444 1939 manus,
3502 1868 3771 1944 inquam,

2118 1961 2422 2035 quantula,
2456 1962 2511 2016 in
2544 1961 2863 2034 potentiam
2894 1964 2950 2016 et
2977 1960 3308 2016 dominium
3330 1958 3611 2030 nostri,ut
3643 1973 3774 2015 ver-

2120 2053 2233 2108 mis
2262 2051 2429 2107 bumi
2462 2051 2747 2123 serpendo
2777 2068 2839 2106 se
2871 2049 3096 2105 extollit
3117 2049 3286 2105 ?Ecce
3316 2048 3601 2106 hactenus
3652 2049 3774 2104 fato

2118 2146 2316 2196 nostro
2348 2139 2896 2211 exigente,cadendo
2918 2144 2975 2194 et
3004 2138 3359 2210 resurgendo
3390 2136 3768 2193 incessimus.

2120 2230 2287 2285 Modo
2316 2246 2449 2284 vero
2479 2229 2681 2285 eodem
2706 2231 3033 2301 permutato
3055 2228 3157 2299 jus
3176 2231 3438 2283 vestrum
3469 2225 3527 2281 in
3550 2242 3660 2282 nos
3681 2242 3772 2282 re-

2118 2319 2377 2387 dactum,
2413 2335 2480 2375 ex
2511 2335 2752 2374 munere
2800 2319 2917 2374 DEI
2965 2315 3279 2372 credimus.
3311 2316 3390 2372 Te
3445 2320 3644 2372 autem
3674 2331 3771 2371 re-

2115 2406 2263 2477 colo,
2294 2406 2439 2462 mihi
2471 2407 2541 2462 de
2570 2411 2670 2462 tuo
2690 2405 3111 2476 tribuissejam
3144 2405 3202 2460 in
3234 2404 3522 2477 praterito
3551 2421 3566 2472 ;
3600 2404 3760 2460 unde

2114 2500 2178 2553 ut
2208 2500 2265 2552 te
2295 2495 2641 2551 interﬁciam
2673 2495 2827 2566 apud
2858 2510 2950 2549 me
2982 2493 3091 2549 hac
3119 2492 3241 2549 vice
3292 2510 3408 2549 non
3438 2491 3689 2549 invenio.
3728 2514 3757 2542 ››

2115 2584 2475 2657 Remisitque
2506 2600 2638 2638 eum
2670 2583 2740 2638 ad
2762 2581 2980 2655 Algazi,
3031 2581 3305 2654 inquiens
3353 2581 3545 2637 verbis
3576 2580 3763 2659 inter-

2114 2673 2339 2730 nuntii:
2374 2672 2569 2727 «Malo
2600 2671 2758 2727 hunc
2788 2676 2888 2727 tuo
2919 2686 3099 2743 quam
3124 2687 3253 2727 meo
3282 2671 3471 2744 perire
3502 2670 3757 2744 gladio.»

2112 2765 2226 2819 Nec
2257 2762 2330 2817 ob
2363 2760 2519 2817 aliud
2538 2766 2783 2816 mortem
2803 2760 3013 2816 inferre
3034 2758 3402 2827 distulit,nisi
3424 2759 3761 2816 utvicissim

2111 2850 2323 2908 illusus
2353 2850 2425 2905 ab
2459 2855 2726 2921 utroque,
2754 2850 2965 2906 sentiat
2995 2849 3137 2922 quid
3169 2849 3477 2921 utriusque
3498 2853 3683 2905 terror
3703 2854 3765 2904 et

2112 2939 2371 3014 potentia
2398 2938 2459 2993 in
2493 2955 2625 2993 eum
2650 2955 2914 2993 exercere
2934 2937 3208 2993 valeat.In
3234 2937 3543 3010 prasentia
3562 2936 3763 3009 itaque

2113 3028 2303 3102 Algazi
2338 3027 2572 3095 illusus,
2608 3028 2844 3100 prafato
2895 3043 3148 3099 nequam
3200 3026 3512 3083 Rotbertus
3542 3026 3763 3083 iterum

2113 3122 2519 3191 prasentatur,
2551 3118 2900 3188 cui,arrepto
2922 3115 3515 3188 gladio,Dodechinus
3535 3115 3759 3188 inquit;

361 3208 474 3264 huc
507 3208 706 3280 dirigit
736 3207 865 3279 ipsa
896 3205 1041 3278 legis
1086 3204 1272 3261 stella.
1303 3207 1418 3261 Nec
1447 3205 1631 3259 multo
1654 3209 1783 3276 post
1815 3205 2004 3277 ipsius
2036 3193 2077 3259 C
2118 3231 2143 3257 «
2176 3206 2540 3262 Abrenuntia
2577 3203 2687 3278 legi
2720 3209 2854 3271 tua,
2881 3204 2965 3261 vel
3018 3221 3263 3260 morere.
3298 3225 3326 3254 »
3358 3205 3442 3259 Ad
3474 3203 3595 3259 hac
3628 3203 3763 3260 Rot-

359 3297 533 3353 vestri
564 3294 717 3369 regis
748 3296 869 3351 viso
901 3295 1089 3366 capite
1118 3298 1176 3349 et
1204 3293 1711 3365 vexillo,equidem
1738 3293 2004 3351 sentietis

361 3404 487 3458 qua
520 3390 577 3441 et
606 3389 825 3456 quanta
855 3383 932 3439 sit
970 3382 1150 3437 virtus
1203 3383 1425 3437 eximia
1474 3388 1682 3437 nostra
1714 3381 1879 3455 legis,
1908 3382 2003 3437 cui

360 3474 567 3530 amodo
584 3471 978 3527 contradicere
1001 3487 1114 3525 non
1129 3470 1378 3526 habetis.
1391 3472 1517 3526 uSic
1533 3470 1666 3525 facti
1686 3470 1765 3525 rei
1791 3470 2001 3525 seriem

359 3561 717 3619 occultantes
749 3559 917 3632 quasi
948 3558 1062 3614 lati
1096 3560 1166 3614 ad
1202 3559 1470 3615 dominos
1501 3565 1662 3615 extra
1690 3564 1918 3631 portam
1942 3564 2001 3614 in

357 3649 622 3707 tentoriis
653 3649 1023 3716 accubantes,
1050 3647 1284 3703 illorum
1318 3648 1570 3704 dedecus
1601 3652 1657 3704 et
1688 3647 2000 3705 detrimen-

357 3745 485 3796 tum
514 3738 629 3793 vini
644 3737 1041 3810 potationibus
1055 3736 1438 3805 revelantes,n
1450 3737 1596 3792 untii
1611 3741 2000 3793 revertuntur.

358 3826 575 3899 Captivi
609 3830 806 3883 autem
858 3828 927 3882 ad
980 3826 1220 3898 parietis
1261 3826 1560 3892 rimulam,
1593 3827 1693 3882 ubi
1724 3825 2004 3882 relatione

359 3916 620 3973 fidelium
645 3920 775 3972 acta
795 3915 1207 3972 sceleratorum
1234 3915 1565 3989 principum
1589 3915 1802 3988 sapius
1820 3915 2005 3971 inten-

359 4006 760 4074 debanl,tunc
809 4021 1042 4077 quoque
1094 4005 1244 4065 serio
1300 4004 1711 4061 intellexerunt
1766 4004 2004 4078 utrique

357 4096 507 4168 parti
553 4094 863 4168 dispendia
919 4094 1236 4166 contigisse
1295 4094 1692 4166 pramaxima,
1754 4094 1852 4162 ita,
1912 4094 2001 4148 in-

359 4201 557 4257 quam,
611 4184 765 4257 quod
816 4182 1063 4257 profani,
1100 4182 1238 4238 foris
1286 4182 1562 4239 simulato
1611 4182 1847 4257 gaudio,
1898 4199 2001 4255 pro

358 4273 674 4330 amissione
731 4272 1014 4345 triumphi
1075 4273 1233 4328 intus
1308 4272 1719 4328 cruciabantur
1783 4271 1999 4326 animo.

356 4362 668 4420 Christiani
696 4379 829 4418 vero
888 4366 1227 4435 recuperato
1288 4361 1606 4433 triumpho,
1655 4360 1713 4414 in
1772 4359 2002 4415 Christo

357 4457 514 4509 certa
538 4455 598 4508 et
627 4450 881 4524 perfecta
929 4451 1263 4524 gaudebant
1316 4450 1580 4505 victoria.
1625 4448 1838 4514 Quinto
1869 4465 2001 4504 vero

2112 3297 2354 3352 hortus:
2391 3295 2677 3351 Omnibus
2708 3288 2980 3366 operibus
3012 3294 3237 3349 Satana
3287 3297 3345 3348 et
3376 3291 3609 3365 pompis
3629 3293 3761 3364 ejus

2113 3386 2459 3442 abrenuntio
2485 3402 2608 3457 ;pro
2632 3383 2859 3439 Christo
2878 3400 3012 3439 vero
3035 3400 3150 3439 non
3174 3398 3376 3438 renuo.
3405 3382 3548 3438 nHis
3566 3381 3761 3438 verbis

2111 3475 2396 3547 profanus
2444 3474 2637 3529 furore
2685 3476 2975 3545 arreptus,
3026 3470 3287 3527 illatione
3342 3470 3524 3545 gladii
3581 3474 3761 3543 caput

2112 3562 2491 3619 Christiania
2530 3578 2768 3634 corpore
2811 3560 3119 3633 separavit.
3163 3559 3325 3625 Quod
3371 3558 3759 3615 deferendum

2110 3651 2678 3725 publice,judiciario
2708 3649 2957 3724 praeconi
2990 3648 3250 3718 tradidit,
3275 3665 3487 3722 corpus
3516 3665 3652 3705 vero
3682 3648 3759 3704 ad

2111 3738 3757 3812 dilacerandumvulgoproclamanti,munuspraoptatum

2112 3829 2377 3887 contulit.
2413 3830 2561 3897 Quid
2602 3828 2820 3902 igitur?
2853 3829 3026 3883 Lator
3054 3826 3260 3900 capitis
3293 3844 3395 3899 per
3424 3825 3670 3899 plateas,
3703 3830 3763 3882 et

2110 3920 2268 3976 vicos
2299 3918 2546 3974 civitatis
2576 3918 2683 3975 hoc
2731 3921 2965 3974 ostenso
2996 3921 3053 3973 et
3078 3915 3357 3972 divitibus
3384 3918 3759 3988 prasentato,

2112 4008 2450 4081 quingentis
2481 4006 2791 4081 bysantiis,
2824 4009 2880 4062 et
2911 4003 3157 4062 diversis
3178 4004 3524 4061 muneribus
3544 4004 3763 4060 exhila-

2112 4102 2295 4163 ratus,
2330 4096 2400 4153 ad
2432 4097 2743 4169 profanum
2784 4094 2996 4162 rediit;
3030 4093 3231 4166 eisque
3285 4110 3388 4166 pro
3436 4092 3597 4149 illato
3642 4093 3759 4149 sibi

2109 4187 2391 4243 beneficio
2424 4186 2644 4259 gratias
2674 4201 2875 4258 agens,
2910 4182 3073 4239 ﬂexis
3115 4182 3364 4255 genibus
3412 4181 3762 4238 medullitus

2111 4274 2478 4349 supplicavit,
2511 4278 2687 4347 caput
2715 4290 2844 4346 qua
2858 4271 3303 4328 reddidit.Unde
3324 4270 3544 4344 impius
3566 4271 3665 4328 ille
3685 4274 3761 4327 ab

2111 4366 2332 4420 artiﬁce
2362 4362 2503 4420 artis
2533 4362 2725 4435 impia
2756 4379 2855 4418 vas
2888 4360 3001 4418 sibi
3033 4362 3103 4417 ad
3135 4360 3458 4433 potandum
3490 4377 3763 4434 auropu-

2111 4455 2346 4511 rissimo
2377 4452 2760 4528 gemmisqua
2813 4450 3084 4523 pretiosis
3144 4466 3210 4506 ac
3257 4450 3506 4506 mirifico
3547 4456 3764 4507 ornatu

357 4537 2004 4611 die,RotbertusFulcoides,manibusimpiorumabstrac-
2031 4565 2079 4629 D
2111 4546 2534 4610 constructum,
2569 4540 2851 4597 citissime
2882 4538 3351 4612 ﬁeriimperavit,
3381 4556 3496 4611 quo
3527 4539 3641 4595 sibi
3662 4556 3766 4612 po—

356 4634 453 4686 tus
483 4634 541 4686 et
570 4629 909 4701 dilaniatus,
946 4629 1152 4702 Alapia
1183 4629 1378 4701 Algazi
1411 4630 1814 4700 prasentatur.
1845 4625 2002 4682 Unde

357 4719 653 4795 geminata
683 4718 882 4775 latitia
928 4722 984 4773 et
1041 4717 1322 4774 inauditis
1379 4716 1619 4771 laudum
1674 4715 2000 4787 praconiis,

357 4824 561 4865 omnes
594 4825 710 4862 una
736 4808 1078 4881 plaudentes
1098 4807 1391 4871 manibus,
1416 4805 1485 4860 ad
1518 4805 1714 4876 ipsum
1736 4803 1902 4876 quasi
1927 4804 2000 4859 ad

357 4902 687 4955 monstrum
719 4897 1023 4953 conﬂuunt
1055 4913 1169 4951 non
1202 4899 1267 4950 ut
1293 4912 1327 4950 a
1363 4894 1551 4966 pcenis
1581 4892 1997 4961 redimant,sed

359 4992 424 5043 ut
452 4987 612 5043 hunc
642 4986 988 5042 admirando
1014 4984 1278 5048 illudere,
1310 4983 1608 5039 illudendo
1639 4982 1916 5050 cruciare,
1941 4986 1999 5037 et

357 5075 669 5133 cruciando
718 5074 1090 5130 membratim
1136 5072 1367 5127 valeant
1424 5071 1768 5143 discerpere,
1803 5072 1996 5127 ethoc

358 5184 505 5223 savo
538 5163 799 5220 vindicta
812 5179 1041 5236 genere,
1058 5161 1316 5218 dolorem
1340 5179 1513 5216 suum
1538 5162 1609 5216 ab
1632 5160 1758 5232 ipso
1780 5159 2000 5216 eisdem

361 5272 429 5311 ex
460 5254 635 5326 longo
664 5258 922 5323 tempore
954 5250 1180 5305 illatum
1233 5252 1527 5323 gaudeant
1573 5251 1857 5305 minuere.
1890 5250 2000 5305 Do-

358 5342 518 5398 mino
551 5358 685 5395 vero
701 5339 1187 5412 prohibente,non
1212 5339 1569 5396 audentcum
1588 5339 2001 5413 tangere.Quid

361 5446 498 5502 ergo
530 5446 709 5501 super
737 5428 847 5485 hoc
867 5428 1041 5484 ?Cum
1066 5428 1318 5503 populus
1349 5428 1405 5484 id
1438 5429 1663 5484 efficere
1684 5427 2003 5501 nequeatin

359 5516 641 5589 seipsum,
674 5523 732 5574 et
761 5517 1107 5591 capillorum
1142 5525 1198 5576 et
1246 5517 1558 5574 barbarum
1601 5517 2001 5575 evellationem

359 5608 694 5688 retorquere
722 5625 835 5668 non
870 5612 1080 5672 cessat.
1128 5605 1356 5669 Placuit
1399 5612 1594 5667 autem
1626 5605 1876 5684 principi
1905 5623 2008 5667 ne-

2115 4632 2258 4687 tanti
2290 4631 2350 4687 in
2364 4630 2585 4687 festivis
2607 4628 3079 4685 solemnitatibus
3100 4628 3225 4684 suis
3249 4627 3499 4701 posteris
3519 4628 3767 4701 signum

2112 4720 2365 4776 audacia
2397 4723 2454 4776 et
2485 4717 2737 4774 victoria
2786 4716 3160 4790 repasentari
3188 4715 3396 4773 valeat.
3430 4717 3768 4791 Statimque

2110 4810 2507 4877 Dodechinus,
2544 4807 2742 4864 electis
2790 4824 2907 4863 sua
2953 4805 3145 4881 gentis
3202 4804 3555 4878 primatibus
3586 4805 3770 4863 inter-

2108 4897 2331 4953 nuntiis
2359 4895 2556 4970 Algazi
2581 4894 2969 4968 requisivit,ut
2990 4911 3094 4968 pro
3122 4894 3591 4951 remuneratione
3618 4911 3767 4951 vera

2107 4985 2324 5042 amiciti
2332 4986 2654 5057 a,acceptis
2668 4985 2738 5040 ab
2752 5001 2817 5040 eo
2829 4983 3229 5057 bysantiorum
3244 4984 3769 5040 Sarracenatorum

2103 5077 2174 5129 60
2205 5074 3043 5147 millibus,promississeteum
3074 5088 3363 5129 carcerem
3403 5072 3769 5128 Francorum

2108 5163 2333 5237 ingredi
2345 5162 2715 5230 ,utomnibus
2729 5162 2828 5234 qui
2846 5162 2904 5216 in
2924 5159 3268 5217 carcereillo
3281 5164 3447 5217 erant
3461 5177 3645 5217 manu
3658 5178 3772 5219 sua

2111 5251 2346 5325 propria
2358 5251 2767 5319 detruncatis,i
2776 5250 3135 5324 pseinef‘t‘uso
3148 5249 3771 5324 sanguineviceoptati

2112 5340 2304 5397 balnei
2336 5340 2620 5413 potuisset
2651 5339 2918 5411 recreari,
2946 5342 3002 5396 et
3031 5344 3097 5396 ut
3127 5338 3326 5412 aquila
3354 5338 3581 5397 vivente
3605 5357 3774 5397 reno-

2110 5428 2455 5502 vari.Algazi
2487 5446 2620 5485 vero
2672 5433 2906 5501 accepto
2966 5427 3231 5496 consilio,
3270 5427 3629 5502 primatibus
3658 5429 3774 5487 hoc

2120 5518 2293 5574 modo
2324 5517 2656 5590 respondit:
2690 5541 2719 5569 ‹‹
2751 5516 3094 5574 Petitionem
3124 5514 3273 5573 tanti
3299 5516 3410 5573 viri
3446 5521 3673 5575 rectam
3702 5534 3775 5575 ao

2105 5605 2505 5695 iustissimam
2534 5624 2662 5701 esse
2682 5607 2993 5667 fateor.Est
3022 5610 3218 5669 autem
3239 5604 3400 5669 aliud
3421 5607 3578 5686 quod
3600 5607 3777 5688 prius

3608 314 3772 379 4032
3830 354 3837 357 _
