  <div class='ocr_page' id='page_1' title='image "/cluster/home/n/w/nwhite01/storage/ocr_20150623/155/hvd.32044054760137/522.png"; bbox 0 0 3992 6090; ppageno 0'>
   <div class='ocr_carea' id='block_1_1' title="bbox 175 355 332 417">
    <p class='ocr_par' dir='ltr' id='par_1_1' title="bbox 175 355 332 417">
     <span class='ocr_line' id='line_1_1' title="bbox 175 355 332 417; baseline 0.013 -2"><span class='ocrx_word' id='word_1_1' title='bbox 175 355 332 417; x_wconf 80' lang='grc'>1037</span> 
     </span>
    </p>
   </div>
   <div class='ocr_carea' id='block_1_2' title="bbox 977 355 2778 424">
    <p class='ocr_par' dir='ltr' id='par_1_2' title="bbox 977 355 2778 424">
     <span class='ocr_line' id='line_1_2' title="bbox 977 355 2778 424; baseline 0.001 -6"><span class='ocrx_word' id='word_1_2' title='bbox 977 356 1359 420; x_wconf 83' lang='lat' dir='ltr'>FRETELLI</span> <span class='ocrx_word' id='word_1_3' title='bbox 1403 357 1550 419; x_wconf 90' lang='lat' dir='ltr'>LIB.</span> <span class='ocrx_word' id='word_1_4' title='bbox 1599 357 1766 420; x_wconf 88' lang='lat' dir='ltr'>LOC.</span> <span class='ocrx_word' id='word_1_5' title='bbox 1815 355 1926 421; x_wconf 90' lang='lat' dir='ltr'>SS.</span> <span class='ocrx_word' id='word_1_6' title='bbox 1961 358 2247 421; x_wconf 72' lang='lat' dir='ltr'>TEBR/E</span> <span class='ocrx_word' id='word_1_7' title='bbox 2288 359 2778 424; x_wconf 79' lang='lat' dir='ltr'>JERUSALEM.</span> 
     </span>
    </p>
   </div>
   <div class='ocr_carea' id='block_1_3' title="bbox 3427 360 3581 421">
    <p class='ocr_par' dir='ltr' id='par_1_3' title="bbox 3427 360 3581 421">
     <span class='ocr_line' id='line_1_3' title="bbox 3427 360 3581 421; baseline -0.006 -1"><span class='ocrx_word' id='word_1_8' title='bbox 3427 360 3581 421; x_wconf 70' lang='lat'>1038</span> 
     </span>
    </p>
   </div>
   <div class='ocr_carea' id='block_1_4' title="bbox 171 489 3583 566">
    <p class='ocr_par' dir='ltr' id='par_1_4' title="bbox 171 489 3583 566">
     <span class='ocr_line' id='line_1_4' title="bbox 171 489 3583 566; baseline 0.001 -22"><span class='ocrx_word' id='word_1_9' title='bbox 171 489 321 558; x_wconf 88' lang='lat' dir='ltr'>ruit;</span> <span class='ocrx_word' id='word_1_10' title='bbox 350 489 565 545; x_wconf 85' lang='lat' dir='ltr'>virtute</span> <span class='ocrx_word' id='word_1_11' title='bbox 585 504 718 546; x_wconf 90' lang='lat' dir='ltr'>vero</span> <span class='ocrx_word' id='word_1_12' title='bbox 736 489 967 546; x_wconf 89' lang='lat' dir='ltr'>Domini</span> <span class='ocrx_word' id='word_1_13' title='bbox 981 491 1272 564; x_wconf 88' lang='lat' dir='ltr'>imprimis</span> <span class='ocrx_word' id='word_1_14' title='bbox 1301 492 1516 548; x_wconf 84' lang='lat' dir='ltr'>ictibus</span> <span class='ocrx_word' id='word_1_15' title='bbox 1536 490 1822 559; x_wconf 72' lang='lat' dir='ltr'>excaecati,</span> <span class='ocrx_word' id='word_1_16' title='bbox 1856 493 1911 561; x_wconf 81' lang='grc' dir='ltr'><strong>Α</strong></span> <span class='ocrx_word' id='word_1_17' title='bbox 1938 491 2070 549; x_wconf 85' lang='lat' dir='ltr'>lites</span> <span class='ocrx_word' id='word_1_18' title='bbox 2102 491 2489 566; x_wconf 62' lang='lat' dir='ltr'>prae-ludentes</span> <span class='ocrx_word' id='word_1_19' title='bbox 2521 493 3087 560; x_wconf 88' lang='lat' dir='ltr'>advenerunt,visuri</span> <span class='ocrx_word' id='word_1_20' title='bbox 3105 491 3583 548; x_wconf 81' lang='lat' dir='ltr'>Christicolarum</span> 
     </span>
    </p>
   </div>
   <div class='ocr_carea' id='block_1_5' title="bbox 169 578 1821 652">
    <p class='ocr_par' dir='ltr' id='par_1_5' title="bbox 169 578 1821 652">
     <span class='ocr_line' id='line_1_5' title="bbox 169 578 1821 652; baseline 0.001 -18"><span class='ocrx_word' id='word_1_21' title='bbox 169 578 532 634; x_wconf 78' lang='lat' dir='ltr'>Francorum</span> <span class='ocrx_word' id='word_1_22' title='bbox 553 578 827 636; x_wconf 90' lang='lat' dir='ltr'>manibus</span> <span class='ocrx_word' id='word_1_23' title='bbox 843 583 1123 635; x_wconf 89' lang='lat' dir='ltr'>corruunt</span> <span class='ocrx_word' id='word_1_24' title='bbox 1144 581 1202 636; x_wconf 87' lang='lat' dir='ltr'>in</span> <span class='ocrx_word' id='word_1_25' title='bbox 1221 580 1821 652; x_wconf 84' lang='lat' dir='ltr'>dispersionem,effu-</span> 
     </span>
    </p>
   </div>
   <div class='ocr_carea' id='block_1_6' title="bbox 167 665 1822 742">
    <p class='ocr_par' dir='ltr' id='par_1_6' title="bbox 167 665 1822 742">
     <span class='ocr_line' id='line_1_6' title="bbox 167 665 1822 742; baseline 0.002 -21"><span class='ocrx_word' id='word_1_26' title='bbox 167 665 312 738; x_wconf 86' lang='lat' dir='ltr'>gati.</span> <span class='ocrx_word' id='word_1_27' title='bbox 344 666 416 722; x_wconf 90' lang='lat' dir='ltr'>Ut</span> <span class='ocrx_word' id='word_1_28' title='bbox 446 667 586 738; x_wconf 88' lang='lat' dir='ltr'>quid</span> <span class='ocrx_word' id='word_1_29' title='bbox 619 667 890 740; x_wconf 85' lang='lat' dir='ltr'>singula?</span> <span class='ocrx_word' id='word_1_30' title='bbox 920 669 1122 742; x_wconf 81' lang='lat' dir='ltr'>perfidi</span> <span class='ocrx_word' id='word_1_31' title='bbox 1152 671 1297 724; x_wconf 92' lang='lat' dir='ltr'>nutu</span> <span class='ocrx_word' id='word_1_32' title='bbox 1329 668 1432 724; x_wconf 92' lang='lat' dir='ltr'>Dei</span> <span class='ocrx_word' id='word_1_33' title='bbox 1463 668 1822 725; x_wconf 83' lang='lat' dir='ltr'>Christicolis</span> 
     </span>
    </p>
   </div>
   <div class='ocr_carea' id='block_1_7' title="bbox 165 755 1820 828">
    <p class='ocr_par' dir='ltr' id='par_1_7' title="bbox 165 755 1820 828">
     <span class='ocr_line' id='line_1_7' title="bbox 165 755 1820 828; baseline 0.001 -18"><span class='ocrx_word' id='word_1_34' title='bbox 165 758 226 810; x_wconf 89' lang='lat' dir='ltr'>et</span> <span class='ocrx_word' id='word_1_35' title='bbox 256 755 444 811; x_wconf 86' lang='lat' dir='ltr'>Medis</span> <span class='ocrx_word' id='word_1_36' title='bbox 475 772 594 811; x_wconf 88' lang='lat' dir='ltr'>una</span> <span class='ocrx_word' id='word_1_37' title='bbox 624 757 958 828; x_wconf 66' lang='lat' dir='ltr'>praebentur</span> <span class='ocrx_word' id='word_1_38' title='bbox 997 757 1172 812; x_wconf 68' lang='lat' dir='ltr'>caedis</span> <span class='ocrx_word' id='word_1_39' title='bbox 1218 757 1546 825; x_wconf 86' lang='lat' dir='ltr'>materia,et</span> <span class='ocrx_word' id='word_1_40' title='bbox 1576 763 1642 814; x_wconf 91' lang='lat' dir='ltr'>ut</span> <span class='ocrx_word' id='word_1_41' title='bbox 1672 757 1820 814; x_wconf 91' lang='lat' dir='ltr'>serio</span> 
     </span>
    </p>
   </div>
   <div class='ocr_carea' id='block_1_8' title="bbox 165 843 1820 920">
    <p class='ocr_par' dir='ltr' id='par_1_8' title="bbox 165 843 1820 920">
     <span class='ocr_line' id='line_1_8' title="bbox 165 843 1820 920; baseline 0.002 -20"><span class='ocrx_word' id='word_1_42' title='bbox 165 843 544 900; x_wconf 82' lang='lat' dir='ltr'>existentium</span> <span class='ocrx_word' id='word_1_43' title='bbox 592 843 652 899; x_wconf 91' lang='lat' dir='ltr'>in</span> <span class='ocrx_word' id='word_1_44' title='bbox 702 845 972 901; x_wconf 87' lang='lat' dir='ltr'>conﬂictu</span> <span class='ocrx_word' id='word_1_45' title='bbox 1007 845 1344 914; x_wconf 85' lang='lat' dir='ltr'>didicimus,</span> <span class='ocrx_word' id='word_1_46' title='bbox 1370 847 1430 901; x_wconf 90' lang='lat' dir='ltr'>in</span> <span class='ocrx_word' id='word_1_47' title='bbox 1463 847 1601 920; x_wconf 82' lang='lat' dir='ltr'>fuga</span> <span class='ocrx_word' id='word_1_48' title='bbox 1632 848 1820 920; x_wconf 88' lang='lat' dir='ltr'>spatio</span> 
     </span>
    </p>
   </div>
   <div class='ocr_carea' id='block_1_9' title="bbox 162 929 1822 1008">
    <p class='ocr_par' dir='ltr' id='par_1_9' title="bbox 162 929 1822 1008">
     <span class='ocr_line' id='line_1_9' title="bbox 162 929 1822 1008; baseline 0.004 -23"><span class='ocrx_word' id='word_1_49' title='bbox 162 929 350 986; x_wconf 89' lang='lat' dir='ltr'>trium</span> <span class='ocrx_word' id='word_1_50' title='bbox 364 931 592 987; x_wconf 90' lang='lat' dir='ltr'>dierum</span> <span class='ocrx_word' id='word_1_51' title='bbox 605 931 826 998; x_wconf 88' lang='lat' dir='ltr'>habita,</span> <span class='ocrx_word' id='word_1_52' title='bbox 847 938 1192 989; x_wconf 88' lang='lat' dir='ltr'>corruerunt</span> <span class='ocrx_word' id='word_1_53' title='bbox 1213 935 1389 1008; x_wconf 83' lang='lat' dir='ltr'>regali</span> <span class='ocrx_word' id='word_1_54' title='bbox 1404 934 1597 1007; x_wconf 91' lang='lat' dir='ltr'>gladio</span> <span class='ocrx_word' id='word_1_55' title='bbox 1615 941 1822 1007; x_wconf 84' lang='lat' dir='ltr'>quater</span> 
     </span>
    </p>
   </div>
   <div class='ocr_carea' id='block_1_10' title="bbox 163 1020 1818 1097">
    <p class='ocr_par' dir='ltr' id='par_1_10' title="bbox 163 1020 1818 1097">
     <span class='ocr_line' id='line_1_10' title="bbox 163 1020 1818 1097; baseline 0.004 -22"><span class='ocrx_word' id='word_1_56' title='bbox 163 1023 404 1076; x_wconf 83' lang='lat' dir='ltr'>centum</span> <span class='ocrx_word' id='word_1_57' title='bbox 427 1020 633 1088; x_wconf 84' lang='lat' dir='ltr'>millia;</span> <span class='ocrx_word' id='word_1_58' title='bbox 659 1021 933 1094; x_wconf 88' lang='lat' dir='ltr'>idemque</span> <span class='ocrx_word' id='word_1_59' title='bbox 946 1022 1141 1096; x_wconf 87' lang='lat' dir='ltr'>Algazi</span> <span class='ocrx_word' id='word_1_60' title='bbox 1165 1023 1224 1077; x_wconf 91' lang='lat' dir='ltr'>in</span> <span class='ocrx_word' id='word_1_61' title='bbox 1247 1024 1434 1097; x_wconf 81' lang='lat' dir='ltr'>capite</span> <span class='ocrx_word' id='word_1_62' title='bbox 1454 1023 1818 1097; x_wconf 83' lang='lat' dir='ltr'>vulneratus,</span> 
     </span>
    </p>
   </div>
   <div class='ocr_carea' id='block_1_11' title="bbox 161 1110 1816 1184">
    <p class='ocr_par' dir='ltr' id='par_1_11' title="bbox 161 1110 1816 1184">
     <span class='ocr_line' id='line_1_11' title="bbox 161 1110 1816 1184; baseline 0.002 -19"><span class='ocrx_word' id='word_1_63' title='bbox 161 1110 485 1183; x_wconf 83' lang='lat' dir='ltr'>peremptis</span> <span class='ocrx_word' id='word_1_64' title='bbox 515 1127 662 1182; x_wconf 90' lang='lat' dir='ltr'>pene</span> <span class='ocrx_word' id='word_1_65' title='bbox 691 1111 968 1166; x_wconf 90' lang='lat' dir='ltr'>omnibus</span> <span class='ocrx_word' id='word_1_66' title='bbox 999 1111 1124 1167; x_wconf 89' lang='lat' dir='ltr'>suis</span> <span class='ocrx_word' id='word_1_67' title='bbox 1157 1111 1544 1184; x_wconf 90' lang='lat' dir='ltr'>permissione</span> <span class='ocrx_word' id='word_1_68' title='bbox 1565 1113 1816 1181; x_wconf 90' lang='lat' dir='ltr'>Domini,</span> 
     </span>
    </p>
   </div>
   <div class='ocr_carea' id='block_1_12' title="bbox 161 1199 1816 1271">
    <p class='ocr_par' dir='ltr' id='par_1_12' title="bbox 161 1199 1816 1271">
     <span class='ocr_line' id='line_1_12' title="bbox 161 1199 1816 1271; baseline 0.002 -17"><span class='ocrx_word' id='word_1_69' title='bbox 161 1215 304 1254; x_wconf 88' lang='lat' dir='ltr'>cum</span> <span class='ocrx_word' id='word_1_70' title='bbox 322 1199 525 1270; x_wconf 83' lang='lat' dir='ltr'>paucis</span> <span class='ocrx_word' id='word_1_71' title='bbox 542 1200 1102 1271; x_wconf 58' lang='lat' dir='ltr'>etfugatusjnermis</span> <span class='ocrx_word' id='word_1_72' title='bbox 1119 1205 1174 1256; x_wconf 89' lang='lat' dir='ltr'>et</span> <span class='ocrx_word' id='word_1_73' title='bbox 1191 1201 1496 1257; x_wconf 86' lang='lat' dir='ltr'>famelicus</span> <span class='ocrx_word' id='word_1_74' title='bbox 1520 1203 1668 1258; x_wconf 90' lang='lat' dir='ltr'>cond</span> <span class='ocrx_word' id='word_1_75' title='bbox 1679 1207 1816 1258; x_wconf 88' lang='lat' dir='ltr'>uctu</span> 
     </span>
    </p>
   </div>
   <div class='ocr_carea' id='block_1_13' title="bbox 161 1287 1818 1364">
    <p class='ocr_par' dir='ltr' id='par_1_13' title="bbox 161 1287 1818 1364">
     <span class='ocr_line' id='line_1_13' title="bbox 161 1287 1818 1364; baseline 0.001 -20"><span class='ocrx_word' id='word_1_76' title='bbox 161 1287 326 1361; x_wconf 83' lang='lat' dir='ltr'>regis</span> <span class='ocrx_word' id='word_1_77' title='bbox 380 1288 636 1344; x_wconf 85' lang='lat' dir='ltr'>Arabum</span> <span class='ocrx_word' id='word_1_78' title='bbox 684 1288 1019 1360; x_wconf 87' lang='lat' dir='ltr'>repatriavit</span> <span class='ocrx_word' id='word_1_79' title='bbox 1066 1291 1507 1346; x_wconf 87' lang='lat' dir='ltr'>semimortuus.</span> <span class='ocrx_word' id='word_1_80' title='bbox 1541 1292 1818 1364; x_wconf 88' lang='lat' dir='ltr'>Sequenti</span> 
     </span>
    </p>
   </div>
   <div class='ocr_carea' id='block_1_14' title="bbox 158 1376 1816 1449">
    <p class='ocr_par' dir='ltr' id='par_1_14' title="bbox 158 1376 1816 1449">
     <span class='ocr_line' id='line_1_14' title="bbox 158 1376 1816 1449; baseline 0.002 -17"><span class='ocrx_word' id='word_1_81' title='bbox 158 1394 301 1434; x_wconf 84' lang='lat' dir='ltr'>vero</span> <span class='ocrx_word' id='word_1_82' title='bbox 329 1393 481 1432; x_wconf 91' lang='lat' dir='ltr'>anno</span> <span class='ocrx_word' id='word_1_83' title='bbox 511 1376 918 1434; x_wconf 88' lang='lat' dir='ltr'>convalescens</span> <span class='ocrx_word' id='word_1_84' title='bbox 962 1379 1033 1434; x_wconf 92' lang='lat' dir='ltr'>ad</span> <span class='ocrx_word' id='word_1_85' title='bbox 1077 1379 1470 1435; x_wconf 89' lang='lat' dir='ltr'>obsidendum</span> <span class='ocrx_word' id='word_1_86' title='bbox 1504 1381 1816 1449; x_wconf 89' lang='lat' dir='ltr'>Sardonas,</span> 
     </span>
    </p>
   </div>
   <div class='ocr_carea' id='block_1_15' title="bbox 149 1466 1822 1542">
    <p class='ocr_par' dir='ltr' id='par_1_15' title="bbox 149 1466 1822 1542">
     <span class='ocr_line' id='line_1_15' title="bbox 149 1466 1822 1542; baseline 0.002 -21"><span class='ocrx_word' id='word_1_87' title='bbox 149 1467 322 1540; x_wconf 85' lang='lat' dir='ltr'>&#39;qnod</span> <span class='ocrx_word' id='word_1_88' title='bbox 357 1483 535 1522; x_wconf 88' lang='lat' dir='ltr'>manu</span> <span class='ocrx_word' id='word_1_89' title='bbox 558 1466 712 1540; x_wconf 86' lang='lat' dir='ltr'>regis</span> <span class='ocrx_word' id='word_1_90' title='bbox 734 1467 1096 1523; x_wconf 84' lang='lat' dir='ltr'>refirmatum</span> <span class='ocrx_word' id='word_1_91' title='bbox 1116 1469 1620 1540; x_wconf 79' lang='lat' dir='ltr'>fuerat,quotquot</span> <span class='ocrx_word' id='word_1_92' title='bbox 1635 1469 1822 1542; x_wconf 90' lang='lat' dir='ltr'>potuit</span> 
     </span>
    </p>
   </div>
   <div class='ocr_carea' id='block_1_16' title="bbox 159 1554 1821 1630">
    <p class='ocr_par' dir='ltr' id='par_1_16' title="bbox 159 1554 1821 1630">
     <span class='ocr_line' id='line_1_16' title="bbox 159 1554 1821 1630; baseline 0.002 -20"><span class='ocrx_word' id='word_1_93' title='bbox 159 1554 424 1610; x_wconf 87' lang='lat' dir='ltr'>militum</span> <span class='ocrx_word' id='word_1_94' title='bbox 457 1571 523 1610; x_wconf 87' lang='lat' dir='ltr'>ac</span> <span class='ocrx_word' id='word_1_95' title='bbox 551 1555 816 1628; x_wconf 87' lang='lat' dir='ltr'>peditum</span> <span class='ocrx_word' id='word_1_96' title='bbox 848 1556 1212 1629; x_wconf 87' lang='lat' dir='ltr'>constipatus</span> <span class='ocrx_word' id='word_1_97' title='bbox 1243 1556 1598 1630; x_wconf 85' lang='lat' dir='ltr'>agminibus,</span> <span class='ocrx_word' id='word_1_98' title='bbox 1621 1574 1821 1614; x_wconf 87' lang='lat' dir='ltr'>mense</span> 
     </span>
    </p>
   </div>
   <div class='ocr_carea' id='block_1_17' title="bbox 157 1643 1820 1712">
    <p class='ocr_par' dir='ltr' id='par_1_17' title="bbox 157 1643 1820 1712">
     <span class='ocr_line' id='line_1_17' title="bbox 157 1643 1820 1712; baseline 0.001 -12"><span class='ocrx_word' id='word_1_99' title='bbox 157 1643 322 1700; x_wconf 86' lang='lat' dir='ltr'>Julio</span> <span class='ocrx_word' id='word_1_100' title='bbox 354 1643 543 1700; x_wconf 89' lang='lat' dir='ltr'>rediit.</span> <span class='ocrx_word' id='word_1_101' title='bbox 578 1645 701 1710; x_wconf 88' lang='lat' dir='ltr'>Quo</span> <span class='ocrx_word' id='word_1_102' title='bbox 732 1645 954 1712; x_wconf 89' lang='lat' dir='ltr'>audito,</span> <span class='ocrx_word' id='word_1_103' title='bbox 978 1643 1324 1701; x_wconf 88' lang='lat' dir='ltr'>Goseelinus</span> <span class='ocrx_word' id='word_1_104' title='bbox 1357 1662 1554 1701; x_wconf 90' lang='lat' dir='ltr'>comes</span> <span class='ocrx_word' id='word_1_105' title='bbox 1575 1646 1820 1702; x_wconf 87' lang='lat' dir='ltr'>Edessa-</span> 
     </span>
    </p>
   </div>
   <div class='ocr_carea' id='block_1_18' title="bbox 159 1733 1816 1806">
    <p class='ocr_par' dir='ltr' id='par_1_18' title="bbox 159 1733 1816 1806">
     <span class='ocr_line' id='line_1_18' title="bbox 159 1733 1816 1806; baseline 0.001 -17"><span class='ocrx_word' id='word_1_106' title='bbox 159 1751 298 1801; x_wconf 90' lang='lat' dir='ltr'>nus,</span> <span class='ocrx_word' id='word_1_107' title='bbox 345 1736 582 1804; x_wconf 86' lang='lat' dir='ltr'>sumpto</span> <span class='ocrx_word' id='word_1_108' title='bbox 633 1733 706 1788; x_wconf 92' lang='lat' dir='ltr'>ab</span> <span class='ocrx_word' id='word_1_109' title='bbox 756 1733 1121 1789; x_wconf 83' lang='lat' dir='ltr'>Antiocheno</span> <span class='ocrx_word' id='word_1_110' title='bbox 1172 1733 1504 1806; x_wconf 83' lang='lat' dir='ltr'>patriarcha</span> <span class='ocrx_word' id='word_1_111' title='bbox 1553 1733 1816 1790; x_wconf 88' lang='lat' dir='ltr'>consilio.</span> 
     </span>
    </p>
   </div>
   <div class='ocr_carea' id='block_1_19' title="bbox 1931 579 3584 648">
    <p class='ocr_par' dir='ltr' id='par_1_19' title="bbox 1931 579 3584 648">
     <span class='ocr_line' id='line_1_19' title="bbox 1931 579 3584 648; baseline 0 -12"><span class='ocrx_word' id='word_1_112' title='bbox 1931 583 2271 637; x_wconf 82' lang='lat' dir='ltr'>exercitum.</span> <span class='ocrx_word' id='word_1_113' title='bbox 2306 583 2454 648; x_wconf 91' lang='lat' dir='ltr'>Quid</span> <span class='ocrx_word' id='word_1_114' title='bbox 2486 581 2674 638; x_wconf 86' lang='lat' dir='ltr'>ultra?</span> <span class='ocrx_word' id='word_1_115' title='bbox 2701 581 2844 638; x_wconf 89' lang='lat' dir='ltr'>visis</span> <span class='ocrx_word' id='word_1_116' title='bbox 2875 580 3233 637; x_wconf 84' lang='lat' dir='ltr'>Christicolis</span> <span class='ocrx_word' id='word_1_117' title='bbox 3254 579 3482 636; x_wconf 88' lang='lat' dir='ltr'>hostilis</span> <span class='ocrx_word' id='word_1_118' title='bbox 3496 581 3584 636; x_wconf 89' lang='lat' dir='ltr'>fe-</span> 
     </span>
    </p>
   </div>
   <div class='ocr_carea' id='block_1_20' title="bbox 1932 669 3588 737">
    <p class='ocr_par' dir='ltr' id='par_1_20' title="bbox 1932 669 3588 737">
     <span class='ocr_line' id='line_1_20' title="bbox 1932 669 3588 737; baseline -0.001 -12"><span class='ocrx_word' id='word_1_119' title='bbox 1932 671 2146 726; x_wconf 86' lang='lat' dir='ltr'>rocitas</span> <span class='ocrx_word' id='word_1_120' title='bbox 2176 671 2386 726; x_wconf 89' lang='lat' dir='ltr'>timore</span> <span class='ocrx_word' id='word_1_121' title='bbox 2419 671 2678 737; x_wconf 81' lang='lat' dir='ltr'>subacta,</span> <span class='ocrx_word' id='word_1_122' title='bbox 2715 675 2882 726; x_wconf 89' lang='lat' dir='ltr'>nocte</span> <span class='ocrx_word' id='word_1_123' title='bbox 2929 670 3185 726; x_wconf 83' lang='lat' dir='ltr'>collectis</span> <span class='ocrx_word' id='word_1_124' title='bbox 3231 669 3500 726; x_wconf 89' lang='lat' dir='ltr'>tentoriis</span> <span class='ocrx_word' id='word_1_125' title='bbox 3531 672 3588 724; x_wconf 88' lang='lat' dir='ltr'>et</span> 
     </span>
    </p>
   </div>
   <div class='ocr_carea' id='block_1_21' title="bbox 1931 757 3586 831">
    <p class='ocr_par' dir='ltr' id='par_1_21' title="bbox 1931 757 3586 831">
     <span class='ocr_line' id='line_1_21' title="bbox 1931 757 3586 831; baseline -0.002 -16"><span class='ocrx_word' id='word_1_126' title='bbox 1931 763 2064 815; x_wconf 85' lang='lat' dir='ltr'>ante</span> <span class='ocrx_word' id='word_1_127' title='bbox 2098 775 2158 815; x_wconf 89' lang='lat' dir='ltr'>se</span> <span class='ocrx_word' id='word_1_128' title='bbox 2189 759 2529 831; x_wconf 70' lang='lat' dir='ltr'>praemissis,</span> <span class='ocrx_word' id='word_1_129' title='bbox 2564 765 2825 815; x_wconf 89' lang='lat' dir='ltr'>castrum</span> <span class='ocrx_word' id='word_1_130' title='bbox 2872 759 3079 815; x_wconf 75' lang='lat' dir='ltr'>lzrdere</span> <span class='ocrx_word' id='word_1_131' title='bbox 3107 758 3298 814; x_wconf 85' lang='lat' dir='ltr'>desiit.</span> <span class='ocrx_word' id='word_1_132' title='bbox 3321 758 3451 830; x_wconf 84' lang='lat' dir='ltr'>Ipse</span> <span class='ocrx_word' id='word_1_133' title='bbox 3488 757 3586 814; x_wconf 83' lang='lat' dir='ltr'>Al-</span> 
     </span>
    </p>
   </div>
   <div class='ocr_carea' id='block_1_22' title="bbox 1929 848 3584 920">
    <p class='ocr_par' dir='ltr' id='par_1_22' title="bbox 1929 848 3584 920">
     <span class='ocr_line' id='line_1_22' title="bbox 1929 848 3584 920; baseline -0.001 -17"><span class='ocrx_word' id='word_1_134' title='bbox 1929 848 2054 920; x_wconf 88' lang='lat' dir='ltr'>gazi</span> <span class='ocrx_word' id='word_1_135' title='bbox 2085 865 2218 903; x_wconf 92' lang='lat' dir='ltr'>cum</span> <span class='ocrx_word' id='word_1_136' title='bbox 2267 849 2391 905; x_wconf 90' lang='lat' dir='ltr'>suis</span> <span class='ocrx_word' id='word_1_137' title='bbox 2441 848 2704 920; x_wconf 84' lang='lat' dir='ltr'>Alapiam</span> <span class='ocrx_word' id='word_1_138' title='bbox 2744 865 3010 905; x_wconf 89' lang='lat' dir='ltr'>reversus</span> <span class='ocrx_word' id='word_1_139' title='bbox 3059 851 3166 918; x_wconf 89' lang='lat' dir='ltr'>est,</span> <span class='ocrx_word' id='word_1_140' title='bbox 3201 850 3466 919; x_wconf 87' lang='lat' dir='ltr'>arreptus</span> <span class='ocrx_word' id='word_1_141' title='bbox 3488 863 3584 919; x_wconf 87' lang='lat' dir='ltr'>ge-</span> 
     </span>
    </p>
   </div>
   <div class='ocr_carea' id='block_1_23' title="bbox 1929 935 3580 1010">
    <p class='ocr_par' dir='ltr' id='par_1_23' title="bbox 1929 935 3580 1010">
     <span class='ocr_line' id='line_1_23' title="bbox 1929 935 3580 1010; baseline -0.002 -18"><span class='ocrx_word' id='word_1_142' title='bbox 1929 954 2066 992; x_wconf 91' lang='lat' dir='ltr'>nere</span> <span class='ocrx_word' id='word_1_143' title='bbox 2097 936 2284 992; x_wconf 88' lang='lat' dir='ltr'>morbi</span> <span class='ocrx_word' id='word_1_144' title='bbox 2319 937 2642 1010; x_wconf 83' lang='lat' dir='ltr'>paralytici.</span> <span class='ocrx_word' id='word_1_145' title='bbox 2673 937 2780 1002; x_wconf 90' lang='lat' dir='ltr'>Qui</span> <span class='ocrx_word' id='word_1_146' title='bbox 2813 954 2946 993; x_wconf 91' lang='lat' dir='ltr'>cum</span> <span class='ocrx_word' id='word_1_147' title='bbox 2980 935 3158 992; x_wconf 87' lang='lat' dir='ltr'>nollet</span> <span class='ocrx_word' id='word_1_148' title='bbox 3189 935 3347 990; x_wconf 88' lang='lat' dir='ltr'>istud</span> <span class='ocrx_word' id='word_1_149' title='bbox 3391 935 3580 1008; x_wconf 91' lang='lat' dir='ltr'>prodi,</span> 
     </span>
    </p>
   </div>
   <div class='ocr_carea' id='block_1_24' title="bbox 1930 1023 3582 1082">
    <p class='ocr_par' dir='ltr' id='par_1_24' title="bbox 1930 1023 3582 1082">
     <span class='ocr_line' id='line_1_24' title="bbox 1930 1023 3582 1082; baseline -0.002 0"><span class='ocrx_word' id='word_1_150' title='bbox 1930 1024 2228 1082; x_wconf 86' lang='lat' dir='ltr'>simulavit</span> <span class='ocrx_word' id='word_1_151' title='bbox 2286 1043 2348 1081; x_wconf 91' lang='lat' dir='ltr'>se</span> <span class='ocrx_word' id='word_1_152' title='bbox 2398 1025 2611 1081; x_wconf 88' lang='lat' dir='ltr'>iterum</span> <span class='ocrx_word' id='word_1_153' title='bbox 2663 1030 2720 1081; x_wconf 90' lang='lat' dir='ltr'>et</span> <span class='ocrx_word' id='word_1_154' title='bbox 2765 1026 2824 1080; x_wconf 90' lang='lat' dir='ltr'>in</span> <span class='ocrx_word' id='word_1_155' title='bbox 2895 1025 3052 1081; x_wconf 81' lang='lat' dir='ltr'>brevi</span> <span class='ocrx_word' id='word_1_156' title='bbox 3123 1028 3244 1079; x_wconf 90' lang='lat' dir='ltr'>tam</span> <span class='ocrx_word' id='word_1_157' title='bbox 3323 1023 3582 1079; x_wconf 85' lang='lat' dir='ltr'>Arabum</span> 
     </span>
    </p>
   </div>
   <div class='ocr_carea' id='block_1_25' title="bbox 1929 1112 3582 1187">
    <p class='ocr_par' dir='ltr' id='par_1_25' title="bbox 1929 1112 3582 1187">
     <span class='ocr_line' id='line_1_25' title="bbox 1929 1112 3582 1187; baseline -0.002 -18"><span class='ocrx_word' id='word_1_158' title='bbox 1929 1131 2106 1187; x_wconf 89' lang='lat' dir='ltr'>quam</span> <span class='ocrx_word' id='word_1_159' title='bbox 2147 1118 2203 1168; x_wconf 91' lang='lat' dir='ltr'>et</span> <span class='ocrx_word' id='word_1_160' title='bbox 2250 1113 2594 1170; x_wconf 85' lang='lat' dir='ltr'>Parthorum</span> <span class='ocrx_word' id='word_1_161' title='bbox 2648 1114 2963 1169; x_wconf 84' lang='lat' dir='ltr'>maximam</span> <span class='ocrx_word' id='word_1_162' title='bbox 3011 1116 3244 1186; x_wconf 83' lang='lat' dir='ltr'>gentem</span> <span class='ocrx_word' id='word_1_163' title='bbox 3294 1112 3582 1167; x_wconf 86' lang='lat' dir='ltr'>adductu-</span> 
     </span>
    </p>
   </div>
   <div class='ocr_carea' id='block_1_26' title="bbox 1930 1198 3580 1274">
    <p class='ocr_par' dir='ltr' id='par_1_26' title="bbox 1930 1198 3580 1274">
     <span class='ocr_line' id='line_1_26' title="bbox 1930 1198 3580 1274; baseline -0.003 -16"><span class='ocrx_word' id='word_1_164' title='bbox 1930 1220 2090 1270; x_wconf 90' lang='lat' dir='ltr'>rum;</span> <span class='ocrx_word' id='word_1_165' title='bbox 2125 1203 2280 1274; x_wconf 89' lang='lat' dir='ltr'>quod</span> <span class='ocrx_word' id='word_1_166' title='bbox 2315 1202 2363 1258; x_wconf 92' lang='lat' dir='ltr'>si</span> <span class='ocrx_word' id='word_1_167' title='bbox 2393 1207 2547 1258; x_wconf 87' lang='lat' dir='ltr'>esset</span> <span class='ocrx_word' id='word_1_168' title='bbox 2577 1203 2668 1258; x_wconf 90' lang='lat' dir='ltr'>sui</span> <span class='ocrx_word' id='word_1_169' title='bbox 2693 1202 2867 1274; x_wconf 83' lang='lat' dir='ltr'>juris,</span> <span class='ocrx_word' id='word_1_170' title='bbox 2920 1201 3147 1257; x_wconf 87' lang='lat' dir='ltr'>ardenti</span> <span class='ocrx_word' id='word_1_171' title='bbox 3194 1198 3390 1256; x_wconf 90' lang='lat' dir='ltr'>animo</span> <span class='ocrx_word' id='word_1_172' title='bbox 3437 1198 3580 1254; x_wconf 90' lang='lat' dir='ltr'>invi-</span> 
     </span>
    </p>
   </div>
   <div class='ocr_carea' id='block_1_27' title="bbox 1928 1289 3580 1366">
    <p class='ocr_par' dir='ltr' id='par_1_27' title="bbox 1928 1289 3580 1366">
     <span class='ocr_line' id='line_1_27' title="bbox 1928 1289 3580 1366; baseline -0.002 -19"><span class='ocrx_word' id='word_1_173' title='bbox 1928 1293 2171 1366; x_wconf 88' lang='lat' dir='ltr'>gilasset</span> <span class='ocrx_word' id='word_1_174' title='bbox 2227 1291 2704 1347; x_wconf 87' lang='lat' dir='ltr'>Christicolarum</span> <span class='ocrx_word' id='word_1_175' title='bbox 2755 1290 3119 1347; x_wconf 80' lang='lat' dir='ltr'>exterminio.</span> <span class='ocrx_word' id='word_1_176' title='bbox 3169 1289 3422 1362; x_wconf 86' lang='lat' dir='ltr'>Contigit</span> <span class='ocrx_word' id='word_1_177' title='bbox 3477 1306 3580 1344; x_wconf 88' lang='lat' dir='ltr'>au-</span> 
     </span>
    </p>
   </div>
   <div class='ocr_carea' id='block_1_28' title="bbox 1928 1377 3580 1454">
    <p class='ocr_par' dir='ltr' id='par_1_28' title="bbox 1928 1377 3580 1454">
     <span class='ocr_line' id='line_1_28' title="bbox 1928 1377 3580 1454; baseline 0 -20"><span class='ocrx_word' id='word_1_178' title='bbox 1928 1385 2046 1436; x_wconf 86' lang='lat' dir='ltr'>tem</span> <span class='ocrx_word' id='word_1_179' title='bbox 2079 1379 2137 1435; x_wconf 92' lang='lat' dir='ltr'>in</span> <span class='ocrx_word' id='word_1_180' title='bbox 2169 1379 2375 1436; x_wconf 84' lang='lat' dir='ltr'>lectica</span> <span class='ocrx_word' id='word_1_181' title='bbox 2405 1399 2522 1453; x_wconf 86' lang='lat' dir='ltr'>qua</span> <span class='ocrx_word' id='word_1_182' title='bbox 2550 1381 2845 1436; x_wconf 78' lang='lat' dir='ltr'>ferebatur</span> <span class='ocrx_word' id='word_1_183' title='bbox 2872 1398 2976 1454; x_wconf 90' lang='lat' dir='ltr'>pro</span> <span class='ocrx_word' id='word_1_184' title='bbox 3025 1379 3244 1435; x_wconf 88' lang='lat' dir='ltr'>honore</span> <span class='ocrx_word' id='word_1_185' title='bbox 3287 1381 3345 1434; x_wconf 93' lang='lat' dir='ltr'>et</span> <span class='ocrx_word' id='word_1_186' title='bbox 3390 1377 3580 1450; x_wconf 91' lang='lat' dir='ltr'>impo-</span> 
     </span>
    </p>
   </div>
   <div class='ocr_carea' id='block_1_29' title="bbox 1928 1466 3579 1543">
    <p class='ocr_par' dir='ltr' id='par_1_29' title="bbox 1928 1466 3579 1543">
     <span class='ocr_line' id='line_1_29' title="bbox 1928 1466 3579 1543; baseline -0.001 -20"><span class='ocrx_word' id='word_1_187' title='bbox 1928 1469 2270 1536; x_wconf 89' lang='lat' dir='ltr'>tentia,cum</span> <span class='ocrx_word' id='word_1_188' title='bbox 2304 1470 2636 1543; x_wconf 87' lang='lat' dir='ltr'>egressione</span> <span class='ocrx_word' id='word_1_189' title='bbox 2667 1469 2788 1524; x_wconf 82' lang='lat' dir='ltr'>fimi</span> <span class='ocrx_word' id='word_1_190' title='bbox 2822 1469 3042 1525; x_wconf 89' lang='lat' dir='ltr'>ventris</span> <span class='ocrx_word' id='word_1_191' title='bbox 3071 1467 3257 1540; x_wconf 89' lang='lat' dir='ltr'>ipsius</span> <span class='ocrx_word' id='word_1_192' title='bbox 3280 1466 3579 1523; x_wconf 87' lang='lat' dir='ltr'>sordidam</span> 
     </span>
    </p>
   </div>
   <div class='ocr_carea' id='block_1_30' title="bbox 1929 1555 3580 1629">
    <p class='ocr_par' dir='ltr' id='par_1_30' title="bbox 1929 1555 3580 1629">
     <span class='ocr_line' id='line_1_30' title="bbox 1929 1555 3580 1629; baseline -0.002 -17"><span class='ocrx_word' id='word_1_193' title='bbox 1929 1574 2031 1629; x_wconf 88' lang='lat' dir='ltr'>per</span> <span class='ocrx_word' id='word_1_194' title='bbox 2063 1575 2282 1613; x_wconf 90' lang='lat' dir='ltr'>annum</span> <span class='ocrx_word' id='word_1_195' title='bbox 2315 1557 2522 1614; x_wconf 83' lang='lat' dir='ltr'>exiisse</span> <span class='ocrx_word' id='word_1_196' title='bbox 2551 1559 2832 1628; x_wconf 87' lang='lat' dir='ltr'>animam,</span> <span class='ocrx_word' id='word_1_197' title='bbox 2858 1562 2913 1614; x_wconf 89' lang='lat' dir='ltr'>et</span> <span class='ocrx_word' id='word_1_198' title='bbox 2938 1557 3291 1613; x_wconf 88' lang='lat' dir='ltr'>abstractam</span> <span class='ocrx_word' id='word_1_199' title='bbox 3321 1555 3580 1610; x_wconf 84' lang='lat' dir='ltr'>inferna-</span> 
     </span>
    </p>
   </div>
   <div class='ocr_carea' id='block_1_31' title="bbox 1926 1642 3578 1721">
    <p class='ocr_par' dir='ltr' id='par_1_31' title="bbox 1926 1642 3578 1721">
     <span class='ocr_line' id='line_1_31' title="bbox 1926 1642 3578 1721; baseline -0.001 -21"><span class='ocrx_word' id='word_1_200' title='bbox 1926 1645 2071 1702; x_wconf 88' lang='lat' dir='ltr'>lium</span> <span class='ocrx_word' id='word_1_201' title='bbox 2121 1647 2498 1719; x_wconf 90' lang='lat' dir='ltr'>scorpionum</span> <span class='ocrx_word' id='word_1_202' title='bbox 2550 1648 2853 1721; x_wconf 89' lang='lat' dir='ltr'>unguibus</span> <span class='ocrx_word' id='word_1_203' title='bbox 2901 1646 3190 1702; x_wconf 90' lang='lat' dir='ltr'>corruisse</span> <span class='ocrx_word' id='word_1_204' title='bbox 3245 1645 3305 1700; x_wconf 90' lang='lat' dir='ltr'>in</span> <span class='ocrx_word' id='word_1_205' title='bbox 3363 1642 3578 1700; x_wconf 84' lang='lat' dir='ltr'>inferni</span> 
     </span>
    </p>
   </div>
   <div class='ocr_carea' id='block_1_32' title="bbox 1929 1731 3576 1808">
    <p class='ocr_par' dir='ltr' id='par_1_32' title="bbox 1929 1731 3576 1808">
     <span class='ocr_line' id='line_1_32' title="bbox 1929 1731 3576 1808; baseline -0.001 -20"><span class='ocrx_word' id='word_1_206' title='bbox 1929 1733 2221 1791; x_wconf 82' lang='lat' dir='ltr'>inferioris</span> <span class='ocrx_word' id='word_1_207' title='bbox 2250 1734 2415 1803; x_wconf 91' lang='lat' dir='ltr'>ollas,</span> <span class='ocrx_word' id='word_1_208' title='bbox 2450 1733 2655 1808; x_wconf 88' lang='lat' dir='ltr'>plenas</span> <span class='ocrx_word' id='word_1_209' title='bbox 2705 1735 2850 1791; x_wconf 91' lang='lat' dir='ltr'>diris</span> <span class='ocrx_word' id='word_1_210' title='bbox 2898 1733 3156 1808; x_wconf 89' lang='lat' dir='ltr'>ignibus,</span> <span class='ocrx_word' id='word_1_211' title='bbox 3210 1731 3576 1803; x_wconf 83' lang='lat' dir='ltr'>ardentibus,</span> 
     </span>
    </p>
   </div>
   <div class='ocr_carea' id='block_1_33' title="bbox 155 1819 3578 1894">
    <p class='ocr_par' dir='ltr' id='par_1_33' title="bbox 155 1819 3578 1894">
     <span class='ocr_line' id='line_1_33' title="bbox 155 1819 3578 1894; baseline -0 -17"><span class='ocrx_word' id='word_1_212' title='bbox 155 1839 299 1878; x_wconf 90' lang='lat' dir='ltr'>cum</span> <span class='ocrx_word' id='word_1_213' title='bbox 331 1820 459 1877; x_wconf 87' lang='lat' dir='ltr'>suis</span> <span class='ocrx_word' id='word_1_214' title='bbox 489 1825 547 1876; x_wconf 90' lang='lat' dir='ltr'>et</span> <span class='ocrx_word' id='word_1_215' title='bbox 575 1819 952 1878; x_wconf 86' lang='lat' dir='ltr'>Antiochenis</span> <span class='ocrx_word' id='word_1_216' title='bbox 984 1821 1386 1890; x_wconf 88' lang='lat' dir='ltr'>bellatoribus,</span> <span class='ocrx_word' id='word_1_217' title='bbox 1423 1823 1493 1878; x_wconf 90' lang='lat' dir='ltr'>ad</span> <span class='ocrx_word' id='word_1_218' title='bbox 1527 1823 1819 1878; x_wconf 85' lang='lat' dir='ltr'>Samarta-</span> <span class='ocrx_word' id='word_1_219' title='bbox 1852 1865 1895 1894; x_wconf 67' lang='grc' dir='ltr'><strong>η</strong></span> <span class='ocrx_word' id='word_1_220' title='bbox 1929 1824 2056 1879; x_wconf 87' lang='lat' dir='ltr'>sine</span> <span class='ocrx_word' id='word_1_221' title='bbox 2083 1824 2196 1879; x_wconf 84' lang='lat' dir='ltr'>fine</span> <span class='ocrx_word' id='word_1_222' title='bbox 2227 1824 2708 1880; x_wconf 86' lang='lat' dir='ltr'>comburentibus</span> <span class='ocrx_word' id='word_1_223' title='bbox 2739 1827 2796 1878; x_wconf 91' lang='lat' dir='ltr'>et</span> <span class='ocrx_word' id='word_1_224' title='bbox 2828 1820 3374 1894; x_wconf 86' lang='lat' dir='ltr'>inexstinguilibus;</span> <span class='ocrx_word' id='word_1_225' title='bbox 3399 1838 3433 1876; x_wconf 92' lang='lat' dir='ltr'>a</span> <span class='ocrx_word' id='word_1_226' title='bbox 3462 1835 3578 1892; x_wconf 89' lang='lat' dir='ltr'>quo</span> 
     </span>
    </p>
   </div>
   <div class='ocr_carea' id='block_1_34' title="bbox 157 1909 3576 1984">
    <p class='ocr_par' dir='ltr' id='par_1_34' title="bbox 157 1909 3576 1984">
     <span class='ocr_line' id='line_1_34' title="bbox 157 1909 3576 1984; baseline -0.001 -19"><span class='ocrx_word' id='word_1_227' title='bbox 157 1927 309 1966; x_wconf 91' lang='lat' dir='ltr'>num</span> <span class='ocrx_word' id='word_1_228' title='bbox 344 1910 642 1983; x_wconf 83' lang='lat' dir='ltr'>profectus</span> <span class='ocrx_word' id='word_1_229' title='bbox 673 1914 781 1978; x_wconf 88' lang='lat' dir='ltr'>est,</span> <span class='ocrx_word' id='word_1_230' title='bbox 817 1914 881 1966; x_wconf 93' lang='lat' dir='ltr'>ut</span> <span class='ocrx_word' id='word_1_231' title='bbox 911 1911 1279 1967; x_wconf 89' lang='lat' dir='ltr'>obsidionem</span> <span class='ocrx_word' id='word_1_232' title='bbox 1327 1912 1621 1967; x_wconf 89' lang='lat' dir='ltr'>Sardonas</span> <span class='ocrx_word' id='word_1_233' title='bbox 1666 1909 1818 1968; x_wconf 88' lang='lat' dir='ltr'>bello</span> <span class='ocrx_word' id='word_1_234' title='bbox 1851 1909 1897 1929; x_wconf 80' lang='lat'>”</span> <span class='ocrx_word' id='word_1_235' title='bbox 1927 1929 2034 1967; x_wconf 93' lang='lat' dir='ltr'>nos</span> <span class='ocrx_word' id='word_1_236' title='bbox 2065 1911 2270 1968; x_wconf 89' lang='lat' dir='ltr'>liberet</span> <span class='ocrx_word' id='word_1_237' title='bbox 2300 1912 2488 1984; x_wconf 90' lang='lat' dir='ltr'>ipsius</span> <span class='ocrx_word' id='word_1_238' title='bbox 2519 1912 2754 1967; x_wconf 89' lang='lat' dir='ltr'>Domini</span> <span class='ocrx_word' id='word_1_239' title='bbox 2787 1911 2972 1968; x_wconf 83' lang='lat' dir='ltr'>nostri</span> <span class='ocrx_word' id='word_1_240' title='bbox 3005 1911 3144 1966; x_wconf 89' lang='lat' dir='ltr'>Jesu</span> <span class='ocrx_word' id='word_1_241' title='bbox 3197 1909 3413 1965; x_wconf 88' lang='lat' dir='ltr'>Christi</span> <span class='ocrx_word' id='word_1_242' title='bbox 3445 1925 3576 1982; x_wconf 86' lang='lat' dir='ltr'>gra-</span> 
     </span>
    </p>
   </div>
   <div class='ocr_carea' id='block_1_35' title="bbox 159 1996 3578 2072">
    <p class='ocr_par' dir='ltr' id='par_1_35' title="bbox 159 1996 3578 2072">
     <span class='ocr_line' id='line_1_35' title="bbox 159 1996 3578 2072; baseline 0 -18"><span class='ocrx_word' id='word_1_243' title='bbox 159 1999 435 2071; x_wconf 89' lang='lat' dir='ltr'>dissipet.</span> <span class='ocrx_word' id='word_1_244' title='bbox 486 2000 609 2063; x_wconf 88' lang='lat' dir='ltr'>Quo</span> <span class='ocrx_word' id='word_1_245' title='bbox 658 1999 879 2068; x_wconf 88' lang='lat' dir='ltr'>audito,</span> <span class='ocrx_word' id='word_1_246' title='bbox 924 2017 1022 2056; x_wconf 86' lang='lat' dir='ltr'>rex</span> <span class='ocrx_word' id='word_1_247' title='bbox 1077 2000 1641 2072; x_wconf 80' lang='lat' dir='ltr'>llierosoiymitanus</span> <span class='ocrx_word' id='word_1_248' title='bbox 1683 2017 1817 2056; x_wconf 92' lang='lat' dir='ltr'>cum</span> <span class='ocrx_word' id='word_1_249' title='bbox 1928 2001 2011 2056; x_wconf 87' lang='lat' dir='ltr'>tia</span> <span class='ocrx_word' id='word_1_250' title='bbox 2058 2004 2114 2056; x_wconf 89' lang='lat' dir='ltr'>et</span> <span class='ocrx_word' id='word_1_251' title='bbox 2153 2000 2575 2068; x_wconf 88' lang='lat' dir='ltr'>misericordia,</span> <span class='ocrx_word' id='word_1_252' title='bbox 2610 2000 2782 2072; x_wconf 88' lang='lat' dir='ltr'>cujus</span> <span class='ocrx_word' id='word_1_253' title='bbox 2834 1999 3082 2072; x_wconf 89' lang='lat' dir='ltr'>imperio</span> <span class='ocrx_word' id='word_1_254' title='bbox 3126 2001 3334 2071; x_wconf 88' lang='lat' dir='ltr'>parent</span> <span class='ocrx_word' id='word_1_255' title='bbox 3380 1996 3578 2054; x_wconf 85' lang='lat' dir='ltr'>omnia</span> 
     </span>
    </p>
   </div>
   <div class='ocr_carea' id='block_1_36' title="bbox 157 2085 3576 2162">
    <p class='ocr_par' dir='ltr' id='par_1_36' title="bbox 157 2085 3576 2162">
     <span class='ocr_line' id='line_1_36' title="bbox 157 2085 3576 2162; baseline -0.001 -18"><span class='ocrx_word' id='word_1_256' title='bbox 157 2085 1666 2162; x_wconf 77' lang='lat' dir='ltr'>Hierosolymitanisadveniens,citisgressibusilluc</span> <span class='ocrx_word' id='word_1_257' title='bbox 1684 2106 1820 2162; x_wconf 88' lang='lat' dir='ltr'>per-</span> <span class='ocrx_word' id='word_1_258' title='bbox 1927 2087 2202 2157; x_wconf 75' lang='lat' dir='ltr'>cmlestia,</span> <span class='ocrx_word' id='word_1_259' title='bbox 2247 2089 2548 2144; x_wconf 88' lang='lat' dir='ltr'>terrestria</span> <span class='ocrx_word' id='word_1_260' title='bbox 2594 2092 2651 2144; x_wconf 88' lang='lat' dir='ltr'>et</span> <span class='ocrx_word' id='word_1_261' title='bbox 2699 2087 3028 2156; x_wconf 81' lang='lat' dir='ltr'>infernalia,</span> <span class='ocrx_word' id='word_1_262' title='bbox 3079 2104 3182 2160; x_wconf 89' lang='lat' dir='ltr'>per</span> <span class='ocrx_word' id='word_1_263' title='bbox 3230 2085 3576 2142; x_wconf 71' lang='lat' dir='ltr'>saeculorum</span> 
     </span>
    </p>
   </div>
   <div class='ocr_carea' id='block_1_37' title="bbox 154 2176 2392 2251">
    <p class='ocr_par' dir='ltr' id='par_1_37' title="bbox 154 2176 2392 2251">
     <span class='ocr_line' id='line_1_37' title="bbox 154 2176 2392 2251; baseline -0.002 -17"><span class='ocrx_word' id='word_1_264' title='bbox 154 2178 482 2246; x_wconf 84' lang='lat' dir='ltr'>venit,ante</span> <span class='ocrx_word' id='word_1_265' title='bbox 511 2177 681 2249; x_wconf 87' lang='lat' dir='ltr'>cujus</span> <span class='ocrx_word' id='word_1_266' title='bbox 711 2179 963 2234; x_wconf 87' lang='lat' dir='ltr'>tentoria</span> <span class='ocrx_word' id='word_1_267' title='bbox 983 2195 1013 2233; x_wconf 92' lang='lat' dir='ltr'>e</span> <span class='ocrx_word' id='word_1_268' title='bbox 1035 2177 1304 2250; x_wconf 89' lang='lat' dir='ltr'>partibus</span> <span class='ocrx_word' id='word_1_269' title='bbox 1325 2178 1682 2251; x_wconf 79' lang='lat' dir='ltr'>perﬁdorum</span> <span class='ocrx_word' id='word_1_270' title='bbox 1706 2177 1818 2232; x_wconf 91' lang='lat' dir='ltr'>mi-</span> <span class='ocrx_word' id='word_1_271' title='bbox 1927 2176 2157 2234; x_wconf 79' lang='lat' dir='ltr'>saecula.</span> <span class='ocrx_word' id='word_1_272' title='bbox 2191 2178 2392 2232; x_wconf 88' lang='lat' dir='ltr'>Amen.</span> 
     </span>
    </p>
   </div>
   <div class='ocr_carea' id='block_1_38' title="bbox 282 2316 3469 2394">
    <p class='ocr_par' dir='ltr' id='par_1_38' title="bbox 282 2316 3469 2394">
     <span class='ocr_line' id='line_1_38' title="bbox 282 2316 3469 2394; baseline -0.001 -19"><span class='ocrx_word' id='word_1_273' title='bbox 282 2320 603 2393; x_wconf 70' lang='lat' dir='ltr'>Expliciunt</span> <span class='ocrx_word' id='word_1_274' title='bbox 631 2320 960 2377; x_wconf 78' lang='lat' dir='ltr'>Antiochena</span> <span class='ocrx_word' id='word_1_275' title='bbox 992 2321 1155 2394; x_wconf 86' lang='lat' dir='ltr'>bella,</span> <span class='ocrx_word' id='word_1_276' title='bbox 1187 2328 1306 2378; x_wconf 86' lang='lat' dir='ltr'>acta</span> <span class='ocrx_word' id='word_1_277' title='bbox 1334 2338 1366 2376; x_wconf 91' lang='lat' dir='ltr'>a</span> <span class='ocrx_word' id='word_1_278' title='bbox 1399 2321 1649 2394; x_wconf 83' lang='lat' dir='ltr'>Rotgerio</span> <span class='ocrx_word' id='word_1_279' title='bbox 1681 2321 1936 2394; x_wconf 76' lang='lat' dir='ltr'>principe</span> <span class='ocrx_word' id='word_1_280' title='bbox 1954 2319 2287 2394; x_wconf 12' lang='lat' dir='ltr'>rA-ntiocheno</span> <span class='ocrx_word' id='word_1_281' title='bbox 2319 2319 2478 2387; x_wconf 83' lang='lat' dir='ltr'>bello;</span> <span class='ocrx_word' id='word_1_282' title='bbox 2507 2319 2648 2392; x_wconf 89' lang='lat' dir='ltr'>quod</span> <span class='ocrx_word' id='word_1_283' title='bbox 2675 2319 2999 2377; x_wconf 82' lang='lat' dir='ltr'>Fulcherius</span> <span class='ocrx_word' id='word_1_284' title='bbox 3024 2334 3192 2392; x_wconf 84' lang='lat' dir='ltr'>supra</span> <span class='ocrx_word' id='word_1_285' title='bbox 3219 2319 3281 2374; x_wconf 85' lang='lat' dir='ltr'>in</span> <span class='ocrx_word' id='word_1_286' title='bbox 3307 2316 3469 2389; x_wconf 82' lang='lat' dir='ltr'>hujus</span> 
     </span>
    </p>
   </div>
   <div class='ocr_carea' id='block_1_39' title="bbox 1443 2391 2305 2464">
    <p class='ocr_par' dir='ltr' id='par_1_39' title="bbox 1443 2391 2305 2464">
     <span class='ocr_line' id='line_1_39' title="bbox 1443 2391 2305 2464; baseline -0.002 -16"><span class='ocrx_word' id='word_1_287' title='bbox 1443 2391 1740 2448; x_wconf 71' lang='lat' dir='ltr'>voluminis</span> <span class='ocrx_word' id='word_1_288' title='bbox 1768 2391 1990 2448; x_wconf 71' lang='lat' dir='ltr'>exordio</span> <span class='ocrx_word' id='word_1_289' title='bbox 2021 2391 2305 2464; x_wconf 74' lang='lat' dir='ltr'>descripsit</span> 
     </span>
    </p>
   </div>
   <div class='ocr_carea' id='block_1_40' title="bbox 592 2581 3575 2616">
    <p class='ocr_par' dir='ltr' id='par_1_40' title="bbox 592 2581 3575 2616">
     <span class='ocr_line' id='line_1_40' title="bbox 592 2581 3575 2616; baseline -0.001 -2"><span class='ocrx_word' id='word_1_290' title='bbox 592 2581 3575 2616; x_wconf 48' lang='grc' dir='ltr'>Μ</span> 
     </span>
    </p>
   </div>
   <div class='ocr_carea' id='block_1_41' title="bbox 153 2588 592 2620">
    <p class='ocr_par' dir='ltr' id='par_1_41' title="bbox 153 2588 592 2620">
     <span class='ocr_line' id='line_1_41' title="bbox 153 2588 592 2620; baseline 0.005 -2"><span class='ocrx_word' id='word_1_291' title='bbox 153 2588 592 2620; x_wconf 59' lang='grc' dir='ltr'>κειται-...Ξ</span> 
     </span>
    </p>
   </div>
   <div class='ocr_carea' id='block_1_42' title="bbox 793 2790 2955 2896">
    <p class='ocr_par' dir='ltr' id='par_1_42' title="bbox 793 2790 2955 2896">
     <span class='ocr_line' id='line_1_42' title="bbox 793 2790 2955 2896; baseline -0.003 -2"><span class='ocrx_word' id='word_1_292' title='bbox 793 2793 1642 2896; x_wconf 63' lang='grc' dir='ltr'>τιετειιι</span> <span class='ocrx_word' id='word_1_293' title='bbox 1729 2790 2955 2894; x_wconf 61' lang='grc' dir='ltr'>ΑκαηωιΑοοΝι</span> 
     </span>
    </p>
   </div>
   <div class='ocr_carea' id='block_1_43' title="bbox 1641 3015 2114 3118">
    <p class='ocr_par' dir='ltr' id='par_1_43' title="bbox 1641 3015 2114 3118">
     <span class='ocr_line' id='line_1_43' title="bbox 1641 3015 2114 3118; baseline -0.002 0"><span class='ocrx_word' id='word_1_294' title='bbox 1641 3015 2114 3118; x_wconf 83' lang='lat' dir='ltr'>LIBER</span> 
     </span>
    </p>
   </div>
   <div class='ocr_carea' id='block_1_44' title="bbox 217 3199 3524 3408">
    <p class='ocr_par' dir='ltr' id='par_1_44' title="bbox 217 3199 3524 3408">
     <span class='ocr_line' id='line_1_44' title="bbox 217 3199 3524 3408; baseline -0.001 -3"><span class='ocrx_word' id='word_1_295' title='bbox 217 3249 948 3408; x_wconf 79' lang='lat' dir='ltr'>LOCORUM</span> <span class='ocrx_word' id='word_1_296' title='bbox 1009 3245 1931 3404; x_wconf 83' lang='lat' dir='ltr'>SANCTOBUM</span> <span class='ocrx_word' id='word_1_297' title='bbox 1991 3246 2548 3398; x_wconf 66' lang='lat' dir='ltr'>mam</span> <span class='ocrx_word' id='word_1_298' title='bbox 2604 3242 3524 3403; x_wconf 80' lang='lat' dir='ltr'>JERUSALEM</span> 
     </span>
    </p>
   </div>
   <div class='ocr_carea' id='block_1_45' title="bbox 1200 3515 2470 3591">
    <p class='ocr_par' dir='ltr' id='par_1_45' title="bbox 1200 3515 2470 3591">
     <span class='ocr_line' id='line_1_45' title="bbox 1200 3515 2470 3591; baseline -0.002 -17"><span class='ocrx_word' id='word_1_299' title='bbox 1200 3531 1202 3533; x_wconf 70' lang='lat'><strong><em>‘</em></strong></span> <span class='ocrx_word' id='word_1_300' title='bbox 1269 3519 1500 3591; x_wconf 80' lang='lat' dir='ltr'>(BALUZ,</span> <span class='ocrx_word' id='word_1_301' title='bbox 1532 3518 1790 3590; x_wconf 57' lang='grc' dir='ltr'>Μάκαι,</span> <span class='ocrx_word' id='word_1_302' title='bbox 1822 3516 1962 3574; x_wconf 90' lang='lat' dir='ltr'>edit.</span> <span class='ocrx_word' id='word_1_303' title='bbox 1995 3515 2208 3586; x_wconf 87' lang='lat' dir='ltr'>Mansi,</span> <span class='ocrx_word' id='word_1_304' title='bbox 2239 3517 2282 3584; x_wconf 92' lang='grc' dir='ltr'>Ι,</span> <span class='ocrx_word' id='word_1_305' title='bbox 2321 3517 2470 3586; x_wconf 84' lang='grc'>434.)</span> 
     </span>
    </p>
   </div>
   <div class='ocr_carea' id='block_1_46' title="bbox 1118 3857 2636 3924">
    <p class='ocr_par' dir='ltr' id='par_1_46' title="bbox 1118 3857 2636 3924">
     <span class='ocr_line' id='line_1_46' title="bbox 1118 3857 2636 3924; baseline -0.002 -3"><span class='ocrx_word' id='word_1_306' title='bbox 1118 3859 1472 3922; x_wconf 85' lang='lat' dir='ltr'>JOANNES</span> <span class='ocrx_word' id='word_1_307' title='bbox 1516 3858 1942 3921; x_wconf 76' lang='lat' dir='ltr'>DOMINICUS</span> <span class='ocrx_word' id='word_1_308' title='bbox 1987 3857 2232 3924; x_wconf 80' lang='lat' dir='ltr'>MANSI</span> <span class='ocrx_word' id='word_1_309' title='bbox 2275 3857 2636 3919; x_wconf 80' lang='lat' dir='ltr'>LECTORI.</span> 
     </span>
    </p>
   </div>
   <div class='ocr_carea' id='block_1_47' title="bbox 233 4072 3591 4155">
    <p class='ocr_par' dir='ltr' id='par_1_47' title="bbox 233 4072 3591 4155">
     <span class='ocr_line' id='line_1_47' title="bbox 233 4072 3591 4155; baseline -0.003 -15"><span class='ocrx_word' id='word_1_310' title='bbox 233 4089 392 4155; x_wconf 82' lang='lat' dir='ltr'>Quem</span> <span class='ocrx_word' id='word_1_311' title='bbox 418 4087 588 4139; x_wconf 81' lang='lat' dir='ltr'>statim</span> <span class='ocrx_word' id='word_1_312' title='bbox 607 4085 776 4151; x_wconf 88' lang='lat' dir='ltr'>evulgo</span> <span class='ocrx_word' id='word_1_313' title='bbox 801 4083 1006 4136; x_wconf 80' lang='lat' dir='ltr'>Fretelli</span> <span class='ocrx_word' id='word_1_314' title='bbox 1032 4083 1222 4135; x_wconf 78' lang='lat' dir='ltr'>libellus</span> <span class='ocrx_word' id='word_1_315' title='bbox 1249 4097 1426 4134; x_wconf 81' lang='lat' dir='ltr'>nomen</span> <span class='ocrx_word' id='word_1_316' title='bbox 1463 4083 1675 4132; x_wconf 87' lang='lat' dir='ltr'>auctoris</span> <span class='ocrx_word' id='word_1_317' title='bbox 1693 4087 1742 4133; x_wconf 89' lang='lat' dir='ltr'>et</span> <span class='ocrx_word' id='word_1_318' title='bbox 1769 4081 1970 4132; x_wconf 90' lang='lat' dir='ltr'>titulum</span> <span class='ocrx_word' id='word_1_319' title='bbox 1996 4079 2134 4155; x_wconf 70' lang='lat' dir='ltr'>baud</span> <span class='ocrx_word' id='word_1_320' title='bbox 2162 4079 2382 4155; x_wconf 84' lang='lat' dir='ltr'>ignotum</span> <span class='ocrx_word' id='word_1_321' title='bbox 2435 4079 2640 4130; x_wconf 80' lang='lat' dir='ltr'>eruditis</span> <span class='ocrx_word' id='word_1_322' title='bbox 2681 4078 2914 4143; x_wconf 69' lang='lat' dir='ltr'>praefert;</span> <span class='ocrx_word' id='word_1_323' title='bbox 2949 4080 3213 4143; x_wconf 88' lang='lat' dir='ltr'>utrumque</span> <span class='ocrx_word' id='word_1_324' title='bbox 3239 4078 3368 4155; x_wconf 84' lang='lat' dir='ltr'>enim</span> <span class='ocrx_word' id='word_1_325' title='bbox 3398 4072 3591 4130; x_wconf 68' lang='lat' dir='ltr'>norant</span> 
     </span>
    </p>
   </div>
   <div class='ocr_carea' id='block_1_48' title="bbox 159 4152 3584 4224">
    <p class='ocr_par' dir='ltr' id='par_1_48' title="bbox 159 4152 3584 4224">
     <span class='ocr_line' id='line_1_48' title="bbox 159 4152 3584 4224; baseline -0.004 -6"><span class='ocrx_word' id='word_1_326' title='bbox 159 4182 233 4218; x_wconf 67' lang='lat' dir='ltr'>es</span> <span class='ocrx_word' id='word_1_327' title='bbox 250 4152 564 4218; x_wconf 63' lang='lat' dir='ltr'>Bibliotheca</span> <span class='ocrx_word' id='word_1_328' title='bbox 588 4161 764 4213; x_wconf 87' lang='lat' dir='ltr'>Latina</span> <span class='ocrx_word' id='word_1_329' title='bbox 784 4161 960 4211; x_wconf 77' lang='lat' dir='ltr'>medice</span> <span class='ocrx_word' id='word_1_330' title='bbox 989 4163 1036 4210; x_wconf 90' lang='lat' dir='ltr'>et</span> <span class='ocrx_word' id='word_1_331' title='bbox 1057 4160 1241 4224; x_wconf 75' lang='lat' dir='ltr'>inﬁma:</span> <span class='ocrx_word' id='word_1_332' title='bbox 1286 4159 1446 4209; x_wconf 76' lang='lat' dir='ltr'>(etatis</span> <span class='ocrx_word' id='word_1_333' title='bbox 1489 4157 1694 4209; x_wconf 76' lang='lat' dir='ltr'>Joannis</span> <span class='ocrx_word' id='word_1_334' title='bbox 1747 4155 1934 4207; x_wconf 82' lang='lat' dir='ltr'>Albcrti</span> <span class='ocrx_word' id='word_1_335' title='bbox 1978 4152 2205 4206; x_wconf 82' lang='lat' dir='ltr'>Fabricii.</span> <span class='ocrx_word' id='word_1_336' title='bbox 2254 4154 2352 4207; x_wconf 91' lang='lat' dir='ltr'>Sed</span> <span class='ocrx_word' id='word_1_337' title='bbox 2397 4155 2524 4205; x_wconf 85' lang='lat' dir='ltr'>nihil</span> <span class='ocrx_word' id='word_1_338' title='bbox 2563 4155 2828 4218; x_wconf 86' lang='lat' dir='ltr'>quidquam</span> <span class='ocrx_word' id='word_1_339' title='bbox 2855 4155 3054 4204; x_wconf 75' lang='lat' dir='ltr'>rescisse</span> <span class='ocrx_word' id='word_1_340' title='bbox 3082 4155 3192 4205; x_wconf 87' lang='lat' dir='ltr'>illos</span> <span class='ocrx_word' id='word_1_341' title='bbox 3209 4153 3352 4204; x_wconf 84' lang='lat' dir='ltr'>credo</span> <span class='ocrx_word' id='word_1_342' title='bbox 3374 4155 3584 4205; x_wconf 83' lang='lat' dir='ltr'>ulterius</span> 
     </span>
    </p>
   </div>
   <div class='ocr_carea' id='block_1_49' title="bbox 157 4228 3584 4304">
    <p class='ocr_par' dir='ltr' id='par_1_49' title="bbox 157 4228 3584 4304">
     <span class='ocr_line' id='line_1_49' title="bbox 157 4228 3584 4304; baseline -0.004 -11"><span class='ocrx_word' id='word_1_343' title='bbox 157 4243 268 4295; x_wconf 76' lang='lat' dir='ltr'>sire</span> <span class='ocrx_word' id='word_1_344' title='bbox 291 4241 353 4292; x_wconf 88' lang='lat' dir='ltr'>de</span> <span class='ocrx_word' id='word_1_345' title='bbox 383 4240 505 4290; x_wconf 90' lang='lat' dir='ltr'>libro</span> <span class='ocrx_word' id='word_1_346' title='bbox 533 4239 654 4304; x_wconf 85' lang='lat' dir='ltr'>ipso,</span> <span class='ocrx_word' id='word_1_347' title='bbox 683 4238 782 4288; x_wconf 83' lang='lat' dir='ltr'>sive</span> <span class='ocrx_word' id='word_1_348' title='bbox 810 4237 868 4287; x_wconf 88' lang='lat' dir='ltr'>de</span> <span class='ocrx_word' id='word_1_349' title='bbox 889 4241 1102 4300; x_wconf 82' lang='lat' dir='ltr'>tempore</span> <span class='ocrx_word' id='word_1_350' title='bbox 1121 4248 1215 4299; x_wconf 90' lang='lat' dir='ltr'>quo</span> <span class='ocrx_word' id='word_1_351' title='bbox 1240 4238 1411 4285; x_wconf 84' lang='lat' dir='ltr'>auctor</span> <span class='ocrx_word' id='word_1_352' title='bbox 1436 4233 1689 4284; x_wconf 79' lang='lat' dir='ltr'>scribebat.</span> <span class='ocrx_word' id='word_1_353' title='bbox 1721 4229 1789 4282; x_wconf 85' lang='lat' dir='ltr'>Ac</span> <span class='ocrx_word' id='word_1_354' title='bbox 1816 4231 1875 4282; x_wconf 89' lang='lat' dir='ltr'>de</span> <span class='ocrx_word' id='word_1_355' title='bbox 1912 4238 2127 4296; x_wconf 90' lang='lat' dir='ltr'>tempore</span> <span class='ocrx_word' id='word_1_356' title='bbox 2163 4230 2290 4280; x_wconf 85' lang='lat' dir='ltr'>nihil</span> <span class='ocrx_word' id='word_1_357' title='bbox 2317 4243 2404 4294; x_wconf 87' lang='lat' dir='ltr'>ego</span> <span class='ocrx_word' id='word_1_358' title='bbox 2433 4229 2583 4279; x_wconf 86' lang='lat' dir='ltr'>habeo</span> <span class='ocrx_word' id='word_1_359' title='bbox 2597 4229 2835 4294; x_wconf 82' lang='lat' dir='ltr'>proferre,</span> <span class='ocrx_word' id='word_1_360' title='bbox 2866 4229 2964 4278; x_wconf 85' lang='lat' dir='ltr'>nisi</span> <span class='ocrx_word' id='word_1_361' title='bbox 2991 4229 3309 4293; x_wconf 86' lang='lat' dir='ltr'>conjecturas.</span> <span class='ocrx_word' id='word_1_362' title='bbox 3343 4228 3584 4280; x_wconf 83' lang='lat' dir='ltr'>Fretellus</span> 
     </span>
    </p>
   </div>
   <div class='ocr_carea' id='block_1_50' title="bbox 160 4304 3582 4383">
    <p class='ocr_par' dir='ltr' id='par_1_50' title="bbox 160 4304 3582 4383">
     <span class='ocr_line' id='line_1_50' title="bbox 160 4304 3582 4383; baseline -0.004 -15"><span class='ocrx_word' id='word_1_363' title='bbox 160 4317 457 4383; x_wconf 84' lang='lat' dir='ltr'>apusculum</span> <span class='ocrx_word' id='word_1_364' title='bbox 487 4315 578 4364; x_wconf 85' lang='lat' dir='ltr'>hoc</span> <span class='ocrx_word' id='word_1_365' title='bbox 601 4327 746 4363; x_wconf 89' lang='lat' dir='ltr'>suum</span> <span class='ocrx_word' id='word_1_366' title='bbox 767 4312 943 4362; x_wconf 83' lang='lat' dir='ltr'>dicavit</span> <span class='ocrx_word' id='word_1_367' title='bbox 973 4310 1259 4374; x_wconf 80' lang='lat' dir='ltr'>Raymundo</span> <span class='ocrx_word' id='word_1_368' title='bbox 1288 4309 1456 4359; x_wconf 87' lang='lat' dir='ltr'>comiti</span> <span class='ocrx_word' id='word_1_369' title='bbox 1491 4309 1721 4383; x_wconf 82' lang='lat' dir='ltr'>Toletano</span> <span class='ocrx_word' id='word_1_370' title='bbox 1752 4307 2026 4383; x_wconf 86' lang='lat' dir='ltr'>(Tolosano)</span> <span class='ocrx_word' id='word_1_371' title='bbox 2050 4321 2062 4365; x_wconf 87' lang='lat'><strong>;</strong></span> <span class='ocrx_word' id='word_1_372' title='bbox 2087 4305 2316 4383; x_wconf 79' lang='lat' dir='ltr'>nunquid</span> <span class='ocrx_word' id='word_1_373' title='bbox 2341 4304 2466 4383; x_wconf 67' lang='lat' dir='ltr'>[orte</span> <span class='ocrx_word' id='word_1_374' title='bbox 2507 4304 2636 4383; x_wconf 78' lang='lat' dir='ltr'>idem</span> <span class='ocrx_word' id='word_1_375' title='bbox 2685 4308 2755 4354; x_wconf 86' lang='lat' dir='ltr'>est</span> <span class='ocrx_word' id='word_1_376' title='bbox 2802 4304 3119 4383; x_wconf 65' lang='lat' dir='ltr'>liaymundus</span> <span class='ocrx_word' id='word_1_377' title='bbox 3145 4317 3304 4383; x_wconf 79' lang='lat' dir='ltr'>comes</span> <span class='ocrx_word' id='word_1_378' title='bbox 3322 4304 3408 4383; x_wconf 81' lang='lat' dir='ltr'>qui</span> <span class='ocrx_word' id='word_1_379' title='bbox 3434 4317 3582 4383; x_wconf 43' lang='lat' dir='ltr'>regat</span> 
     </span>
    </p>
   </div>
   <div class='ocr_carea' id='block_1_51' title="bbox 161 4377 3584 4456">
    <p class='ocr_par' dir='ltr' id='par_1_51' title="bbox 161 4377 3584 4456">
     <span class='ocr_line' id='line_1_51' title="bbox 161 4377 3584 4456; baseline -0.005 -12"><span class='ocrx_word' id='word_1_380' title='bbox 161 4377 297 4444; x_wconf 78' lang='lat' dir='ltr'>libus</span> <span class='ocrx_word' id='word_1_381' title='bbox 324 4391 510 4456; x_wconf 82' lang='lat' dir='ltr'>nuptiis</span> <span class='ocrx_word' id='word_1_382' title='bbox 537 4403 649 4439; x_wconf 89' lang='lat' dir='ltr'>cum</span> <span class='ocrx_word' id='word_1_383' title='bbox 681 4387 878 4444; x_wconf 84' lang='lat' dir='ltr'>Urraca.</span> <span class='ocrx_word' id='word_1_384' title='bbox 909 4387 1014 4451; x_wconf 83' lang='lat' dir='ltr'>ﬁlia</span> <span class='ocrx_word' id='word_1_385' title='bbox 1043 4385 1290 4450; x_wconf 81' lang='lat' dir='ltr'>Aldefonsi</span> <span class='ocrx_word' id='word_1_386' title='bbox 1317 4385 1381 4436; x_wconf 82' lang='grc' dir='ltr'>γι</span> <span class='ocrx_word' id='word_1_387' title='bbox 1399 4384 1525 4448; x_wconf 87' lang='lat' dir='ltr'>regis</span> <span class='ocrx_word' id='word_1_388' title='bbox 1555 4382 1798 4441; x_wconf 75' lang='lat' dir='ltr'>Castellw,</span> <span class='ocrx_word' id='word_1_389' title='bbox 1831 4382 2006 4447; x_wconf 85' lang='lat' dir='ltr'>dignus</span> <span class='ocrx_word' id='word_1_390' title='bbox 2033 4379 2102 4430; x_wconf 87' lang='lat' dir='ltr'>est</span> <span class='ocrx_word' id='word_1_391' title='bbox 2132 4379 2373 4456; x_wconf 85' lang='lat' dir='ltr'>habitus</span> <span class='ocrx_word' id='word_1_392' title='bbox 2393 4377 2504 4456; x_wconf 71' lang='lat' dir='ltr'>Quo</span> <span class='ocrx_word' id='word_1_393' title='bbox 2533 4379 2655 4429; x_wconf 68' lang='lat' dir='ltr'>vixit</span> <span class='ocrx_word' id='word_1_394' title='bbox 2682 4379 2858 4456; x_wconf 68' lang='lat' dir='ltr'>siccato</span> <span class='ocrx_word' id='word_1_395' title='bbox 2880 4393 3040 4456; x_wconf 65' lang='lat' dir='ltr'>sacro:</span> <span class='ocrx_word' id='word_1_396' title='bbox 3071 4379 3491 4456; x_wconf 74' lang='lat' dir='ltr'>peregrinationes</span> <span class='ocrx_word' id='word_1_397' title='bbox 3517 4377 3584 4428; x_wconf 89' lang='lat' dir='ltr'>ad</span> 
     </span>
    </p>
   </div>
   <div class='ocr_carea' id='block_1_52' title="bbox 164 4452 3582 4526">
    <p class='ocr_par' dir='ltr' id='par_1_52' title="bbox 164 4452 3582 4526">
     <span class='ocr_line' id='line_1_52' title="bbox 164 4452 3582 4526; baseline -0.005 -6"><span class='ocrx_word' id='word_1_398' title='bbox 164 4470 279 4520; x_wconf 82' lang='lat' dir='ltr'>loca</span> <span class='ocrx_word' id='word_1_399' title='bbox 306 4452 480 4518; x_wconf 67' lang='lat' dir='ltr'>sancta</span> <span class='ocrx_word' id='word_1_400' title='bbox 513 4464 808 4516; x_wconf 85' lang='lat' dir='ltr'>obtinebant.</span> <span class='ocrx_word' id='word_1_401' title='bbox 840 4463 996 4514; x_wconf 85' lang='lat' dir='ltr'>Porro</span> <span class='ocrx_word' id='word_1_402' title='bbox 1020 4461 1337 4526; x_wconf 80' lang='lat' dir='ltr'>Raymundus</span> <span class='ocrx_word' id='word_1_403' title='bbox 1365 4475 1427 4510; x_wconf 78' lang='lat' dir='ltr'>ca:</span> <span class='ocrx_word' id='word_1_404' title='bbox 1458 4458 1640 4510; x_wconf 89' lang='lat' dir='ltr'>Urraca</span> <span class='ocrx_word' id='word_1_405' title='bbox 1677 4458 1879 4522; x_wconf 86' lang='lat' dir='ltr'>conjuge</span> <span class='ocrx_word' id='word_1_406' title='bbox 1921 4458 2080 4521; x_wconf 83' lang='lat' dir='ltr'>ﬁlium</span> <span class='ocrx_word' id='word_1_407' title='bbox 2125 4455 2296 4506; x_wconf 86' lang='lat' dir='ltr'>retulit</span> <span class='ocrx_word' id='word_1_408' title='bbox 2341 4452 2674 4517; x_wconf 82' lang='lat' dir='ltr'>Aldefonsum,</span> <span class='ocrx_word' id='word_1_409' title='bbox 2723 4455 2825 4518; x_wconf 88' lang='lat' dir='ltr'>qui,</span> <span class='ocrx_word' id='word_1_410' title='bbox 2871 4455 3071 4504; x_wconf 82' lang='lat' dir='ltr'>ineunte</span> <span class='ocrx_word' id='word_1_411' title='bbox 3106 4454 3283 4503; x_wconf 72' lang='lat' dir='ltr'>smculo</span> <span class='ocrx_word' id='word_1_412' title='bbox 3339 4465 3422 4512; x_wconf 80' lang='lat' dir='ltr'>xu,</span> <span class='ocrx_word' id='word_1_413' title='bbox 3453 4467 3582 4504; x_wconf 90' lang='lat' dir='ltr'>anno</span> 
     </span>
    </p>
   </div>
   <div class='ocr_carea' id='block_1_53' title="bbox 161 4527 3585 4600">
    <p class='ocr_par' dir='ltr' id='par_1_53' title="bbox 161 4527 3585 4600">
     <span class='ocr_line' id='line_1_53' title="bbox 161 4527 3585 4600; baseline -0.005 -6"><span class='ocrx_word' id='word_1_414' title='bbox 161 4545 359 4595; x_wconf 77' lang='lat' dir='ltr'>scilicet</span> <span class='ocrx_word' id='word_1_415' title='bbox 381 4542 530 4600; x_wconf 80' lang='grc'>1109,</span> <span class='ocrx_word' id='word_1_416' title='bbox 551 4540 616 4590; x_wconf 88' lang='lat' dir='ltr'>ad</span> <span class='ocrx_word' id='word_1_417' title='bbox 641 4539 927 4590; x_wconf 86' lang='lat' dir='ltr'>Toletanum</span> <span class='ocrx_word' id='word_1_418' title='bbox 943 4539 1122 4588; x_wconf 85' lang='lat' dir='ltr'>solium</span> <span class='ocrx_word' id='word_1_419' title='bbox 1151 4538 1348 4594; x_wconf 84' lang='lat' dir='ltr'>ascitus,</span> <span class='ocrx_word' id='word_1_420' title='bbox 1379 4535 1466 4585; x_wconf 85' lang='lat' dir='ltr'>sub</span> <span class='ocrx_word' id='word_1_421' title='bbox 1511 4534 1710 4585; x_wconf 88' lang='lat' dir='ltr'>nomiue</span> <span class='ocrx_word' id='word_1_422' title='bbox 1750 4531 1999 4595; x_wconf 83' lang='lat' dir='ltr'>Aldefonsi</span> <span class='ocrx_word' id='word_1_423' title='bbox 2027 4531 2113 4584; x_wconf 83' lang='lat' dir='ltr'><strong><em>VII</em></strong></span> <span class='ocrx_word' id='word_1_424' title='bbox 2145 4531 2382 4594; x_wconf 86' lang='lat' dir='ltr'>regnavit.</span> <span class='ocrx_word' id='word_1_425' title='bbox 2432 4529 2558 4580; x_wconf 85' lang='lat' dir='ltr'>Hinc</span> <span class='ocrx_word' id='word_1_426' title='bbox 2602 4529 2662 4578; x_wconf 86' lang='lat' dir='ltr'>de</span> <span class='ocrx_word' id='word_1_427' title='bbox 2719 4533 2933 4593; x_wconf 88' lang='lat' dir='ltr'>tempore</span> <span class='ocrx_word' id='word_1_428' title='bbox 2961 4543 3054 4592; x_wconf 91' lang='lat' dir='ltr'>quo</span> <span class='ocrx_word' id='word_1_429' title='bbox 3084 4527 3327 4579; x_wconf 85' lang='lat' dir='ltr'>Fretellus</span> <span class='ocrx_word' id='word_1_430' title='bbox 3351 4527 3585 4578; x_wconf 80' lang='lat' dir='ltr'>scribebat</span> 
     </span>
    </p>
   </div>
   <div class='ocr_carea' id='block_1_54' title="bbox 164 4601 3588 4681">
    <p class='ocr_par' dir='ltr' id='par_1_54' title="bbox 164 4601 3588 4681">
     <span class='ocr_line' id='line_1_54' title="bbox 164 4601 3588 4681; baseline -0.004 -13"><span class='ocrx_word' id='word_1_431' title='bbox 164 4619 506 4681; x_wconf 69' lang='lat' dir='ltr'>corijecturam</span> <span class='ocrx_word' id='word_1_432' title='bbox 524 4629 694 4681; x_wconf 84' lang='lat' dir='ltr'>capere</span> <span class='ocrx_word' id='word_1_433' title='bbox 722 4614 1027 4664; x_wconf 87' lang='lat' dir='ltr'>licet.Porro</span> <span class='ocrx_word' id='word_1_434' title='bbox 1057 4612 1298 4663; x_wconf 87' lang='lat' dir='ltr'>Fretellus</span> <span class='ocrx_word' id='word_1_435' title='bbox 1327 4611 1416 4660; x_wconf 86' lang='lat' dir='ltr'>iste</span> <span class='ocrx_word' id='word_1_436' title='bbox 1444 4609 1844 4660; x_wconf 84' lang='lat' dir='ltr'>archidiaconum</span> <span class='ocrx_word' id='word_1_437' title='bbox 1869 4622 1921 4657; x_wconf 87' lang='lat' dir='ltr'>sc</span> <span class='ocrx_word' id='word_1_438' title='bbox 1950 4606 2181 4672; x_wconf 86' lang='lat' dir='ltr'>appellat,</span> <span class='ocrx_word' id='word_1_439' title='bbox 2203 4605 2339 4669; x_wconf 82' lang='lat' dir='ltr'>cujus</span> <span class='ocrx_word' id='word_1_440' title='bbox 2367 4609 2533 4681; x_wconf 88' lang='lat' dir='ltr'>tamen</span> <span class='ocrx_word' id='word_1_441' title='bbox 2572 4603 2804 4681; x_wconf 61' lang='lat' dir='ltr'>Ecclesia»</span> <span class='ocrx_word' id='word_1_442' title='bbox 2849 4617 2938 4654; x_wconf 88' lang='lat' dir='ltr'>nec</span> <span class='ocrx_word' id='word_1_443' title='bbox 2965 4603 3102 4665; x_wconf 85' lang='lat' dir='ltr'>dicit,</span> <span class='ocrx_word' id='word_1_444' title='bbox 3133 4617 3221 4653; x_wconf 89' lang='lat' dir='ltr'>nec</span> <span class='ocrx_word' id='word_1_445' title='bbox 3266 4601 3418 4681; x_wconf 81' lang='lat' dir='ltr'>habeo</span> <span class='ocrx_word' id='word_1_446' title='bbox 3456 4603 3588 4653; x_wconf 88' lang='lat' dir='ltr'>unde</span> 
     </span>
    </p>
   </div>
   <div class='ocr_carea' id='block_1_55' title="bbox 163 4678 3590 4756">
    <p class='ocr_par' dir='ltr' id='par_1_55' title="bbox 163 4678 3590 4756">
     <span class='ocr_line' id='line_1_55' title="bbox 163 4678 3590 4756; baseline -0.005 -11"><span class='ocrx_word' id='word_1_447' title='bbox 163 4678 267 4746; x_wconf 76' lang='lat' dir='ltr'>hoc</span> <span class='ocrx_word' id='word_1_448' title='bbox 293 4678 598 4756; x_wconf 40' lang='lat' dir='ltr'>investigem&#39;.</span> <span class='ocrx_word' id='word_1_449' title='bbox 623 4689 676 4741; x_wconf 87' lang='lat' dir='ltr'>Id</span> <span class='ocrx_word' id='word_1_450' title='bbox 703 4693 894 4740; x_wconf 84' lang='lat' dir='ltr'>constat</span> <span class='ocrx_word' id='word_1_451' title='bbox 924 4689 983 4738; x_wconf 87' lang='lat' dir='ltr'>de</span> <span class='ocrx_word' id='word_1_452' title='bbox 1003 4689 1121 4738; x_wconf 89' lang='lat' dir='ltr'>locis</span> <span class='ocrx_word' id='word_1_453' title='bbox 1137 4687 1317 4737; x_wconf 83' lang='lat' dir='ltr'>sanctis</span> <span class='ocrx_word' id='word_1_454' title='bbox 1346 4689 1416 4736; x_wconf 89' lang='lat' dir='ltr'>ita</span> <span class='ocrx_word' id='word_1_455' title='bbox 1445 4686 1589 4736; x_wconf 87' lang='lat' dir='ltr'>illum</span> <span class='ocrx_word' id='word_1_456' title='bbox 1610 4685 1861 4742; x_wconf 86' lang='lat' dir='ltr'>disserere,</span> <span class='ocrx_word' id='word_1_457' title='bbox 1893 4688 1948 4733; x_wconf 91' lang='lat' dir='ltr'>ut</span> <span class='ocrx_word' id='word_1_458' title='bbox 1968 4681 2034 4732; x_wconf 87' lang='lat' dir='ltr'>ibi</span> <span class='ocrx_word' id='word_1_459' title='bbox 2062 4681 2212 4745; x_wconf 84' lang='lat' dir='ltr'>egisse</span> <span class='ocrx_word' id='word_1_460' title='bbox 2241 4680 2395 4731; x_wconf 87' lang='lat' dir='ltr'>videri</span> <span class='ocrx_word' id='word_1_461' title='bbox 2417 4682 2603 4756; x_wconf 79' lang='lat' dir='ltr'>possit;</span> <span class='ocrx_word' id='word_1_462' title='bbox 2628 4679 2756 4756; x_wconf 85' lang='lat' dir='ltr'>unde</span> <span class='ocrx_word' id='word_1_463' title='bbox 2791 4693 2903 4756; x_wconf 86' lang='lat' dir='ltr'>eum</span> <span class='ocrx_word' id='word_1_464' title='bbox 2935 4683 3168 4756; x_wconf 66' lang='lat' dir='ltr'>tanguam</span> <span class='ocrx_word' id='word_1_465' title='bbox 3213 4678 3460 4756; x_wconf 57' lang='lat' dir='ltr'>ogulatum</span> <span class='ocrx_word' id='word_1_466' title='bbox 3489 4681 3590 4728; x_wconf 87' lang='lat' dir='ltr'>tes-</span> 
     </span>
    </p>
   </div>
   <div class='ocr_carea' id='block_1_56' title="bbox 165 4753 3591 4826">
    <p class='ocr_par' dir='ltr' id='par_1_56' title="bbox 165 4753 3591 4826">
     <span class='ocr_line' id='line_1_56' title="bbox 165 4753 3591 4826; baseline -0.004 -7"><span class='ocrx_word' id='word_1_467' title='bbox 165 4774 276 4820; x_wconf 87' lang='lat' dir='ltr'>tem</span> <span class='ocrx_word' id='word_1_468' title='bbox 307 4753 612 4820; x_wconf 76' lang='lat' dir='ltr'>Raimundus</span> <span class='ocrx_word' id='word_1_469' title='bbox 639 4780 697 4816; x_wconf 90' lang='lat' dir='ltr'>ea</span> <span class='ocrx_word' id='word_1_470' title='bbox 725 4765 784 4816; x_wconf 88' lang='lat' dir='ltr'>de</span> <span class='ocrx_word' id='word_1_471' title='bbox 810 4779 864 4816; x_wconf 87' lang='lat' dir='ltr'>re</span> <span class='ocrx_word' id='word_1_472' title='bbox 895 4765 1232 4826; x_wconf 84' lang='lat' dir='ltr'>interrogavit.</span> <span class='ocrx_word' id='word_1_473' title='bbox 1267 4762 1421 4824; x_wconf 83' lang='lat' dir='ltr'>Hujus</span> <span class='ocrx_word' id='word_1_474' title='bbox 1451 4761 1602 4825; x_wconf 87' lang='lat' dir='ltr'>igitur</span> <span class='ocrx_word' id='word_1_475' title='bbox 1629 4759 1834 4810; x_wconf 84' lang='lat' dir='ltr'>Fretelli</span> <span class='ocrx_word' id='word_1_476' title='bbox 1863 4759 2100 4817; x_wconf 88' lang='lat' dir='ltr'>libellum,</span> <span class='ocrx_word' id='word_1_477' title='bbox 2149 4770 2291 4820; x_wconf 86' lang='lat' dir='ltr'>quem</span> <span class='ocrx_word' id='word_1_478' title='bbox 2329 4760 2378 4806; x_wconf 89' lang='lat' dir='ltr'>et</span> <span class='ocrx_word' id='word_1_479' title='bbox 2413 4753 2758 4806; x_wconf 81' lang='lat' dir='ltr'>Adrichomius</span> <span class='ocrx_word' id='word_1_480' title='bbox 2805 4755 2857 4804; x_wconf 90' lang='lat' dir='ltr'>in</span> <span class='ocrx_word' id='word_1_481' title='bbox 2877 4768 2964 4805; x_wconf 84' lang='lat' dir='ltr'>suo</span> <span class='ocrx_word' id='word_1_482' title='bbox 2999 4754 3207 4804; x_wconf 87' lang='lat' dir='ltr'>Theatra</span> <span class='ocrx_word' id='word_1_483' title='bbox 3235 4753 3394 4804; x_wconf 76' lang='lat' dir='ltr'>Terrre</span> <span class='ocrx_word' id='word_1_484' title='bbox 3409 4756 3591 4804; x_wconf 67' lang='lat' dir='ltr'>sancta</span> 
     </span>
    </p>
   </div>
   <div class='ocr_carea' id='block_1_57' title="bbox 165 4827 3594 4907">
    <p class='ocr_par' dir='ltr' id='par_1_57' title="bbox 165 4827 3594 4907">
     <span class='ocr_line' id='line_1_57' title="bbox 165 4827 3594 4907; baseline -0.006 -12"><span class='ocrx_word' id='word_1_485' title='bbox 165 4843 473 4896; x_wconf 73' lang='lat' dir='ltr'>consuluisse</span> <span class='ocrx_word' id='word_1_486' title='bbox 501 4856 552 4893; x_wconf 89' lang='lat' dir='ltr'>se</span> <span class='ocrx_word' id='word_1_487' title='bbox 575 4842 854 4907; x_wconf 78' lang='lat' dir='ltr'>proﬁtetur,</span> <span class='ocrx_word' id='word_1_488' title='bbox 885 4840 1029 4890; x_wconf 89' lang='lat' dir='ltr'>modo</span> <span class='ocrx_word' id='word_1_489' title='bbox 1059 4839 1248 4903; x_wconf 85' lang='lat' dir='ltr'>evulgo,</span> <span class='ocrx_word' id='word_1_490' title='bbox 1279 4841 1530 4902; x_wconf 87' lang='lat' dir='ltr'>acceptum</span> <span class='ocrx_word' id='word_1_491' title='bbox 1573 4850 1635 4885; x_wconf 78' lang='lat' dir='ltr'>ea:</span> <span class='ocrx_word' id='word_1_492' title='bbox 1668 4833 1989 4886; x_wconf 87' lang='lat' dir='ltr'>Collectaneis</span> <span class='ocrx_word' id='word_1_493' title='bbox 2008 4832 2200 4884; x_wconf 86' lang='lat' dir='ltr'>Nicolai</span> <span class='ocrx_word' id='word_1_494' title='bbox 2242 4831 2464 4883; x_wconf 83' lang='lat' dir='ltr'>Rossellii</span> <span class='ocrx_word' id='word_1_495' title='bbox 2509 4829 2879 4907; x_wconf 41' lang='lat' dir='ltr'>AragoniiLqui</span> <span class='ocrx_word' id='word_1_496' title='bbox 2907 4829 2994 4879; x_wconf 87' lang='lat' dir='ltr'>sub</span> <span class='ocrx_word' id='word_1_497' title='bbox 3021 4828 3304 4907; x_wconf 69' lang='lat' dir='ltr'>Innocentio</span> <span class='ocrx_word' id='word_1_498' title='bbox 3340 4827 3405 4880; x_wconf 86' lang='lat' dir='ltr'>Vl</span> <span class='ocrx_word' id='word_1_499' title='bbox 3421 4829 3594 4907; x_wconf 75' lang='lat' dir='ltr'>ponti-</span> 
     </span>
    </p>
   </div>
   <div class='ocr_carea' id='block_1_58' title="bbox 164 4903 3593 4985">
    <p class='ocr_par' dir='ltr' id='par_1_58' title="bbox 164 4903 3593 4985">
     <span class='ocr_line' id='line_1_58' title="bbox 164 4903 3593 4985; baseline -0.005 -16"><span class='ocrx_word' id='word_1_500' title='bbox 164 4921 263 4985; x_wconf 75' lang='lat' dir='ltr'>ﬁce</span> <span class='ocrx_word' id='word_1_501' title='bbox 294 4933 358 4968; x_wconf 75' lang='lat' dir='ltr'>ea:</span> <span class='ocrx_word' id='word_1_502' title='bbox 383 4903 620 4969; x_wconf 69' lang='lat' dir='ltr'>monaclio</span> <span class='ocrx_word' id='word_1_503' title='bbox 647 4917 852 4967; x_wconf 88' lang='lat' dir='ltr'>illustris</span> <span class='ocrx_word' id='word_1_504' title='bbox 879 4915 1066 4965; x_wconf 85' lang='lat' dir='ltr'>ordinis</span> <span class='ocrx_word' id='word_1_505' title='bbox 1093 4913 1146 4966; x_wconf 93' lang='lat' dir='ltr'>S.</span> <span class='ocrx_word' id='word_1_506' title='bbox 1169 4913 1414 4963; x_wconf 89' lang='lat' dir='ltr'>Dominici</span> <span class='ocrx_word' id='word_1_507' title='bbox 1444 4914 1496 4962; x_wconf 91' lang='lat' dir='ltr'>in</span> <span class='ocrx_word' id='word_1_508' title='bbox 1524 4911 1851 4961; x_wconf 87' lang='lat' dir='ltr'>cardinalium</span> <span class='ocrx_word' id='word_1_509' title='bbox 1871 4909 2130 4985; x_wconf 82' lang='lat' dir='ltr'>collegium</span> <span class='ocrx_word' id='word_1_510' title='bbox 2149 4907 2414 4985; x_wconf 80' lang='lat' dir='ltr'>translatus</span> <span class='ocrx_word' id='word_1_511' title='bbox 2442 4910 2512 4955; x_wconf 85' lang='lat' dir='ltr'>est</span> <span class='ocrx_word' id='word_1_512' title='bbox 2545 4919 2676 4985; x_wconf 83' lang='lat' dir='ltr'>anno</span> <span class='ocrx_word' id='word_1_513' title='bbox 2685 4981 2694 4985; x_wconf 72' lang='lat'>_</span> <span class='ocrx_word' id='word_1_514' title='bbox 2713 4905 2861 4985; x_wconf 64' lang='lat' dir='ltr'>135b,</span> <span class='ocrx_word' id='word_1_515' title='bbox 2893 4908 2941 4954; x_wconf 86' lang='lat' dir='ltr'>et</span> <span class='ocrx_word' id='word_1_516' title='bbox 2970 4904 3063 4985; x_wconf 79' lang='lat' dir='ltr'>sub</span> <span class='ocrx_word' id='word_1_517' title='bbox 3107 4903 3300 4985; x_wconf 56' lang='grc' dir='ltr'>Μαξιαὶ</span> <span class='ocrx_word' id='word_1_518' title='bbox 3328 4903 3593 4985; x_wconf 71' lang='lat' dir='ltr'>cardinalis</span> 
     </span>
    </p>
   </div>
   <div class='ocr_carea' id='block_1_59' title="bbox 165 4979 3593 5059">
    <p class='ocr_par' dir='ltr' id='par_1_59' title="bbox 165 4979 3593 5059">
     <span class='ocr_line' id='line_1_59' title="bbox 165 4979 3593 5059; baseline -0.005 -14"><span class='ocrx_word' id='word_1_519' title='bbox 165 4979 414 5059; x_wconf 42' lang='lat' dir='ltr'>&#39;Aragonii</span> <span class='ocrx_word' id='word_1_520' title='bbox 431 4994 628 5044; x_wconf 87' lang='lat' dir='ltr'>nomine</span> <span class='ocrx_word' id='word_1_521' title='bbox 655 4993 852 5043; x_wconf 88' lang='lat' dir='ltr'>claruit.</span> <span class='ocrx_word' id='word_1_522' title='bbox 882 4991 968 5042; x_wconf 85' lang='lat' dir='ltr'>llis</span> <span class='ocrx_word' id='word_1_523' title='bbox 985 4989 1307 5040; x_wconf 86' lang='lat' dir='ltr'>miscellaneis</span> <span class='ocrx_word' id='word_1_524' title='bbox 1335 4989 1537 5038; x_wconf 87' lang='lat' dir='ltr'>titulum</span> <span class='ocrx_word' id='word_1_525' title='bbox 1567 4987 1780 5037; x_wconf 87' lang='lat' dir='ltr'>indidit:</span> <span class='ocrx_word' id='word_1_526' title='bbox 1805 4984 2062 5038; x_wconf 83' lang='lat' dir='ltr'>Cumulatio</span> <span class='ocrx_word' id='word_1_527' title='bbox 2095 4983 2247 5059; x_wconf 78' lang='lat' dir='ltr'>fratris</span> <span class='ocrx_word' id='word_1_528' title='bbox 2281 4982 2455 5059; x_wconf 77' lang='lat' dir='ltr'>Nicolai</span> <span class='ocrx_word' id='word_1_529' title='bbox 2476 4981 2698 5059; x_wconf 44' lang='lat' dir='ltr'>erigonii</span> <span class='ocrx_word' id='word_1_530' title='bbox 2722 4996 2777 5059; x_wconf 75' lang='lat' dir='ltr'>ex</span> <span class='ocrx_word' id='word_1_531' title='bbox 2816 4980 3008 5059; x_wconf 79' lang='lat' dir='ltr'>diversis</span> <span class='ocrx_word' id='word_1_532' title='bbox 3051 4979 3256 5059; x_wconf 56' lang='lat' dir='ltr'>registris</span> <span class='ocrx_word' id='word_1_533' title='bbox 3276 4979 3482 5059; x_wconf 38' lang='lat' dir='ltr'>et‘libris</span> <span class='ocrx_word' id='word_1_534' title='bbox 3509 4992 3593 5029; x_wconf 86' lang='lat' dir='ltr'>ca-</span> 
     </span>
    </p>
   </div>
   <div class='ocr_carea' id='block_1_60' title="bbox 165 5054 3591 5134">
    <p class='ocr_par' dir='ltr' id='par_1_60' title="bbox 165 5054 3591 5134">
     <span class='ocr_line' id='line_1_60' title="bbox 165 5054 3591 5134; baseline -0.006 -11"><span class='ocrx_word' id='word_1_535' title='bbox 165 5054 335 5130; x_wconf 65' lang='lat' dir='ltr'>maras,</span> <span class='ocrx_word' id='word_1_536' title='bbox 352 5069 633 5134; x_wconf 69' lang='lat' dir='ltr'>apostolica,</span> <span class='ocrx_word' id='word_1_537' title='bbox 657 5073 704 5118; x_wconf 81' lang='lat' dir='ltr'>et</span> <span class='ocrx_word' id='word_1_538' title='bbox 723 5068 826 5117; x_wconf 84' lang='lat' dir='ltr'>aliis</span> <span class='ocrx_word' id='word_1_539' title='bbox 854 5067 1047 5116; x_wconf 84' lang='lat' dir='ltr'>diversis</span> <span class='ocrx_word' id='word_1_540' title='bbox 1071 5065 1200 5115; x_wconf 89' lang='lat' dir='ltr'>libris</span> <span class='ocrx_word' id='word_1_541' title='bbox 1219 5070 1266 5114; x_wconf 84' lang='lat' dir='ltr'>et</span> <span class='ocrx_word' id='word_1_542' title='bbox 1287 5063 1532 5115; x_wconf 86' lang='lat' dir='ltr'>Chronicis</span> <span class='ocrx_word' id='word_1_543' title='bbox 1580 5061 1876 5126; x_wconf 85' lang='lat' dir='ltr'>compilata;</span> <span class='ocrx_word' id='word_1_544' title='bbox 1907 5074 2016 5124; x_wconf 70' lang='lat' dir='ltr'>qua:</span> <span class='ocrx_word' id='word_1_545' title='bbox 2043 5058 2184 5108; x_wconf 91' lang='lat' dir='ltr'>verba</span> <span class='ocrx_word' id='word_1_546' title='bbox 2210 5063 2324 5107; x_wconf 89' lang='lat' dir='ltr'>sunt</span> <span class='ocrx_word' id='word_1_547' title='bbox 2351 5057 2517 5108; x_wconf 82' lang='lat' dir='ltr'>Jacobi</span> <span class='ocrx_word' id='word_1_548' title='bbox 2532 5055 2749 5134; x_wconf 56' lang='lat' dir='ltr'>Etrusci.</span> <span class='ocrx_word' id='word_1_549' title='bbox 2773 5056 3029 5134; x_wconf 30' lang='lat' dir='ltr'>qui-anno</span> <span class='ocrx_word' id='word_1_550' title='bbox 3077 5055 3207 5106; x_wconf 77' lang='lat'>1503</span> <span class='ocrx_word' id='word_1_551' title='bbox 3253 5054 3465 5105; x_wconf 87' lang='lat' dir='ltr'>codicem</span> <span class='ocrx_word' id='word_1_552' title='bbox 3483 5068 3591 5104; x_wconf 88' lang='lat' dir='ltr'>ser-</span> 
     </span>
    </p>
   </div>
   <div class='ocr_carea' id='block_1_61' title="bbox 167 5131 3099 5202">
    <p class='ocr_par' dir='ltr' id='par_1_61' title="bbox 167 5131 3099 5202">
     <span class='ocr_line' id='line_1_61' title="bbox 167 5131 3099 5202; baseline -0.005 -4"><span class='ocrx_word' id='word_1_553' title='bbox 167 5149 346 5199; x_wconf 70' lang='lat' dir='ltr'>vatum</span> <span class='ocrx_word' id='word_1_554' title='bbox 377 5131 432 5196; x_wconf 86' lang='lat' dir='ltr'>in</span> <span class='ocrx_word' id='word_1_555' title='bbox 453 5143 935 5196; x_wconf 83' lang='lat' dir='ltr'>ecclesiacathedrali</span> <span class='ocrx_word' id='word_1_556' title='bbox 960 5138 1412 5192; x_wconf 76' lang='lat' dir='ltr'>Lucensi&#39;scribebat</span> <span class='ocrx_word' id='word_1_557' title='bbox 1443 5137 1771 5201; x_wconf 79' lang='lat' dir='ltr'>exemplatum,</span> <span class='ocrx_word' id='word_1_558' title='bbox 1795 5142 1850 5188; x_wconf 90' lang='lat' dir='ltr'>ut</span> <span class='ocrx_word' id='word_1_559' title='bbox 1868 5138 1968 5202; x_wconf 87' lang='lat' dir='ltr'>ipse</span> <span class='ocrx_word' id='word_1_560' title='bbox 1996 5135 2134 5184; x_wconf 88' lang='lat' dir='ltr'>addit</span> <span class='ocrx_word' id='word_1_561' title='bbox 2153 5149 2216 5184; x_wconf 82' lang='lat' dir='ltr'>ea:</span> <span class='ocrx_word' id='word_1_562' title='bbox 2234 5138 2417 5185; x_wconf 88' lang='lat' dir='ltr'>vetusto</span> <span class='ocrx_word' id='word_1_563' title='bbox 2445 5138 2492 5183; x_wconf 88' lang='lat' dir='ltr'>et</span> <span class='ocrx_word' id='word_1_564' title='bbox 2516 5131 2643 5196; x_wconf 87' lang='lat' dir='ltr'>forte</span> <span class='ocrx_word' id='word_1_565' title='bbox 2671 5131 2902 5196; x_wconf 87' lang='lat' dir='ltr'>originali</span> <span class='ocrx_word' id='word_1_566' title='bbox 2921 5131 3099 5182; x_wconf 86' lang='lat' dir='ltr'>codice.</span> 
     </span>
    </p>
   </div>
   <div class='ocr_carea' id='block_1_62' title="bbox 244 5205 3595 5283">
    <p class='ocr_par' dir='ltr' id='par_1_62' title="bbox 244 5205 3595 5283">
     <span class='ocr_line' id='line_1_62' title="bbox 244 5205 3595 5283; baseline -0.004 -9"><span class='ocrx_word' id='word_1_567' title='bbox 244 5222 376 5276; x_wconf 84' lang='lat' dir='ltr'>Cum</span> <span class='ocrx_word' id='word_1_568' title='bbox 389 5235 503 5272; x_wconf 82' lang='lat' dir='ltr'>vero</span> <span class='ocrx_word' id='word_1_569' title='bbox 528 5233 672 5272; x_wconf 86' lang='lat' dir='ltr'>nemo</span> <span class='ocrx_word' id='word_1_570' title='bbox 701 5220 798 5270; x_wconf 79' lang='lat' dir='ltr'>huc</span> <span class='ocrx_word' id='word_1_571' title='bbox 824 5232 973 5283; x_wconf 85' lang='lat' dir='ltr'>usque</span> <span class='ocrx_word' id='word_1_572' title='bbox 996 5218 1196 5268; x_wconf 83' lang='lat' dir='ltr'>divitem</span> <span class='ocrx_word' id='word_1_573' title='bbox 1224 5215 1350 5265; x_wconf 84' lang='lat' dir='ltr'>hanc</span> <span class='ocrx_word' id='word_1_574' title='bbox 1373 5213 1707 5264; x_wconf 85' lang='lat' dir='ltr'>collectionem</span> <span class='ocrx_word' id='word_1_575' title='bbox 1737 5211 1997 5278; x_wconf 87' lang='lat' dir='ltr'>diligenter</span> <span class='ocrx_word' id='word_1_576' title='bbox 2015 5211 2175 5262; x_wconf 85' lang='lat' dir='ltr'>adhuc</span> <span class='ocrx_word' id='word_1_577' title='bbox 2194 5209 2570 5274; x_wconf 86' lang='lat' dir='ltr'>investigaverit,</span> <span class='ocrx_word' id='word_1_578' title='bbox 2602 5221 2666 5257; x_wconf 77' lang='lat' dir='ltr'>ea:</span> <span class='ocrx_word' id='word_1_579' title='bbox 2700 5207 2791 5259; x_wconf 88' lang='lat' dir='ltr'>hoc</span> <span class='ocrx_word' id='word_1_580' title='bbox 2827 5209 2929 5274; x_wconf 88' lang='lat' dir='ltr'>ipso</span> <span class='ocrx_word' id='word_1_581' title='bbox 2967 5221 3096 5273; x_wconf 87' lang='lat' dir='ltr'>pene</span> <span class='ocrx_word' id='word_1_582' title='bbox 3133 5219 3304 5258; x_wconf 84' lang='lat' dir='ltr'>eruere</span> <span class='ocrx_word' id='word_1_583' title='bbox 3335 5205 3461 5257; x_wconf 78' lang='lat' dir='ltr'>mihi</span> <span class='ocrx_word' id='word_1_584' title='bbox 3472 5205 3595 5272; x_wconf 86' lang='lat' dir='ltr'>plu-</span> 
     </span>
    </p>
   </div>
   <div class='ocr_carea' id='block_1_63' title="bbox 165 5292 1502 5362">
    <p class='ocr_par' dir='ltr' id='par_1_63' title="bbox 165 5292 1502 5362">
     <span class='ocr_line' id='line_1_63' title="bbox 165 5292 1502 5362; baseline -0.009 -10"><span class='ocrx_word' id='word_1_585' title='bbox 165 5299 310 5352; x_wconf 82' lang='lat' dir='ltr'>rima</span> <span class='ocrx_word' id='word_1_586' title='bbox 337 5297 499 5359; x_wconf 87' lang='lat' dir='ltr'>licuit,</span> <span class='ocrx_word' id='word_1_587' title='bbox 519 5309 770 5362; x_wconf 84' lang='lat' dir='ltr'>nunquam</span> <span class='ocrx_word' id='word_1_588' title='bbox 792 5294 998 5346; x_wconf 85' lang='lat' dir='ltr'>antehac</span> <span class='ocrx_word' id='word_1_589' title='bbox 1010 5293 1062 5345; x_wconf 89' lang='lat' dir='ltr'>in</span> <span class='ocrx_word' id='word_1_590' title='bbox 1082 5293 1239 5344; x_wconf 86' lang='lat' dir='ltr'>lucem</span> <span class='ocrx_word' id='word_1_591' title='bbox 1263 5292 1502 5343; x_wconf 69' lang='lat' dir='ltr'>extracta.</span> 
     </span>
    </p>
   </div>
   <div class='ocr_carea' id='block_1_64' title="bbox 1675 5465 2106 5486">
    <p class='ocr_par' dir='ltr' id='par_1_64' title="bbox 1675 5465 2106 5486">
     <span class='ocr_line' id='line_1_64' title="bbox 1675 5465 2106 5486; baseline -0.007 0"><span class='ocrx_word' id='word_1_592' title='bbox 1675 5465 2106 5486; x_wconf 45' lang='grc' dir='ltr'><strong>ἡ</strong></span> 
     </span>
    </p>
   </div>
  </div>
