3992 6090
174 226 334 293 1045

969 231 1356 296 FRETELLI
1398 232 1546 296 LIB.
1591 231 1764 310 ως..
1807 229 1921 296 SS.
1966 230 2256 296 TERR/E
2296 231 2780 300 JERUSALEM.

3410 235 3568 302 1046

171 368 260 421 est
289 362 458 420 Naim
491 363 716 434 civitas,
732 365 805 422 ad
840 366 1010 438 cujus
1030 368 1259 439 portam
1275 366 1535 423 restituit
1550 365 1813 423 Christus
1842 371 1892 435 Α
1924 365 2351 441 evangelizatur
2372 367 2592 424 fessum
2626 343 2832 424 itinere
2862 367 3084 425 sedisse
3112 371 3338 437 Jesum,
3361 373 3420 427 et
3447 389 3570 429 ser-

167 455 295 510 vitte
322 453 510 510 ﬁlium
531 454 736 512 viduae.
771 455 962 528 Supra
989 455 1157 511 Naim
1189 460 1278 512 est
1307 472 1476 511 mons
1506 457 1719 523 Endor,
1739 456 1812 511 ad

167 544 423 600 radicem
455 545 626 616 cujus
659 562 838 617 supra
865 549 1181 600 torrentem
1214 545 1547 611 Kadmium,
1578 544 1680 617 qui
1725 549 1815 600 est

162 637 392 689 torrens
421 632 758 700 Cison,cum
791 633 910 690 ﬁlio
941 633 1198 689 Delborze
1223 634 1814 706 prophetissae,Barac

164 721 321 777 ﬁlius
369 722 654 778 Abineech
704 722 916 778 devicit
967 723 1276 792 Idumaeos,
1311 723 1474 779 Sisar
1519 723 1812 794 videlicet,

162 810 377 882 Agebel
411 827 647 866 uxorem
675 811 971 882 Aberenei,
1003 812 1114 867 Zeb
1153 813 1370 880 autem,
1403 817 1462 867 et
1507 813 1723 878 Zebeze,
1758 816 1816 868 et

165 899 442 956 Salmana
489 905 652 955 trans
694 901 1010 956 Jordanem
1059 917 1413 972 persequens
1457 901 1652 974 gladio
1684 918 1814 972 per-

165 989 329 1058 emit,
358 989 665 1044 brachium
697 989 756 1044 in
790 989 999 1055 Endor,
1021 995 1078 1044 et
1109 990 1219 1044 sub
1248 991 1443 1045 Endor
1463 991 1634 1046 Cison
1663 1006 1816 1046 exer-

169 1078 310 1146 citu,
345 1079 499 1134 unde
530 1079 587 1133 in
618 1077 862 1150 psalmis
895 1079 1119 1146 Thabor,
1152 1087 1202 1134 et
1229 1081 1464 1135 Ilermon
1507 1082 1568 1135 in
1596 1081 1817 1135 nomine

168 1174 259 1222 tuo
318 1169 690 1236 exsultabant,
741 1177 793 1224 et
849 1175 1006 1224 tuum
1059 1168 1344 1224 brachium
1397 1185 1522 1224 cum
1571 1170 1816 1240 potentia

167 1257 343 1328 (Psat.
404 1274 664 1324 Lxxxvm,
715 1257 827 1326 l3).
889 1256 1099 1323 Quinto
1159 1257 1432 1313 milliario
1491 1262 1582 1314 est
1627 1257 1814 1313 Anain

167 1345 389 1402 Jezrael
417 1345 641 1414 civitas,
668 1363 796 1418 quae
819 1350 874 1402 et
903 1345 1154 1412 Zaraim,
1181 1363 1250 1402 ex
1281 1364 1399 1418 qua
1442 1346 1672 1403 Jezabel
1707 1347 1815 1401 im-

167 1435 439 1507 piissima
469 1434 670 1508 regina
708 1434 838 1501 fuit,
871 1453 999 1507 quae
1026 1434 1274 1491 abstulit
1303 1435 1532 1492 vineam
1564 1435 1813 1504 Naboth,

167 1541 298 1596 qua:
328 1523 506 1580 etiam
535 1541 640 1596 pro
672 1524 1122 1596 importunitate
1139 1525 1230 1580 sui
1258 1526 1330 1580 de
1361 1542 1592 1581 summo
1614 1523 1818 1596 palatii

167 1613 259 1669 sui
290 1611 650 1686 przecipitata
678 1612 920 1680 interiit,
946 1615 1118 1684 cujus
1165 1613 1357 1670 adhuc
1405 1614 1664 1686 pyramis
1713 1631 1816 1669 su-

166 1706 394 1804 perstes
408 1701 670 1805 'videtur.
693 1702 870 1758 Juxta
898 1701 1128 1805 Jezabel
1160 1707 1249 1802 est
1278 1720 1522 1805 campus
1552 1703 1817 1776 Magedo,
1853 1741 1897 1805 Β

166 1792 230 1848 in
260 1809 376 1865 quo
398 1790 591 1848 Josias
622 1809 739 1858 rex,
773 1809 808 1847 a
837 1808 970 1864 rege
998 1791 1274 1847 Samaria;
1307 1792 1586 1848 subactus
1618 1807 1825 1847 succu-

169 1881 321 1949 buit,
346 1881 556 1936 deinde
583 1880 904 1936 translatus
937 1881 997 1936 in
1030 1880 1189 1947 Sion,
1223 1885 1280 1935 et
1310 1881 1598 1954 sepultus.
1619 1879 1826 1936 Millia-

169 1971 260 2028 rio
291 1987 326 2026 a
353 1968 574 2026 Jezrael
609 1974 836 2026 montes
867 1969 1077 2026 Gelboe
1108 1975 1268 2035 sunt,
1302 1969 1361 2025 in
1393 1970 1608 2042 quibus
1647 1969 1824 2024 dimi-

173 2063 378 2116 cantes
427 2057 564 2115 Saul
613 2063 672 2114 et
725 2059 1010 2115 Jonathas
1059 2058 1287 2115 subacti
1329 2057 1636 2125 siluerunt,
1671 2059 1840 2114 unde-

175 2147 359 2206 David
393 2165 406 2203 :
439 2147 637 2204 Montes
669 2147 880 2215 Gelboe,
908 2164 1006 2203 nec
1034 2163 1121 2204 ros
1149 2164 1247 2204 nec
1269 2149 1476 2220 pluvia.
1509 2150 1688 2204 veniat
1731 2165 1826 2202 su-

171 2256 275 2312 per
297 2255 388 2295 vos
421 2238 491 2306 (ιι
518 2239 640 2309 Reg.
675 2255 716 2308 ι,
737 2239 849 2305 21),
874 2242 982 2293 etc.
1019 2238 1287 2294 Secundo
1328 2237 1600 2293 miiliario
1622 2255 1656 2292 a
1698 2235 1828 2292 Gel~

181 2328 292 2384 boe
323 2331 526 2384 contra
559 2326 842 2382 orientem
871 2331 961 2382 est
981 2326 1331 2398 Schitopolis
1353 2326 1828 2393 civitas,Galilaeze

182 2414 543 2489 metropolis,
579 2433 704 2488 qua:
737 2420 795 2471 et
827 2415 1100 2483 Bethsan,
1136 2415 1192 2470 id
1223 2419 1312 2471 est
1341 2415 1529 2472 domus
1558 2416 1710 2480 solis,
1743 2414 1830 2470 vel

181 2509 407 2574 civitas;
430 2522 605 2576 super
635 2522 836 2561 muros
857 2505 984 2575 ejus
1008 2504 1442 2577 suspenderunt
1469 2508 1644 2575 caput
1670 2502 1828 2559 Saul.

183 2595 398 2662 Quinto
425 2593 696 2649 milliario
729 2611 762 2648 a
790 2593 1010 2649 Jezrael
1043 2598 1133 2648 est
1161 2593 1442 2665 oppidum
1473 2591 1620 2647 illud
1655 2608 1688 2646 a
1718 2608 1832 2664 quo

183 2684 393 2756 incipit
423 2683 704 2749 Samaria,
738 2699 866 2754 quae
897 2686 956 2738 et
1006 2681 1307 2747 Sebasten,
1342 2685 1398 2736 et
1444 2682 1727 2753 Augusta,
1761 2679 1832 2734 ab

182 2776 447 2846 Augusto
477 2772 698 2827 Caesare
728 2772 904 2837 dicta,
935 2771 996 2826 in
1041 2787 1158 2842 qua
1208 2769 1472 2842 sequltus
1526 2768 1636 2824 fuit
1665 2785 1832 2840 para-

185 2861 484 2936 nymphus
503 2859 598 2916 ille
620 2858 1464 2932 praecurserDomini,Joannes
1481 2857 1742 2930 Baptista
1761 2857 1835 2912 ab

187 2949 412 3008 Herode
465 2948 810 3015 decollatus,
855 2955 1018 3005 trans
1069 2948 1386 3005 Jordanem
1440 2947 1594 3002 infra
1640 2945 1834 3002 lacum

184 3038 574 3113 Asphaltitem
604 3037 664 3092 in
697 3037 932 3094 castello
965 3037 1434 3103 Macheronta,‘et
1466 3053 1500 3092 a
1529 3033 1836 3107 discipulis

1923 473 2157 512 monem
2188 456 2467 513 habuisse
2500 475 2632 514 cum
2665 457 3054 524 Samaritana,
3074 457 3174 513 ubi
3206 476 3361 516 nunc
3383 461 3573 518 Eccle-

1924 545 2012 601 sia
2040 546 2419 602 construitur.
2453 549 2622 602 Juxta
2653 547 2882 603 Sichem
2919 547 3289 603 terebinthus
3319 549 3438 618 illa,
3459 552 3569 607 sub

1923 651 2040 706 qua
2069 635 2248 690 Jacob
2281 635 2586 691 abscondit
2608 635 2782 691 idola.
2809 637 2871 692 In
2906 635 3101 692 Bethel
3129 635 3404 694 milliario
3435 656 3468 695 a
3489 639 3574 696 Si-

1923 723 2091 780 chem
2126 724 2280 780 Luza
2329 724 2550 793 civitas,
2584 724 2644 780 in
2689 742 2806 797 qua
2855 743 2959 797 per
3005 725 3259 781 multum
3290 729 3572 800 temporis

1924 813 2180 884 spatium
2211 812 2494 868 habitavit
2522 813 2838 881 Abraham,
2860 813 2957 869 ubi
2989 817 3045 868 et
3072 815 3251 870 Jacob
3275 815 3572 873 dormiens

1925 900 2144 957 scalam
2167 901 2312 957 vidit
2343 902 2554 958 caalum
2585 906 2943 974 tangentem,
2975 902 3331 976 angelosque
3362 923 3465 977 per
3494 905 3572 974 il-

1922 990 2040 1046 lam
2074 991 2455 1047 ascendentes
2487 995 2544 1046 et
2573 992 3022 1059 descendentes;
3049 993 3250 1048 statim
3291 993 3572 1066 evigilans

1923 1081 2005 1135 ait
2036 1097 2050 1134 :
2087 1079 2188 1135 Hic
2217 1079 2381 1135 locus
2403 1097 2534 1136 vere
2563 1085 2803 1136 sanctus
2833 1085 2940 1147 est,
2975 1085 3031 1135 et
3060 1085 3227 1152 porta
3265 1081 3388 1138 αα)ιί
3419 1083 3570 1155 (Gen.

1923 1183 2116 1237 xxvm,
2155 1170 2262 1240 17).
2296 1168 2537 1242 Erigens
2569 1167 2823 1242 lapidem
2857 1169 2915 1224 in
2947 1169 3212 1237 titulum,
3235 1175 3293 1227 et
3325 1172 3574 1230 fundens

1924 1257 2118 1314 oleum
2147 1259 2418 1330 desuper,
2439 1256 2751 1330 appellavit
2782 1275 2993 1314 nomen
3025 1258 3136 1314 loci
3164 1258 3323 1316 illius
3354 1261 3572 1331 Bethel,

1925 1348 2081 1420 quod
2116 1346 2281 1419 prius
2315 1347 2472 1403 Luza
2497 1347 2833 1403 vocabatur.
2868 1349 2932 1402 lu
2965 1347 3184 1420 Bethel,
3218 1349 3407 1422 angeli
3439 1368 3579 1424 pra:-

1926 1441 2091 1508 cepto
2147 1435 2331 1492 voluit
2388 1436 2684 1492 Abraham
2743 1435 3048 1492 immolare
3093 1437 3338 1495 Domlno
3387 1439 3576 1495 ﬁlium

1927 1543 2102 1582 suum
2157 1525 2337 1582 Isaac.
2375 1527 2478 1581 Est
2535 1530 2730 1580 autem
2781 1525 2976 1580 Bethel
3028 1525 3376 1584 collateralis
3407 1545 3578 1585 mons

1927 1615 2211 1682 Garinim,
2241 1613 2560 1686 respiciens
2588 1618 2846 1669 montem
2878 1615 3056 1670 Gebal
3087 1617 3158 1670 ad
3193 1615 3498 1686 orientem,
3523 1622 3582 1674 et

1928 1705 2167 1759 Stadam
2215 1720 2394 1775 super
2437 1702 2693 1759 Sichem.
2729 1703 3024 1775 Vigesimo
3075 1704 3352 1762 milliario
3409 1724 3445 1762 a
3493 1706 3581 1763 Si-

1930 1792 2119 1859 chem,
2145 1796 2351 1864 quarto
2378 1809 2412 1847 a
2440 1790 2788 1859 Jerusalem,
2810 1790 2904 1846 via
2933 1809 3060 1864 quae
3082 1793 3580 1867 ducitDiospolim

1932 1897 2102 1938 mons
2123 1881 2258 1954 Syla
2287 1884 2344 1936 et
2371 1880 2597 1948 civitas,
2621 1897 2747 1952 qua:
2777 1884 2834 1936 et
2862 1881 3211 1949 Arama,ubi
3241 1898 3376 1939 arca
3402 1887 3582 1939 testa-

1933 1970 2114 2026 menti
2147 1973 2204 2025 et
2227 1967 2670 2024 tabernaculum
2694 1969 2926 2025 Domini
2951 1971 3022 2026 ab
3055 1971 3304 2026 adventu
3327 1971 3581 2028 ﬁliorum

1933 2057 2110 2116 Israel
2143 2061 2488 2114 manserunt
2516 2073 2705 2130 usque
2735 2057 2807 2113 ad
2839 2062 3101 2131 tempora
3132 2059 3421 2116 Samuelis
3451 2077 3584 2133 pro-

1934 2149 2120 2222 phetae
2152 2146 2330 2203 David
2380 2146 2554 2219 regis.
2584 2146 2882 2220 Vigesimo
2940 2147 3215 2204 miiliario
3264 2166 3297 2204 a
3328 2149 3584 2216 Sichem,

1936 2242 2095 2293 sexto
2127 2237 2352 2292 decimo
2383 2254 2417 2291 a
2443 2235 2721 2308 Diospoli,
2756 2241 2917 2292 sexto
2949 2237 3174 2292 decimo
3201 2237 3273 2292 ab
3311 2238 3582 2308 Hebrom,

1935 2325 2104 2382 tertio
2151 2325 2375 2381 decimo
2425 2343 2459 2380 a
2507 2325 2760 2392 Jericho,
2795 2329 3001 2396 quarto
3051 2343 3085 2381 a
3115 2325 3328 2394 Bethel,
3361 2326 3587 2383 decimo

1939 2413 2186 2486 septimo
2217 2431 2251 2469 a
2281 2415 2584 2480 Bersabee,
2615 2413 2896 2486 vigesimo
2929 2418 3137 2486 quarto
3171 2415 3242 2470 ab
3280 2417 3390 2470 Asc
3405 2414 3585 2484 ilone,

1938 2491 2301 2574 totidemque
2331 2520 2364 2558 a
2393 2503 2598 2575 Joppe,
2633 2507 2794 2558 sexto
2843 2521 2876 2557 a
2925 2503 3230 2570 Ramatha,
3261 2503 3587 2561 Jerusalem

1939 2590 2313 2647 sanctissima
2341 2591 2554 2646 Judzeze
2587 2591 3090 2664 metropolis,quze
3113 2596 3168 2648 et
3197 2593 3356 2661 Sion,
3381 2593 3452 2648 de
3473 2610 3592 2664 qua

1942 2681 2162 2736 dictum
2211 2684 2340 2736 est:
2376 2680 2619 2736 Gloriosa
2663 2680 2809 2736 dicta
2857 2689 2985 2736 suut
3033 2681 3098 2736 de
3144 2689 3216 2748 te,
3246 2683 3440 2738 civitas
3494 2683 3594 2739 Dei

1943 2770 2116 2839 (Psal.
2143 2785 2363 2824 Lxxxw.
2387 2770 2465 2837 3),
2491 2785 2618 2840 quis
2649 2773 2704 2824 et
2728 2768 2874 2824 Elia
2903 2769 2976 2824 ab
3005 2769 3150 2825 zElio
3187 2769 3460 2838 Adriano,
3493 2771 3592 2841 qui

1943 2875 2073 2916 eam
2105 2857 2450 2913 construxit.
2487 2856 2820 2913 Bethlehem
2853 2862 2942 2913 est
2971 2857 3176 2914 civitas
3203 2859 3510 2932 Juda,qu1e
3536 2863 3595 2915 et

1944 2946 2199 3019 Ephrata
2227 2946 2444 3002 dicitur
2468 2962 2480 3000 :
2515 2945 2850 3002 Bethlehem
2871 2946 3059 3002 domus
3076 2948 3236 3017 panis
3255 2946 3596 3019 interpreta-

1949 3040 2066 3102 tur,
2101 3051 2204 3090 nec
2237 3033 2362 3090 sine
2391 3051 2588 3101 causa,
2608 3035 2748 3106 quia
2777 3035 2846 3090 de
2878 3034 3017 3090 ﬂore
3045 3035 3341 3091 Nazarene
3363 3052 3594 3108 proces-

186 3106 314 3187 suis
343 3127 664 3183 translatus
695 3127 803 3182 fuit
832 3127 1133 3194 Sebasten,
1159 3125 1359 3196 ibique
1389 3123 1653 3197 sepultus
1684 3106 1836 3179 inter
1866 3106 1908 3173 (ἶ
1947 3124 2024 3180 sit
2053 3125 2113 3178 in
2145 3140 2211 3179 ea
2243 3123 2468 3179 fructus
2495 3123 2624 3178 vita;
2653 3123 2725 3178 de
2753 3122 2977 3196 virgine
3008 3106 3492 3191 Maria,videlicet
3508 3125 3596 3181 Fi-

185 3216 447 3275 Eliseum
479 3221 537 3272 et
564 3215 832 3283 Abdiam,
863 3220 922 3272 et
970 3219 1343 3288 assumptum
1394 3213 1599 3270 exinde
1638 3216 1839 3285 postea

186 3322 404 3379 corpus
454 3306 582 3377 ejus
636 3323 670 3360 a
705 3304 940 3361 Juliano
995 3304 1215 3360 Caesare
1261 3306 1558 3375 Apostata,
1594 3303 1839 3374 ejusque

179 3396 361 3468 jussu
391 3398 715 3450 crematum
754 3394 935 3450 fuisse
966 3392 1326 3465 perhibetur,
1359 3391 1513 3448 datis
1541 3395 1710 3446 vento
1759 3389 1839 3445 ci-

188 3483 460 3551 neribus;
493 3483 594 3538 sed
627 3483 848 3554 absque
877 3482 1248 3554 capite,quod
1279 3479 1636 3536 Alexandria
1668 3482 1842 3534 antea

187 3571 546 3630 translatum
580 3571 785 3639 fuerat,
810 3574 1012 3644 postea
1040 3568 1630 3641 Constantinopolim,
1653 3567 1724 3622 ad
1758 3565 1844 3622 ul-

189 3662 408 3719 timum
439 3659 501 3716 in
529 3660 798 3727 Galliam,
833 3659 892 3714 in
937 3676 1086 3731 pago
1136 3657 1501 3725 Pictaviensi,
1535 3662 1590 3711 et
1619 3656 1842 3726 absque

187 3750 383 3806 indice
413 3749 514 3822 qui
544 3749 872 3804 venientem
903 3749 974 3803 ad
1008 3747 1369 3819 baptismum
1393 3747 1596 3802 Jesum
1629 3744 1845 3800 indica-

187 3844 369 3908 verat,
389 3838 590 3894 dicens
623 3853 636 3892 :
669 3839 799 3892 Ecce
827 3836 1007 3908 Agnus
1037 3838 1158 3904 Dei,
1190 3851 1306 3891 ecce
1335 3836 1432 3906 qui
1455 3832 1601 3889 tollit
1626 3840 1844 3904 peccata

188 3927 389 3984 mundi
417 3929 593 3993 (Joan.
627 3943 664 3991 ι,
693 3925 805 3993 29).
841 3925 979 3980 Inde
1029 3924 1177 3979 illud
1227 3924 1398 3979 beata
1439 3922 1600 3994 virgo
1630 3920 1842 3976 Thecla

191 4016 348 4072 inter
387 4013 563 4086 Alpes
610 4011 837 4079 detulit,
869 4012 968 4068 ubi
1019 4013 1128 4068 sub
1171 4010 1543 4068 veneratione
1590 4009 1845 4065 maxima

191 4104 490 4160 detinetur
520 4103 579 4157 in
611 4101 854 4158 ecclesia
903 4101 1276 4158 Morianensi.
1302 4099 1568 4156 Samaria
1613 4103 1702 4154 est
1741 4115 1843 4154 no-

193 4209 330 4250 men
363 4191 528 4247 urbis
556 4196 615 4246 et
646 4191 864 4264 patriae.

266 4283 484 4349 Quarto
517 4279 789 4336 milliaria
821 4297 856 4335 a
883 4280 1162 4336 Sebasten
1194 4281 1284 4334 est
1303 4275 1595 4348 Neapolis,
1628 4292 1755 4348 quae
1787 4280 1846 4330 et

193 4369 434 4436 Sichen,
485 4368 716 4425 Sichem
770 4373 905 4424 ante
960 4367 1270 4425 Veteomor
1325 4365 1646 4431 nominata,
1695 4364 1848 4419 inter

192 4463 340 4516 Dam
390 4462 448 4514 et
494 4456 694 4513 Bethel
739 4457 959 4530 posita;
987 4475 1022 4512 a
1052 4456 1284 4513 Sichem
1331 4458 1535 4510 vocata
1577 4457 1668 4508 est
1692 4456 1848 4507 terra

193 4548 298 4604 illa
329 4546 564 4613 Sichen,
586 4562 656 4601 ex
675 4545 906 4602 Sichem
939 4544 1048 4600 fuit
1076 4545 1269 4612 Emor,
1289 4542 1391 4616 qui
1422 4541 1630 4598 Dinam
1665 4539 1848 4595 ﬁliam

191 4637 400 4703 Jacob,
434 4634 652 4690 ﬁnibus
681 4633 798 4690 illis
843 4633 1343 4699 deambulantem,
1376 4629 1630 4686 violavit.
1665 4629 1727 4684 In
1761 4628 1848 4684 Si-

192 4725 367 4781 chem
399 4738 532 4779 vero
565 4723 746 4778 relata
777 4723 1012 4778 fuerunt
1052 4739 1188 4778 ossa
1229 4720 1443 4792 Joseph
1475 4736 1544 4774 ex
1565 4719 1806 4791 [Egypto
1832 4734 1846 4785 ;

191 4813 257 4869 in
289 4811 524 4868 Sichem
548 4813 720 4882 juxta
749 4812 969 4868 fontem
1002 4810 1303 4866 fabricavit
1351 4809 1660 4864 Jeroboam
1691 4806 1848 4860 vitu-

193 4901 290 4957 los
320 4901 490 4968 duos,
517 4917 667 4972 quos
697 4900 924 4957 adorari
964 4901 1180 4956 fecerat
1223 4915 1256 4954 a
1303 4899 1504 4954 decem
1553 4895 1848 4962 tribubus,

195 5006 351 5063 quas
381 4989 704 5045 adduxerat
734 4993 790 5044 et
819 4989 1165 5055 seduxerat;
1193 5003 1380 5042 unum
1424 5003 1494 5042 ex
1539 4985 1626 5041 eis
1658 4983 1854 5056 posuit

195 5079 358 5134 inter
383 5077 550 5144 Dam,
585 5076 768 5134 alium
798 5077 858 5133 in
894 5077 1115 5134 Bethel.
1149 5075 1383 5132 Sichem
1435 5073 1639 5130 urbem
1691 5071 1852 5127 illam

195 5166 542 5222 deleverunt
573 5164 677 5221 ﬁlii
709 5165 885 5222 Israel
915 5163 1496 5238 Emorque.dolentes
1528 5163 1598 5216 de
1628 5159 1852 5216 adulte-

197 5255 288 5312 rio
317 5254 482 5310 Dina:
511 5254 727 5310 sororis
757 5273 896 5311 suae.
929 5255 1162 5311 Sichem
1195 5253 1287 5308 his
1336 5251 1544 5307 diebus
1584 5247 1854 5320 Neapolis

199 5343 517 5410 dicitur,id
549 5347 638 5400 est
663 5361 804 5400 nova
831 5346 1042 5400 civitas.
1076 5342 1418 5400 Sicharante
1439 5337 1671 5395 Sichem
1685 5339 1856 5408 juxta

198 5431 514 5507 prndium,
539 5433 694 5505 quod
717 5433 878 5490 dedit
904 5433 1086 5490 Jacob
1116 5431 1234 5488 ﬁlio
1256 5447 1363 5487 suo
1393 5425 1632 5496 Joseph,
1658 5426 1716 5480 in
1739 5441 1854 5499 quo

201 5526 298 5580 est
328 5521 480 5580 Fons
507 5521 862 5596 Joseph,qui
893 5526 950 5579 et
982 5523 1193 5599 Puteus
1223 5519 1456 5586 dicitur,
1482 5530 1659 5586 super
1678 5531 1856 5588 quem

1945 3213 2061 3268 lius
2091 3211 2186 3267 Dei
2210 3211 2476 3267 Christus
2500 3211 2802 3284 Jesus,qui
2835 3211 3004 3284 panis
3026 3215 3116 3268 est
3137 3213 3594 3286 angelorum,to-

1945 3302 2183 3372 tiusque
2199 3300 2316 3354 vita
2339 3299 2565 3355 mundi.
2584 3300 2646 3354 In
2671 3299 3211 3370 Bethlehem,juxta
3226 3299 3419 3358 locum
3443 3303 3598 3359 nati-

1946 3389 2141 3444 vitatis
2172 3388 2513 3460 praesepe,in
2549 3405 2664 3460 quo
2696 3393 2754 3444 et
2783 3388 2908 3461 ipse
2928 3388 3384 3447 latitavitinfans
3399 3391 3596 3462 Jesus,

1948 3477 2104 3534 unde
2134 3476 2418 3548 propheta
2452 3493 2464 3532 :
2497 3479 2745 3548 cognovit
2795 3478 2884 3534 bos
2928 3494 3285 3550 possessorem
3327 3497 3510 3549 suum,
3550 3489 3604 3538 et

1948 3568 2138 3622 asinus
2181 3579 2428 3636 praesepe
2473 3565 2685 3626 domini
2711 3567 2803 3621 sui
2831 3567 2980 3638 (Isai.
3011 3581 3049 3633 ι,
3082 3567 3159 3635 3),
3191 3584 3260 3623 ex
3289 3584 3403 3640 quo
3444 3569 3599 3638 feno,

1948 3655 2047 3710 ubi
2079 3653 2272 3708 infans
2303 3652 2655 3720 latitaverat,
2691 3655 2936 3710 Romam
2969 3654 3227 3710 delatum
3260 3656 3370 3711 fuit
3403 3657 3476 3712 ad
3508 3673 3603 3714 ec-

1949 3742 2188 3799 clesiam
2211 3747 2422 3797 sancta:
2437 3743 2634 3798 Mariae
2657 3743 3198 3815 majoris.Milliario
3215 3761 3250 3800 a
3262 3744 3602 3802 Bethlehem

1951 3830 2119 3889 stella
2148 3831 2481 3903 pastoribus
2514 3833 2755 3888 Domino
2788 3837 2924 3888 nato
2954 3832 3228 3904 apparuit
3267 3833 3473 3906 angelo
3513 3834 3603 3890 di-

1949 3924 2112 3974 cente
2147 3935 2159 3973 :
2192 3919 2377 3974 Gloria
2424 3921 2483 3974 in
2531 3921 2756 3976 excelsis
2807 3922 2912 3977 Deo
2941 3923 3092 3988 (Luc.
3126 3939 3186 3986 ιι,
3217 3922 3328 3990 44),
3374 3925 3485 3978 etc.
3537 3923 3602 3977 In

1950 4005 2307 4074 Bethlehem,
2330 4025 2477 4063 nova
2508 4007 2677 4064 stella
2706 4009 2874 4075 duce,
2898 4015 3182 4065 venerunt
3207 4015 3324 4067 tres
3340 4027 3506 4084 reges
3527 4011 3600 4066 ab

1951 4096 2174 4152 oriente
2204 4097 2462 4151 venerari
2513 4102 2718 4152 natum
2761 4098 2986 4163 Jesum,
3019 4103 3076 4154 et
3121 4115 3255 4154 eum
3297 4103 3362 4154 ut
3405 4116 3601 4172 regem

1951 4185 2292 4258 angelorum
2323 4186 2729 4254 adoraverunt,
2757 4192 3178 4260 priesentantes
3198 4188 3444 4261 mystica
3471 4205 3602 4244 mu-

1953 4292 2094 4330 nera
2108 4274 2487 4342 aurum,thus
2508 4280 2566 4331 et
2587 4275 2979 4348 myrrhamJn
2999 4275 3334 4333 Bethlehem
3357 4277 3603 4349 ejusque

1954 4362 2172 4419 ﬁnibus
2205 4363 2548 4419 Innocentes
2567 4363 2748 4434 jussit
2763 4363 3038 4420 decollari
3069 4364 3602 4436 Herodes,quorum

1880 4473 1924 4537 ι)
1955 4468 2090 4524 pars
2112 4455 2313 4528 contra
2333 4451 2635 4508 meridiem
2659 4457 2867 4524 quarto
2891 4451 3164 4508 milliario
3186 4469 3220 4508 a
3240 4451 3602 4519 Bethlehem,

1958 4540 2214 4597 secundo
2245 4540 2516 4597 miiliario
2535 4541 2816 4596 aTbecua
2847 4539 3075 4613 sepulta
3105 4539 3372 4612 quiescit.
3388 4543 3604 4607 Quarto

1957 4627 2231 4684 milliaria
2253 4645 2287 4683 a
2307 4628 2645 4685 Bethlehem
2673 4634 2874 4684 contra
2893 4629 3196 4684 meridiem
3213 4628 3457 4686 ecclesia
3478 4630 3608 4685 bea-

1958 4717 2002 4772 ti
2033 4716 2253 4772 Caritot
2281 4721 2390 4784 est,
2423 4717 2523 4773 ubi
2570 4723 2628 4774 et
2677 4719 2803 4790 ipso
2831 4721 3171 4774 transeunte
3201 4718 3272 4773 de
3303 4717 3411 4774 hoc
3441 4733 3609 4774 mun-

1959 4806 2053 4871 do,
2086 4805 2380 4873 monachi,
2413 4806 2632 4878 quibus
2659 4806 2784 4878 ipse
2816 4811 3017 4879 pastor
3044 4806 3518 4878 praefuerat,cum
3540 4823 3608 4864 eo

1959 4893 2178 4966 pariter
2206 4894 2407 4949 devote
2432 4895 2580 4951 mori
2611 4895 2966 4962 desiderant,
2993 4911 3177 4968 eoque
3207 4895 3376 4952 Pater
3404 4912 3608 4952 eorum

1960 4982 2125 5054 prius
2155 4982 2477 5052 exstiterat,
2491 5000 2596 5038 nec
2629 4988 2760 5054 post
2789 5000 2923 5039 eum
2955 4983 3014 5038 in
3047 4984 3266 5040 mundo
3298 4983 3487 5042 vivere
3510 5001 3608 5042 vo-

1962 5071 2180 5139 lebant,
2215 5072 2343 5142 ejus
2371 5088 2568 5128 amore
2596 5071 2910 5140 ferventes;
2945 5089 3198 5144 quorum
3243 5071 3611 5145 singulorum

1961 5158 2338 5232 compagines
2384 5160 2443 5215 in
2493 5159 2750 5216 Ecclesia
2789 5161 2969 5216 videri
3019 5165 3269 5234 possunt
3300 5161 3473 5216 modo
3512 5160 3612 5217 illo

1963 5264 2078 5318 quo
2109 5246 2441 5304 habuerunt
2472 5249 2531 5304 in
2566 5249 2923 5305 desolatione
2955 5239 3146 5306 Patris
3174 5265 3375 5306 eorum
3407 5250 3614 5321 agoni-

1961 5341 2181 5404 zantes,
2207 5341 2408 5408 postea
2439 5337 2706 5394 translati
2737 5340 2796 5394 in
2825 5339 3179 5403 Jerusalem,
3199 5336 3259 5392 in
3281 5336 3618 5393 Bethlehem

1964 5423 2120 5481 infra
2150 5425 2451 5483 basilicam
2477 5444 2589 5483 non
2612 5427 2780 5502 longe
2805 5446 2838 5483 a
2860 5428 3146 5500 praesepio
3168 5424 3482 5497 requiescit
3497 5440 3626 5479 cor-

1965 5530 2082 5586 pus
2113 5520 2174 5572 B.
2211 5514 2565 5591 Hieronymi,
2598 5517 2778 5575 Paula
2827 5514 3080 5589 quidem
3125 5519 3184 5572 et
3223 5510 3628 5580 Eustochium,
