3992 6090
375 323 531 390 {037

883 324 987 387 AD
1032 323 1542 389 GODEFRIDUM
1585 323 1917 386 APPEND.
1961 321 2041 385 ΙΙ.
2073 317 2154 369 «"—
2188 319 2499 387 MONUM.
2544 315 2650 384 DE
2689 317 2943 386 BELLO
2984 323 3258 386 SAGRO.

3623 317 3792 386 ΝΜΟ

376 459 593 532 quibus
641 455 768 529 ipse
823 456 1208 530 Hieronymus
1257 457 1461 513 scribit
1509 456 1809 524 similiter;
1845 472 1878 511 a
1923 455 2020 511 Be-
2047 457 2100 522 Α
2132 455 2220 511 sia
2249 471 2426 527 quam
2457 454 2537 510 ibi
2569 455 2628 510 in
2659 453 2879 510 honore
2911 455 3108 512 Sancti
3159 453 3476 512 Salvatoris
3506 454 3784 512 constru~

375 547 632 604 thlehem
653 547 901 618 via,quze
928 547 1088 602 ducit
1105 547 1431 603 Jerusalem
1451 547 1705 601 Kabrata
1723 550 1812 600 est
1833 544 2016 613 locus,

377 637 438 692 in
471 652 586 708 quo
616 651 750 690 cum
780 635 1083 705 Benjamin
1115 635 1434 708 peperisset
1465 633 1678 690 Rachel
1724 633 2019 704 occubuit,

379 725 578 797 ibique
609 725 646 780 ε
671 724 796 780 viro
827 740 933 779 suo
962 725 1140 780 Jacob
1171 725 1462 779 tumulata
1491 723 1939 795 quiescit,cujus
1959 721 2024 776 in

378 813 607 870 tumulo
638 813 949 884 supposuit
968 813 1145 868 Jacob
1169 813 1475 868 duodecim
1499 812 1722 884 lapides
1753 829 1868 867 non
1891 827 2020 866 mo-

381 903 544 960 dicos
570 901 904 958 testimonio
927 901 1180 957 filiorum
1213 902 1407 968 Israel,
1435 903 1604 973 cujus
1633 901 1824 956 adhuc
1856 917 2022 972 pyra-

382 992 496 1048 mis
543 1007 578 1046 a
625 991 1066 1047 transeuntibus
1108 991 1355 1046 videtur.
1390 991 1738 1055 Jerusalem,
1771 989 2025 1063 gloriosa

381 1081 594 1138 Judaaa
651 1079 1009 1151 metropolis,
1035 1081 1203 1150 juxta
1259 1079 1660 1152 philosophos,
1711 1079 1771 1134 in
1831 1079 2025 1133 medio

382 1169 586 1226 mundi
617 1168 731 1224 sita
759 1168 1134 1240 est,regnavit
1163 1174 1360 1224 autem
1392 1168 1451 1223 in
1481 1185 1549 1224 ea
1578 1167 1757 1223 David
1791 1185 1893 1240 per
1920 1166 2028 1221 tri-

380 1260 547 1333 ginta
574 1262 696 1314 tres
723 1272 909 1313 annos
938 1261 996 1312 et
1023 1257 1356 1312 dimidium.
1381 1255 1482 1320 Est
1505 1255 1744 1328 quidem
1774 1255 1833 1310 in
1865 1257 2028 1312 Jeru-

381 1347 563 1404 salem
596 1363 767 1402 mons
797 1343 1000 1411 Maria,
1025 1363 1202 1418 super
1229 1361 1403 1418 quem
1426 1346 1631 1401 videns
1651 1345 1828 1400 David
1850 1361 2026 1417 ange-

379 1437 503 1493 lum
535 1435 954 1509 percutientem
986 1434 1290 1507 evaginato
1341 1432 1556 1506 gladio,
1591 1434 1691 1506 qui
1743 1431 2027 1506 pepulum

379 1525 483 1583 Dei
514 1525 768 1599 graviter
794 1523 1103 1592 occiderat,
1118 1524 1336 1578 timens
1368 1539 1440 1578 ne
1467 1524 1526 1578 in
1561 1540 1621 1579 se
1652 1527 1710 1578 et
1740 1519 1797 1577 in
1821 1523 2026 1578 urbem

378 1613 939 1686 ulcisceretur,quod
956 1613 1012 1667 in
1028 1611 1309 1685 populum
1325 1617 1626 1668 numerato
1641 1611 2026 1684 delinquerat,

380 1721 602 1778 pronus
623 1704 681 1758 in
702 1707 858 1759 terra
879 1701 1097 1758 corruit
1117 1717 1248 1757 vere
1272 1702 1561 1774 pcenitens
1581 1701 1948 1774 graviterque
1969 1715 2030 1756 se

381 1791 669 1865 afﬂigens,
703 1809 738 1847 a
761 1789 1007 1846 Domino
1057 1789 1368 1846 exauditus
1399 1793 1506 1856 est,
1541 1793 1600 1842 et
1627 1788 1856 1843 veniam
1909 1805 2028 1842 me-

382 1881 502 1939 ruit
549 1883 622 1950 (II
670 1881 798 1950 Reg.
844 1895 994 1945 xxxv,
1047 1878 1136 1934 46.
1173 1880 1280 1946 17),
1317 1877 1387 1932 de
1437 1895 1551 1950 quo
1584 1877 1666 1932 ait
1696 1877 1980 1931 Dominus
2014 1892 2028 1930 :

381 1973 572 2028 Inveni
598 1973 780 2026 virum
805 1967 1101 2024 sarundum
1130 1983 1223 2023 cor
1248 1981 1448 2022 meum.
1492 1962 1552 2022 In
1607 1970 1802 2021 monte
1851 1966 2034 2021 Moria

387 2063 666 2135 regnante
696 2055 874 2115 David
899 2057 1140 2112 ﬂorebat
1161 2072 1294 2112 arca
1318 2057 1532 2111 Ornam
1553 2056 1829 2123 Jebuszei,
1853 2071 1886 2110 a
1916 2070 2032 2126 quo

391 2157 448 2208 et
475 2152 600 2223 ipse
630 2148 831 2215 David,
859 2161 1000 2202 cum
1031 2161 1221 2202 emere
1258 2144 1437 2200 voluit
1469 2146 1540 2200 ad
1573 2144 2031 2200 construendum

385 2241 467 2298 ibi
497 2241 738 2295 domum
770 2236 1004 2293 Domini
1036 2235 1096 2290 in
1126 2235 1226 2290 illo
1266 2234 1414 2302 loco,
1447 2238 1796 2289 consecutus
1847 2233 2037 2288 fuerat

382 2347 450 2388 eo
479 2329 636 2402 quod
666 2325 908 2400 angelus
938 2324 1161 2380 Domini
1185 2323 1234 2378 ei
1259 2339 1506 2394 parcens
1539 2327 1596 2377 et
1617 2321 1773 2388 urbi,
1803 2322 1882 2377 ibi
1918 2325 2032 2378 ste-

385 2422 550 2476 terat.
583 2415 741 2472 Emit
769 2413 1028 2488 quidem,
1064 2413 1166 2469 sed
1197 2411 1440 2468 vetitum
1475 2412 1584 2467 fuit
1614 2428 1647 2467 a
1678 2411 2032 2478 Domino,ne

380 2505 800 2564 intromitteret
846 2520 930 2570 se,
961 2502 1100 2575 quia
1154 2501 1242 2556 vir
1289 2500 1595 2574 sanguinis
1625 2505 1766 2567 erat,
1801 2505 1856 2556 et
1901 2500 2032 2556 ideo

381 2611 530 2669 quas
562 2594 634 2650 ad
665 2592 776 2648 hoc
800 2595 1223 2664 praeparaverat
1266 2605 1553 2662 expensas
1584 2588 1880 2644 Salomoni
1913 2589 2034 2644 filio

381 2699 488 2741 suo
517 2680 781 2746 tradidit,
817 2684 1110 2752 quatenus
1161 2679 1297 2735 inde
1346 2679 1585 2734 domum
1617 2677 1864 2733 Domino
1893 2693 2030 2734 con-

380 2774 650 2830 strueret.
708 2768 1038 2825 [Ediﬁcavit
1092 2783 1228 2839 ergo
1271 2784 1370 2822 rex
1417 2767 1689 2822 Salomon
1741 2765 2029 2837 templum

380 2857 630 2917 Domino
657 2857 718 2914 in
744 2855 944 2913 Betbel
976 2861 1034 2912 et
1063 2856 1264 2922 altare,
1291 2856 1446 2928 quod
1469 2854 1774 2910 aedificavit
1803 2853 2029 2910 incom-

379 2948 624 3024 parabili
648 2951 910 3020 sumptu,
938 2950 1140 3018 petens
1171 2945 1325 3017 quod
1358 2944 1694 3017 quicunque
1719 2944 2027 2999 Dominum

379 3037 710 3096 consuleret
745 3037 804 3092 in
843 3052 909 3092 eo
931 3036 1002 3091 de
1023 3050 1376 3106 quocunque
1397 3031 1657 3088 exaudiri
1683 3037 2026 3088 mereretur.

380 3128 540 3194 Quod
573 3141 914 3182 concessum
937 3123 1046 3180 fuit
1067 3123 1116 3178 ei
1137 3139 1170 3178 a
1201 3123 1480 3188 Domino;
1515 3139 1650 3194 ergo
1682 3121 1893 3176 domus
1917 3121 2027 3176 Do-

382 3193 524 3272 mini
557 3213 786 3271 consilii
817 3219 924 3269 est.
961 3212 1108 3268 Illud
1142 3216 1334 3267 autem
1385 3193 1604 3283 postea
1631 3227 1734 3282 pro
1778 3210 2027 3265 inconti-
2057 3193 2102 3262 C
2139 3229 2314 3285 quam
2349 3193 2606 3285 tempore
2634 3213 2774 3267 Jesu
2806 3211 2980 3267 certis
3009 3211 3277 3266 terminis
3310 3193 3803 3270 movere—solebat

380 3306 578 3361 nentia
608 3303 890 3376 principis
906 3307 962 3357 et
985 3301 1184 3374 populi
1207 3300 1548 3372 exspoliavit
1567 3299 2030 3354 Nabuchodono-

381 3410 607 3466 sor,per
626 3390 1392 3461 Nabusardam,principem
1415 3405 1734 3460 coquorum
1760 3405 2024 3455 suorum,

379 3487 640 3554 tempore
687 3480 936 3536 Sedecia:
998 3477 1176 3550 regis,
1235 3477 1550 3549 ipsumque
1610 3477 1904 3548 privatum
1953 3479 2027 3532 ab

380 3572 542 3638 urbe,
558 3567 1054 3640 totumque,quod
1086 3565 1406 3638 pretiosum
1439 3566 1498 3620 in
1531 3565 1669 3631 inde,
1703 3569 1761 3619 et
1791 3565 1850 3620 in
1884 3567 2030 3622 urbe

379 3658 824 3729 fuit,jussitque
867 3654 1206 3728 prasentari
1261 3655 1317 3709 in
1372 3651 1725 3726 Babylonem
1755 3658 1810 3709 et
1842 3669 2027 3728 popu-

377 3745 735 3820 lum;paulo
786 3749 919 3817 post
976 3744 1215 3816 quidem
1269 3743 1492 3798 Pharao
1524 3741 1852 3798 necessario
1876 3748 2024 3798 tem-

377 3837 541 3910 plum
573 3839 632 3892 et
658 3835 862 3890 urbem
893 3831 1120 3889 delevit.
1140 3832 1306 3888 Modo
1332 3849 1464 3887 vero
1487 3831 1716 3886 relatori
1744 3831 2022 3887 auditori-

379 3919 490 4000 que
521 3941 638 3980 non
665 3923 932 3979 videatur
961 3921 1267 3977 taediosum
1301 3921 1411 3975 sub
1443 3921 1658 3992 quibus
1675 3925 1733 3976 et
1757 3921 2033 3992 aquibus

378 4013 792 4070 restructiones
821 4016 878 4067 et
909 4009 1334 4066 destructiones
1356 4008 1800 4082 primi,secundi
1830 4013 1885 4065 et
1918 4013 2031 4064 ter-

377 4101 444 4158 tii
473 4101 677 4173 templi
709 4099 1258 4166 fuerint,enuntiare
1288 4097 1382 4152 hic
1411 4098 1481 4153 de
1504 4097 1772 4170 praesenti
1797 4098 2020 4153 omitto.

380 4189 578 4248 Bethel
607 4191 715 4246 sub
746 4204 862 4262 quo
892 4192 950 4244 et
994 4205 1028 4243 ο.
1077 4203 1192 4260 quo
1241 4186 1502 4260 principe
1546 4187 1884 4243 restitutum
1913 4187 2033 4244 fuit

377 4279 698 4352 ignoratur.
731 4275 977 4342 Quidam
1008 4275 1164 4330 enim
1196 4275 1308 4329 sub
1359 4272 1738 4329 Constantino
1782 4273 2032 4346 impera~

376 4373 499 4424 tore
521 4367 593 4422 ab
616 4365 827 4422 Helena
847 4366 1034 4420 matre
1055 4379 1166 4418 sua
1185 4363 1600 4418 readitlcatum
1625 4361 1814 4416 fuisse
1828 4361 2026 4433 perhi-

376 4459 516 4513 bent
547 4471 650 4528 pro
680 4451 998 4510 reverentia
1030 4451 1306 4508 S.Cru‘cis
1337 4450 1410 4505 ab
1437 4467 1504 4506 ea
1533 4454 1805 4522 repertas;
1831 4445 1928 4504 alii
1951 4452 2030 4505 ab

2128 545 2232 610 xit,
2268 548 2326 599 et
2355 543 2530 616 regiis
2562 543 2732 599 bonis
2763 543 3146 617 amplissimis
3180 545 3290 601 sub
3337 543 3668 601 monachali
3702 560 3788 601 re~

2131 633 2344 706 ligiono
2374 632 2764 705 locupletavit,
2800 635 2954 705 quod
2987 649 3175 706 usque
3205 635 3376 690 modo
3408 633 3486 690 ibi
3511 632 3789 690 solemni~

2130 727 2221 778 ter
2248 727 2572 777 veneratur.
2611 724 2673 776 in
2705 723 2922 794 templo
2955 723 3012 777 in
3052 722 3343 795 Ypopanti
3388 737 3496 778 suo
3543 723 3722 780 Jesus
3754 738 3789 779 a

2133 815 2319 867 matre
2348 827 2455 866 sua
2482 815 2870 883 praesentatus
2901 816 3007 878 est,
3043 816 3099 867 et
3127 817 3395 884 receptus
3426 829 3460 868 a
3491 813 3666 868 beato
3697 812 3786 868 Si-

2133 915 2338 956 meone
2368 900 2594 956 dicente
2629 915 2640 953 :
2677 893 3015 967 O'Domine,
3037 899 3236 956 lumen
3269 902 3551 974 gentium,
3573 906 3630 956 et
3661 901 3789 974 gloa

2133 989 2219 1046 ria
2251 988 2445 1055 Israel,
2475 1004 2624 1044 nunc
2671 988 2903 1044 dimittis
2949 999 3168 1046 servum
3214 997 3389 1055 tuum,
3421 991 3668 1057 Domine,
3699 1005 3788 1046 se-

2131 1077 2371 1134 cundum
2416 1078 2637 1134 verbum
2683 1085 2838 1133 tuum
2888 1080 2948 1134 in
2991 1093 3142 1150 pace,
3195 1081 3328 1151 quia
3357 1080 3624 1154 viderunt.
3639 1079 3793 1136 oculi

2131 1169 2244 1222 mei
2269 1167 2512 1222 salutare
2541 1174 2693 1222 tuum
2724 1167 2875 1235 (Luc.
2912 1181 2972 1234 ιι,
3004 1167 3116 1239 29).
3141 1167 3222 1223 De
3249 1167 3468 1240 templo
3499 1173 3784 1235 ementes,

2133 1262 2192 1311 et
2221 1257 2536 1311 vendentes
2567 1256 2738 1327 ejecit
2767 1256 2946 1323 Deus,
2978 1257 3036 1311 in
3067 1255 3285 1329 templo
3313 1256 3583 1313 liberavit
3613 1258 3786 1314 adul-

2133 1349 2320 1400 teram
2350 1346 2422 1400 ab
2456 1345 2871 1400 accusantibus
2901 1359 3032 1400 eam
3061 1345 3262 1401 dicens
3295 1362 3308 1400 :
3343 1347 3462 1418 Qui
3495 1347 3619 1402 sine
3659 1361 3789 1419 ρεαδ

2133 1441 2252 1489 cato
2281 1441 2358 1489 est
2383 1448 2454 1489 ex
2482 1434 2878 1505 vobiaprimu:
2907 1437 2965 1490 in
2993 1449 3114 1490 eam
3133 1435 3310 1506 faciat
3339 1435 3576 1506 lapidem
3605 1435 3786 1502 (Icari.

2134 1537 2258 1589 vm,
2292 1523 2378 1594 7);
2411 1528 2468 1578 et
2497 1522 2580 1576 illi
2615 1521 2843 1578 mulieri
2875 1519 3023 1578 dixit
3058 1540 3070 1578 :
3106 1523 3320 1590 Mulier,
3353 1524 3486 1580 vade
3528 1526 3592 1579 in
3633 1539 3791 1597 pace,

2127 1612 2250 1684 jam
2277 1611 2518 1683 amplius
2538 1612 2655 1666 noli
2678 1625 2904 1682 peccare
2929 1611 3111 1680 (ibid,
3149 1613 3256 1684 1‘0).
3295 1613 3356 1668 In
3399 1611 3618 1686 templo
3673 1613 3798 1670 lau-

2138 1699 2296 1755 davit
2355 1713 2573 1756 munus
2629 1699 3017 1772 pauperculae,
3064 1701 3220 1772 quod
3276 1701 3334 1756 in
3395 1700 3798 1774 gamphilacia

2140 1789 2500 1861 posuit,quia
2531 1793 2717 1844 totum
2745 1789 2900 1861 quod
2931 1789 3183 1845 habebat
3212 1790 3468 1845 deder-at.
3488 1792 3549 1846 In
3573 1791 3798 1864 templo

2141 1878 2281 1932 dum
2333 1883 2666 1933 moraretur
2687 1877 3035 1945 Jerusalem,
3069 1879 3314 1934 docebat
3358 1879 3613 1948 Judaaos,
3657 1879 3797 1936 licet

2141 1981 2275 2022 eum
2309 1966 2670 2023 somniantes.
2705 1965 2897 2038 Supra
2925 1966 3308 2040 pinnaculum
3340 1967 3541 2041 templi
3584 1969 3795 2024 statuit

2139 2055 2341 2111 Jesum
2373 2055 2644 2111 diabolus
2686 2060 2919 2112 tentans
2967 2071 3126 2124 eum,
3157 2061 3213 2112 et
3242 2056 3445 2113 dicens
3477 2073 3490 2113 :
3521 2059 3592 2114 Si
3617 2059 3800 2114 Filias

2141 2147 2246 2200 Dei
2293 2161 2370 2210 es,
2401 2147 2556 2201 mitte
2601 2153 2651 2200 te
2699 2145 2949 2200 deorsum
2997 2143 3202 2218 (Matth.
3232 2163 3311 2218 iv,
3341 2148 3418 2218 6).
3452 2147 3532 2202 De
3570 2145 3798 2220 templo

2141 2233 2537 2306 precipitatus
2563 2235 2672 2289 fuit
2703 2235 2912 2290 beatus
2939 2233 3456 2307 Jacobus,primus
3471 2235 3589 2291 sub
3602 2237 3802 2308 gratia

2142 2323 2398 2394 pontifex
2444 2323 2502 2378 in
2551 2322 2899 2379 Jerusalem.
2955 2323 3017 2378 In
3063 2319 3281 2396 templo
3316 2325 3654 2380 nuntiatum
3691 2325 3806 2381 fuit

2139 2409 2426 2467 Zachariae
2459 2413 2531 2467 de
2561 2413 2758 2466 ﬂatura
2788 2411 3023 2467 natione
3051 2411 3157 2466 filii
3181 2413 3272 2468 sui
3300 2413 3546 2469 Joannis
3571 2413 3802 2486 Baptis‘

2141 2504 2231 2556 tae.
2266 2502 2422 2556 Inter
2459 2500 2746 2573 templum
2778 2505 2834 2556 et
2871 2500 3054 2556 altare
3083 2499 3400 2558 Zacharias
3425 2501 3586 2558 filius
3616 2503 3800 2559 Bara-

2139 2586 2282 2645 chiae
2333 2594 2556 2662 martyr
2600 2589 2895 2645 occubuit.
2928 2589 3116 2662 Super
3160 2589 3447 2662 templum
3495 2590 3556 2646 in
3595 2591 3802 2648 Veteri

2139 2681 2511 2735 Testamento
2567 2679 2898 2734 sacriﬁcare
2954 2678 3220 2734 solebant
3275 2683 3552 2748 turtures,
3587 2683 3644 2736 et
3695 2695 3800 2737 cev

2137 2767 2392 2833 lumbas,
2425 2768 2580 2840 quod
2611 2785 2646 2823 a
2675 2763 3010 2823 Sarracenis
3040 2772 3243 2840 postea
3276 2773 3568 2824 mutatum
3600 2774 3698 2824 est
3737 2770 3800 2825 in

2137 2857 2503 2929 horologium
2534 2861 2592 2912 et
2620 2856 2812 2912 adhuc
2845 2856 3022 2912 videri
3057 2859 3264 2928 potest.
3297 2857 3405 2912 Per
3451 2853 3804 2930 Speciosam

2138 2951 2362 3018 portam
2398 2945 2600 3018 templi
2633 2945 2924 3001 transiens
2975 2942 3184 3000 Petrus
3229 2955 3362 3000 cum
3411 2945 3638 3002 Joanne
3671 2963 3804 3004 rese

2137 3035 2342 3108 pendit
2370 3034 2584 3108 petenti
2617 3035 2690 3089 ab
2720 3033 2804 3090 eis
2833 3032 3260 3106 eleemosynam
3287 3075 3298 3088 .
3328 3034 3478 3102 Quod
3497 3036 3672 3091 habeo
3694 3035 3803 3092 tibi

2135 3125 2202 3180 do
2231 3127 2366 3192 (Act.
2401 3141 2483 3191 ιιι,
2515 3123 2590 3195 6).
2627 3124 2688 3178 In
2721 3122 3046 3179 Jerusalem
3079 3127 3164 3178 est
3200 3123 3506 3179 Probatica
3536 3123 3795 3196 piscina,

2139 3302 2382 3374 angelus
2438 3300 2690 3368 Domini,
2725 3301 3058 3373 quicunque
3107 3304 3306 3356 autem
3351 3298 3632 3357 inﬁrmus
3659 3308 3802 3374 post

2139 3390 2453 3446 motionem
2487 3407 2648 3462 aqua:
2679 3390 2842 3460 prior
2866 3389 3142 3454 intrabat,
3177 3405 3211 3444 a
3241 3399 3598 3462 quacunque
3642 3392 3802 3447 deti~

2137 3445 2384 3535 nebatur
2415 3445 2754 3535 infirmitate
2791 3479 2990 3534 statim
3040 3445 3219 3534 fiebat
3257 3445 3448 3535 ‘sanus
3470 3445 3800 3551 {probatio
3949 3445 3951 3541 l

2135 3583 2271 3640 ergo
2302 3567 2614 3640 peculiaris
2645 3567 2878 3633 dicitur,
2911 3583 2978 3623 eo
3009 3568 3150 3639 quia
3179 3567 3238 3621 in
3281 3568 3590 3624 sacrificiis
3638 3569 3800 3626 sole-

2135 3657 2276 3712 bant
2320 3656 2455 3712 inde
2503 3655 2662 3713 ablui
2711 3661 2970 3712 extrema
3017 3656 3339 3728 pecudum;
3374 3661 3499 3712 erat
3547 3657 3798 3729 quidem

2134 3747 2314 3802 rubea
2342 3761 2409 3801 ex
2431 3745 2646 3801 hostiis:
2671 3761 2799 3817 qua
2829 3743 2910 3800 ibi
2933 3745 3390 3800 mandabantur.
3413 3748 3559 3801 Ante
3583 3749 3799 3819 proba-

2133 3836 2309 3890 ticam
2342 3834 2628 3906 piscinam
2654 3833 2996 3905 languidam
3019 3830 3248 3889 sanavit
3267 3834 3439 3920 Jesus
3461 3834 3670 3891 dicens
3703 3837 3755 3893 ei
3778 3854 3794 3893 :
3947 3897 3949 3920 Ι

2139 3925 2279 3980 Tolle
2325 3923 2617 3995 grabatum
2673 3931 2848 3989 tuam,
2879 3927 2936 3978 et
2986 3923 3212 3978 ambula
3267 3917 3452 3994 (Marc.
3485 3939 3546 3990 ιι,
3594 3925 3672 3994 9).
3731 3925 3796 3982 In

2139 4012 2334 4065 medio
2355 4011 2680 4065 Jerusalem
2713 4011 2980 4065 excitavit
3008 4009 3268 4065 puellam
3296 4029 3331 4065 a
3360 4015 3546 4065 morte
3575 4012 3790 4065 Jesus:

2134 4012 2334 4068 medio
2355 4011 2680 4068 Jerusalem
2713 4011 2980 4067 excitavit
3008 4009 3268 4082 puellam
3296 4029 3331 4067 a
3360 4015 3546 4068 morte
3575 4012 3790 4082 Jesus;

2134 4101 2244 4156 sub
2275 4099 2608 4157 Salomonis
2639 4099 2800 4172 regia
2826 4099 2886 4154 in
2917 4097 3066 4156 valle
3093 4097 3379 4172 Josapbat
3407 4105 3464 4156 et
3493 4103 3798 4159 astatoria

2133 4189 2305 4257 Siloe,
2338 4190 2410 4244 ad
2461 4205 2639 4262 quam
2692 4201 2914 4244 caecum
2953 4189 3025 4244 ab
3074 4205 3148 4244 eo
3171 4187 3572 4244 illuminatum
3622 4191 3800 4248 misit

2130 4279 2304 4335 Jesus
2337 4283 2402 4334 ut
2430 4277 2649 4333 lavaret
2669 4294 2808 4332 suos
2839 4275 3059 4344 oculos,
3094 4281 3154 4333 et
3177 4277 3382 4333 abiens
3409 4276 3570 4347 lavit,
3603 4284 3676 4335 ste
3707 4280 3798 4335 vi-

2131 4365 2251 4436 dit;
2283 4383 2422 4440 ergo
2451 4366 2603 4422 Siloe
2631 4368 2835 4421 missus
2880 4365 3317 4437 interpretatur,
3350 4365 3523 4434 Siloe,
3576 4381 3792 4424 scem-

2131 4457 2274 4511 dum
2304 4455 2674 4511 traditionem
2705 4455 3094 4526 Tyrerum,ex
3124 4454 3243 4511 Silo
3274 4467 3514 4510 manare
3542 4455 3788 4525 dicitur,

377 4544 649 4602 Heracleo
674 4544 1042 4615 imperatore,
1077 4556 1180 4612 pro
1214 4539 1532 4596 reverentia
1579 4538 1720 4610 ligni
1765 4539 2018 4606 Domini,
2053 4561 2101 4626 Β
2132 4544 2289 4601 Siloe
2316 4545 2426 4600 sub
2457 4541 2690 4600 silentio
2720 4541 3007 4616 gurgitem
3041 4557 3222 4598 suum
3250 4543 3430 4611 ducit,
3463 4543 3607 4616 quia
3648 4547 3796 4602 sub-

376 4635 531 4706 φιοά
561 4633 634 4689 de
664 4631 900 4706 perfidis
928 4631 1159 4687 Perside
1189 4628 1563 4700 triumphans
1585 4627 1894 4694 retulerat;
1919 4627 2026 4683 alii

375 4723 448 4777 ab
481 4720 906 4793 Augustiniano
935 4719 1230 4789 Augusto;
1264 4715 1361 4770 alii
1409 4731 1642 4786 quoque
1683 4732 1716 4769 a
1765 4715 2024 4788 quodam

375 4810 726 4866 admiratore
774 4806 1063 4878 Memphis
1115 4805 1361 4878 Egypti,
1393 4819 1498 4874 pro
1530 4803 1847 4859 reverentia
1882 4804 2022 4860 Al‘a-

374 4899 575 4954 cbiber
603 4895 821 4954 summi
855 4895 1050 4961 Dei,et
1079 4891 1358 4966 quoniam
1386 4893 1457 4946 ad
1482 4891 1675 4962 ipsum
1707 4891 2016 4948 colendum

376 4988 446 5044 ab
479 4986 637 5043 omni
667 4985 870 5058 lingua
891 4982 1266 5038 reverendum
1296 4984 1608 5036 veneratur
1622 4995 1876 5052 praesens
1907 4980 2023 5038 hoc

375 5076 524 5144 loco,
555 5075 620 5130 in
647 5091 762 5146 quo
790 5070 1075 5143 templum
1117 5073 1392 5140 quartum
1440 5068 1808 5141 praedicatur,
1843 5071 2022 5142 cujus;

375 5167 434 5221 in
468 5162 791 5238 penultimo
823 5163 1020 5216 octavo
1052 5157 1381 5213 diieNatalis
1411 5173 1554 5229 puer
1571 5158 1744 5213 Jesus
1773 5159 2022 5214 circum-

374 5256 553 5320 cisus,
587 5253 764 5321 cujus
805 5247 1155 5320 praeputium
1209 5247 1268 5301 in
1317 5245 1638 5302 Jerusalem
1694 5247 1753 5300 in
1798 5247 2018 5319 templo

374 5345 446 5400 de
475 5339 635 5396 ccelis
656 5339 728 5393 ab
758 5335 964 5410 angelo
984 5335 1185 5391 Carolo
1215 5350 1427 5408 magno
1453 5334 1571 5407 regi
1603 5340 2016 5407 przesentatum

374 5430 503 5494 fuit,
529 5432 586 5482 et
616 5426 688 5481 ab
717 5441 784 5480 eo
815 5423 1072 5479 delatum
1097 5424 1154 5478 in
1188 5421 1405 5479 Gallias
1425 5424 1796 5496 Aquisgrani,
1816 5431 2015 5496 postea

372 5516 608 5588 quidem
639 5531 673 5569 a
702 5512 903 5570 Carolo
936 5529 1147 5585 magno
1179 5513 1346 5570 Calvo
1375 5511 1727 5568 translatum
1771 5515 2012 5584 Aquita-

370 5606 478 5663 nia;
509 5603 567 5660 in
597 5618 746 5678 pago
775 5599 1136 5670 Pictaviensi,
1169 5600 1328 5675 apud
1357 5601 1695 5668 Carnotum,
1731 5601 1789 5656 in
1829 5601 2018 5658 eccle-

2129 4637 2484 4688 t‘erraneum.
2519 4632 2696 4687 Juxta
2735 4631 2904 4687 Siloa
2939 4634 3128 4687 exstat
3185 4641 3456 4702 quercus,
3492 4633 3612 4688 sub
3667 4647 3791 4706 qua

2129 4721 2192 4777 Βι.
2227 4721 2408 4778 Isaias
2439 4719 2767 4792 requiescit.
2795 4720 2862 4774 In
2887 4718 3034 4774 valle
3063 4719 3351 4791 Josaphat
3379 4720 3648 4792 sepultus
3675 4723 3794 4778 fuit

2130 4811 2186 4866 Β.
2219 4809 2493 4876 Jacobus,
2525 4809 2659 4864 inde
2706 4807 3036 4865 translatus
3077 4808 3667 4882 Constantinopolim.
3718 4817 3794 4868 In-

2125 4895 2584 4970 valle-Josaphat
2607 4897 2718 4952 sub
2749 4900 2923 4951 acuta
2947 4897 3248 4968 pyramide
3279 4905 3378 4953 rex
3419 4895 3578 4954 idem
3609 4900 3792 4957 ἔδεεν

2125 4987 2267 5060 pint
2287 4987 2446 5057 jacet
2476 4983 3046 5057 sepultus.Secund'o
3075 4985 3350 5042 milliaria
3382 5001 3416 5042 a
3443 4986 3790 5045 Jerusalem!

2122 5076 2234 5142 via,
2269 5091 2395 5147 quae
2428 5073 2592 5130 ducit
2621 5073 2836 5129 Sichen
2862 5077 2952 5129 est
2981 5085 3152 5130 mons
3183 5072 3464 5143 Gabaath,
3505 5073 3570 5130 in
3615 5077 3779 5133 tribu

2127 5163 2447 5233 Benjamin.
2465 5161 2736 5218 Milliario
2765 5160 3144 5218 aJerusalem
3173 5162 3236 5218 lnI
3265 5163 3538 5219 ascribito
3553 5165 3788 5220 montis

2126 5251 2328 5307 Oliveti
2377 5255 2466 5306 est
2509 5265 2680 5306 mons
2725 5247 3094 5317 Offensionis,
3127 5255 3189 5306 et
3213 5251 3534 5308 centinuus
3573 5255 3776 5308 contra

2123 5339 2534 5413 Asphaltitem.

2195 5428 2473 5484 Bethania
2503 5425 2855 5482 col‘lateralis
2903 5431 2994 5483 est
3038 5427 3222 5483 monti
3269 5427 3473 5484 Oli-vati
3513 5433 3572 5484 et
3604 5441 3784 5486 mons

2123 5515 2470 5572 Ot'fensionis
2501 5519 2590 5571 est
2633 5515 2967 5572 continuus.
3002 5511 3216 5572 Dividit
3261 5521 3455 5573 autem
3505 5526 3620 5574 eds!
3656 5519 3776 5584 vis,

2121 5621 2248 5675 quae
2279 5604 2352 5660 de
2377 5602 2664 5676 Josaphat
2691 5601 2862 5660 ducit
2899 5615 3007 5676 per
3045 5604 3408 5678 Bethphaye.
3442 5601 3658 5662 Dictus
3680 5609 3782 5662 est
