3992 6090
473 269 624 340 1051
972 271 1076 338 ΑΙ)
1121 272 1634 339 GODEFBIDUM
1675 276 2014 340 APPEND.
2059 274 2107 339 Il

2216 309 2248 322 -
2275 271 2585 342 MONUM.
2632 277 2734 340 DE
2775 277 3025 342 BELLO
3068 276 3346 344 SACRO.
3686 281 3814 347 1052

470 410 634 470 stolis
664 408 894 483 sepulta
924 408 1203 477 fuit,inde
1227 427 1259 466 a
1282 409 1422 466 Filio
1448 427 1554 466 suo
1585 427 1761 484 super
1787 411 1995 468 choros
2009 428 2107 468 an-
2139 411 2190 480 Α
2221 410 2492 469 diabolus
2537 413 2749 470 iterum
2796 414 3000 471 Jesum
3049 414 3292 471 tentavit
3326 415 3625 472 ostendens
3649 419 3815 476 omnia

468 501 734 576 geloeum
766 499 1034 556 exaltata.
1053 499 1244 554 Monte
1265 499 1401 556 Sion
1426 499 1598 554 David
1623 517 1718 555 rex
1739 504 1796 556 et
1815 500 2110 572 Salomon,
2223 519 2400 574 regna
2432 502 2657 568 mundi,
2691 507 2748 558 et
2775 502 3047 576 inquiens
3073 521 3084 559 :
3118 503 3182 559 Si
3208 503 3402 560 cadens
3431 504 3716 563 adoraveris
3729 525 3812 576 me,

469 597 528 650 et
558 590 652 646 alii
687 606 852 662 reges
882 588 1206 644 Jerusalem
1239 587 1448 661 sepulti
1471 589 1963 660 quiescunt.Ante
1987 607 2112 662 por-
2221 593 2340 649 haec
2385 594 2571 648 omnia
2619 593 2726 648 tibi
2780 593 2916 648 dabo
2964 593 3120 660 (tbid,
3152 594 3228 661 9).
3263 593 3384 648 Sub
3423 596 3721 652 Carentena
3747 602 3817 653 est

468 685 590 737 tam
615 678 939 736 Jerusalem
971 694 1097 749 quae
1129 677 1366 749 respicit
1392 694 1685 744 occasum,
1708 695 1824 750 qua
1851 695 1920 734 ex
1951 683 2113 750 parte
2222 681 2400 738 fontis
2433 681 2591 736 illius
2624 681 2869 748 rivulus,
2903 699 3075 754 quem
3107 683 3316 738 beatus
3351 682 3570 738 Eliseus
3597 684 3712 754 ejus
3738 703 3810 740 sa-

469 769 715 826 liberata
761 767 902 822 urbs
951 767 1060 821 sub
1111 766 1367 821 secundo
1423 765 1600 821 Israel
1649 766 1803 821 saxis
1862 768 2112 824 obrutus
2221 776 2359 826 nata
2387 769 2693 827 sterilitate
2721 772 2791 826 de
2821 788 3021 827 amara
3049 771 3366 844 potabilem
3411 771 3667 827 reddidit.
3695 775 3814 830 Ante

468 858 675 914 beatus
704 855 1034 928 Stephanus
1074 853 1227 920 inter
1268 855 1670 920 Nicodemum,
1703 860 1760 910 et
1806 856 2014 911 Abilon
2057 861 2113 911 et

468 945 866 1009 Gamalielem,
916 948 1116 1014 postea
1162 942 1747 1015 ConstantinOpolim,
1802 945 1994 999 Romen
2039 945 2109 1000 ad

466 1035 742 1092 ultimum
791 1034 852 1091 B.
883 1031 1192 1088 Laurentio
1243 1032 1702 1088 contumulatus.
1742 1033 1896 1088 unde
1945 1039 2002 1088 et
2051 1033 2108 1088 in

465 1124 694 1182 tumulo
728 1140 741 1179 :

661 1215 828 1282 Quem
855 1213 988 1268 Sion
1016 1211 1211 1267 occidit
1237 1213 1392 1266 nobis
1425 1213 1694 1283 Byzantia
1720 1213 1890 1267 misit.

459 1305 608 1360 Ante
641 1305 864 1375 portam
899 1299 1246 1365 Jerusalem,
1269 1300 1440 1371 juxta
1470 1299 1663 1355 lacum
1717 1300 1816 1371 qui
1868 1299 2107 1373 respicit

461 1391 784 1448 meridiem.
817 1408 990 1445 cavea
1025 1389 1118 1443 illa
1150 1389 1208 1443 in
1241 1405 1358 1460 qua
1389 1388 1478 1443 leo
1509 1389 1752 1460 quidam
1795 1389 1972 1459 jussu
2007 1388 2108 1444 Dei

461 1480 879 1553 omnipotentis
909 1484 1230 1551 martyrum
1263 1477 1379 1532 fere
1417 1476 1726 1532 duodecim
1770 1476 1954 1532 millia
1997 1477 2109 1533 sub

462 1570 673 1627 Cosroe
705 1572 1006 1641 perempta
1035 1584 1152 1622 una
1184 1566 1243 1621 in
1275 1571 1442 1622 nocte
1474 1565 1700 1635 detulit,
1727 1565 1881 1620 unde
1913 1582 2112 1621 carna-

461 1676 594 1716 rum
630 1658 840 1714 Leonis
869 1657 1105 1712 dicitur.

533 1750 702 1805 Sexto
747 1745 1096 1846 milliariqra
1122 1743 1455 1846 Jerusalem
1505 1743 1597 1846 via
1645 1761 1778 1846 quae.
1803 1745 1966 1844 ducit
1997 1745 2106 1800 Ra-
2137 1780 2186 1846 Β

458 1839 659 1895 matha
687 1840 778 1892 est
808 1852 978 1891 mons
1008 1833 1226 1899 Modin,
1259 1850 1327 1889 ex
1374 1849 1490 1906 quo
1538 1832 1894 1889 Mathatbias
1945 1837 2110 1905 pater

461 1927 946 1990 Machabeorum,
979 1923 1038 1978 in
1069 1939 1184 1995 quo
1214 1921 1425 1994 sepulti
1474 1922 1870 1993 requiescunt,
1903 1939 2106 1978 eorum

461 2014 882 2091 apparentibus
912 2011 1159 2068 tumulis
1189 2011 1401 2067 adhuc.
1421 2010 1632 2067 Octavo
1665 2010 2108 2067 milliarioaMo-

461 2105 562 2162 din
594 2105 652 2160 in
673 2102 769 2160 via
793 2119 920 2174 quae
943 2099 1103 2156 ducit
1122 2100 1347 2172 Joppen
1377 2098 1579 2169 Lidda,
1599 2116 1725 2171 qua:
1747 2103 1804 2154 et
1824 2098 2102 2171 Diopolis,

460 2194 521 2250 in
553 2209 669 2266 quo
690 2193 752 2248 Β.
783 2188 1044 2262 Gregorii
1074 2205 1286 2260 corpus
1318 2187 1611 2262 sepultum
1645 2187 1825 2244 fuisse
1859 2187 2104 2244 manife-

461 2286 668 2342 statur.
702 2277 970 2336 Milliario
1000 2295 1035 2334 a
1064 2275 1369 2346 Ramatha,
1402 2280 1608 2348 quarto
1642 2275 1915 2332 milliario
1947 2293 1981 2332 a
2007 2277 2107 2332 Be-

460 2370 720 2429 thlehem
768 2367 1004 2424 Thecua
1051 2364 1354 2439 oppidum,
1389 2382 1457 2421 ex
1507 2381 1620 2437 quo
1657 2367 1864 2432 Amon,
1899 2365 2019 2438 qui,
2049 2369 2107 2422 et

459 2459 541 2526 ibi
573 2457 837 2531 sepultus
869 2455 1364 2528 quiescit.Quarto
1387 2453 1660 2510 milliario
1693 2471 1727 2508 a
1755 2453 2104 2521 Jerusalem,

461 2553 664 2610 contra
692 2550 984 2611 austrum,
1016 2543 1295 2617 oppidum
1337 2539 1478 2598 illud
1528 2542 1586 2597 in
1618 2559 1734 2614 quo
1766 2543 2105 2599 morabatur

458 2636 765 2696 Zacharias
795 2639 938 2692 tunc
968 2631 1268 2705 temporis,
1293 2648 1471 2704 quam
1505 2630 1686 2686 Maria
1719 2636 1907 2687 mater
1962 2632 2102 2689 Jesu

461 2727 746 2786 festinans
767 2726 892 2796 jam
923 2722 1151 2778 habens
1179 2723 1239 2776 in
1272 2725 1437 2776 utero
1471 2720 1682 2776 Filium
1713 2721 1813 2777 Dei
1847 2721 2002 2776 venit
2029 2722 2102 2777 ad

461 2815 833 2874 salutandam
864 2807 1159 2868 Elisabeth
1193 2814 1499 2882 cognatam
1530 2826 1720 2874 suam,
1746 2811 1872 2881 jam
1912 2810 2104 2882 gravi-

460 2907 599 2964 dam
630 2904 700 2960 de
723 2903 948 2961 Joanne
982 2899 1102 2956 lilio
1131 2915 1261 2967 suo,
1283 2915 1459 2971 quem
1491 2903 1548 2955 et
1575 2897 1654 2954 ibi
1688 2903 1890 2954 natum
1922 2899 2104 2956 fuisse

461 2993 789 3070 perhibent.

530 3081 763 3140 Decimo
791 3079 961 3136 tertio
1005 3077 1282 3135 milliario
1312 3095 1347 3133 θ.
1374 3076 1700 3134 Jerusalem
1750 3080 1954 3134 contra
2000 3077 2102 3133 bo-

2217 859 2448 916 Jericbo
2480 877 2648 917 secus
2677 860 2831 916 viam
2863 859 3024 916 stetit
3053 876 3240 916 cacus
3271 859 3570 915 mendicus
3613 862 3818 918 audiens

2218 949 2358 1020 quia
2383 951 2552 1005 Jesus
2584 949 2878 1016 transiret,
2913 949 3177 1005 clamans
3207 966 3220 1004 :
3251 951 3379 1006 Jesu
3405 951 3490 1020 ﬁli
3519 950 3698 1014 David,
3732 954 3816 1006 mi-

2217 1055 2393 1094 serere
2417 1041 2529 1094 mei
2559 1038 2707 1110 (Luc.
2739 1055 2898 1105 xvm,
2929 1038 3041 1108 38),
3075 1038 3146 1093 ab
3178 1054 3244 1094 eo
3277 1037 3588 1093 illuminari
3637 1039 3814 1094 meruit

2220 1131 2340 1182 tam
2376 1127 2630 1183 exterius
2661 1144 2838 1200 quam
2868 1125 3133 1182 interius.
3152 1126 3344 1182 Tertio
3368 1125 3556 1198 lapide
3576 1126 3814 1182 aJericho

2218 1217 2449 1271 duobus
2472 1214 2820 1272 milliaribus
2850 1232 2884 1271 a
2911 1215 3165 1271 Jordane
3181 1220 3272 1271 est
3297 1213 3585 1286 Bethagla,
3601 1215 3814 1287 quodin-

2218 1309 2574 1377 terpretatur
2602 1306 2748 1361 locus
2769 1307 2915 1376 gyri,
2949 1321 3016 1361 eo
3047 1304 3188 1376 quia
3218 1304 3297 1359 ibi
3329 1303 3708 1376 plangentium
3727 1302 3812 1360 cir-

2218 1395 2480 1450 cuissent
2511 1395 2714 1450 funera
2743 1393 2924 1450 Jacob
2952 1393 3055 1449 ﬁlii
3073 1395 3202 1464 ejus
3218 1409 3478 1466 gensque
3499 1409 3602 1448 sua
3615 1393 3816 1448 referen-

2218 1488 2305 1538 tes
2333 1483 2603 1539 eumdem
2637 1499 2704 1538 ex
2734 1483 2975 1555 Egypto
3008 1482 3068 1536 in
3101 1481 3351 1537 Hebron.

2289 1571 2551 1644 Engaddi
2584 1571 2643 1626 in
2677 1570 2833 1626 tribu
2865 1571 3020 1626 Juda
3050 1570 3150 1626 ubi
3182 1570 3490 1625 abscondit
3519 1587 3577 1626 se
3608 1570 3756 1626 David
3771 1570 3815 1625 in

2218 1660 2557 1729 solitudine,
2593 1678 2718 1734 quae
2751 1666 2839 1717 est
2868 1660 2926 1716 in
2959 1660 3183 1716 Aulone
3230 1660 3486 1727 Jericho,
3519 1659 3620 1716 hoc
3663 1664 3739 1716 est
3772 1661 3817 1715 in

2220 1751 2456 1824 regione
2486 1749 2589 1806 illa
2617 1748 2954 1821 campestri,
2978 1750 3049 1805 de
3081 1767 3200 1822 qua
3227 1765 3413 1822 supra
3441 1749 3718 1816 diximus;
3742 1765 3820 1804 vo-

2215 1843 2380 1896 catus
2403 1838 2581 1894 Vicus
2611 1838 2951 1911 pergrandis
2981 1838 3340 1905 Judaorum,
3372 1838 3628 1911 Engaddi
3673 1838 3811 1908 juxta

2217 1944 2378 1984 mare
2404 1928 2722 1993 Mortuum,
2745 1928 2900 1983 unde
2930 1926 3339 2001 pobalsamum
3363 1927 3555 1983 afferri
3575 1925 3766 1982 solebat
3777 1935 3820 1980 et

2216 2016 2378 2082 oriri,
2412 2015 2566 2072 unde
2597 2020 2656 2071 et
2683 2016 2862 2071 vineae
2895 2014 3156 2088 Engaddi
3186 2019 3616 2087 nuncupantur.
3645 2014 3816 2070 Octavo

2217 2104 2488 2160 milliario
2521 2121 2556 2159 a
2585 2103 2868 2160 Nazareth
2901 2108 3105 2159 contra
3151 2103 3487 2159 Carmelum
3533 2107 3616 2160 est
3657 2119 3813 2170 mons,

2215 2193 2286 2249 ad
2319 2193 2573 2250 radicem
2604 2193 2775 2264 cujus
2797 2193 2969 2264 juxta
2997 2193 3237 2259 fontem,
3272 2193 3522 2249 Lamech
3553 2197 3701 2265 pater
3724 2192 3815 2248 Noe

2215 2281 2426 2355 sagitta
2455 2299 2564 2338 sua
2583 2281 2830 2354 peremit
2845 2281 3007 2348 Cain,
3021 2298 3279 2354 arcuque
3301 2298 3412 2338 suo
3433 2282 3632 2338 ducem
3650 2297 3812 2345 suum,

2213 2372 2370 2427 unde
2401 2371 2594 2426 furore
2625 2369 2882 2442 repletus
2921 2371 3048 2438 ait;
3097 2369 3283 2426 Occidi
3323 2373 3509 2426 virum
3553 2372 3608 2426 in
3649 2369 3811 2424 vulnus

2211 2477 2414 2528 meum,
2446 2468 2496 2515 et
2525 2460 2987 2515 adolescentulum
3034 2461 3093 2514 in
3137 2459 3364 2517 livorem
3410 2476 3588 2515 meum
3612 2459 3726 2527 (Gen
3751 2473 3810 2524 iv,

2211 2551 2324 2618 23).
2357 2549 2437 2604 De
2469 2548 2608 2604 Cein
2637 2563 2771 2603 vero
2804 2546 3089 2604 Dominus
3119 2548 3470 2620 praedixerat
3497 2565 3510 2604 :
3543 2549 3712 2605 Omnis
3738 2547 3815 2617 qui

2211 2637 2468 2694 occiderit
2495 2637 2651 2702 Cain,
2683 2638 2991 2709 septuplum
3008 2638 3270 2710 punietur
3299 2637 3484 2708 (ibid.,
3520 2638 3619 2706 15).
3651 2633 3812 2691 Tertio

2214 2725 2486 2782 milliario
2517 2743 2551 2781 a
2579 2725 2742 2781 Caim
2774 2729 2972 2781 monte
3003 2742 3173 2781 mons
3211 2725 3487 2792 Barmeli,
3519 2742 3587 2780 ne
3631 2740 3731 2796 quo
3768 2722 3816 2776 in

2217 2814 2471 2871 Canticis
2504 2832 2517 2870 :
2555 2815 2766 2871 Collum
2815 2823 2973 2870 tuum
3017 2821 3080 2871 ut
3125 2814 3410 2871 Carmelus
3442 2815 3612 2887 (Cant.
3641 2830 3727 2880 vn,
3755 2813 3815 2881 5),

2213 2905 2276 2961 in
2305 2921 2420 2977 quo
2468 2908 2526 2960 et
2574 2902 2828 2959 multum
2869 2904 3150 2976 temporis
3195 2903 3526 2960 conversari
3565 2901 3730 2959 voluit
3766 2904 3814 2954 B.

2211 2990 2386 3060 Elias,
2420 2990 2665 3062 ejusque
2695 2989 3019 3062 discipulus
3050 3006 3187 3046 cum
3217 3007 3282 3046 eo
3315 2991 3380 3046 B.
3414 2990 3649 3046 Eliseus.
3679 2988 3817 3044 Sexto

2213 3078 2485 3136 milliario
2516 3096 2551 3134 a
2579 3078 2861 3136 Nazareth
2893 3082 3098 3134 contra
3126 3095 3279 3152 genu
3309 3083 3403 3135 est
3431 3078 3589 3136 locus
3625 3077 3678 3132 in
3727 3091 3818 3148 quo

459 3188 641 3238 ream,
673 3174 762 3227 est
789 3168 1041 3236 Jericbo,
1073 3185 1144 3224 ex
1171 3184 1290 3240 qua
1321 3166 1477 3222 Raab
1510 3165 1781 3222 meretrix
1811 3165 2108 3238 hospitata
2135 3147 2179 3214 ο
2211 3167 2362 3224 Jehu
2389 3185 2488 3224 rex
2535 3166 2712 3224 Israel
2765 3168 3054 3239 percussit
3083 3147 3398 3224 0cboziam
3425 3184 3614 3233 regem
3652 3147 3806 3222 Juda.

461 3265 551 3321 est
580 3263 832 3333 quatuor
861 3256 1254 3331 exploratores
1277 3255 1530 3310 liliorum
1553 3253 1816 3322 Israel,et
1834 3255 2100 3321 coenavit,

461 3349 619 3418 fovit,
654 3352 710 3404 et
735 3346 910 3420 pavit,
943 3362 1013 3401 ex
1041 3362 1158 3418 qua
1186 3349 1243 3400 et
1259 3343 1796 3412 Zachmus,statura
1828 3342 2098 3414 pusillus,

462 3438 706 3496 audiens
722 3436 926 3492 Jesum
949 3438 1147 3505 partes
1171 3432 1301 3488 illas
1321 3430 1819 3498 deambulantem,
1836 3432 2106 3503 Sycomo-

461 3543 591 3584 rum
623 3525 889 3580 arborem
920 3521 1208 3589 ascendit,
1238 3525 1303 3574 ut
1332 3519 1516 3574 Deum
1548 3519 1784 3586 videret,
1804 3527 1860 3574 et
1887 3536 2020 3574 cum
2038 3537 2104 3575 eo

460 3615 816 3687 loqueretur,
852 3627 913 3666 se
935 3609 1213 3680 judicans
1242 3613 1299 3663 et
1329 3613 1531 3680 petens
1561 3607 1886 3677 veniam,ex
1907 3626 2022 3682 qua
2049 3613 2107 3664 et

462 3700 645 3776 pueri,
681 3699 781 3773 qui
815 3704 876 3754 Β.
909 3697 1170 3754 Eliseum
1217 3695 1641 3768 Jerosolymam
1693 3697 2104 3753 ascendentem

462 3791 793 3846 deriserunt
837 3786 1228 3844 exclamantes
1271 3801 1283 3840 :
1327 3784 1580 3851 Ascende,
1634 3786 1806 3855 calve,
1857 3787 2101 3854 ascende,

461 3880 611 3936 calve
641 3879 737 3946 (IV
767 3879 893 3949 Reg.
927 3894 985 3944 ιι,
1016 3876 1128 3943 33).
1162 3875 1427 3932 Secundo
1466 3873 1660 3946 lapide
1691 3891 1725 3930 a
1752 3874 1983 3930 Jericbo
2031 3876 2102 3930 ad

461 3969 762 4025 sinistram
795 3970 884 4022 est
911 3965 1233 4032 desertum,
1253 3963 1406 4036 quod
1439 3962 1763 4018 Carentena
1792 3963 2024 4030 dicitur,
2043 3964 2102 4018 in

464 4074 580 4130 quo
609 4056 782 4112 Jesus
813 4052 1204 4126 quadraginta
1234 4051 1463 4107 dierum
1495 4051 1682 4123 spatio
1716 4052 1960 4108 totidem
2001 4070 2104 4108 no-

463 4145 645 4204 ctium
669 4143 965 4216 jejunium
997 4141 1335 4214 complevit;
1359 4157 1611 4213 eumque
1640 4139 1720 4195 ibi
1748 4141 2104 4197 esurientem

463 4238 699 4290 tentans
743 4230 1013 4287 diabolus
1043 4230 1232 4284 dixit:
1265 4231 1364 4286 Dic
1417 4237 1477 4284 ut
1525 4229 1733 4301 lapides
1799 4231 1894 4285 isti
1933 4246 2105 4302 panes

462 4324 600 4396 ﬁant
663 4320 870 4390 (Matth,
915 4321 994 4389 3).
1045 4318 1312 4375 Secundo
1383 4316 1654 4373 milliario
1701 4335 1735 4372 a
1785 4321 2105 4381 Carentena

465 4414 669 4470 contra
713 4407 1031 4466 Gallilaaam
1075 4411 1164 4462 est
1211 4423 1381 4462 mons
1425 4404 1711 4472 excelsus,
1743 4405 1802 4460 in
1854 4423 1968 4478 quo
2005 4406 2104 4463 ille

2211 3257 2380 3313 Sexto
2411 3256 2638 3312 decimo
2672 3255 2944 3311 milliario
2974 3273 3010 3311 a
3038 3255 3322 3312 Nazareth
3346 3261 3554 3313 contra
3571 3255 3818 3312 orientem

2214 3362 2394 3416 supra
2422 3361 2581 3400 mare
2612 3343 2858 3400 Catilinae
2885 3349 2980 3401 est
3008 3346 3291 3417 Gergessa
3319 3344 3549 3402 viculus
3595 3344 3699 3410 ille,
3728 3356 3818 3413 quo

2211 3433 2486 3489 Salvator
2514 3449 2612 3489 eos
2643 3433 2741 3504 qui
2777 3450 2810 3488 a
2841 3433 3205 3488 daemonibus
3235 3435 3597 3490 vexabantur
3625 3427 3822 3488 sanitati

2213 3523 2470 3580 restituit
2505 3539 2573 3578 ex
2605 3527 2816 3594 quo,et
2847 3521 2906 3577 in
2940 3521 3088 3577 mari
3119 3521 3276 3594 porci
3307 3521 3686 3595 praecipitium
3708 3517 3819 3575 sub-

2211 3612 2349 3668 iere.
2383 3613 2553 3668 Sexto
2586 3611 2810 3666 decimo
2831 3610 3103 3666 milliario
3133 3628 3168 3666 a
3197 3614 3398 3667 monte
3427 3609 3666 3666 Carmeli
3699 3607 3824 3662 intra

2211 3699 2518 3756 meridiem
2551 3703 2640 3754 est
2657 3699 2933 3754 Caesarea
2954 3697 3252 3754 Palestina
3277 3698 3633 3772 metropolis,
3650 3714 3711 3753 ex
3728 3699 3821 3768 qua

2211 3788 2324 3843 fuit
2347 3785 2651 3843 Cornelius
2683 3785 2967 3854 centurio,
3002 3802 3178 3860 quem
3221 3786 3282 3842 in
3330 3804 3400 3844 ea
3443 3784 3734 3860 baptizavit
3769 3783 3818 3839 Β.

2212 3881 2438 3943 Petrus,
2470 3880 2527 3930 et
2575 3875 2791 3930 creavit
2838 3875 2898 3930 in
2947 3875 3309 3948 episcopum,
3343 3875 3404 3930 in
3453 3893 3568 3948 qua
3596 3879 3649 3930 et
3674 3871 3820 3928 turris

2213 3965 2522 4032 Stratonis,
2559 3963 2617 4018 in
2648 3981 2764 4036 qua
2797 3968 2855 4020 et
2884 3964 3140 4034 Herodes
3169 3969 3374 4020 contra
3403 3965 3703 4021 adventum
3721 3967 3819 4014 Au-

2212 4052 2366 4126 gusti
2399 4051 2641 4108 Caasaris
2669 4053 2997 4108 construxit
3026 4051 3158 4109 albo
3187 4053 3258 4109 de
3289 4070 3582 4110 marmore
3602 4055 3817 4125 portum,

2212 4139 2336 4213 ipse
2355 4139 2510 4196 idem
2537 4140 3034 4209 Herodesturrim,
3060 4157 3188 4213 qua:
3215 4141 3638 4214 Jerosolymam
3659 4153 3819 4210 supcr-

2211 4231 2451 4296 eminet,
2484 4247 2610 4302 quae
2651 4233 2708 4286 et
2756 4230 2936 4285 turris
2967 4229 3144 4285 David
3187 4229 3423 4298 dicitur,
3467 4229 3707 4301 Josepho
3756 4230 3821 4281 te-

2213 4323 2423 4386 stante,
2459 4317 2779 4386 fabricavit,
2813 4322 2872 4374 et
2902 4334 3031 4375 eam
3061 4317 3372 4374 Antoniam
3405 4317 3642 4375 vocavit.

535 4545 734 4601 Statim
758 4551 879 4614 post
908 4542 1007 4599 hoc
1035 4543 1357 4614 apuscutum
1401 4539 1705 4614 cardinalis
1757 4541 2081 4614 Aragonius,
2114 4558 2210 4597 seu
2253 4544 2393 4612 forte
2447 4541 2590 4596 idem
2626 4540 2890 4614 Fretellus
2913 4540 3156 4614 ejusdem
3184 4543 3379 4614 scripti
3405 4549 3614 4614 auctor,
3631 4533 3822 4614 subjecit

463 4617 691 4672 nomina
731 4611 1035 4686 episcorum
1062 4611 1177 4686 fqui
1223 4614 1282 4666 in
1328 4612 1675 4686 Jerosolyma
1706 4612 1876 4686 sacris
1917 4611 2284 4686 pra/iterant.
2316 4614 2594 4686 Desinant
2641 4613 2700 4667 in
2747 4611 3029 4686 Amutplio
3075 4614 3269 4686 Latino
3292 4611 3622 4686 patriarcha
3647 4611 3822 4666 Jeroso-

465 4682 771 4756 lymitanof
785 4687 881 4756 qui
906 4682 1109 4756 saeculo
1138 4701 1239 4738 xm
1267 4682 1511 4756 nondum
1540 4683 1805 4737 inclinato
1835 4682 2046 4754 infulas
2075 4685 2205 4739 illas
2234 4683 2480 4740 habebat.
2505 4684 2632 4740 Hac
2657 4682 3062 4754 ergonamina,
3095 4684 3242 4740 velut
3278 4682 3628 4756 appendieem
3660 4692 3822 4750 quam-

535 4775 590 4812 m
619 4755 805 4812 libello
838 4755 1173 4828 praecedenti
1199 4755 1450 4826 subjicio.

465 4855 777 4928 Sequuntur
821 4855 1050 4909 nomina
1094 4853 1465 4928 episcoporum
1491 4851 1588 4928 qui
1610 4851 1838 4920 fuerunt
1869 4851 1928 4905 in
1953 4853 2113 4928 Jeru-
2141 4855 2189 4918 D
2219 4851 2361 4908 scha
2388 4868 2549 4907 more
2598 4851 3084 4908 Christianorum.
3117 4851 3466 4924 Symachus,
3501 4851 3682 4921 Cujus,
3709 4846 3820 4902 Ger-

538 4919 710 4982 Sa-lem
770 4933 1061 4996 antequam
1116 4919 1283 4978 essef
1307 4919 1736 4993 patriarchatus,
1803 4937 1928 4993 quae
1983 4927 2111 4994 fue-

481 5017 486 5024 ‘
538 5006 670 5053 runt
699 5013 855 5052 xuii.

541 5118 810 5192 Episcopi
841 5115 1311 5188 Jerosolymitani
1339 5115 1594 5171 Jacobus
1635 5114 1813 5170 frater
1856 5115 2106 5184 Domini,

471 5209 671 5268 Simon
733 5207 959 5282 Justus,
1009 5203 1372 5270 Zaccharias,
1437 5202 1712 5269 Thobias,
1784 5203 2108 5275 Benjamin,

467 5299 745 5363 Joannes,
780 5293 1111 5352 Mathatias.
1139 5291 1466 5364 Philippus,
1485 5291 2112 5356 Seneca,Justus,Levi

470 5384 683 5451 Etl‘ren,
704 5381 1106 5449 Jesse,Judas.
1143 5379 1242 5436 Isti
1273 5380 1608 5452 quindecim
1641 5379 1972 5436 circumcisi
1998 5380 2114 5435 fue-

356 5502 367 5512 -
467 5475 628 5528 runt.
662 5469 998 5538 Cassianus,
1030 5468 1297 5537 Publius,
1329 5467 1638 5537 Maximus,
1671 5468 1964 5538 Julianus,
2001 5468 2112 5524 Ga-

471 5573 623 5618 mus.
659 5561 773 5618 Iste
802 5557 964 5632 prius
997 5556 1309 5618 celebravit
1337 5556 1884 5633 quadragesimam,
1916 5561 1975 5615 et
2004 5556 2114 5614 Pa-

2220 4957 2453 5008 manus,
2487 4939 2780 5006 Julianus,
2813 4939 3035 5012 Capito,
3069 4939 3379 5006 Maximus,
3411 4937 3706 5003 Antonius,
3731 4931 3822 4986 Va-

2218 5028 2366 5096 lens,
2383 5028 2728 5101 Laycianus,
2748 5028 3060 5085 Narcissus
3090 5029 3244 5100 pius,
3259 5027 3513 5085 Tardius
3527 5025 3816 5084 Narcissus.

2218 5116 2562 5185 Alexander,
2608 5115 2968 5174 Maxalemus
3011 5117 3438 5184 Nihirmentus,
3470 5113 3678 5181 Taldis,
3706 5113 3820 5166 Her-

2221 5220 2380 5270 mon,
2414 5203 2767 5260 Macharius.
2785 5205 2847 5261 In
2880 5209 3140 5278 tempore
3169 5205 3338 5276 cujus
3359 5204 3512 5260 Crux
3541 5196 3751 5258 Domini
3764 5194 3820 5250 ab

2221 5291 2397 5348 Elena
2431 5292 2650 5365 Regina
2681 5293 2792 5349 fuit
2822 5293 3416 5358 invcnta.0uiriacus,
3449 5290 3739 5352 Maximus,
3753 5281 3820 5338 Ci-

2221 5379 2410 5436 rillus.
2445 5381 2557 5437 Iste
2587 5382 2880 5438 contraxit
2909 5381 3102 5437 locum
3134 5380 3422 5437 Dominici
3452 5373 3751 5452 Sepulchri,
3777 5373 3820 5426 et

2222 5465 2516 5536 Calvariea,
2549 5474 2608 5526 et
2636 5470 2850 5527 Montis
2884 5469 3112 5536 Oliveti,
3142 5473 3200 5526 et
3243 5467 3428 5526 Vallis
3471 5464 3750 5538 Josaphat,
3777 5462 3821 5514 et

2224 5555 2558 5615 Bethehem.
