3992 6090
377 307 538 396 lose

885 332 989 395 AD
1033 327 1546 397 GODEFRIDUM
1591 331 1928 395 APPEND.
1977 332 2055 395 II.
2090 365 2167 379 —
2196 329 2509 396 MONUM.
2554 330 2656 394 DE
2699 329 2951 396 BELLO
2994 331 3267 396 SACRO.

3625 328 3784 392 1060

378 462 746 522 terebinthus
771 463 873 521 illa
901 467 992 522 est
1021 465 1130 522 sub
1159 482 1278 538 qua
1305 465 1483 523 Jacob
1515 465 1821 522 abscondit
1868 463 2024 522 idola
2053 465 2105 531 Α
2136 463 2300 520 liario
2357 483 2392 521 a
2446 464 2803 535 Bethlehem,
2863 466 3120 522 secundo
3177 483 3212 522 a
3268 463 3506 522 Thecua
3550 462 3786 538 sepulta

385 555 443 610 in
478 552 695 610 Bethel.

449 642 721 698 Milliario
751 661 785 698 a
815 643 1043 699 Sichem
1078 648 1229 698 Luza
1259 643 1554 712 civitas,in
1577 661 1692 716 qua
1722 661 1824 717 per
1852 643 2020 698 multi

373 731 658 804 temporis
689 731 944 804 spatium
978 731 1260 788 habitavit
1286 731 1579 787 Abraham
1605 732 1725 800 ;ubi
1757 737 1814 787 et
1841 732 2020 788 Jacob

377 819 677 876 dormiens
703 818 920 875 scalam
952 819 1116 888 vidit,
1149 821 1318 892 cujus
1340 819 1507 876 scalae
1521 819 1882 892 caputcmlos
1899 825 2026 876 tan-

375 908 568 982 gebat,
599 907 952 980 angelosque
983 924 1086 980 per
1114 925 1243 964 eam
1273 909 1692 965 descendentes
1727 915 1783 966 et
1812 925 2020 965 ascen-

374 997 615 1064 dentes;
647 1001 705 1051 et
735 996 932 1052 statim
963 995 1244 1070 evigilans
1275 997 1357 1053 ait
1389 1014 1403 1053 :
1437 997 1541 1053 Hic
1573 997 1735 1054 locus
1751 1015 2022 1054 veresan-

374 1090 504 1142 ctus
533 1088 642 1155 est,
673 1089 729 1140 et
761 1089 928 1157 porta
957 1085 1081 1141 cmli
1113 1104 1126 1153 ;
1160 1085 1507 1159 erigensque
1535 1086 1786 1158 lapidem
1816 1086 2023 1142 intitu-

371 1172 496 1230 lum
528 1173 841 1246 oleumque
871 1174 1124 1231 fundens
1155 1175 1427 1248 desuper,
1461 1175 1774 1248 appellavit
1805 1193 2018 1231 nomen

375 1261 487 1318 loci
515 1262 676 1318 illius
709 1261 930 1335 Bethel,
961 1263 1060 1336 qui
1095 1268 1266 1320 antea
1298 1265 1450 1320 Luza
1464 1265 1904 1320 vocabatur.Est
1922 1281 2020 1320 au-

366 1355 486 1407 tem
519 1350 714 1407 Bethel
747 1350 1097 1407 collateralis
1155 1369 1327 1409 mons
1370 1351 1644 1418 Garizim,
1703 1352 2020 1424 respiciens

369 1443 627 1495 montem
659 1438 858 1505 Gebal,
875 1441 945 1495 ad
965 1440 1246 1496 orientem
1253 1441 1277 1513 j
1288 1445 1422 1496 uxta
1435 1441 1558 1496 Dan
1571 1456 1750 1512 supra
1761 1440 2015 1496 Sichem.

372 1530 435 1584 In
467 1528 578 1584 hoc
609 1532 805 1584 monte
836 1527 1034 1584 Bethel
1067 1528 1280 1585 dicitur
1306 1529 1598 1584 Abraham
1621 1528 1808 1584 filium
1841 1546 2016 1586 suum

369 1620 626 1672 mactare
653 1616 926 1672 voluisse.

435 1703 732 1778 Vigesimo
764 1703 1037 1760 milliario
1069 1722 1102 1760 a
1134 1705 1400 1778 Sychem,
1434 1711 1642 1778 quarto
1702 1723 1736 1761 a
1778 1706 2015 1762 Jerusa-

365 1791 502 1860 lem,
535 1792 626 1848 via
655 1796 743 1849 est
788 1810 915 1866 quae
963 1793 1126 1849 ducit
1173 1794 1492 1867 Dospolim,
1542 1795 1642 1850 ubi
1673 1812 1842 1851 mons
1873 1794 2013 1861 Silo,

367 1885 421 1937 et
453 1881 654 1937 civitas
686 1899 812 1954 qua
841 1887 900 1938 et
930 1882 1130 1938 Rama.
1165 1883 1268 1938 Hie
1302 1901 1437 1940 arca
1465 1885 1798 1940 testamenti
1839 1889 1896 1940 et
1925 1889 2012 1940 ta-

365 1969 748 2026 bernaculum
783 1970 1016 2026 Domini
1047 1972 1120 2026 ab
1152 1972 1400 2027 adventu
1433 1972 1689 2028 filiorum
1721 1971 1900 2029 Israel
1931 1989 2017 2028 re-

365 2064 707 2115 manserunt
739 2076 926 2132 usque
957 2061 1026 2115 ad
1063 2065 1326 2133 tempora
1379 2061 1668 2116 Samuelis
1720 2060 2012 2133 prophetae

364 2152 418 2202 et
450 2148 629 2202 David
664 2149 838 2220 regis.

433 2236 724 2292 Vicesimo
755 2241 962 2309 quarto
995 2237 1267 2293 milliario
1299 2237 1836 2306 aSichem,decimo
1854 2243 2012 2294 sexto

364 2342 400 2381 a
428 2325 710 2397 Diospoli,
742 2325 967 2382 decimo
998 2331 1161 2382 sexto
1194 2327 1266 2382 ab
1292 2328 1505 2395 Ebron,
1543 2327 1767 2383 decimo
1798 2345 1832 2382 a
1859 2327 2014 2384 Jeri-

363 2414 709 2486 cho,quarto
740 2431 774 2469 a
803 2413 1162 2484 Bethlehem,
1198 2415 1424 2472 decimo
1452 2419 1612 2472 sexto
1643 2434 1677 2472 a
1706 2417 2008 2484 Bersabee,

361 2501 636 2558 vicesimo
669 2507 878 2576 quarto
927 2504 1000 2560 ab
1048 2503 1356 2571 Ascalone,
1409 2505 1654 2561 totidem
1703 2522 1936 2578 quoque
1978 2523 2012 2562 a

361 2589 567 2663 Joppe,
605 2591 830 2646 decimo
860 2596 1021 2647 sexto
1055 2608 1089 2647 a
1118 2592 1425 2660 Ramatha,
1478 2595 1610 2659 etc.,
1660 2592 2008 2662 Jerusalem,

363 2678 736 2735 sanctissima
764 2680 978 2736 Judaaaz
1009 2680 1368 2754 metropolis,
1403 2697 1530 2752 quae
1561 2681 1864 2751 etSion,de
1895 2699 2012 2754 qua

361 2767 585 2824 dictum
611 2772 700 2824 est
732 2785 745 2824 :
781 2769 1026 2826 Gloriosa
1081 2769 1228 2825 dicta
1280 2777 1409 2826 sunt
1460 2769 1524 2826 de
1573 2775 1648 2837 te,
1679 2772 1873 2827 civitas
1900 2775 2010 2828 Do-

359 2858 506 2912 mini
534 2873 662 2929 qua;
693 2861 750 2912 et
780 2859 928 2914 Allia
957 2859 1026 2914 ab
1068 2859 1213 2914 Elia
1264 2858 1530 2926 Adriano,
1581 2858 1682 2931 qui
1712 2876 1840 2915 eam
1871 2876 2009 2916 eon-

362 2945 592 3014 struxit,
625 2950 728 3002 aut
756 2947 953 3020 potius
986 2947 1045 3002 in
1077 2946 1328 3004 civitatis
1359 2948 1607 3004 formam
1645 2952 2009 3006 transmuta-

362 3033 464 3091 vit.

1011 3124 1244 3182 CAPUT
1284 3125 1354 3181 II.

2045 1838 2092 1902 B

2134 552 2402 626 quiescit.

2202 644 2417 709 Quarto
2447 641 2722 698 milliario
2754 660 2788 698 a
2818 641 3180 710 Bethlehem,
3212 647 3414 700 contra
3452 641 3781 710 meridiem,

2131 729 2376 786 ecclesia
2388 730 2638 786 habetur
2648 731 2800 788 beati
2813 730 3180 800 Kariton,ubi
3203 731 3329 803 ipso
3342 731 3413 786 de
3425 729 3536 786 hoc
3559 729 3784 785 mundo

2129 822 2470 875 transeunte
2499 823 2557 874 et
2594 819 2864 885 obeunte,
2897 818 3167 874 monachi
3209 835 3442 891 quoque
3471 818 3621 889 ejus,
3657 817 3785 889 qui-

2130 905 2240 962 bus
2271 908 2403 980 pius
2433 913 2632 979 pastor
2659 907 2987 980 praefuerat,
3020 925 3154 962 cum
3173 925 3238 963 eo
3271 907 3487 980 pariter
3515 905 3786 978 agoniza-

2126 999 2354 1062 verunt,
2387 1011 2562 1068 quam
2601 995 2791 1068 ipsam
2825 996 3032 1052 mortis
3061 997 3311 1068 gratiam
3344 1013 3377 1051 a
3410 999 3521 1051 Deo
3553 993 3783 1068 prmsci-

2126 1089 2345 1151 verant,
2378 1101 2444 1140 eo
2476 1085 2630 1156 quod
2681 1085 2844 1140 Pater
2889 1101 3093 1140 eorum
3139 1084 3273 1157 pius
3321 1083 3616 1152 existeret,
3674 1100 3778 1139 nec

2128 1177 2259 1246 post
2283 1190 2415 1228 eum
2447 1173 2634 1229 vivere
2677 1171 2968 1239 volebant,
3017 1173 3145 1243 ejus
3193 1190 3391 1229 amore
3441 1173 3774 1228 ferventes:

2127 1279 2380 1335 quorum
2408 1261 2773 1335 singulorum
2807 1261 3182 1335 compagines
3212 1260 3271 1317 in
3303 1260 3548 1318 ecclesia
3577 1261 3783 1334 praedi-

2126 1354 2219 1406 cta
2246 1349 2427 1406 videri
2459 1350 2724 1423 possint;
2756 1354 2812 1406 et
2843 1350 3082 1422 quidem
3125 1367 3190 1406 eo
3223 1350 3396 1406 modo
3426 1367 3540 1422 quo
3573 1366 3634 1407 se
3668 1349 3776 1406 ha-

2126 1439 2374 1495 buerant
2404 1438 2462 1495 in
2493 1437 2850 1495 desolatione
2883 1439 3071 1496 Patris
3127 1455 3329 1496 eorum
3376 1439 3774 1512 agonizantes,

2123 1527 2392 1584 translati
2423 1531 2625 1601 postea
2651 1527 2709 1583 in
2739 1527 3088 1584 Jerusalem.

2199 1617 2262 1672 In
2295 1615 2656 1684 Bethlehem,
2688 1616 2842 1672 infra
2871 1615 3363 1684 basilicam,haud
3396 1615 3568 1689 longe
3590 1634 3624 1672 a
3641 1633 3781 1689 pra:-

2125 1705 2286 1778 sepio
2319 1705 2572 1773 Domini,
2606 1706 2666 1760 in
2699 1721 2946 1762 caverna
2974 1707 3228 1778 quadam
3242 1704 3781 1777 requiescitcorpus

2127 1792 2279 1849 beati
2311 1793 2678 1866 Hieronymi;
2712 1792 2893 1849 Paula
2913 1809 3046 1849 vero
3078 1798 3132 1850 et
3150 1791 3781 1864 Eustochium.quibu

2123 1881 2248 1955 ipse
2281 1882 2517 1955 scripsit
2545 1882 3232 1954 Hieronymus,similiter
3260 1883 3318 1937 in
3337 1880 3675 1938 Bethlehem
3695 1898 3782 1938 se-

2123 1970 2300 2043 pultae
2333 1971 2662 2044 quiescunt.
2696 1970 2966 2026 Milliario
2998 1970 3502 2039 aBethlehem,via
3516 1986 3645 2042 qua:
3678 1970 3783 2026 du-

2123 2059 2200 2115 cit
2230 2059 2580 2127 Jerusalem,
2613 2067 2830 2132 crypta,
2861 2058 3026 2116 locus
3057 2064 3148 2118 est
3179 2060 3236 2115 in
3271 2076 3387 2132 quo
3405 2076 3542 2115 cum
3560 2057 3778 2115 Rachel

2122 2147 2310 2203 ﬁlium
2339 2148 2640 2220 Benjamin
2673 2148 3011 2221 peperisset,
3046 2148 3320 2204 occubuit
3356 2147 3554 2220 ibique
3591 2165 3626 2204 a
3652 2147 3780 2203 viro

2122 2254 2228 2293 suo
2257 2238 2437 2294 Jaeob
2466 2236 2759 2294 tumulata
2789 2237 3056 2310 quiescit.
3091 2237 3273 2309 Cujus
3286 2238 3357 2293 ad
3370 2232 3670 2293 tumulum
3684 2236 3782 2293 Ja-

2121 2327 2226 2382 cob
2257 2327 2568 2382 duodecim
2599 2344 2715 2384 non
2747 2326 3006 2382 medicos
3051 2325 3276 2400 lapides
3324 2325 3659 2399 supposuit,
3712 2324 3776 2381 in

2119 2419 2538 2471 testamentum
2570 2415 2877 2472 duodecim
2906 2414 3159 2472 ﬁliorum
3191 2414 3645 2486 suorum.Cujus
3669 2431 3776 2487 py-

2119 2504 2300 2559 ramie
2330 2503 2523 2560 adhuc
2554 2521 2588 2560 a
2617 2503 3058 2561 transeuntibus
3087 2503 3271 2560 videri
3309 2507 3519 2576 potest.

2188 2593 2537 2664 Jerusalem,
2571 2593 2824 2668 gloriosa
2853 2595 3066 2651 Judaaa:
3098 2593 3632 2668 metrOpolisjuxta
3645 2592 3780 2666 phi-

2117 2683 2392 2757 losophos
2423 2684 2483 2739 in
2516 2684 2708 2740 medio
2738 2683 2946 2740 mundi
2977 2683 3092 2740 sita
3121 2699 3250 2740 esse
3281 2682 3518 2739 dicitur.
3563 2683 3629 2738 In
3661 2681 3779 2740 hac

2119 2774 2261 2830 urbe
2291 2772 2553 2848 regnavit
2581 2773 2765 2829 David
2796 2771 3038 2844 triginta
3067 2776 3665 2845 quatuorannoscum
3685 2771 3781 2826 di-

2118 2861 2318 2918 midio.
2355 2861 2417 2917 In
2447 2849 2773 2918 Jerusalem
2805 2877 2975 2917 mons
3002 2861 3187 2918 Moria
3213 2865 3322 2928 est,
3373 2875 3551 2932 super
3593 2876 3780 2932 quem

2117 2951 2296 3009 David
2326 2950 2469 3006 vidit
2499 2950 2805 3024 evaginato
2834 2947 3028 3023 gladio
3059 2949 3334 3024 angelum
3364 2946 3774 3022 quipopulum

2115 3040 2216 3097 Dei
2245 3039 2498 3113 graviter
2526 3037 2928 3112 percutiebat;
2960 3038 3176 3095 timens
3199 3037 3311 3095 sibi
3343 3053 3417 3094 ne
3444 3037 3506 3092 in
3535 3053 3600 3094 se
3630 3040 3694 3094 et
3713 3034 3777 3094 in

2115 3129 2320 3185 urbem
2354 3126 2734 3184 ulcisceretur
2765 3127 2919 3200 quod
2957 3126 3019 3183 in
3049 3125 3265 3200 populo
3312 3129 3618 3182 numerato
3668 3125 3776 3183 de-

360 3213 688 3292 Betjilehem,
709 3215 956 3292 Ecclesia
976 3214 1032 3282 S,
1067 3214 1378 3292 Charitonis
1405 3217 1689 3292 martyris.
1728 3216 2004 3288 Templum
2033 3205 2075 3272 C
2112 3219 2382 3292 liquerat,
2417 3234 2597 3290 quare
2627 3233 2870 3290 promus
2899 3215 2960 3272 in
2991 3220 3206 3272 terram
3237 3215 3614 3283 corruit,vere
3643 3231 3776 3287 pa:-

428 3287 765 3368 Salomonis.
797 3286 1142 3358 ejusdemque
1169 3288 1398 3342 diversis
1426 3286 1756 3359 temporibus
1793 3286 2003 3343 restau-

431 3365 672 3413 rationes
679 3400 691 3412 .

429 3461 768 3519 Bethlehem
796 3461 984 3518 domus
1007 3465 1173 3535 panis
1206 3463 2002 3536 interpretatur.Bethlehem,

360 3551 564 3606 civitas
593 3550 779 3618 Judze,
815 3567 943 3622 quas
975 3554 1033 3606 et
1061 3550 1338 3622 Ephrata,
1372 3569 1476 3607 nec
1508 3551 1632 3608 sine
1658 3553 2007 3625 causa,quia

359 3639 432 3695 de
452 3639 591 3695 ﬂore
622 3638 919 3695 Nazarene
949 3641 1230 3712 processit
1279 3639 1336 3694 in
1388 3655 1457 3696 ea
1504 3641 1732 3697 fructus
1775 3641 1902 3696 vitae
1934 3643 2006 3698 de

357 3727 582 3799 virgine
612 3727 816 3795 Maria,
844 3727 1115 3784 videlicet
1148 3727 1326 3784 Filius
1358 3728 1458 3784 Dei
1488 3729 1888 3795 vivi,Christus
1915 3731 2008 3787 Je-

361 3833 485 3882 sus,
518 3815 618 3888 qui
650 3820 740 3872 est
769 3816 938 3890 panis
968 3815 1309 3890 angelorum
1339 3817 1850 3890 totiusquemundi
1866 3819 2003 3876 vita.

361 3905 425 3961 In
459 3904 790 3962 Bethlehem
805 3906 977 3977 juxta
1006 3904 1200 3979 locum
1229 3906 1550 3963 nativitatis
1571 3925 1826 3982 praesepe
1847 3909 2005 3964 estin

361 4011 476 4066 quo
504 3993 630 4066 ipse
658 3993 854 4050 infans
882 3995 1056 4050 Jesus
1087 3993 1371 4063 latitavit;
1403 3996 1559 4052 unde
1588 4001 1645 4052 et
1676 3997 1958 4070 propheta
1989 4015 2002 4054 :

363 4085 618 4155 Cognovit
658 4085 749 4139 bos
773 4099 1132 4164 possessorem
1177 4100 1364 4151 suum,
1417 4093 1469 4141 et
1525 4088 1714 4142 asinus
1763 4102 2008 4160 praesepe

359 4172 572 4228 domini
588 4173 698 4228 sui.
731 4172 812 4228 Ex
841 4171 950 4228 hoc
982 4172 1224 4245 praesepi
1254 4174 1448 4228 fenum
1469 4173 1612 4230 illud
1631 4175 1685 4230 in
1707 4193 1822 4248 quo
1840 4193 2002 4248 puer.

357 4262 528 4318 Jesus
556 4260 896 4329 latitaverat,
933 4261 1177 4318 Romam
1210 4261 1470 4318 delatum
1527 4264 1640 4318 fuit
1671 4265 1741 4319 ab
1791 4265 2007 4321 Helena

359 4349 582 4422 regina,
613 4354 671 4406 et
699 4349 942 4406 honeste
974 4351 1338 4406 reconditum
1370 4351 1428 4406 in
1471 4352 1730 4408 Ecclesia
1781 4354 2004 4408 Sanctae

361 4438 555 4494 Maria;
587 4437 842 4511 Maioris.
878 4439 941 4494 In
974 4437 1099 4494 loco
1126 4440 1451 4496 nativitatis
1485 4439 1771 4495 Dominini
1794 4458 1862 4497 ex
1884 4459 2008 4497 mu-

2115 3310 2307 3365 nitens
2336 3307 2704 3382 graviterque
2727 3323 2789 3364 se
2817 3306 3146 3380 afﬂigens,a
3174 3306 3421 3362 Domino
3451 3304 3776 3365 exauditus

2113 3397 2341 3454 veniam
2373 3395 2606 3454 meruit.
2638 3397 2718 3452 De
2747 3395 2924 3452 David
2940 3395 3021 3451 ait
3038 3394 3351 3451 Dominus:
3379 3395 3776 3451 Invenivirum

2110 3487 2407 3544 secundum
2417 3501 2720 3542 eormeum.
2737 3486 2984 3556 Insuper
2995 3483 3055 3539 in
3069 3487 3268 3539 monte
3280 3482 3466 3539 Moria
3477 3487 3771 3555 regnante

2114 3576 2293 3632 David
2317 3574 2559 3632 ﬂorebat
2589 3571 2867 3642 area,sive
2896 3571 3060 3629 locus
3090 3571 3188 3628 ille
3211 3572 3468 3628 Hornam
3497 3570 3770 3644 Jebusei,

2114 3682 2148 3721 a
2179 3682 2294 3738 quo
2325 3668 2384 3720 et
2411 3662 2536 3734 ipse
2568 3662 2748 3718 David
2778 3679 2907 3718 eam
2940 3659 3617 3718 areamemerevoluitad
3632 3676 3776 3718 con-

2113 3753 2452 3809 struendam
2483 3751 2700 3808 ibidem
2733 3752 2974 3809 domum
3009 3749 3326 3818 domini,eo
3356 3749 3514 3823 quod
3544 3749 3605 3805 in
3635 3748 3774 3808 loco

2111 3841 2212 3898 illo
2244 3840 2422 3898 David
2455 3857 2490 3897 a
2521 3840 2764 3896 Domino
2794 3839 2969 3897 fuerit
3000 3839 3466 3896 misericordiam
3491 3854 3777 3895 consecu-

2110 3935 2228 3998 tus,
2259 3947 2392 3986 cum
2425 3927 2670 4002 angelus
2699 3927 3131 3985 Dominieidem
3145 3926 3620 4001 parcensibidem
3633 3943 3780 3983 coni-

2113 4018 2378 4076 stitisset.
2413 4017 2570 4074 Emit
2599 4017 2835 4089 quidem
2868 4015 3048 4072 David
3078 4017 3236 4073 hunc
3265 4015 3598 4084 locum,sed
3629 4015 3779 4072 veti-

2113 4111 2240 4163 tum
2273 4105 2322 4162 ei
2354 4123 2388 4162 a
2417 4105 2662 4163 Domino
2693 4105 2883 4161 fuerat
2913 4122 2986 4162 ne
3033 4105 3169 4161 inde
3213 4121 3276 4162 se
3323 4103 3773 4177 intromitteret,

2113 4195 2252 4267 quia
2281 4194 2370 4249 vir
2400 4193 2756 4266 sanguinum
2789 4198 2965 4250 esset.
2994 4194 3164 4267 Ergo,
3198 4210 3345 4267 quas
3375 4193 3446 4249 ad
3480 4192 3591 4249 hoc
3617 4210 3774 4265 prae-

2112 4287 2413 4356 paraverat
2442 4300 2745 4356 expensas,
2781 4281 3078 4338 Salomoni
3107 4283 3227 4339 filio
3258 4299 3386 4349 suo,
3436 4281 3530 4338 cui
3581 4298 3616 4336 a
3647 4281 3773 4338 Do-

2114 4373 2273 4429 mino
2303 4371 2750 4438 concedebatur,
2784 4371 3043 4436 tradidit,
3077 4375 3368 4444 quatenus
3397 4369 3533 4426 inde
3573 4369 3777 4426 Domi-

2113 4478 2187 4517 no
2219 4461 2457 4516 domum
2476 4463 2857 4515 construeret.

360 4543 482 4599 sivo
514 4543 684 4599 opere
713 4528 990 4584 deaurato
1021 4526 1081 4582 hi
1114 4529 1229 4584 duo
1261 4545 1462 4584 versus
1504 4527 1784 4601 leguntur
1827 4547 2003 4602 appo-

2186 4549 2369 4622 lgitur
2398 4565 2497 4604 rex
2527 4547 2800 4604 Salomon
2851 4547 2911 4603 in
2961 4548 3236 4621 praedicta
3293 4564 3428 4604 area
3457 4546 3776 4604 aedificavit

359 4614 458 4672 siti
493 4631 508 4673 :

357 4721 611 4788 Angelicz
638 4721 807 4773 lumen
837 4724 1062 4784 virtutis,
1091 4727 1139 4773 et
1167 4723 1277 4786 eius
1307 4737 1538 4783 acumen,

359 4801 454 4850 Hic
476 4804 631 4852 natus
658 4817 772 4852 vere
805 4803 936 4853 Deus
963 4805 1036 4852 est
1063 4803 1125 4852 de
1154 4803 1350 4867 virgine
1377 4804 1560 4852 Matre.

432 4899 702 4956 Milliario
737 4917 770 4956 a
800 4900 1133 4956 Bethlehem
1184 4900 1412 4956 refulsit
1455 4899 1624 4956 stella
1673 4903 2006 4974 pastoribus

360 4993 496 5044 nato
530 4988 798 5057 Domino,
831 4989 1033 5062 eisque
1061 4994 1378 5061 apparente
1407 4988 1633 5062 angelo,
1667 4995 1724 5046 et
1745 4993 2003 5050 dicente:

362 5077 544 5133 Gloria
569 5080 625 5133 in
657 5079 883 5133 excelsis
915 5083 1042 5147 Deo,
1066 5080 1197 5133 etin
1227 5085 1372 5133 terra
1381 5095 1493 5149 pax
1510 5079 1821 5136 hominibus
1851 5083 2008 5141 bona?

358 5167 677 5222 voluntatis.
713 5165 774 5220 In
807 5165 1144 5221 Bethlehem
1178 5183 1324 5222 nova
1355 5166 1520 5222 stella
1553 5168 1696 5224 duce
1725 5178 2009 5228 venerunt

359 5259 482 5310 tres
513 5269 676 5326 reges
707 5254 779 5308 ab
812 5253 1045 5310 Oriente
1074 5255 1334 5312 venerari
1367 5260 1568 5312 natum
1591 5257 1793 5314 Jesum
1812 5265 1888 5329 ;et
1917 5278 2004 5318 re-

361 5357 494 5415 gem
526 5339 866 5414 angelorum
900 5343 1212 5400 adorantes
1241 5349 1666 5418 praesentarunt
1695 5347 1744 5403 ei
1760 5350 2008 5423 mystica

361 5444 609 5485 munera
641 5428 916 5500 :iaurum,
949 5430 1086 5488 thus
1117 5436 1173 5489 et
1205 5431 1526 5508 myrrham.
1573 5434 1637 5490 In
1669 5435 2004 5494 Bethlehem

358 5516 606 5588 ejusque
636 5518 858 5577 finibus
887 5521 1073 5593 jussit
1122 5521 1381 5581 Herodes
1428 5521 1764 5582 innocentes
1801 5526 2007 5583 occidii

357 5619 613 5684 quorum
641 5609 896 5670 maxima
925 5627 1061 5690 pars
1090 5616 1290 5677 contra
1319 5611 1629 5674 meridiem
1651 5619 1860 5691 quarto
1881 5615 2008 5675 mil-

2113 4638 2360 4695 Domino
2383 4635 2689 4708 templum,
2724 4635 2782 4690 id
2809 4640 2898 4694 est
2927 4636 3147 4704 Bethel,
3178 4641 3234 4693 et
3263 4635 3442 4693 altare
3469 4653 3484 4705 ;
3517 4636 3676 4708 quod
3713 4641 3776 4694 et

2115 4725 2400 4784 dedicavit
2429 4723 2872 4797 incomparabili
2905 4731 3166 4797 sumptu,
3199 4730 3403 4798 petens
3433 4742 3468 4782 a
3515 4723 3774 4782 Domino

2114 4819 2179 4870 ut
2207 4813 2540 4886 quicunque
2571 4813 2641 4868 de
2671 4829 3042 4886 quocumque
3073 4813 3254 4869 Deum
3271 4815 3409 4870 ineo
3437 4811 3779 4886 templode-

2116 4906 2469 4976 precaretur,
2502 4901 2763 4956 exaudiri
2781 4906 3102 4958 mereretur
3127 4902 3311 4974 ;quod
3326 4901 3504 4958 etiam
3533 4917 3776 4957 conces-

2114 5010 2246 5048 sum
2278 4991 2386 5046 fuit
2414 4991 2464 5046 ei
2499 5009 2532 5046 a
2561 4989 2827 5046 Domino.
3105 4981 3116 4998 ’

2186 5080 2332 5135 Illud
2362 5083 2556 5134 autem
2591 5078 2875 5152 templum
2908 5085 3108 5152 postea
3144 5079 3772 5154 prepterincontiuen-

2115 5170 2255 5225 tiam
2289 5167 2570 5240 principis
2603 5172 2659 5223 et
2688 5168 2909 5240 populi,
2942 5169 3058 5226 Deo
3089 5169 3388 5242 puniente,
3423 5167 3774 5240 exspoliavit

2114 5257 2650 5316 Nabuchodonosor
2675 5273 2774 5312 rex
2785 5274 2888 5330 per
2899 5259 3305 5315 Nabuzardam
3327 5257 3654 5330 principem
3673 5254 3771 5311 sui

2117 5346 2407 5405 exercitus
2438 5348 2706 5416 tempore
2739 5345 2992 5403 Sedeciaa
3021 5348 3197 5422 regis,
3244 5361 3419 5420 quem
3467 5343 3768 5418 captivum

2115 5437 2187 5494 ab
2220 5435 2362 5491 urbe
2391 5437 2700 5506 totumque
2731 5435 2888 5506 quod
2920 5436 3252 5509 speciosum
3283 5439 3342 5493 et
3368 5433 3771 5510 pretiosumin

2114 5523 2235 5581 aede
2264 5540 2331 5579 ac
2347 5521 2491 5578 urbe
2519 5525 2663 5589 erat,
2693 5521 2850 5595 tulit,
2873 5524 3174 5599 jussitque
3205 5523 3315 5583 sibi
3360 5523 3422 5580 in
3469 5521 3771 5596 Babylone

2114 5607 2456 5698 praesentari
2485 5608 2804 5688 populum;
2852 5613 3029 5693 paulo
3074 5617 3210 5695 post
3252 5613 3494 5693 quidem
3535 5610 3770 5675 Pharao
