3992 6090
198 319 349 385 1061

1117 318 1933 386 JOANNIS'WIRZBURG'.
1981 321 2250 386 DESClt.
2299 320 2588 387 TERRAE
2632 323 2697 388 S.

3446 321 3602 388 £06!

194 453 431 512 Nechao
462 451 750 526 templum
783 452 1011 521 delevit,
1045 458 1101 511 et
1131 455 1360 511 urbem.
1389 455 1559 512 Modo
1607 472 1743 512 vero
1773 471 1846 511 ne
1875 454 1930 523 Α
1961 473 2092 511 rum
2123 455 2183 511 in
2229 456 2524 514 mentibus
2575 456 2824 514 aliorum
2875 454 3183 530 signiﬁcet,
3215 459 3435 522 tamen,
3469 455 3608 528 quia
3687 461 3689 468 '

196 543 432 600 relatori
463 543 731 598 videatur
761 543 1486 616 absurdum,auditorique
1516 545 1848 614 taediosum,

197 633 310 688 sub
341 631 558 704 quibus
585 635 643 688 et
669 649 703 688 a
732 632 948 704 quibus
980 633 1407 689 destructiones
1433 637 1490 690 et
1517 633 1852 690 restructio-

196 738 303 778 nes
335 721 531 794 primi,
565 720 808 776 secundi
839 725 897 776 et
926 720 1079 777 tertii
1111 722 1372 792 ejusdem
1398 721 1602 796 templi
1624 722 1851 778 exstite—

196 816 338 866 runt
369 826 732 876 enumerare,
767 809 877 865 hoc
904 811 973 866 de
1003 811 1273 882 praesenti
1307 810 1528 879 Bethel,
1552 816 1725 884 prout
1755 827 1848 867 ve-

197 898 325 956 rius
355 915 588 971 queam,
621 898 725 954 tibi
761 897 967 955 dilecte
998 899 1100 967 mi,
1133 899 1424 956 elucidare
1453 901 1726 957 conabor.

272 989 354 1046 De
385 986 580 1044 Bethel
613 988 949 1060 itaque,sub
973 1005 1088 1060 quo
1111 993 1168 1044 et
1189 1007 1222 1044 a
1243 1006 1359 1061 quo
1392 989 1651 1062 principe
1682 989 1851 1045 resti-

197 1083 394 1134 tutum
426 1077 658 1145 sit,vere
687 1077 1012 1150 ignoratur,
1045 1093 1232 1149 neque
1263 1078 1319 1133 in
1352 1095 1548 1134 veram
1581 1078 1849 1134 notitiam

199 1167 285 1224 rei
316 1166 587 1222 devenire
618 1166 802 1238 potui.
837 1165 1084 1234 Quidam
1116 1166 1271 1222 enim
1313 1169 1422 1224 sub
1473 1167 1851 1224 Constantino

200 1258 552 1329 imperatore
574 1254 646 1310 ab
669 1255 886 1311 Helena
904 1261 1090 1312 matre
1105 1273 1216 1312 sua
1233 1257 1646 1313 remdiﬁcatum
1671 1255 1851 1312 fuisse

200 1343 512 1418 perhibent
544 1359 646 1416 pro
680 1343 998 1399 reverentia
1028 1349 1244 1401 sancta:
1272 1344 1464 1401 crucis
1495 1345 1566 1400 ab
1599 1362 1666 1401 ea
1695 1361 1851 1401 rece-

202 1431 455 1507 ptae.Alii
487 1432 559 1488 ab
587 1432 849 1488 Heraclio
870 1432 1220 1505 imperatore
1243 1451 1345 1506 pro
1368 1432 1689 1490 reverentia
1707 1432 1851 1506 ligni

203 1520 620 1593 Domini,quod
652 1521 722 1576 de
749 1521 981 1577 Perside
1011 1521 1388 1594 triumphans
1419 1521 1729 1591 retulerat;
1754 1521 1852 1577 alii

204 1629 240 1666 a
267 1609 601 1666 Justiniano
656 1611 954 1682 Augusto;
1002 1610 1099 1666 alii
1130 1628 1164 1666 a
1193 1611 1447 1683 quodam
1505 1610 1854 1684 imperatore

205 1698 498 1772 Memphis
527 1699 749 1772 Egypti
783 1715 887 1770 pro
931 1699 1249 1754 reverentia
1298 1698 1641 1766 Allachiber,
1673 1698 1731 1754 id
1764 1703 1855 1755 est

202 1788 425 1845 summi
458 1786 690 1844 Domini
722 1787 1115 1843 Dei.Praasens
1146 1785 1849 1860 hoc,inquam,templum
1884 1827 1929 1891 B

199 1883 292 1934 est
322 1878 394 1933 de
425 1892 540 1949 quo
574 1875 921 1948 praedicatur
952 1877 1104 1947 quod
1125 1875 1183 1931 in
1209 1892 1274 1932 eo
1296 1893 1442 1950 puer
1459 1876 1631 1932 Jesus
1652 1879 1852 1932 octavo

201 1965 416 2022 natalis
447 1964 539 2020 sui
570 1965 662 2020 die
696 1964 871 2020 fuerit
901 1965 1303 2021 circumcisus.
1342 1964 1694 2036 Przeputium
1725 1966 1853 2036 ejus

199 2055 261 2110 in
295 2052 622 2112 Jerusalem
656 2053 713 2108 in
747 2054 963 2127 templo
995 2055 1065 2109 de
1097 2054 1256 2110 ccelis
1290 2055 1360 2110 ab
1393 2053 1598 2126 angelo
1649 2053 1850 2109 Carolo

199 2145 413 2217 Magno
437 2143 555 2216 regi
581 2147 996 2216 presentatum
1022 2143 1214 2210 fuit,et
1236 2143 1306 2198 ab
1328 2159 1393 2198 eo
1415 2143 1562 2214 Aqui
1572 2160 1742 2214 sgran
1753 2160 1850 2198 um

201 2233 261 2288 in
294 2232 511 2289 Gallias
542 2231 833 2300 delatum;
869 2236 1069 2304 postea
1115 2247 1248 2287 vero
1279 2249 1312 2286 a
1341 2231 1541 2286 Carolo
1591 2231 1759 2286 Calvo
1791 2231 1850 2287 in

197 2319 578 2394 Aquitaniam
625 2319 1004 2386 translatum,
1031 2320 1088 2374 in
1121 2337 1270 2392 pago
1302 2319 1644 2375 Pictaviensi
1696 2319 1850 2390 apud

197 2409 508 2466 Carusium
541 2408 600 2464 in
632 2407 893 2464 Ecclesia
934 2424 1114 2480 quam
1159 2407 1218 2463 in
1269 2408 1486 2464 honore
1535 2407 1850 2464 Salvatoris

197 2497 387 2555 nostri
421 2513 520 2554 rex
546 2496 754 2553 Calvus
783 2496 1194 2568 construxit,et
1225 2496 1380 2570 regis
1409 2495 1579 2552 bonis
1608 2495 1849 2569 amplis-

197 2584 455 2643 simimis
483 2585 594 2643 sub
624 2585 956 2642 monachali
990 2585 1274 2658 religione
1295 2583 1849 2658 locupletavit,quod

198 2693 270 2732 ex
301 2679 440 2732 tunc
469 2691 660 2748 usque
689 2675 862 2732 modo
910 2673 990 2730 ibi
1042 2673 1386 2731 solemniter
1433 2679 1766 2731 asservatur
1793 2676 1852 2729 et

199 2769 525 2823 veneratur.

841 2871 1072 2928 CAPUT
1111 2872 1210 2928 Ill.

201 2965 558 3019 Enarrantur
583 2978 647 3017 ea
675 2977 802 3033 quae
832 2963 893 3016 in
938 2962 1134 3033 templo
1181 2961 1634 3033 Jerosolymitano
1663 2978 1698 3016 a
1727 2960 1850 3016 8a!-

273 3042 460 3090 vatore
513 3033 710 3106 mundi
742 3034 986 3106 ejusque
1041 3035 1314 3104 apostolis,
1347 3037 1480 3106 etcr.,
1511 3039 1657 3103 gesta
1705 3040 1847 3100 sunt,

273 3106 536 3178 expositis
568 3105 702 3161 locis
726 3105 788 3159 in
813 3105 1012 3175 quibus
1043 3118 1273 3175 quaeque
1299 3105 1660 3172 contigerunt.

1957 545 2027 598 ad
2051 543 2230 601 Vetus
2253 546 2693 602 Testamentum
2719 545 3279 619 pertinet,tanquam
3302 545 3358 600 in
3383 561 3449 599 eo
3475 561 3604 600 con-

1957 633 2410 690 summationem
2442 635 2755 708 accipiens,
2792 635 3000 690 amodo
3031 651 3259 690 cessare
3290 634 3518 698 debeat,
3541 635 3608 688 ut

1958 722 2108 778 inter
2137 728 2504 778 sacramenta
2532 723 2672 780 Novi
2706 723 3063 781 Tcstamenti
3098 721 3466 778 circumcisio
3487 739 3605 779 non

1958 815 2346 884 computetur.
2381 812 2524 868 Hinc
2557 829 2672 868 non
2703 813 2952 884 pertinet
2977 813 3050 868 ad
3096 811 3332 884 aliquod
3382 816 3604 884 septem

1959 899 2284 973 sigillorum
2318 901 2751 972 praedictorum.
2788 901 2949 956 Sicut
2971 902 3098 972 jam
3123 899 3606 966 diximus,Domi-

1959 1006 2071 1044 nus
2103 992 2298 1044 noster
2325 989 2500 1044 Jesus
2530 974 2798 1044 Christus
2817 1006 2850 1043 a
2867 1005 2975 1044 sua
2992 988 3176 1043 Matre
3197 987 3256 1042 in
3278 987 3496 1060 templo
3517 992 3608 1044 est

1959 1081 2364 1150 praesentatus,
2399 1082 2455 1132 et
2485 1077 2544 1132 in
2580 1077 2750 1133 ulnas
2781 1075 2936 1133 beati
2981 1076 3270 1133 Simeonis
3318 1080 3604 1153 receptus,

1960 1167 2170 1238 spiritu
2203 1165 2543 1238 prophetico
2573 1166 2877 1222 inferentis
2901 1183 2914 1241 ξ
2949 1167 3104 1222 Nunc
3129 1165 3364 1222 dimittis
3391 1182 3608 1222 emam

1961 1263 2136 1320 tuum,
2169 1257 2412 1322 Domine,
2448 1260 2555 1310 etc.
2581 1255 2644 1310 In
2667 1253 2885 1328 templo
2912 1255 3196 1311 Dominus
3218 1259 3415 1311 noster
3433 1254 3606 1310 Jesus

1959 1342 2244 1410 Christus,
2271 1344 2396 1414 jam
2429 1345 2618 1415 major
2637 1344 2997 1410 factus,cum
3023 1347 3353 1399 moraretur
3370 1343 3605 1399 Jerusa-

1959 1431 2095 1498 lem,
2127 1432 2302 1486 ctiam
2335 1432 2664 1488 duodennis
2693 1433 3033 1504 disputabat
3053 1449 3189 1488 cum
3212 1431 3518 1499 Judzeis,et
3537 1430 3607 1486 li-

1960 1525 2050 1576 cet
2079 1537 2213 1575 eum
2246 1520 2378 1576 odio
2410 1521 2766 1586 habuerunt,
2797 1525 2994 1577 tamen
3027 1538 3127 1578 eos
3157 1537 3309 1594 saepe
3339 1521 3605 1576 docebat.

1959 1609 2106 1664 Nam
2141 1609 2197 1663 in
2225 1607 2444 1680 templo
2475 1608 2735 1665 laudavit
2765 1627 2984 1666 munus
3015 1609 3281 1666 mulieris
3311 1608 3607 1682 pauperis,

1960 1698 2115 1770 quod
2148 1697 2207 1752 in
2237 1697 2712 1771 gazophylacium
2745 1697 3005 1765 miserat,
3037 1703 3146 1754 etc.
3181 1698 3372 1771 Supra
3399 1697 3609 1770 pinna-

1961 1786 2159 1842 culum
2185 1785 2572 1859 templi,quod
2604 1791 2909 1860 reputatur
2929 1804 3110 1860 supra
3130 1786 3284 1844 latus
3305 1786 3606 1853 circuitus,

1964 1875 2186 1931 habens
2219 1875 2431 1932 subtus
2453 1892 2514 1931 se
2537 1876 2822 1932 fenestras
2845 1876 3013 1948 quasi
3036 1876 3248 1949 pinnas
3268 1875 3355 1932 vel
3378 1876 3606 1944 cinnas,

1962 1965 2170 2020 statuit
2197 1964 2399 2020 Jesum
2435 1964 2724 2032 diabolus,
2755 1969 2812 2020 et
2841 1966 3014 2021 tertio
3040 1982 3174 2022 eum
3222 1969 3458 2038 propter
3503 1965 3608 2021 ba-

1960 2053 2244 2125 ptismum
2277 2057 2333 2108 et
2355 2053 2649 2124 jejunium
2675 2057 2906 2109 tentans
2929 2054 3076 2108 dixit
3099 2072 3111 2109 :
3135 2054 3197 2110 Si
3215 2056 3392 2110 Filius
3414 2055 3512 2110 Dei
3529 2069 3606 2121 es,

1958 2150 2111 2197 mitte
2137 2150 2186 2196 te
2215 2142 2556 2196 deorsumln
2591 2143 2699 2197 hoc
2729 2141 2855 2214 ipso
2887 2141 3104 2215 templo
3144 2143 3368 2198 Domini
3399 2161 3456 2199 x1
3490 2147 3607 2198 Ka-

1959 2229 2114 2286 lend.
2147 2230 2482 2286 Decembris
2528 2230 2742 2286 dicitur
2791 2232 2962 2286 beata
3009 2230 3418 2304 VirgoMaria
3457 2233 3608 2304 jam,

1959 2319 2138 2374 trium
2177 2335 2464 2374 annorum
2516 2319 2777 2392 parvula,
2810 2319 3006 2376 oblata
3054 2319 3237 2376 fuisse
3286 2320 3424 2389 Deo,
3456 2325 3522 2376 ut
3547 2319 3608 2376 bi

1957 2407 2226 2462 versiculi
2255 2408 2465 2463 docent
2494 2407 2711 2464 ibidem
2743 2408 3007 2481 inscripti
3043 2425 3056 2463 :

1965 2495 2260 2560 Virginibus
2285 2507 2475 2560 septem
2514 2496 2664 2561 Virgo
2693 2499 2936 2546 comitata
2962 2496 3164 2562 puellis,

1959 2575 2226 2626 Servitura
2259 2576 2383 2637 Deo,
2414 2577 2520 2640 fuit
2548 2574 2629 2626 hic
2656 2575 2830 2626 oblata
2859 2577 3094 2628 triennis.

1959 2673 2042 2730 Ibi
2074 2675 2296 2747 absque
2325 2672 2502 2730 dubio
2533 2691 2684 2748 saepe
2713 2673 2978 2731 divinum
3007 2679 3064 2731 et
3095 2675 3430 2749 angelicum
3460 2674 3611 2734 sola-

1957 2761 2107 2818 tium
2137 2762 2414 2836 percepit,
2449 2763 2608 2819 undo
2633 2781 2843 2820 rursus
2873 2763 2985 2820 iste
3007 2780 3213 2821 versus
3246 2781 3260 2821 :
3525 2775 3528 2778 ’

1960 2851 2192 2902 Pascitur
2217 2851 2449 2916 augclico
2487 2852 2639 2917 Virgo
2665 2853 2970 2903 ministerio.

2028 2941 2108 2997 De
2141 2939 2358 3014 templo
2386 2941 2701 2998 vendentes
2727 2946 2784 2997 et
2814 2945 3074 2998 ementes
3103 2942 3274 3014 ejecit
3321 2941 3612 3000 Dominus

1959 3034 2157 3085 noster
2184 3029 2358 3085 Jesus
2389 3029 2659 3085 Christus
2693 3045 2706 3084 :
2741 3030 2812 3085 ad
2847 3031 3018 3102 cujus
3048 3029 3129 3085 rei
3174 3028 3458 3086 indicium
3509 3029 3612 3086 ad—

1962 3117 2077 3174 huc
2111 3118 2169 3173 in
2201 3118 2434 3173 dextera
2465 3123 2627 3189 parte
2655 3117 2860 3191 templi
2899 3117 3228 3174 ostenditur
3273 3117 3424 3191 lapis
3474 3135 3610 3174 cum

273 3211 560 3278 Primum,
593 3213 658 3266 ut
705 3208 980 3277 diximus,
1028 3212 1463 3266 sacramentum
1511 3209 1571 3264 in
1620 3208 1850 3264 civitate
1881 3195 1926 3259 C
1964 3224 2180 3280 magna
2209 3205 2577 3262 veneratione
2623 3205 3101 3272 luminario‘rum,
3134 3210 3418 3278 tanquam
3469 3207 3614 3280 pede

201 3299 489 3357 Nazareth
511 3304 600 3356 est
621 3315 724 3372 per
741 3298 1206 3355 Incarnationem
1221 3297 1453 3354 Domini
1477 3297 1852 3354 celebratum.

201 3389 542 3446 Secundum
573 3405 706 3445 vero
737 3404 841 3460 per
868 3387 1241 3442 Nativitatem
1280 3385 1470 3459 ipsius
1518 3386 1577 3441 in
1623 3385 1856 3442 Bethle-

202 3478 340 3535 hem
373 3477 539 3534 Judm
565 3481 654 3534 est
683 3475 1484 3544 consummatum.Tertium,
1518 3476 1672 3548 quod
1707 3475 1856 3530 dici-

201 3573 304 3624 tur
334 3569 670 3640 Hypapante
700 3565 1020 3632 Domini,id
1047 3568 1135 3621 est
1162 3563 1596 3637 repraesentatio
1618 3563 1852 3632 Christi,

203 3657 263 3716 in
299 3654 750 3729 quadragesimo
778 3653 1114 3710 Nativitatis
1146 3670 1265 3708 sua:
1295 3653 1388 3708 die
1412 3652 1472 3708 in
1513 3651 1730 3725 templo
1759 3652 1854 3708 Je-

204 3745 466 3802 rusalem
495 3750 582 3800 est
611 3749 937 3800 ostensum.
969 3743 1390 3798 Verumtamen
1439 3741 1561 3798 haec
1603 3741 1714 3796 tria
1743 3740 1854 3796 sub

203 3851 325 3890 uno
357 3833 934 3904 comprehenduntur
962 3830 1313 3903 sigillorum,
1347 3847 1474 3903 quis
1514 3834 1736 3904 septem
1767 3828 1853 3884 di-

206 3927 424 3980 cuntur
451 3922 511 3977 in
543 3939 806 3990 numero,
841 3938 956 3994 quo
999 3919 1098 3975 illo
1135 3919 1286 3976 liber
1310 3919 1371 3974 in
1399 3918 1741 3992 Apocalypsi
1775 3917 1854 3974 si-

206 4016 442 4086 gnatus,
462 4029 497 4067 a
517 4010 678 4067 nullo
709 4010 900 4084 potuit
929 4009 1069 4066 solvi
1105 4008 1215 4064 nisi
1244 4009 1316 4064 ab
1347 4006 1446 4063 illo
1473 4009 1637 4080 Agno
1659 4007 1757 4080 qui
1781 4007 1854 4064 ab

205 4098 432 4174 origine
463 4100 668 4154 mundi
699 4103 787 4155 est
819 4097 1248 4155 occisus.Unde
1277 4101 1336 4153 et
1364 4094 1461 4152 ille
1492 4113 1505 4152 :
1537 4097 1747 4165 Dignus
1776 4112 1851 4166 es,

203 4191 454 4256 Domine,
489 4190 751 4261 accipere,
802 4193 913 4244 etc.
965 4191 1391 4260 Computantur
1433 4189 1630 4241 autem
1661 4203 1694 4240 a
1725 4185 1852 4256 qui-

203 4278 457 4335 busdam
480 4276 603 4332 haec
627 4281 848 4349 septem
871 4276 1178 4350 signacula
1197 4273 1594 4348 apocalyptica
1612 4273 1672 4328 in
1695 4273 1854 4330 hunc

203 4367 686 4438 modum,nempe
715 4366 869 4438 quod
901 4365 1023 4420 haec
1054 4365 1210 4421 sint:
1240 4363 1581 4420 i.Nativitas
1597 4361 1848 4431 Domini,

202 4473 307 4512 seu
339 4455 702 4522 Incarnatio;
735 4459 788 4509 2.
816 4455 1189 4528 Baptismus;
1221 4455 1276 4509 3.
1302 4452 1534 4518 Passio;
1570 4453 1623 4507 4.
1658 4453 1730 4507 ad
1762 4451 1851 4506 in-

1964 3295 2194 3351 Domini
2224 3294 2482 3351 calcatus
2505 3299 2561 3350 et
2589 3295 3008 3362 sanctificatus,
3033 3294 3328 3368 eleganter
3347 3300 3610 3366 ornatus,

1965 3383 2066 3440 ubi
2099 3401 2307 3456 nempe
2337 3384 2605 3440 Christus
2636 3382 2797 3440 solus
2826 3383 3042 3440 virtute
3075 3383 3272 3441 divina
3291 3388 3377 3440 tot
3397 3383 3616 3441 restitit

1965 3472 2325 3538 hominibus,
2349 3489 2447 3528 eos
2465 3470 2746 3527 violenter
2775 3471 3092 3544 ejiciendo;
3117 3470 3219 3544 qui
3242 3471 3438 3527 dictus
3459 3470 3615 3544 lapis

1965 3561 2278 3632 adjunctus
2309 3565 2396 3617 est
2425 3560 2604 3633 lapidi
2637 3577 2814 3632 super
2843 3576 3020 3632 quem
3051 3564 3334 3632 tanquam
3359 3560 3417 3616 in
3445 3559 3613 3616 altari

1963 3649 2300 3723 depingitur
2328 3632 2559 3706 oblatus
2589 3649 2769 3706 tuisse
2798 3647 3082 3705 Dominus
3129 3653 3346 3718 noster,
3379 3649 3464 3704 uti
3506 3632 3624 3706 de:

1964 3743 2326 3796 monstratur
2353 3737 2412 3794 in
2440 3738 2668 3812 pictura
2697 3742 2753 3794 et
2781 3737 3296 3810 superscriptione,
3322 3755 3449 3811 qua
3472 3737 3608 3796 talis

1963 3832 2054 3884 est
2085 3845 2097 3882 :

1962 3916 2055 3966 Hic
2079 3917 2184 3980 fuit
2217 3915 2416 3966 oblatus
2443 3917 2548 3967 Rea:
2575 3931 2753 3980 regum
2782 3915 2984 3981 virgine
3012 3917 3184 3976 natus,

1965 3996 2284 4061 Quapmpter
2310 3999 2517 4045 sanctus
2545 3994 2682 4044 locus
2709 3998 2784 4044 est
2812 3995 2894 4045 hic
2923 3996 3042 4059 iure
3070 3996 3294 4044 vocatus.

2034 4095 2102 4150 Et
2132 4093 2304 4166 paulo
2335 4097 2468 4166 post
2497 4092 2671 4150 etiam
2704 4097 3014 4166 sequentes
3044 4111 3247 4150 versus
3283 4091 3500 4149 ibidem
3530 4091 3615 4150 le-

2003 4187 2200 4238 untur.

2003 4199 2200 4238 untur.

1962 4199 2052 4320 flio
2078 4270 2234 4320 Jacob
2257 4268 2452 4320 scalam
2482 4270 2630 4329 vidit,
2662 4271 2948 4319 construxit
2976 4273 3026 4320 et
3053 4285 3220 4330 aram,

1960 4351 2089 4401 Hinc
2116 4351 2250 4400 locus
2277 4352 2514 4410 ornatur,
2544 4364 2642 4414 quo
2665 4352 2872 4400 sanctus
2889 4351 3016 4414 jure
3042 4354 3267 4400 vocatur.

1962 4448 2125 4515 Quod
2145 4465 2278 4504 vero
2299 4447 2409 4504 hoc
2430 4446 2557 4520 ipso
2579 4447 2638 4502 in
2662 4446 2856 4518 lapide
2877 4447 3060 4502 Jacob
3081 4445 3420 4519 depingitur
3439 4451 3616 4520 caput

200 4545 357 4602 feros
388 4543 725 4613 desCensio;
757 4545 810 4599 5.
828 4542 1192 4600 Resurrectio
1217 4559 1231 4597 :
1253 4545 1308 4598 6.
1332 4541 1639 4598 Ascensio:
1670 4544 1726 4608 7,
1760 4541 1850 4596 t‘u-
1881 4558 1928 4624 Ι)
1962 4537 2250 4610 posuisse,
2285 4537 2476 4610 qando
2526 4535 2825 4592 dormiens
2867 4535 3011 4590 vidit
3060 4533 3280 4591 scalam
3312 4535 3371 4590 in
3403 4535 3611 4594 ccelum
3709 4531 3711 4533 ’

199 4633 318 4690 turi
341 4632 554 4705 judicii
584 4632 1124 4705 repraesentatioDe
1147 4631 1242 4687 his
1261 4635 1456 4688 autem
1479 4634 1702 4702 septem
1722 4630 1849 4702 jam
1890 4623 1913 4624 η
1959 4631 2307 4698 porrectam,
2341 4643 2444 4698 per
2472 4641 2650 4698 quam
2702 4623 2890 4697 angeli
2943 4623 3332 4680 ascenderunt
3376 4627 3433 4678 et
3480 4624 3611 4682 des-

201 4740 304 4780 sex
333 4721 394 4777 in
425 4722 693 4794 partibus
719 4721 1265 4792 Jerosolymitarum
1297 4737 1400 4793 per
1423 4717 1730 4775 Dominum
1755 4734 1854 4774 no-

201 4816 396 4868 s‘trum
426 4812 632 4867 Jesum
665 4810 962 4867 Christum
995 4815 1134 4866 sunt
1165 4809 1359 4866 soluta
1389 4826 1490 4865 seu
1515 4807 1850 4880 adimpleta;

202 4899 524 4972 septimum
558 4899 973 4973 complendum
1007 4917 1106 4970 per
1125 4900 1398 4955 eumdem
1425 4897 1735 4954 Dominum
1757 4912 1855 4952 no-

201 4990 604 5061 strum,cujus
633 4987 1004 5062 completioni
1035 5005 1142 5044 nec
1173 4993 1331 5044 certa
1358 4987 1631 5054 hora,nec
1662 4989 1855 5042 certus

200 5077 370 5134 locus
409 5082 498 5133 est
541 5078 854 5150 ascriptus,
887 5076 1024 5134 licet
1053 5095 1088 5133 a
1113 5076 1238 5133 Joel
1288 5076 1569 5150 propheta
1616 5075 1675 5130 in
1726 5091 1854 5146 per-

200 5183 353 5224 sona
381 5165 612 5222 Domini
644 5167 869 5223 dictum
899 5166 978 5224 sit
1009 5184 1022 5222 :
1055 5167 1399 5238 Congregabo
1445 5180 1628 5221 omnes
1674 5171 1855 5234 gentes

200 5259 270 5329 in
296 5255 444 5312 valle
470 5255 748 5328 Iosophat,
781 5264 833 5312 et
861 5257 1167 5329 disceptabo
1195 5271 1320 5310 cum
1347 5255 1448 5310 eis.
1482 5253 1593 5309 Sed
1643 5251 1712 5306 de
1760 5251 1854 5306 his

198 5325 539 5400 afibi.Nunc
568 5325 702 5402 vero
734 5325 1043 5402 redeamus
1065 5345 1135 5402 ad
1161 5341 1728 5418 repraesentationem
1749 5339 1856 5396 Do-

197 5431 372 5499 mini,
402 5431 744 5505 adjicientes
774 5433 884 5491 hoc
931 5435 1003 5490 de
1048 5431 1496 5490 circumcisione
1543 5429 1692 5501 ejus,
1725 5445 1852 5502 qua:

196 5522 356 5580 facta
386 5525 475 5579 est
501 5523 562 5579 in
593 5521 811 5596 templo
837 5521 1070 5601 Domini
1103 5526 1300 5579 octavo
1347 5519 1461 5588 die,
1493 5517 1651 5591 quod
1698 5516 1850 5591 ipsa,

198 5611 472 5690 quamvis
497 5612 558 5672 in
589 5626 658 5673 ea
685 5611 882 5674 carnis
914 5609 1164 5671 abscisio
1203 5607 1630 5690 depositionem
1677 5605 1854 5668 vitio-

1961 4715 2302 4781 cendcrunt,
2333 4713 2494 4770 salva
2521 4711 2841 4769 reverentia
2869 4711 3310 4785 templi,verum
3338 4729 3458 4767 non
3489 4715 3610 4782 est;

1963 4805 2063 4859 ubi
2093 4808 2150 4859 et
2179 4804 2390 4860 iterum
2420 4820 2621 4859 versus
2653 4801 2748 4857 hic
2778 4801 3082 4874 appositus
3115 4804 3203 4856 est
3236 4817 3249 4854 :

1964 4893 2076 4942 Hec
2107 4894 2198 4942 tua
2225 4893 2291 4941 sit
2321 4894 2477 4951 terra,
2512 4888 2681 4948 Iacob,
2713 4904 2825 4939 cum
2849 4888 2996 4953 prole
3023 4890 3224 4950 futura,

2035 4981 2169 5048 Sed,
2204 4985 2267 5036 ut
2297 4998 2476 5054 supra
2506 4978 2963 5051 diximus,longe
2983 4977 3044 5032 in
3077 4976 3190 5033 alio
3219 4976 3345 5033 loco
3378 4976 3611 5045 accidit,

1963 5069 2182 5126 scilicet
2230 5070 2301 5125 ad
2352 5071 2632 5141 majorem
2681 5066 3139 5123 Machuzneriam
3181 5066 3253 5121 ad
3288 5066 3612 5138 Mesopota-

1963 5159 2142 5215 miam
2171 5158 2353 5214 eunti.

2034 5252 2098 5302 In
2132 5246 2345 5318 templo
2375 5245 2643 5302 liberavit
2663 5244 2950 5302 Dominus
2969 5249 3172 5301 noster
3191 5243 3517 5299 adulteram
3539 5244 3613 5300 ab

1962 5336 2398 5404 accusantibus,
2431 5335 2632 5391 dicens
2659 5351 2671 5390 :
2695 5337 2810 5406 Qui
2835 5337 2976 5401 sine,
3006 5339 3221 5406 peccato
3249 5341 3345 5400 est,
3380 5333 3615 5398 etc.0ui

1963 5423 2640 5494 deinde,accusatoribus
2665 5421 3001 5481 tacentibus
3032 5426 3089 5479 et
3128 5415 3497 5486 exeuntibus,
3533 5419 3614 5475 fe-

1962 5515 2137 5571 minae
2175 5511 2321 5570 dixit
2355 5530 2368 5568 ε
2402 5512 2615 5584 Mulier,
2647 5514 2783 5571 vade
2829 5514 2892 5567 in
2931 5525 3088 5584 pace,
3117 5516 3170 5566 et
3205 5510 3328 5582 jam
3371 5506 3618 5580 amplius

1958 5605 2082 5665 noti
2106 5617 2348 5684 peccare.
2384 5603 2570 5664 Locus
2597 5602 2700 5666 ille
2727 5603 3182 5682 repraesentetur
3207 5596 3269 5656 in
3293 5609 3477 5676 parva
3502 5609 3622 5676 cry-
