3992 6090
399 308 556 372 5.063

906 305 1008 365 AD
1054 297 1562 374 GODEFBIDUM
1613 294 1946 370 APPEND.
1993 287 2078 360 Il.
2103 319 2184 344 -
2211 291 2521 366 MONUM.
2566 289 2670 368 DE
2707 292 2961 366 BELLO
3004 293 3282 359 SACRO.

3651 289 3812 362 1064

397 446 498 516 pta
527 438 787 512 ejusdem
816 435 1120 519 templi,ad
1153 451 1330 508 quam
1359 435 1620 508 cryptam
1641 428 1928 519 introitus
1957 429 2047 519 est
2071 423 2131 504 Α
2157 442 2261 519 per
2291 442 2466 500 quam
2495 425 2700 519 Petrus
2739 441 2874 519 cum
2923 427 3148 519 Joanne
3195 425 3490 519 transiens
3539 422 3809 519 pauperi,

398 514 458 584 in
491 527 731 584 sinistra
779 515 946 599 parte,
987 523 1193 596 templi
1244 527 1301 578 et
1344 524 1581 576 vocatur
1627 514 1943 574 Confessio.
1981 515 2042 570 In

398 618 671 672 eumdem
702 614 894 669 locum
922 611 1136 668 dicitur
1167 611 1469 684 ingressus
1502 607 1684 662 fuisse
1714 603 2040 671 Zacharias,

397 705 630 780 quando
663 704 735 758 ab
767 701 974 776 angelo
1005 701 1077 756 de
1107 698 1482 770 conceptione
1529 693 1773 751 Joannis
1804 698 1892 748 est
1921 709 2042 747 cer-

395 792 684 859 tificatus;
717 791 825 846 hoc
855 795 1041 845 totum
1088 788 1308 844 indicat
1357 784 1603 859 pictura,
1636 787 1690 839 et
1721 780 2042 855 superscri-

397 882 645 956 ptiones,
680 897 808 952 qua:
838 877 985 934 tales
1033 880 1194 936 sunt.
1225 874 1482 948 Angelus
1530 873 1601 929 ad
1652 870 1990 928 Zachariam
2025 885 2038 923 :

393 971 470 1038 Ne
501 973 710 1037 timeas,
737 967 1022 1033 Zacharia,
1055 965 1317 1021 exaudita
1345 971 1424 1019 est
1457 963 1629 1019 oratio
1659 967 1774 1027 tua,
1805 962 1914 1015 etc.

468 1059 530 1124 In
561 1055 997 1130 superliminari
1029 1051 1390 1134 conspicitur
1417 1051 1610 1124 imago
1642 1046 1855 1105 Christi
1905 1061 2041 1101 cum

388 1147 504 1203 hac
529 1144 849 1228 epigraphe
881 1159 896 1200 :

391 1252 607 1312 Absolve
633 1254 810 1318 gentes
836 1265 931 1304 sua
951 1250 1169 1300 crimina
1198 1247 1350 1298 corde
1375 1247 1620 1311 fatentes.

466 1362 531 1424 in
562 1359 780 1432 templo
811 1358 886 1416 ad
918 1357 1101 1414 altare
1133 1357 1289 1428 quod
1316 1357 1474 1416 extra
1499 1356 1623 1416 erat
1653 1351 1762 1408 sub
1785 1349 2044 1417 clivo,rev-

389 1454 621 1515 motum
651 1466 686 1513 a
713 1447 931 1520 templo
979 1445 1294 1518 plusquam
1342 1461 1417 1507 xx
1466 1457 1701 1514 passus,
1732 1437 2042 1502 Zachariae

394 1538 554 1602 filius
603 1535 898 1602 Baraehiaa
950 1538 1169 1605 martyr
1212 1531 1519 1599 occubuit;
1548 1545 1728 1601 supra
1777 1525 1928 1598 quod
1980 1523 2040 1580 in

393 1626 584 1692 Veteri
614 1625 986 1690 Testamento
1015 1621 1202 1680 Judaai
1239 1625 1498 1676 turtures
1529 1622 1586 1673 et
1615 1614 1918 1676 columbas
1947 1629 2040 1678 sa-

389 1714 668 1780 critaoere
695 1710 1243 1780 consueverant,sed
1279 1711 1478 1780 postea
1499 1723 1533 1761 a
1553 1701 1889 1762 Sarracenis
1909 1719 2040 1762 mua-

393 1808 582 1868 totum
613 1806 704 1864 est
731 1801 913 1867 altare
943 1800 1084 1858 illud
1118 1799 1178 1854 in
1218 1795 1611 1868 horologium,
1643 1793 1795 1866 quod
1849 1791 2040 1848 adhuc
2068 1791 2117 1860 B

391 1892 572 1948 videri
603 1895 664 1954 ct
693 1887 880 1954 notari
913 1892 1262 1961 potest,cum
1296 1885 1492 1957 plures
1523 1879 2038 1948 Sarraceni,etiam

391 1981 587 2048 hodie,
619 1977 824 2036 orandi
879 1993 1060 2038 causa
1107 1976 1177 2030 ad
1231 1975 1450 2047 ipsum,
1479 1989 1684 2028 versus
1735 1969 2038 2030 meridiem

394 2068 764 2142 dispositum,
800 2067 870 2132 ad
904 2081 1078 2137 quem
1114 2062 1414 2121 meridiem
1456 2060 1566 2132 ipsi
1615 2076 1780 2121 orare
1827 2057 2036 2124 solent,

391 2157 820 2224 veniuntldem
852 2171 984 2210 vero
1015 2151 1301 2224 templum
1333 2149 1560 2206 Demini
1595 2147 1741 2203 miro
1771 2144 2038 2202 tabulatu

395 2262 722 2312 marmoreo
753 2244 914 2298 intus
944 2246 999 2298 et
1030 2240 1302 2307 exterius,
1338 2257 1371 2295 a
1399 2253 1750 2310 quocunque
1798 2235 2037 2290 demum

393 2339 776 2402 exstructum,
799 2333 1046 2390 formam
1079 2329 1252 2384 habet
1283 2329 1582 2390 decentem
1615 2330 1673 2381 et
1703 2324 2034 2390 rotundam,

396 2423 514 2478 imo
544 2420 901 2478 circulariter
929 2423 1293 2488 octogenam,
1327 2417 1384 2471 id
1415 2421 1522 2482 est,
1557 2419 1682 2470 octo
1708 2411 1953 2485 angulos
1977 2411 2035 2472 in

394 2511 639 2566 circuitu
680 2509 1015 2576 habentem.
1051 2507 1236 2577 Hujus
1267 2504 1467 2576 templi
1499 2505 1688 2575 paries
1715 2503 1788 2558 de
1816 2500 2036 2572 optimo

394 2599 620 2656 musivo
647 2615 819 2670 opere
851 2596 1211 2653 extrinsecus
1260 2595 1578 2654 adornatus
1627 2597 1716 2647 est
1746 2608 1932 2663 usque
1961 2591 2034 2646 ad

393 2689 768 2758 medietatem
801 2688 948 2758 ejus,
983 2703 1118 2752 nam
1150 2683 1374 2755 reliqua
1401 2700 1538 2754 pars
1567 2686 1656 2743 est
1685 2681 1756 2738 de
1782 2697 2034 2744 marmo.

394 2778 510 2834 reis
542 2777 857 2849 lapidibus.
891 2775 1050 2842 idem
1078 2773 1271 2846 paries
1299 2771 1542 2836 inferior
1569 2774 1660 2836 est
1696 2769 2033 2837 continuus,

394 2871 778 2941 praeterquam
803 2863 956 2937 quod
990 2867 1242 2934 quatuor
1271 2861 1438 2920 ostiis
1463 2857 2038 2930 interrumpitur,ba-

391 2956 540 3023 hens
567 2955 640 3023 ad
667 2954 954 3020 orientem
986 2951 1204 3015 ostium
1253 2967 1459 3016 unum,
1496 2948 1590 3012 cui
1638 2948 1917 3018 adjuncta
1947 2949 2037 3002 est

389 3043 616 3117 depelle
643 3043 703 3102 in
733 3043 1013 3109 honorem
1045 3039 1230 3104 sancti
1260 3038 1458 3105 Jacobi
1499 3040 1854 3098 consecrata.
1887 3035 2034 3090 Nam

391 3135 464 3202 ab
493 3151 560 3190 θοι
588 3136 750 3230 {iam
779 3131 851 3196 de
879 3134 1036 3229 tecto.
1058 3127 1261 3201 templi
1291 3125 1870 3230 ipseprzecipitatu's,
1903 3140 2031 3230 per:
2062 3155 2106 3230 α

391 3221 506 3288 tice
531 3220 770 3288 fullonis
801 3224 890 3282 est
919 3219 1170 3285 occisus,
1205 3216 1304 3288 qui
1355 3215 1582 3288 primus
1630 3214 1887 3286 pontifex
1925 3211 2034 3268 fuit

392 3312 504 3378 sub
536 3327 694 3372 novas
723 3308 870 3382 legis
899 3306 1086 3380 gratia
1112 3307 1171 3370 in
1200 3303 1715 3366 Jerusalem.Unde
1745 3308 1802 3358 et
1830 3301 1889 3356 hi
1919 3319 2036 3356 ver.

393 3416 496 3466 sua
525 3403 664 3466 sunt
694 3395 942 3470 appositi
975 3396 1033 3460 in
1072 3395 1275 3456 eadem
1325 3391 1568 3465 capella,
1600 3392 1660 3447 in
1709 3391 1888 3447 latere
1930 3407 2036 3462 pa-v

390 3485 550 3553 rietis
585 3503 597 3542 :

388 3599 605 3650 Iacobus
633 3599 848 3663 Alphei,
882 3598 1090 3648 Domini
1115 3598 1299 3648 similis
1325 3597 1496 3662 faciei,

391 3681 530 3730 Finit
555 3695 651 3744 pro
681 3679 904 3736 Christo,
936 3677 1122 3741 templo
1143 3677 1383 3740 depulsus
1411 3677 1475 3725 ab
1505 3678 1616 3725 ista.

390 3760 476 3821 δίο
501 3758 744 3817 Jacobum
771 3759 989 3822 iustum,
1016 3757 1379 3822 praedicantem
1407 3756 1606 3820 publice
1637 3756 1916 3816 Christum,

388 3838 538 3890 Plebs
563 3838 702 3889 mala
729 3838 1008 3899 mulctavit,
1042 3837 1257 3886 fullonis
1287 3839 1480 3900 pertica
1507 3839 1706 3886 stravit.

389 3957 460 4012 Et
483 3955 544 4011 hi
575 3953 712 4010 dicti
744 3970 946 4010 versus
977 3952 1140 4010 intus
1169 3957 1226 4010 et
1271 3952 1410 4009 foris
1460 3952 1628 4025 quasi
1679 3969 1783 4026 per
1827 3969 2035 4026 gyrum

391 4045 655 4117 ejusdem
687 4043 918 4116 capelle
950 4042 1010 4098 in
1042 4043 1289 4098 circuitu
1320 4041 1710 4110 continentur,
1743 4059 1863 4098 una
1901 4059 2036 4099 cum

397 4133 528 4189 istis
555 4150 569 4188 :

389 4238 606 4289 Iacobus
633 4237 833 4304 Alphei
858 4241 1026 4303 frater
1056 4238 1256 4288 domini
1275 4239 1518 4300 Nazarei,

391 4321 643 4378 Piscator,
677 4321 797 4381 vita,
829 4335 942 4369 vere
968 4321 1072 4384 fuit
1102 4319 1370 4382 Israelita;

393 4401 466 4450 De
495 4399 672 4465 templi
695 4401 858 4464 pinna
887 4398 1173 4451 compulsus
1199 4400 1393 4462 fraude
1422 4399 1672 4464 maligna,

390 4481 478 4532 Ad
497 4480 754 4531 Christum
783 4479 927 4530 latus
955 4481 1200 4544 migravit
1226 4483 1362 4530 vecte
1386 4483 1692 4545 peremptus.

464 4587 551 4642 Ab
575 4587 846 4660 aquilone
877 4587 1100 4642 habens
1131 4585 1390 4642 officium
1423 4603 1606 4640 unum
1638 4603 1842 4642 versus
1875 4585 2036 4642 clau-

395 4680 582 4732 strum
623 4677 1024 4742 Dominorum,
1060 4676 1117 4730 in
1164 4675 1332 4746 cujus
1372 4673 1805 4746 superliminari
1840 4674 2038 4747 plures

393 4763 597 4822 littera
630 4764 982 4822 Saracenicaa
1015 4769 1154 4819 sunt
1175 4762 1698 4835 appositaeridem
1721 4765 2039 4836 verojuxta

396 4853 549 4910 idem
583 4855 797 4910 ostium
830 4859 919 4909 est
950 4853 1113 4908 locus
1145 4850 1301 4907 illius
1332 4868 1492 4923 aquze
1525 4851 1798 4908 salutaris
1830 4854 1900 4908 de
1923 4871 2039 4926 qua

396 4944 682 5016 propheta
713 4960 726 4998 :
767 4943 894 4999 Vidi
923 4959 1123 5014 aquam
1159 4940 1520 5010 egredientem
1547 4940 1612 4996 de
1640 4942 1826 5006 latere,
1857 4947 1963 4998 etc.

469 5031 532 5086 In
564 5030 804 5086 introitu
835 5029 1060 5102 templi,
1093 5047 1294 5085 versus
1325 5029 1705 5096 occidentem,
1739 5049 1917 5102 supra
1945 5049 2037 5087 ve-

397 5117 682 5176 stibulum
714 5119 926 5174 Christi
959 5119 1152 5190 imago
1183 5122 1289 5184 est,
1325 5117 1479 5172 circa
1507 5135 1684 5190 quam
1715 5117 1823 5174 hoc
1852 5120 2040 5175 conti-

399 5212 570 5264 netur
598 5207 963 5280 epigramma
993 5224 1006 5262 :
1041 5209 1168 5263 Ηιτσ
1196 5206 1386 5262 domus
1432 5223 1570 5273 mea,
1602 5208 1791 5264 domus
1839 5211 2042 5265 oratio-

396 5298 488 5353 nis
517 5295 813 5352 vocabitur.

467 5387 515 5439 A
546 5384 785 5440 meridie
817 5401 1050 5458 quoque
1071 5384 1246 5440 habet
1267 5384 1483 5440 ostium
1507 5403 1709 5443 versus
1731 5387 2041 5444 editicium

401 5471 751 5530 Salomonis.
787 5475 874 5529 Ab
907 5475 1202 5531 occidente
1233 5474 1408 5531 etiam
1449 5474 1625 5532 habet
1670 5477 1887 5532 ostium
1917 5495 2042 5535 ver-

401 5577 504 5621 sus
561 5561 894 5640 sepulcrum
949 5561 1200 5634 Domini,
1259 5561 1360 5620 ubi
1419 5568 1474 5620 et
1529 5569 1697 5639 porta
1747 5566 2041 5642 Speciosa,

2153 513 2580 588 eleemosynam
2613 514 2684 570 ab
2734 513 2818 570 eis
2867 515 3110 587 potenti,
3147 531 3280 570 cum
3332 518 3487 572 esset
3537 512 3808 579 claudus,

2153 602 2298 662 dixit
2330 619 2342 656 :
2380 609 2688 672 Argentum
2715 610 2766 660 et
2793 621 2991 662 aur-um
3019 620 3131 660 non
3159 611 3236 660 est
3266 605 3424 670 mihi,
3448 601 3813 660 etc.Utrum-

2151 691 2303 746 libet
2332 691 2577 748 istorum
2607 692 2858 748 duorum
2899 691 3206 760 ostiorum,
3237 691 3504 748 videlicet
3535 691 3606 747 ab
3634 689 3809 768 aqui-

2150 779 2283 835 lone
2314 784 2370 835 et
2400 779 2471 835 ab
2497 779 2815 848 occidente,
2851 779 3028 836 habet
3067 798 3168 838 sex
3207 782 3445 854 januas,
3480 780 3658 836 modo
3687 778 3808 835 val-

2149 885 2354 924 varum
2387 871 2764 940 eonjunctas;
2793 885 2933 926 nam
2963 869 3107 926 illud
3137 887 3341 927 versus
3372 868 3680 926 meridiem
3703 867 3806 924 ha-

2151 956 2248 1017 bet
2279 960 2548 1029 quatuor,
2579 955 2724 1012 illud
2755 973 2890 1013 vero
2921 957 2993 1013 ad
3024 957 3307 1014 orientem
3346 959 3494 1018 duas
3544 959 3804 1018 tantum.

2151 1045 2218 1100 Et
2246 1045 2368 1104 haec
2399 1045 2554 1101 circa
2581 1045 2915 1102 inferiorem
2941 1046 3247 1118 parietem.

2220 1133 2250 1194 ,ἶ
2259 1151 2352 1188 am
2382 1132 2443 1188 in
2475 1133 2761 1205 superiori
2793 1139 2959 1208 parte
2988 1135 3254 1207 ejusdem
3291 1132 3549 1208 parietis,
3579 1132 3805 1190 scilicet

2150 1221 2251 1282 ubi
2282 1222 2579 1286 musivum
2612 1239 2761 1296 opus
2790 1223 3080 1300 optimum
3130 1222 3463 1300 appositum
3495 1227 3604 1292 est,
3647 1223 3803 1278 fene-

2150 1317 2281 1367 stris
2314 1315 2452 1372 sunt
2481 1312 2803 1368 interserta:
2836 1312 2941 1382 sic,
2975 1317 3041 1368 ut
3060 1312 3120 1368 in
3143 1312 3402 1386 quolibet
3422 1313 3492 1370 de
3517 1315 3650 1374 octo
3674 1311 3806 1369 late-

2149 1399 2314 1461 ribus
2345 1400 2465 1458 sint
2495 1399 2755 1476 quinque
2784 1401 3070 1467 fenestrae,
3105 1405 3491 1474 praeterquam
3533 1400 3637 1460 ubi
3671 1405 3805 1456 sunt

2149 1489 2298 1545 ostia
2319 1493 2436 1548 tem
2443 1487 2611 1562 pli,in
2636 1488 2849 1564 quibus
2872 1493 3100 1548 tantum
3127 1495 3380 1564 quatuor
3399 1489 3801 1548 continentur.

2149 1578 2394 1633 Summa
2425 1577 2699 1637 universa
2730 1577 3115 1634 fenestrarum
3164 1577 3428 1640 ascendit
3457 1578 3529 1633 ad
3561 1577 3805 1651 triginta

2149 1666 2317 1726 duas.
2352 1666 2507 1722 Inter
2535 1666 2714 1722 istum
2746 1666 3089 1724 exteriorem
3121 1666 3181 1722 in
3214 1666 3460 1723 circuitu
3493 1667 3800 1740 parietem,

2147 1759 2204 1809 et
2233 1754 2386 1814 inter
2415 1753 2720 1812 interiores
2746 1754 3050 1812 columnas
3073 1771 3432 1816 marmoreas
3453 1759 3508 1812 et
3529 1771 3800 1828 magnas,

2148 1859 2273 1914 quas
2307 1859 2548 1897 numero
2581 1847 2720 1898 sunt
2745 1843 3138 1912 duodecim,et
3159 1847 3500 1900 sustentant
3521 1843 3698 1902 illum
3721 1843 3803 1900 in-

2147 1929 2438 1998 teriorem,
2463 1933 2520 1986 et
2550 1931 2920 2002 strictiorem,
2948 1937 3006 1988 et
3035 1932 3326 1999 latiorem,
3360 1936 3416 1988 et
3444 1931 3688 2005 penitus
3721 1949 3804 1988 ro-

2145 2019 2400 2084 tundum
2435 2019 2737 2092 parietem,
2772 2021 2873 2094 qui
2904 2021 3080 2078 habet
3128 2020 3436 2077 duodecim
3483 2021 3800 2094 fenestras,

2147 2107 2469 2180 suppositis
2498 2109 2674 2164 etiam
2716 2109 2827 2166 sibi
2878 2114 3132 2182 quatuor
3179 2109 3482 2182 quadratis
3531 2111 3800 2182 basibus,

2146 2197 2298 2251 inter
2328 2197 2504 2264 hunc,
2539 2197 2800 2269 inquam,
2835 2202 2891 2253 et
2922 2197 3092 2254 illum
3127 2198 3406 2270 parietem
3447 2202 3589 2254 sunt
3635 2199 3804 2264 sede-

2146 2284 2257 2340 cim
2291 2285 2598 2354 columnae,
2632 2290 2690 2344 et
2719 2291 2846 2342 octo
2880 2287 3050 2343 bases
3077 2304 3212 2348 cum
3245 2288 3549 2361 quadratis
3587 2286 3803 2361 lapidi-

2147 2373 2257 2428 bus
2287 2375 2657 2445 marmoreis,
2675 2391 2809 2431 cum
2833 2375 3019 2446 spatio
3043 2380 3170 2430 octo
3194 2374 3723 2452 passuum,abhinc
3747 2380 3805 2434 et

2145 2461 2280 2518 inde
2310 2466 2708 2520 sustentantes
2739 2468 2956 2519 tectum
2991 2464 3250 2520 medium
3284 2465 3434 2526 inter
3462 2463 3804 2526 interiorem

2145 2553 2202 2610 et
2231 2552 2570 2611 exteriorem
2613 2552 2914 2630 parietem,
2951 2556 3005 2608 et
3051 2552 3388 2612 interiorem
3439 2553 3614 2608 etiam
3664 2553 3805 2609 stri-

2145 2640 2386 2708 ctiorem
2445 2658 2579 2695 cum
2639 2640 3050 2716 pulcherrimis
3097 2640 3414 2714 laqueariis
3449 2657 3461 2695 :
3498 2659 3684 2718 supra
3738 2659 3804 2712 se

2146 2727 2322 2784 etiam
2346 2729 2516 2800 juxta
2543 2733 2758 2786 tectum
2781 2729 2975 2784 locum
3000 2729 3527 2785 deambulatorium
3553 2730 3808 2787 circum-

2145 2833 2378 2890 quaque
2407 2817 2837 2886 exhibentibus,
2871 2822 2928 2874 et
2957 2818 3310 2875 habentibus
3339 2818 3572 2875 canales
3603 2819 3804 2892 plum-

2145 2905 2304 2974 beos,
2341 2906 2440 2978 qui
2473 2924 2687 2978 aquam
2721 2907 3080 2980 pluviatilem
3113 2911 3409 2963 evomunt.

2216 2995 2404 3067 Super
2419 2994 2575 3050 hunc
2591 2995 2943 3050 strictiorem
2963 2995 3240 3068 parietem
3261 2996 3508 3074 erigitur
3527 2997 3587 3052 in
3610 2996 3803 3064 altum

2143 3085 2379 3142 testudo
2411 3084 2718 3150 rotundus,
2751 3083 2912 3142 intus
2933 3084 3219 3158 depictus,
3237 3085 3373 3144 foris
3396 3085 3639 3162 plumbo
3662 3103 3804 3148 coo-

2146 3177 2364 3244 pertus,
2389 3173 2480 3236 cui
2515 3172 2750 3246 signum
2781 3177 2992 3228 sanctae
3022 3172 3212 3230 crucis
3237 3173 3297 3236 in
3329 3191 3608 3246 supremo
3631 3176 3803 3248 apice

2144 3277 2178 3315 a
2207 3259 2553 3316 Christianis
2584 3265 2672 3316 est
2699 3260 3187 3332 appositum.Hoc
3211 3263 3403 3334 ipsum
3427 3263 3670 3334 signum
3694 3264 3800 3322 Sa-

2145 3347 2370 3404 racenis
2398 3352 2484 3404 est
2514 3347 2680 3404 valde
2712 3349 3156 3418 contrarium,et
3187 3351 3355 3406 multi
3387 3351 3514 3406 auri
3547 3352 3640 3412 sui
3676 3352 3803 3408 dis-

2142 3437 2353 3510 pendio
2381 3437 2595 3494 vellent
2624 3453 2752 3493 esse
2783 3441 3096 3494 remotum.
3118 3439 3265 3494 Nam
3293 3438 3428 3502 licet
3459 3440 3635 3502 {idem
3669 3457 3804 3516 pas-

2143 3526 2328 3590 sionis
2358 3526 2572 3582 Christi
2605 3543 2720 3582 non
2753 3526 3026 3593 habeant,
3062 3531 3317 3590 attamen
3349 3527 3458 3583 hoc
3503 3528 3802 3602 templum

2141 3619 2512 3683 venerantur,
2547 3619 2598 3670 et
2630 3614 2768 3670 huic
2796 3615 2914 3670 vim
2945 3615 3166 3690 nullam
3188 3615 3449 3675 inferunt
3473 3633 3484 3673 :
3511 3617 3658 3692 quin
3681 3618 3804 3676 imo

2142 3704 2204 3759 in
2235 3704 2342 3760 hoc
2371 3704 2498 3776 ipso
2527 3703 2658 3760 licet
2687 3703 2904 3777 templo
2945 3705 3274 3762 Creatorem
3327 3721 3500 3762 suum
3553 3708 3807 3764 adorent

2144 3793 2543 3860 etiam,tamen
2565 3811 2668 3866 pro
2691 3791 3012 3855 idololatria
3032 3799 3179 3850 teste
3195 3795 3522 3868 Augustino
3541 3795 3806 3852 habendi

2145 3881 2410 3954 sunt,qui
2441 3898 2709 3954 expresse
2736 3882 2964 3950 asserit,
2996 3882 3366 3939 idololatrimn
3396 3901 3507 3940 esse
3530 3885 3807 3964 quidquid

2143 3970 2205 4042 ﬁt
2226 3979 2430 4042 praeter
2456 3971 2618 4042 ﬁdem
2649 3971 2872 4033 Christi.

2218 4059 2281 4115 In
2309 4059 2554 4114 circuitu
2587 4057 2788 4132 templi
2821 4059 2988 4132 quasi
3023 4061 3132 4119 sub
3162 4063 3314 4116 tecto
3344 4063 3507 4116 extra
3536 4063 3806 4120 contine-

2143 4150 2242 4212 tur
2268 4147 2390 4202 haec
2421 4145 2615 4202 littera
2639 4145 2697 4201 in
2729 4163 2974 4204 ascensu
3006 4165 3211 4204 versus
3241 4147 3603 4210 occidentem
3638 4164 3652 4210 :_
3678 4155 3809 4210 Pax

2143 4244 2353 4293 aeterna
2398 4235 2465 4290 ab
2511 4244 2718 4292 aeterno
2767 4236 2928 4292 Patre
2969 4237 3044 4292 sit
3089 4236 3220 4296 huic
3265 4235 3471 4292 domui.
3505 4236 3810 4296 Benedicta

2143 4325 2323 4396 gloria
2351 4325 2574 4380 Domini
2599 4323 2663 4380 de
2694 4325 2804 4380 loco
2833 4333 3018 4380 sancto
3047 4341 3166 4387 suo.
3198 4322 3416 4380 Versus
3447 4324 3761 4388 meridiem
3790 4343 3804 4381 :

2145 4415 2287 4470 Bene
2326 4413 2560 4487 fundata
2605 4421 2682 4469 est
2729 4413 2920 4470 domus
2972 4415 3200 4470 Domini
3244 4430 3413 4486 supra
3457 4414 3682 4486 ﬁrmam
3704 4432 3807 4488 pe-

2067 4527 2118 4606 n
2147 4512 2306 4558 tram.
2339 4505 2496 4567 Beati
2526 4504 2622 4606 qui
2651 4502 2905 4606 habitarit
2925 4504 2986 4557 in
3013 4503 3169 4558 domo
3201 4511 3314 4570 tua,
3351 4503 3406 4566 in
3437 4503 3649 4559 saecula
3693 4520 3808 4561 sae-

2144 4594 2393 4648 culorum
2423 4591 2732 4646 laudabunt
2756 4599 2824 4646 te.
2857 4591 3074 4647 Versus
3107 4592 3390 4647 orientem
3427 4607 3439 4646 :
3468 4592 3596 4652 Vere
3617 4596 3809 4654 Domi-

2143 4698 2247 4736 nus
2294 4689 2368 4736 est
2415 4683 2474 4735 in
2523 4681 2634 4736 loco
2685 4681 2805 4745 isto,
2839 4689 2889 4734 et
2927 4697 3018 4751 ego
3044 4682 3370 4742 nesciebam.
3403 4680 3465 4740 1η
3495 4680 3657 4736 domo
3688 4691 3807 4751 tua,

2144 4770 2390 4834 Domine,
2424 4785 2608 4824 omnes
2659 4768 2836 4823 dicent
2883 4769 3140 4838 gloriam.
3174 4769 3395 4825 Versus
3449 4771 3810 4842 septentrio-

2147 4875 2278 4915 nem
2314 4874 2327 4912 :
2367 4857 2642 4928 Templum
2670 4859 2896 4912 Domini
2921 4866 3171 4913 sanctum
3199 4867 3299 4924 est,
3322 4859 3424 4913 Dei
3449 4858 3670 4921 cultura
3704 4869 3804 4926 est,

2146 4950 2246 5005 Dei
2271 4946 2565 5016 aediﬁcatio
2594 4954 2691 5000 est.
2725 4946 2889 5001 Intus
2911 4963 3044 5002 vero
3076 4947 3133 5000 in
3166 4947 3385 5020 templo
3416 4947 3476 5002 in
3507 4948 3804 5020 superiori

2148 5037 2303 5092 linea
2333 5051 2433 5106 per
2462 5033 2774 5090 circuitum
2805 5035 3139 5107 oppositum
3172 5040 3262 5091 est
3309 5035 3539 5108 magnis
3588 5036 3808 5094 litteris

2150 5125 2294 5180 illud
2343 5123 2781 5196 responsorium
2815 5139 2828 5179 :
2863 5123 3024 5191 Audi,
3058 5125 3306 5192 Domine,
3340 5125 3628 5198 hymnum,
3663 5131 3804 5202 etc.,

2151 5230 2286 5278 cum
2311 5230 2480 5268 versu
2513 5230 2619 5268 suo
2655 5229 2668 5266 :
2706 5213 2941 5284 Respice,
2973 5215 3220 5279 Domine,
3251 5218 3366 5278 etc.

2222 5301 2440 5358 Deinde
2469 5300 2528 5355 in
2576 5300 2834 5356 inferiori
2886 5301 3114 5358 ambitu
3163 5319 3300 5358 cum
3351 5301 3543 5358 aureis
3592 5301 3804 5364 litteris

2152 5391 2392 5463 quidam
2422 5389 2692 5446 versiculi
2744 5391 2814 5446 de
2865 5389 2964 5454 illo
3013 5389 3278 5463 hymno:
3318 5390 3451 5455 Urbs
3496 5393 3807 5454 Jerusalem

2155 5481 2329 5552 beata,
2363 5483 2497 5547 ete.,
2526 5478 2902 5535 continentur
2932 5479 3388 5552 inscripti.1dem
3410 5479 3700 5556 templum
3724 5480 3805 5544 sic

2156 5568 2425 5632 decenter
2483 5567 2877 5642 compositum
2927 5570 2985 5633 et
3021 5571 3316 5642 ornatum,
3348 5567 3810 5651 circumquaque
