3992 6090
430 246 583 312 1067

945 245 1052 307 AD
1097 243 1609 309 GODEFRIDUM
1650 244 1983 306 APPEND.
2030 241 2209 331 II,-
2238 241 2548 307 MONUM.
2595 242 2698 304 DE
2741 241 2990 304 BELLO
3036 240 3306 306 SACRO.

3678 240 3840 303 1068

427 379 665 439 Turrim
695 379 875 435 David
906 377 1144 445 dictam,
1176 377 1347 452 longe
1376 378 1793 452 supereminet,
1824 376 2075 433 aediﬁca-
2104 375 2161 444 Α
2189 379 2246 432 et
2276 375 2413 432 Bala
2439 374 2528 431 vel
2557 376 2702 432 Zara
2725 375 3064 432 vocatur.Et
3092 374 3214 430 haec
3242 373 3450 447 quinta
3477 373 3549 442 de
3581 372 3839 441 civitati-

423 469 530 537 νὴ,
558 467 813 541 Josepho
842 471 1173 536 attestante,
1206 467 1304 540 qui
1340 467 1420 524 ait
1452 484 1464 522 :
1501 490 1531 518 «
1565 466 1797 523 Turrim
1828 465 2075 521 fabrica-

426 557 529 625 vit,
561 572 810 630 eamque
837 555 1150 613 Antoniam
1182 555 1347 612 dixit.
1381 578 1410 605 ››

498 647 582 703 Ex
611 646 795 702 altera
824 649 987 718 parte
1014 643 1361 714 Jerusalem,
1404 642 1837 717 aliquantulum
1872 660 2077 700 versus

429 734 757 806 meridiem,
791 737 880 790 est
909 732 1109 790 civitas
1144 734 1393 801 Hebron,
1429 750 1555 805 quas
1604 733 1901 805 quondam
1954 735 2079 788 erat

432 821 770 896 metropolis
791 821 1233 879 Philistinorum
1258 821 1728 878 ethabitaculum
1749 821 2075 894 gigantum,

415 914 659 985 distans
690 929 725 968 a
754 914 958 968 sancta
986 910 1219 967 civitate
1250 927 1353 983 per
1371 911 1587 966 dictam
1610 927 1786 965 unam
1816 926 1828 963 :
1856 909 1974 965 haec
1996 910 2080 982 ip-

434 1019 498 1059 sa
527 1005 651 1058 erat
674 1000 736 1056 in
765 998 923 1056 tribu
951 999 1352 1068 Juda,deinde
1383 998 1586 1055 civitas
1617 997 1992 1055 sacerdotalis
2023 1002 2079 1053 et

430 1088 782 1163 refugii,sita
811 1088 870 1144 in
901 1104 1040 1161 agro
1070 1087 1169 1144 illo
1198 1088 1258 1144 in
1290 1105 1407 1160 quo
1438 1087 1761 1160 plasmator
1780 1087 1933 1143 Deus
1953 1102 2078 1141 om-

430 1179 596 1236 nium
626 1182 852 1251 patrem
881 1182 1151 1234 nostrum
1180 1178 1365 1234 Adam
1400 1176 1712 1251 plasmavit
1742 1179 1799 1232 et
1821 1175 2080 1249 spiracu-

427 1266 553 1325 lum
579 1266 709 1323 vitzn
743 1266 827 1322 illi
858 1264 1185 1340 inspiravit.

499 1354 731 1412 Hebron
762 1355 1209 1411 Kariath-Jarbe
1234 1355 1471 1424 dicitur,
1505 1356 1661 1428 quod
1707 1354 2079 1411 Sarracenice

427 1448 598 1503 sonat
623 1446 820 1501 civitas
867 1452 1085 1517 quarta,
1118 1460 1327 1517 nempe
1378 1444 1605 1500 Cariam
1652 1443 1872 1511 civitas,
1906 1443 2075 1510 Arba,

429 1537 659 1606 quarta,
693 1549 761 1590 eo
802 1533 959 1607 quod
1008 1536 1261 1605 quatuor
1308 1536 1504 1606 patres
1555 1533 1640 1588 illi
1691 1532 1989 1589 reverendi
2018 1532 2077 1588 in

428 1622 710 1696 spelunca
739 1621 955 1695 duplici
980 1621 1041 1677 in
1065 1638 1133 1678 ea
1152 1621 1369 1678 fuerint
1390 1621 1852 1695 sepulti,scilicet
1870 1623 2076 1691 Adam,

426 1710 912 1779 Abraham,Isaac
933 1714 990 1766 et
1018 1710 1219 1778 Jacob,
1241 1715 1297 1766 et
1327 1727 1527 1766 eorum
1564 1727 1773 1767 uxores
1804 1714 2078 1783 quatuor,

432 1817 642 1874 nempe
666 1802 784 1857 Eva
814 1803 1002 1855 mater
1029 1803 1251 1872 nostra,
1285 1802 1447 1868 Sara,
1479 1801 1739 1855 Rebecca
1768 1803 1825 1855 et
1856 1799 2084 1856 Lia.Est

430 1895 625 1948 autem
657 1888 886 1945 Hebron
903 1889 1073 1961 juxta
1090 1888 1299 1945 vallem
1324 1890 1739 1962 Lacrymarum
1763 1888 2080 1945 sita.Vallis

431 1979 846 2051 Lacrymarum
877 1994 945 2033 ex
973 1994 1041 2033 eo
1072 1977 1227 2033 dicta
1256 1979 1409 2050 quod
1444 1982 1678 2033 centum
1721 1977 1893 2033 annis
1921 1977 1983 2033 in
2013 1995 2082 2034 ea

427 2066 643 2123 luxerit
678 2066 864 2121 Adam
915 2064 1105 2120 ﬁlium
1154 2083 1329 2121 suum
1362 2065 1519 2121 Abel.
1554 2067 1618 2121 In
1651 2082 1787 2137 qua,
1823 2066 2080 2122 monitus

428 2159 633 2229 postea
661 2155 735 2211 ab
774 2153 1003 2226 angelo,
1036 2155 1305 2227 cognovit
1352 2171 1590 2210 uxorem
1640 2172 1831 2224 suam,
1864 2173 1931 2210 ex
1962 2172 2082 2227 qua

429 2244 638 2300 deinde
667 2243 871 2317 genuit
898 2242 1085 2298 ﬁlium
1137 2260 1311 2298 suum
1363 2242 1523 2310 Seth,
1557 2243 1627 2298 de
1658 2245 1833 2316 cujus
1879 2249 2079 2315 postea

428 2332 612 2406 stirpe
640 2335 698 2388 et
726 2331 882 2387 tribu
913 2331 1181 2393 Christus
1213 2331 1323 2387 fuit
1352 2331 1657 2388 oriundus.

499 2421 767 2478 Secundo
799 2419 1073 2475 milliario
1104 2421 1176 2476 ab
1208 2421 1438 2476 Hebron
1471 2420 1774 2493 sepultura
1809 2426 1899 2477 est
1951 2422 2076 2494 Lot,

428 2509 657 2582 nepotis
688 2509 999 2565 Abraham.
1034 2510 1097 2564 In
1130 2508 1361 2565 Hebron
1388 2508 1639 2564 habetur
1666 2527 1805 2584 ager
1837 2510 2076 2584 quidam

426 2598 815 2670 Gebal,cujus
835 2597 1007 2671 gleba
1025 2599 1209 2655 rubea
1236 2602 1358 2667 est;
1393 2598 1513 2653 haec
1543 2599 1616 2654 ab
1646 2598 1853 2655 incolis
1883 2601 2078 2656 effodi-

424 2690 606 2755 tur,et
634 2685 962 2743 comeditur
990 2690 1047 2743 et
1076 2703 1180 2759 per
1207 2688 1514 2760 Egyptum
1546 2687 1770 2744 venalis
1813 2693 2074 2761 asporta-

425 2778 543 2845 tur,
577 2779 779 2848 utpote
809 2792 936 2848 qua
965 2775 1025 2830 in
1058 2775 1381 2832 multorum
1431 2775 1679 2832 salutem
1733 2794 1836 2850 pro
1884 2778 2075 2850 specie

426 2862 777 2921 charissima
824 2863 1116 2919 venditur.
1154 2864 1466 2921 Praedictus
1515 2881 1654 2938 ager
1692 2865 1752 2921 in
1785 2871 2075 2938 quantum

428 2951 544 3009 late
573 2956 629 3010 et
657 2951 942 3026 profunde
970 2952 1221 3008 effossus
1250 2957 1359 3021 est,
1392 2952 1450 3007 in
1478 2956 1710 3009 tantum
1742 2954 1843 3009 Dei
1877 2955 2073 3028 dispo-

428 3040 658 3111 sitione,
692 3058 845 3098 anno
878 3039 1501 3115 ﬁnito,redintegratus
1531 3043 1834 3115 reperitur.

2110 1750 2158 1815 B

2184 464 2298 520 bus
2327 462 2468 531 illis,
2503 463 2774 536 precibus
2807 463 2913 519 Lot
2943 462 3015 519 de
3048 460 3423 518 subversione
3472 464 3837 529 conservata,

2187 569 2373 627 usque
2404 569 2558 608 nunc
2589 551 2939 620 ostenditur,
2973 556 3031 607 et
3076 551 3249 607 modo
3295 550 3548 624 glorioso
3597 550 3840 608 nomine

2187 641 2477 697 Palmaria
2506 641 2737 697 dicitur.
2764 642 2828 695 In
2860 639 3017 696 exitu
3052 641 3232 713 Segor
3260 656 3404 696 uxor
3434 640 3561 709 Lot,
3592 644 3657 696 ut
3690 638 3841 695 nihil

2186 729 2384 786 laetum
2415 731 2539 787 sine
2570 729 2825 787 admisto
2855 728 3009 785 tristi
3038 734 3146 797 est,
3178 730 3237 784 in
3269 729 3521 802 efﬁgiem
3573 729 3720 786 salis
3752 734 3841 787 est

2185 819 2519 889 immutata,
2555 821 2726 892 cujus
2752 818 3003 893 prodigii
3031 819 3223 875 adhuc
3250 818 3499 892 vestigia
3529 824 3836 891 apparent.

2188 910 2378 981 Supra
2406 909 2594 982 ripam
2626 909 2807 964 maris
2836 907 3099 981 praedicti
3148 906 3738 986 multum’aluminis
3769 908 3838 964 ab

2185 996 2395 1054 incolis
2425 998 2711 1070 reperitur
2738 1002 2796 1053 et
2818 997 3243 1071 colligitur,nec
3265 1014 3379 1053 non
3405 1001 3463 1053 et
3484 996 3755 1053 bitumen
3777 1014 3841 1053 ex

2188 1087 2335 1142 mari
2365 1087 2871 1158 extrahitur,quod
2903 1086 3215 1143 Judaicum
3250 1085 3601 1159 appellatur,
3632 1085 3838 1140 multis

2187 1175 2603 1233 necessarium.
2638 1176 2820 1249 Segor
2876 1180 3095 1243 autem,
3152 1179 3218 1230 ut
3275 1174 3552 1242 diximus,
3605 1175 3840 1230 modoa

2189 1265 2588 1337 compatriotis
2618 1263 2897 1337 oppidum
2921 1263 3120 1320 Palma
3141 1281 3243 1321 seu
3266 1263 3555 1319 Palmaria
3575 1268 3836 1319 vocatur.

2260 1355 2449 1427 Supra
2504 1353 2698 1410 lacum
2754 1352 3121 1427 Asphaltitis,
3154 1352 3215 1408 in
3247 1352 3530 1409 descensu
3589 1351 3836 1417 Arabian,

2190 1443 2461 1499 Karnaim
2496 1441 2777 1515 spelunca
2808 1443 2867 1498 in
2899 1446 3098 1498 monte
3128 1441 3543 1510 Moabitarum,
3568 1440 3629 1496 in
3663 1457 3839 1513 quem

2188 1531 2397 1588 Balach
2430 1530 2590 1588 ﬁlius
2619 1531 2808 1587 Bebor
2838 1529 3070 1587 Balaam
3103 1529 3344 1587 adduxit
3373 1530 3442 1586 ad
3484 1528 3842 1586 maledicen-

2188 1621 2329 1676 dum
2361 1619 2577 1693 populo
2628 1619 2839 1689 Israel;
2874 1619 2967 1675 hic
3018 1637 3190 1676 mons
3237 1623 3475 1691 propter
3522 1617 3843 1676 vehemens

2190 1715 2548 1782 praeruptum
2580 1707 2808 1765 excisus
2835 1708 3384 1781 \iocatur.Caaterum
3407 1706 3571 1763 lacus
3590 1707 3843 1780 Asphal-

2190 1798 2311 1855 titis
2343 1800 2605 1855 Judmam
2639 1798 2711 1854 ab
2736 1797 2949 1853 Arabia
2981 1796 3205 1853 dividit.
3237 1794 3449 1852 Arabia
3478 1800 3751 1869 tempore
3780 1797 3842 1852 ﬁ-

2188 1887 2399 1944 liorum
2432 1887 2605 1943 Israel
2639 1885 2891 1943 solitudo
2922 1890 3184 1953 erat,seu
3216 1886 3511 1941 desertum
3540 1884 3716 1954 illud,
3746 1892 3844 1941 aut

2188 1994 2441 2043 eremus,
2476 1982 2628 2032 terra
2671 1975 2827 2032 invia
2874 1980 2931 2031 et
2978 1976 3286 2048 inaquosa,
3316 1973 3376 2029 in
3428 1991 3544 2046 qua
3593 1974 3841 2030 detinuii

2188 2067 2475 2123 Dominus
2506 2066 2788 2139 populum
2820 2081 2993 2121 suum
3019 2064 3409 2137 quadraginta
3429 2063 3840 2135 annis,plueus

2188 2155 2306 2212 illis
2338 2172 2556 2211 manna
2576 2156 2648 2211 ad
2673 2154 3338 2227 manducandum,aqua
3365 2153 3436 2209 de
3455 2157 3622 2226 petra
3653 2153 3842 2208 duris-

2189 2244 2341 2301 sima
2374 2245 2676 2317 producta.

2260 2332 2323 2386 In
2352 2331 2564 2387 Arabia
2596 2331 2703 2385 hac
2737 2348 2909 2387 mons
2941 2330 3123 2400 Sinai,
3158 2330 3217 2385 in
3256 2347 3372 2402 quo
3417 2330 3647 2402 Moyses
3698 2348 3843 2404 qua-

2187 2419 2457 2493 draginta
2495 2419 2704 2475 diebus
2752 2419 3111 2492 totidemque
3161 2419 3433 2475 noctibus
3479 2418 3676 2475 omnis
3726 2420 3841 2476 cibi

2186 2525 2390 2581 expers
2422 2512 2685 2564 moratus
2715 2512 2872 2577 erat;
2904 2508 2963 2563 in
2996 2524 3111 2581 quo
3144 2507 3268 2564 loco
3300 2506 3510 2564 deinde
3550 2507 3843 2565 Dominus

2190 2597 2373 2670 Moysi
2406 2596 2594 2671 legem
2629 2597 2808 2668 dedit,
2834 2597 3068 2671 proprio
3100 2596 3284 2670 digito
3311 2613 3417 2653 suo
3464 2597 3752 2670 scriptam
3784 2598 3843 2653 in

2183 2685 2404 2741 tabulis
2435 2684 2703 2759 lapideis.
2739 2685 2802 2741 In
2827 2685 3049 2743 Arabiae
3080 2684 3229 2742 valle
3271 2685 3565 2759 percussit
3610 2687 3845 2761 Moyses

2184 2774 2275 2830 bis
2319 2773 2568 2845 silicem,
2599 2775 2698 2847 qui
2731 2791 3046 2848 percussus
3076 2775 3225 2832 duos
3266 2791 3430 2848 aquae
3482 2774 3707 2832 rivulos
3736 2792 3845 2849 po-

2185 2863 2323 2936 pulo
2356 2863 2457 2918 Dei
2488 2862 2762 2932 reddidit,
2795 2864 2867 2919 de
2897 2863 3114 2936 quibus
3140 2864 3330 2921 adhuc
3359 2863 3531 2921 hodie
3558 2868 3687 2921 tota
3715 2864 3839 2935 illa,

2183 2952 2428 3010 antehac
2457 2952 2927 3025 inaquosa,terra
2953 2951 3249 3027 irrigatur.

2253 3046 2319 3097 In
2349 3040 2559 3098 Arabia
2590 3040 2882 3114 praecessit
2904 3040 3040 3098 ﬁliis
3061 3042 3235 3099 Israel
3261 3042 3535 3099 columna
3556 3043 3716 3118 ignis
3738 3061 3842 3117 per

495 3129 674 3189 Juxta
698 3129 927 3187 Hebron
958 3146 1128 3186 mons
1158 3131 1436 3198 Mambre,
1468 3131 1563 3200 ad,
1591 3132 1763 3203 cujus
1812 3131 2069 3189 radicem
2103 3116 2145 3183 Ο
2183 3138 2431 3197 noctem,
2466 3131 2650 3186 nubes
2679 3145 2813 3185 vero
2844 3147 2944 3187 eos
2971 3130 3203 3187 vallavit
3228 3131 3436 3188 diebus
3466 3116 3757 3207 singulis.
3773 3133 3837 3189 In

426 3218 791 3276 terebinthus
822 3217 924 3274 illa
953 3235 1079 3291 quae
1109 3218 1262 3290 dz'rps
1294 3223 1554 3285 vocatur,
1583 3220 1639 3275 id
1679 3225 1764 3277 est
1812 3220 1925 3277 ilex
1971 3226 2075 3278 aut

425 3324 696 3381 quercus,
731 3324 902 3364 secus
926 3323 1101 3379 quam
1135 3323 1238 3379 per
1266 3306 1520 3363 multum
1550 3309 1830 3381 temporis
1853 3312 2072 3367 mansit

420 3396 739 3468 Abraham,
773 3397 884 3452 sub
944 3411 1062 3467 qua
1114 3399 1235 3452 tres
1292 3396 1528 3468 angelos
1578 3396 1743 3468 vidit,
1775 3403 1831 3453 et
1883 3417 2070 3456 unum

422 3484 703 3554 adoravit,
732 3483 1107 3557 hospitioque
1138 3488 1311 3556 prout
1341 3484 1580 3557 dignius
1629 3486 1839 3558 potuit,
1873 3505 2068 3545 susce-

420 3572 507 3646 pit
533 3572 809 3645 fovitque.
843 3573 990 3628 Hine
1020 3571 1213 3645 prima
1260 3572 1532 3629 credendi
1583 3573 1675 3629 via
1724 3580 1928 3647 aperta
1956 3581 2066 3633 est.

419 3660 539 3718 Ilex
579 3660 855 3734 praedicta
909 3677 979 3717 ex
1026 3665 1170 3717 tunc
1228 3678 1418 3733 usque
1472 3663 1647 3718 modo
1707 3664 1779 3719 ad
1835 3668 2068 3739 tempus

418 3748 729 3806 Theodosii
759 3748 991 3822 imper.,
1021 3752 1277 3806 testante
1316 3750 1687 3824 Hieronymo,
1720 3769 1895 3809 suum
1940 3771 2067 3812 esse

418 3837 701 3908 dilatavit,
734 3841 792 3895 et
820 3854 888 3894 ex
918 3837 1021 3894 illa
1066 3837 1187 3894 haec
1230 3838 1414 3895 fuisse
1461 3839 1803 3913 perhibetur
1850 3859 1976 3915 quae
2006 3842 2067 3900 in

415 3927 689 4002 praesenti
718 3927 792 3983 ab
822 3926 942 3983 illic
972 3927 1363 4000 praesentibus
1390 3927 1620 3986 videtur
1647 3934 1704 3987 et
1733 3930 1912 3987 chara
1956 3931 2067 3988 ha-

414 4016 606 4073 betur.
640 4018 773 4083 Quis
805 4014 943 4072 Eicet
972 4016 1144 4073 modo
1174 4016 1339 4073 arida
1360 4017 1456 4086 sit,
1483 4017 1848 4077 medicabilis
1868 4023 2065 4078 tamen

414 4121 544 4163 esse
572 4106 884 4178 probatur;
918 4109 976 4162 et
1001 4105 1244 4178 quidem
1293 4105 1584 4180 praecipue
1634 4106 1695 4163 in
1740 4107 1875 4177 isto,
1910 4110 2065 4183 quod

414 4193 466 4252 si
498 4194 631 4267 quis
661 4194 936 4269 equitans
965 4194 1038 4251 de
1066 4209 1136 4251 ea
1164 4193 1384 4267 aliquid
1417 4212 1616 4253 secum
1648 4196 2063 4265 detulerit,non

412 4281 582 4340 facile
611 4281 831 4339 animal
864 4299 1038 4339 suum
1067 4282 1477 4341 confundatur.

483 4371 549 4429 In
579 4371 809 4428 Hebron
834 4372 1024 4444 primo
1046 4372 1454 4445 applicuerunt
1474 4390 1742 4440 se,causa
1760 4375 2064 4447 exploran-

2177 3220 2391 3277 Arabia
2423 3218 2605 3275 [Ielim
2629 3220 2843 3287 est,ubi
2866 3219 2967 3275 ﬁlii
2991 3219 3165 3277 Israel
3187 3224 3439 3278 castram
3450 3222 3841 3296 etati,nempe

2179 3307 2342 3365 locus
2372 3308 2469 3365 ille
2498 3309 2557 3364 in
2590 3309 2837 3376 deserto,
2868 3308 2968 3364 ubi
3000 3309 3140 3366 dicti
3170 3309 3272 3365 ﬁlii
3308 3309 3485 3366 Israel
3517 3311 3838 3367 duodecim

2178 3399 2369 3455 fontes
2387 3402 2443 3454 et
2458 3398 2831 3472 septuaginta
2848 3397 3341 3472 palmas,quando
3363 3399 3433 3455 de
3460 3399 3612 3455 mari
3634 3400 3838 3457 Rubro

2178 3488 2872 3560 exibant,repererunt.ln
2901 3486 3113 3543 Arabia
3139 3488 3527 3561 quadraginta
3569 3490 3838 3546 mansio-

2178 3593 2282 3633 nes
2310 3576 2566 3633 ﬁliorum
2599 3574 2775 3631 Israel
2805 3580 2963 3632 sunt.
2999 3577 3065 3632 In
3091 3577 3306 3633 Arabia
3335 3593 3506 3633 mons
3548 3577 3835 3650 Horeb,in

2178 3682 2292 3738 quo
2338 3664 2603 3737 sepultus
2647 3666 2839 3720 Aaron
2900 3666 3233 3737 requiescit.
3270 3665 3333 3721 In
3382 3664 3601 3721 Arabia
3661 3683 3836 3723 mons

2174 3753 2433 3822 Abarim,
2458 3754 2517 3808 in
2549 3770 2665 3825 quo
2694 3752 2982 3829 Dominus
3009 3753 3245 3827 Moysen
3278 3770 3380 3827 per
3407 3753 3650 3827 angelos
3675 3772 3836 3829 sepe-

2176 3843 2318 3911 livit,
2352 3843 2480 3914 ejus
2508 3847 2706 3899 tamen
2738 3859 3033 3915 nusquam
3067 3847 3382 3916 apparente
3408 3843 3630 3899 tumuli
3659 3846 3836 3903 vesti-

2175 3931 2290 4005 gio.
2325 3933 2389 3988 In
2427 3931 2641 3988 Arabia
2683 3947 2855 3988 mons
2914 3931 3014 3988 ille
3073 3931 3305 4006 regalis,
3335 3949 3510 4005 quem
3569 3934 3833 3991 domnus

2175 4019 2497 4077 Balduinus
2528 4020 2756 4092 primus
2778 4019 2874 4092 (4),
2891 4037 2991 4076 rex
3015 4021 3365 4077 Francorum
3388 4021 3447 4076 in
3469 4022 3831 4093 Jerusalem,

2174 4110 2246 4167 ad
2278 4113 2493 4166 terram
2525 4107 2886 4165 Christicolis
2916 4109 3273 4182 subjugavit,
3305 4113 3363 4166 et
3408 4109 3481 4166 ad
3533 4112 3833 4169 tuendum

2173 4214 2420 4271 regnum
2452 4196 2631 4253 David
2662 4197 2900 4253 ﬁrmum
2935 4196 3205 4253 reddidit.

2242 4287 2523 4343 Caaterum
2553 4285 2767 4342 Arabia
2786 4285 3063 4359 jungitur
3092 4286 3357 4343 Idumaeas
3388 4287 3448 4342 in
3480 4287 3709 4346 ﬁnibus
3732 4295 3833 4348 Bo-

2174 4376 2643 4433 strom.Idumaea
2671 4379 2867 4431 tamen
2899 4375 3010 4431 sub
3032 4374 3403 4448 Syria,Syriaa
3423 4380 3623 4433 autem
3647 4382 3833 4455 caput

411 4460 498 4550 die
524 4464 689 4550 terrae
711 4460 1410 4550 promi_ssionis,Josue,et
1426 4460 1727 4550 Caleph,et
1746 4480 1947 4520 eorum
1970 4483 2062 4522 so-
2090 4485 2142 4550 ι)
2174 4465 2843 4522 Damascus.Idumaeam
2866 4468 2924 4520 et
2945 4464 3298 4521 thnieiam
3321 4464 3829 4526 dividitLibanus.

409 4547 484 4604 cii
514 4548 736 4605 decem.
765 4541 837 4605 In
869 4548 1098 4605 Hebron
1131 4548 1396 4622 regnavit
1424 4548 1605 4604 David
1637 4551 1809 4607 annis
1838 4556 2060 4625 septem

408 4639 467 4694 et
495 4636 1034 4694 medium.Demum
1066 4638 1293 4694 decimo
1322 4638 1394 4693 ab
1429 4639 1658 4694 Hebron
1691 4639 1965 4699 milliario
1986 4642 2064 4699 la-

407 4741 513 4782 cus
535 4724 1016 4799 Asphaltitis,qui
1037 4729 1094 4782 et
1113 4742 1274 4782 mare
1296 4726 1595 4781 Mortuum
1619 4727 2061 4799 dicitur,contra

408 4814 691 4870 orientem
715 4813 974 4871 est.Vere
1004 4818 1306 4870 mortuum
1337 4830 1405 4870 ex
1435 4830 1501 4870 eo
1535 4816 1688 4887 quod
1723 4816 1868 4872 nihil
1902 4835 2062 4875 mor-

406 4907 575 4960 tuum
606 4902 832 4976 recipit.
867 4902 1030 4957 Alias
1060 4906 1117 4958 et
1145 4919 1306 4958 mare
1336 4901 1551 4958 diaboli
1584 4903 1697 4959 dici
1739 4907 2056 4977 consuevit,

407 4995 607 5065 utpote
638 4993 792 5063 quod
824 4992 1105 5047 instinctu
1134 4990 1262 5059 ejus
1294 4990 1406 5045 illae
1445 4992 1707 5048 civitates
1755 4992 2058 5052 celeberri-

405 5097 514 5137 mae
544 5079 1423 5152 Sodomm,Gomorrha,Sephon
1456 5084 1512 5136 et
1538 5080 2056 5155 Adama,perseve-

403 5173 602 5227 rantes
634 5167 693 5222 in
724 5167 1091 5240 turpitudine
1141 5184 1270 5233 sua,
1304 5167 1586 5240 sulphure
1626 5178 2054 5244 coneremante,

402 5254 734 5315 miserrime
755 5255 815 5311 in
848 5255 1041 5311 lacum
1073 5254 1237 5311 illum
1270 5257 1560 5313 subversas
1594 5258 1830 5316 fuerint.

472 5345 667 5417 Supra
694 5341 892 5401 lacum
922 5344 983 5401 in
1015 5344 1289 5402 accubitu
1335 5345 1548 5402 Judaeaa
1579 5347 1762 5421 Segor
1789 5353 1899 5418 est,
1928 5367 2055 5424 quis

2170 4556 2237 4611 In
2268 4553 2561 4610 Phoenicia
2589 4556 2678 4609 est
2707 4554 2984 4621 Sors,seu
3016 4553 3195 4627 Syris,
3228 4554 3384 4610 dicta
3413 4555 3624 4628 Tyrus,
3649 4556 3831 4614 Ρὶιω-

2169 4641 2371 4698 nicum
2402 4640 2772 4698 nobilissima
2800 4640 3004 4697 civitas
3053 4642 3411 4715 metropolis,
3445 4660 3573 4715 quas
3625 4644 3830 4704 Chris-

2168 4737 2296 4789 tum
2328 4748 2432 4804 per
2452 4729 2751 4786 maritima
2772 4728 3172 4787 ambulantem
3195 4731 3446 4804 recipere
3468 4731 3829 4802 noluit.Qua

2168 4826 2224 4877 et
2252 4820 2450 4876 divina
2478 4822 2731 4875 testante
2768 4818 2984 4891 pagina
3030 4824 3315 4891 martyres
3366 4822 3477 4877 Deo
3526 4820 3830 4896 plurimos

2167 4909 2695 4981 reddidit,quorum
2729 4907 2829 4963 Dei
2860 4907 3043 4965 solius
3076 4908 3323 4965 scientia
3350 4927 3667 4967 numerum
3703 4912 3826 4969 col-

2166 4997 2326 5071 legit.
2362 4997 2604 5068 Insuper
2632 4997 2820 5069 Tyrus
2841 4996 3124 5070 originem
3146 4998 3478 5071 (Origenem
3492 4999 3542 5069 ?)
3563 5000 3828 5057 tumula-

2165 5092 2293 5143 tum
2326 5086 2493 5142 celat.
2523 5087 2670 5140 Ante
2700 5086 2917 5158 Tyrum
2948 5085 3098 5159 lapis
3128 5085 3225 5143 ille
3257 5104 3626 5144 marmoreus
3656 5088 3821 5146 haud

2166 5174 2431 5231 modicus
2461 5189 2640 5246 super
2669 5190 2841 5246 quem
2874 5175 3024 5230 sedit
3041 5175 3233 5245 Jesus,
3259 5192 3293 5232 a
3312 5180 3575 5249 tempore
3598 5176 3821 5234 Christi

2164 5280 2354 5336 usque
2382 5264 2452 5319 ad
2501 5261 2902 5336 expulsionem
2951 5264 3214 5337 gentium
3263 5265 3335 5321 ab
3384 5265 3529 5321 urbe
3581 5283 3821 5339 semper

2164 5352 2404 5422 illaesus,
2440 5353 2540 5409 sed
2573 5350 2784 5410 deinde
2812 5370 2848 5410 a
2872 5353 3111 5411 Francis
3139 5357 3197 5412 et
3225 5353 3518 5412 Veneticis
3567 5354 3815 5413 fractus.

467 5521 549 5601 (Ι)
577 5520 644 5582 Id
675 5525 766 5582 est
795 5523 1027 5603 primus
1056 5524 1236 5600 hujus
1265 5524 1544 5602 nominis,
1558 5526 1713 5585 inter
1730 5545 1896 5605 reges
1916 5529 2326 5609 Hierosolyma:
2356 5533 2672 5593 secundus.
