3992 6090
206 294 369 357 1069

1125 296 1449 360 JOANNIS
1492 295 1941 361 WIRSBURG.
1989 298 2258 361 DESCR.
2297 296 2584 359 TERRIE
2625 297 2689 358 S.

3455 300 3611 361 1070

202 429 398 500 Supra
424 443 561 484 vero
590 425 894 484 residuum
928 426 1085 483 illius
1113 426 1327 501 lapidis
1344 428 1402 484 in
1425 428 1707 485 honorem
1733 427 1854 485 Sal-
1879 430 1936 497 Α
1963 427 2100 497 illis,
2125 428 2186 484 in
2209 428 2426 501 quibus
2453 429 2662 485 beatus
2690 427 3046 484 Eustachius
3077 445 3254 485 uxore
3287 446 3394 485 sua
3416 429 3611 503 priva-

200 514 425 573 vatoris
454 516 724 588 quaedam
755 515 1002 573 ecclesia
1028 521 1363 573 constructa
1391 521 1499 573 est.

277 605 490 662 Octavo
516 603 792 662 milliario
824 622 859 660 a
889 607 1062 679 Tyro,
1093 610 1297 662 contra
1343 606 1644 672 orientem,
1676 622 1858 678 supra

202 711 393 763 mare,
423 693 687 767 Sarphen
720 697 831 762 est,
865 694 1021 767 quod
1064 694 1280 751 dicitur
1309 694 1455 752 alias
1486 696 1729 768 Sarepta
1760 694 1854 751 Si-

200 784 393 841 doniae
418 801 434 853 ;
467 783 528 843 in
555 799 672 855 quo
691 783 990 856 quondam
1013 782 1299 840 habitavit
1320 783 1603 857 propheta
1622 783 1853 840 Domini

200 872 386 930 Elias.
419 873 521 928 Hic
553 871 927 929 resuscitavit
955 871 1141 928 tilium
1172 872 1383 939 viduae,
1418 873 1667 930 Joanam
1696 874 1852 929 vide-

200 960 361 1030 licet,
392 978 460 1018 eo
489 961 647 1035 quod
694 960 871 1017 vidua
916 961 1265 1034 prophetam
1313 962 1547 1018 Domini
1605 962 1854 1035 benigne

198 1050 412 1107 foverit
438 1054 496 1108 et
523 1050 764 1123 paverit.

195 1247 396 1311 Sidon.
440 1246 729 1319 Berythus,
777 1155 1094 1312 Dacmﬁyu:
1125 1156 1390 1319 γᾸηυιιαι,
1451 1248 1609 1314 Huss,
1668 1247 1847 1315 Suita,

279 1321 495 1385 Thema,
545 1317 811 1391 Naamon,
858 1333 1014 1373 mons
1067 1317 1193 1391 Se_ir
1218 1317 1271 1374 et
1314 1319 1533 1385 Libani,
1576 1322 1781 1391 Farfar
1800 1328 1852 1375 et

273 1391 500 1446 Abbana
527 1389 708 1462 ﬂuvii,
734 1389 1256 1462 Paneasroppidum,
1289 1392 1405 1445 Dan
1445 1393 1589 1462 fons,
1627 1389 1846 1460 Medan,

272 1466 402 1530 Jor,
432 1460 710 1528 Betsaida,
743 1460 1047 1527 Corozaim,
1078 1461 1271 1518 Cedar.

273 1586 448 1642 Sexto
494 1582 768 1641 milliario
806 1599 843 1640 a
880 1582 1166 1655 Serphen,
1198 1583 1377 1640 Sidon
1425 1584 1658 1658 egregia
1693 1585 1851 1658 jacet

196 1674 430 1740 civitas,
462 1689 533 1729 ex
562 1689 679 1746 qua
706 1672 874 1740 Dido,
909 1687 1036 1745 quis
1086 1671 1142 1727 in
1196 1672 1391 1728 Africa
1435 1672 1847 1747 Carthaginem

197 1761 485 1829 condidit,
515 1759 783 1817 oriunda.
809 1760 978 1816 Sexto
1010 1760 1237 1817 decimo
1268 1760 1541 1818 milliario
1573 1779 1607 1818 a
1636 1763 1848 1819 Sidone

199 1853 450 1925 Berytus
500 1848 950 1922 opulentissima
996 1848 1217 1905 civitas.
1253 1850 1314 1905 In
1348 1850 1551 1923 Beryto
1583 1851 1849 1924 quaedam

197 1939 520 1998 Salvatoris
540 1936 725 1995 nostri
746 1937 960 2011 imago,
985 1936 1143 1993 haud
1175 1937 1431 1995 multum
1462 1944 1595 2013 post
1624 1940 1848 2013 passio-

194 2046 339 2089 nem
359 2030 510 2102 ejus,
532 2026 938 2100 aquibusdam
967 2026 1187 2084 Judaais
1217 2027 1328 2084 sub
1357 2028 1627 2084 Cruciﬁxi
1657 2030 1848 2104 efﬁgie

197 2116 595 2193 ignominiosa
613 2119 673 2172 et
693 2113 1005 2171 ridiculose
1026 2115 1219 2188 posita
1238 2116 1584 2190 sanguinem
1615 2118 1849 2174 sudavit

196 2216 260 2266 et
280 2223 496 2279 aquam
520 2221 535 2261 :
559 2221 687 2277 quae
708 2220 887 2260 causa
916 2203 1027 2259 fuit
1057 2208 1124 2260 ut
1153 2204 1528 2262 Sidoniorum
1560 2206 1751 2273 multi,
1782 2206 1843 2264 in

194 2312 403 2353 verum
416 2295 619 2351 Jesum
632 2291 974 2349 crucifixum
988 2293 1549 2361 credentes,sacrum
1565 2296 1841 2369 baptismi

194 2385 498 2441 lavacrum
527 2380 909 2454 susceperint.
941 2381 1287 2454 Quicunque
1342 2384 1514 2440 etiam
1568 2402 1637 2440 ex
1684 2384 1844 2441 stilla

193 2474 368 2530 dictae
389 2470 660 2545 imaginis
680 2470 944 2542 peruncti
969 2470 1222 2540 fuerunt,
1238 2473 1362 2527 sani
1390 2474 1625 2541 ﬁebant,
1651 2493 1683 2530 a
1705 2493 1843 2547 qua-

194 2578 434 2635 cunque
455 2559 865 2617 detinebantur
880 2557 1241 2616 inﬁrmitate.
1266 2561 1527 2634 Denique
1548 2567 1604 2620 et
1622 2565 1843 2638 Arphat

193 2652 345 2710 urbs
368 2654 459 2708 est
486 2647 776 2706 Damasci.
808 2647 939 2703 Jam
973 2647 1162 2705 fusius
1191 2649 1263 2704 de
1294 2650 1598 2709 Damasco.

270 2742 594 2799 Damascus
614 2742 705 2796 est
724 2740 900 2809 caput
924 2736 1121 2810 Syria},
1145 2740 1202 2794 et
1221 2743 1531 2796 reverenda
1558 2747 1842 2816 metropo-

194 2832 273 2889 lis
301 2829 484 2886 illius.
518 2828 675 2884 Hanc
703 2826 1029 2882 construxit
1066 2825 1304 2895 Eliezer,
1335 2845 1537 2885 servus
1572 2831 1839 2905 Abrahae,

192 2920 259 2976 in
280 2935 421 2992 agro
447 2916 546 2973 illo
574 2914 636 2971 in
664 2931 782 2987 quo
812 2913 952 2971 Cain
982 2914 1195 2970 occidit
1211 2916 1352 2972 Abel
1373 2917 1613 2974 fratrem
1639 2936 1836 2991 suum,

192 3008 550 3065 Damascum
588 3003 871 3061 habitavit
918 3003 1071 3060 Esau
1098 3021 1112 3072 ;
1144 3003 1282 3060 hinc
1313 3009 1370 3061 et
1399 3006 1541 3079 Seyr
1567 3012 1627 3063 et
1655 3009 1839 3066 Edom

193 3097 434 3162 dicitur,
484 3109 620 3149 nam
680 3092 824 3165 Scyr
872 3092 1102 3164 pilosus,
1144 3096 1202 3147 et
1248 3092 1431 3148 Edom
1474 3095 1694 3164 rubens,
1736 3116 1836 3156 seu

190 3189 356 3260 rufus
386 3184 821 3256 interpretatur.
842 3180 928 3236 Ab
949 3180 1131 3236 Edom
1157 3184 1274 3236 tota
1292 3186 1446 3238 terra
1474 3182 1575 3240 illa
1603 3192 1842 3246 vocatur
1869 3167 1913 3235 (ἶ

196 3276 485 3340 Idumam;
511 3272 583 3328 de
608 3286 727 3343 qua
757 3270 816 3325 in
846 3268 1109 3342 psalmo:
1134 3272 1198 3326 In
1225 3270 1527 3329 Idumam
1554 3277 1843 3334 extendam

192 3365 623 3421 calceamentum
669 3376 872 3415 meum.
905 3359 977 3415 Et
1034 3358 1246 3415 iterum
1301 3359 1452 3418 alius
1508 3365 1837 3438 propheta:

195 3453 332 3522 Qui:
379 3458 458 3508 est
502 3451 604 3506 iste
649 3451 749 3522 qui
791 3449 938 3505 venit
983 3448 1048 3504 de
1076 3448 1274 3517 Edam,
1302 3451 1488 3507 tinctis
1517 3455 1749 3511 vestibus
1778 3456 1843 3513 de

190 3540 416 3600 Bosra?
445 3540 547 3596 Est
573 3542 771 3595 autem
823 3537 895 3594 de
942 3537 1125 3594 Edom
1173 3539 1444 3610 quaedam
1493 3558 1629 3614 pars
1676 3548 1840 3601 terra:

193 3629 359 3687 illius
389 3628 565 3696 Huss,
595 3643 665 3683 ex
692 3643 812 3700 qua
830 3627 1040 3683 beatus
1067 3627 1206 3695 Job;
1230 3644 1358 3699 qum
1383 3633 1440 3685 et
1471 3630 1671 3687 Suita:
1705 3632 1842 3690 hinc

194 3719 269 3776 de
298 3734 370 3776 ea
397 3716 590 3774 dictus
619 3714 823 3772 Baldat
849 3714 1064 3772 Suites.
1090 3715 1154 3771 In
1175 3731 1295 3787 qua
1316 3721 1374 3772 et
1393 3717 1618 3775 Thema
1637 3725 1844 3779 metro-

194 3806 350 3882 polis
382 3806 645 3863 idumaeas
671 3822 684 3873 ;
708 3821 777 3861 ex
795 3802 905 3860 hac
926 3804 1150 3861 Thema
1171 3802 1408 3877 Elipbaz
1427 3804 1839 3881 Themanites;

191 3897 258 3955 in
287 3912 410 3970 qua
435 3899 493 3952 et
515 3895 775 3952 Naamon
826 3891 1110 3965 oppidum
1144 3908 1157 3948 :
1192 3892 1253 3948 in
1285 3910 1403 3967 quo
1433 3895 1659 3969 Sophar
1687 3899 1842 3957 Naa-

193 3986 437 4045 matites
468 4002 484 4041 :
516 3983 581 4040 hi
609 3988 729 4040 tres
757 3980 1149 4038 consolatores
1177 3982 1309 4039 Job.

266 4075 335 4132 1n
357 4074 626 4131 Idumaeas
656 4071 896 4139 ﬁnibus,
925 4070 1181 4126 secundo
1211 4069 1484 4129 milliario
1506 4090 1540 4129 a
1566 4074 1839 4147 Jordane,

196 4163 415 4220 ﬂuvius
431 4161 631 4230 Jacob,
646 4176 761 4234 quo
781 4159 1154 4216 transvadato
1168 4159 1410 4230 aJacob,
1430 4178 1565 4218 cum
1587 4165 1799 4223 rediret
1811 4184 1845 4225 a

194 4249 639 4326 Mesopotamia,
659 4249 916 4306 luctatus
932 4251 1021 4304 est
1039 4264 1175 4304 cum
1195 4248 1424 4323 angelo,
1446 4250 1547 4323 qui
1568 4252 1777 4310 deinde
1793 4255 1844 4312 ei

196 4357 415 4400 nomen
463 4339 644 4397 Jacob
693 4336 943 4394 mutavit
972 4336 1031 4392 in
1064 4336 1264 4406 Israel,
1296 4353 1548 4411 eumque
1578 4344 1731 4399 tacto
1761 4343 1842 4401 fe-

196 4447 363 4489 more
391 4427 719 4487 claudicare
747 4426 904 4483 fecit.
938 4427 1003 4482 In
1035 4426 1292 4483 Idumaea
1339 4444 1509 4484 mons
1538 4430 1697 4504 Seyr,
1731 4433 1842 4490 sub

1965 520 2061 573 tus
2090 521 2147 574 et
2176 535 2211 573 a
2239 516 2378 573 filiis
2400 516 2698 573 desolatus
2726 516 2986 573 recessit.
3020 518 3220 573 Farfar
3248 535 3352 591 per
3382 519 3610 592 Syriam

1963 607 2151 663 tcndit
2182 606 2252 662 ad
2304 605 2689 672 Antiochiam,
2722 606 2927 662 labens
2975 623 3145 663 secus
3192 621 3394 664 muros
3442 608 3608 679 ejus;

1966 695 2191 752 decimo
2226 695 2439 752 abhinc
2471 694 2744 751 milliario
2775 695 2833 751 in
2865 700 3035 768 portu
3066 695 3267 766 Solim,
3292 700 3461 770 portu
3493 697 3611 753 sci-

1964 783 2100 840 licet
2143 783 2339 845 Sancti
2388 784 2698 847 Simeonis.
2733 783 3150 841 Mediterraneo
3181 802 3243 842 se
3271 786 3421 842 mari
3451 803 3612 844 com-

1963 873 2223 930 mendat.
2246 873 2567 930 Antiochiae
2600 872 2788 946 primo
2819 873 2971 930 sedit
2991 879 3233 932 sanctus
3255 873 3458 932 Petrus
3478 893 3613 948 apo-

1963 961 2171 1029 stolus,
2203 967 2425 1035 septem
2457 962 2652 1031 annis,
2686 962 3004 1035 pontificali
3054 964 3363 1021 decoratus
3401 964 3606 1022 infula.

1958 1052 2045 1108 Ad
2064 1051 2319 1107 radicem
2343 1050 2546 1107 Libani
2570 1055 2792 1108 Paneas
2814 1051 3017 1108 civitas
3050 1051 3164 1108 sita
3192 1057 3301 1120 est,
3326 1052 3470 1110 alias
3490 1056 3607 1110 Ca-

1961 1156 2129 1197 sarea
2155 1139 2408 1213 Philippi
2439 1139 2613 1196 dicta.

2032 1234 2210 1286 Porro
2258 1229 2398 1284 item
2431 1229 2503 1283 ad
2548 1226 2803 1283 radicem
2855 1227 3059 1285 Libani
3107 1229 3376 1286 oriuntur
3420 1230 3523 1286 Jor
3549 1235 3610 1288 et

1962 1319 2107 1388 Dan,
2142 1317 2225 1373 illi
2274 1318 2390 1373 duo
2440 1318 2630 1373 fontes
2660 1317 2730 1372 de
2760 1317 2996 1389 quibus,
3029 1322 3096 1374 ut
3125 1335 3306 1391 supra
3333 1318 3607 1376 memini-

1960 1424 2117 1475 mus,
2152 1407 2261 1463 snb
2294 1405 2594 1462 montibus
2630 1405 2840 1462 Gelboc
2883 1406 3156 1464 Jordanis
3202 1406 3526 1464 conficitur.
3560 1409 3608 1465 A

1960 1496 2261 1553 montibus
2290 1494 2502 1552 Gelboc
2531 1511 2717 1567 usque
2748 1495 2821 1550 ad
2852 1494 3046 1551 lacum
3071 1495 3413 1569 Asphaltitis
3437 1495 3606 1554 vallis

1959 1589 2051 1642 est
2078 1584 2179 1641 illa
2217 1601 2320 1658 per
2364 1600 2546 1656 quam
2596 1582 2818 1639 labitur
2861 1583 3173 1653 Jordanis;
3205 1589 3264 1642 et
3291 1585 3413 1642 haec
3438 1583 3605 1643 vallis

1957 1676 2217 1740 vocatur,
2251 1677 2316 1729 ut
2362 1672 2639 1741 diximus,
2673 1671 3032 1745 praegrandis
3082 1689 3186 1729 seu
3234 1674 3600 1748 campestris,

1957 1780 2084 1835 quae
2108 1779 2176 1819 ex
2198 1765 2445 1833 utraque
2465 1764 2627 1832 parte
2656 1759 2909 1817 vallatur
2935 1761 3229 1818 continuis
3250 1762 3549 1820 montibus
3569 1779 3604 1820 a

1961 1851 2201 1919 Libano,
2234 1865 2423 1922 usque
2454 1849 2525 1904 ad
2557 1849 2852 1906 desertum
2884 1849 3133 1907 Pharan.
3161 1849 3376 1907 Dividit
3404 1854 3600 1908 autem

1956 1939 2229 1995 Jordanis
2244 1937 2539 1994 Galilaeam
2561 1942 2618 1993 et
2634 1938 2971 2006 ldumaaam,
2996 1943 3053 1995 et
3072 1944 3288 1995 terram
3311 1940 3597 2009 Bostrom,

1956 2045 2085 2100 quae
2116 2031 2176 2083 et
2205 2027 2470 2082 Idumaeas
2502 2026 2761 2082 secunda
2788 2026 3147 2100 metropolis.
3163 2027 3448 2086 Caeterum
3476 2028 3602 2085 Jor-

1956 2116 2125 2173 danis
2152 2116 2435 2172 descensus
2464 2115 2902 2188 interpretatur.

2026 2205 2368 2262 Fonticulus
2398 2205 2521 2260 Dan
2555 2204 2626 2259 ab
2659 2208 2789 2259 ortu
2822 2219 2928 2260 suo
2959 2204 3404 2262 subterraneum
3436 2204 3598 2262 ducit

1952 2293 2244 2369 gurgitem
2268 2309 2444 2350 suum
2468 2309 2655 2364 usque
2676 2293 2747 2347 ad
2772 2292 3002 2360 Mcdan,
3025 2292 3328 2365 planitiem
3351 2293 3511 2350 illam
3535 2294 3594 2350 in

1951 2402 2088 2458 qua,
2113 2382 2378 2439 adsuctis
2398 2380 2592 2453 aquis.
2614 2380 2758 2436 satis
2780 2385 3043 2453 patenter
3058 2398 3233 2438 suum
3253 2382 3406 2439 foras
3421 2383 3589 2439 emit-

1947 2476 2019 2531 tit
2038 2473 2286 2529 alveum.
2312 2469 2588 2525 Planities
2609 2474 2801 2525 autem
2834 2470 2935 2525 illa
2960 2469 3088 2526 ideo
3117 2471 3325 2527 Medan
3352 2477 3591 2529 vocatur

1949 2581 2016 2621 eo
2037 2562 2191 2636 quod
2214 2554 2336 2615 Dan
2359 2563 2415 2615 et
2438 2556 2538 2614 illa
2568 2557 2798 2613 medius
2829 2558 2924 2613 sit.
2955 2558 3324 2615 Sarracenice
3352 2560 3590 2633 quidem
3618 2546 3633 2561 ’

1948 2656 2119 2711 sonat
2164 2650 2354 2724 platea
2400 2646 2502 2703 illa
2547 2648 2771 2713 Medan,
2806 2647 3006 2703 Latine
3036 2650 3231 2703 autem
3256 2648 3478 2721 platea;
3508 2650 3591 2707 fo-

1948 2759 2081 2799 rum
2101 2756 2234 2796 vero
2254 2741 2492 2793 vocatur
2517 2736 2743 2803 Medan,
2777 2751 2843 2791 eo
2891 2736 3046 2807 quod
3096 2735 3350 2794 intrante
3396 2742 3593 2795 aestate

1948 2824 2400 2887 innumerabilis
2432 2824 2512 2880 ibi
2545 2823 2799 2897 populus
2846 2840 3047 2879 secum
3101 2825 3301 2881 omnia
3326 2826 3592 2884 deferens

1946 2917 2175 2975 venalia
2229 2912 2535 2981 convenit;
2568 2916 2625 2968 et
2680 2911 2923 2984 insuper
2976 2913 3185 2986 ingens
3241 2913 3592 2972 Barthorum

1950 3005 2319 3083 [Parthorum
2332 3002 2378 3071 ?]
2394 3006 2453 3058 et
2476 3001 2727 3057 Arabum
2751 3000 3065 3057 multitudo
3089 3002 3161 3057 ad
3182 3002 3467 3059 tuendum
3486 3020 3591 3076 po-

1948 3095 2177 3172 pulum,
2200 3096 2257 3148 et
2285 3091 2355 3147 ad
2387 3090 2711 3163 pascendos
2739 3105 2944 3163 greges
2973 3106 3114 3146 suos
3136 3090 3196 3145 in
3218 3089 3452 3163 pascuis
3472 3090 3594 3150 illis

1950 3203 2054 3260 per
2080 3187 2263 3239 totam
2295 3183 2552 3235 aestatem
2593 3178 2950 3234 demoratur.
2983 3178 3190 3234 Medan
3223 3178 3594 3252 componitur

1948 3293 2016 3332 ex
2044 3271 2165 3328 med
2194 3274 2251 3326 et
2283 3269 2412 3324 dan.
2443 3267 2593 3335 Med,
2627 3266 2949 3335 Sarranice,
2980 3282 3125 3340 aqua
3152 3285 3172 3322 :
3199 3268 3333 3340 dan,
3363 3269 3587 3339 ﬂuvius.

1946 3365 2030 3420 Ex
2059 3358 2338 3435 praedicta
2389 3355 2630 3429 planitie
2682 3356 2805 3412 Dan
2856 3371 2919 3412 se
2966 3356 3216 3413 reddens
3254 3355 3314 3412 in
3345 3356 3588 3413 ﬂuvium

1949 3455 2187 3511 Suetam
2238 3463 2342 3503 seu
2392 3445 2617 3501 Suitam
2667 3449 3031 3518 peragratur,
3066 3444 3126 3500 in
3174 3461 3293 3518 qua
3333 3444 3591 3519 pyramis

1947 3539 2102 3599 beati
2132 3537 2241 3595 Job
2273 3534 2465 3591 adhuc
2493 3538 2792 3607 superstes
2816 3550 2851 3589 a
2871 3533 3105 3607 regibus
3134 3537 3193 3590 et
3211 3533 3484 3607 gentibus
3503 3550 3594 3592 so-

1947 3627 2161 3687 lemnis
2190 3624 2460 3681 habetur.

2019 3718 2283 3789 Denique
2312 3715 2436 3770 Dan
2469 3718 2670 3770 contra
2712 3711 3010 3770 Galilaeam
3058 3713 3321 3788 gentium
3352 3730 3415 3770 se
3444 3712 3591 3769 obli-

1950 3826 2160 3884 quans,
2196 3804 2306 3862 sub
2338 3803 2482 3859 urbe
2524 3802 2728 3869 Cedar,
2758 3818 2937 3876 penes
2965 3801 3335 3859 medicabilia
3362 3799 3591 3871 balnea,

1950 3896 2174 3973 Spineti
2206 3893 2380 3967 plana
2426 3892 2781 3948 transﬂuens
2816 3892 2919 3949 Jor
2946 3891 3271 3966 copulatur.
3302 3891 3407 3948 Jor
3433 3890 3593 3947 haud

1948 3988 2121 4059 longe
2151 4002 2185 4040 a
2214 3988 2438 4038 Paneas
2467 3979 2656 4036 lacum
2688 3979 2849 4037 illius
2878 3979 2988 4037 loci
3020 3980 3229 4050 reddit,
3254 3978 3505 4052 facitque
3524 3994 3597 4036 ex

1949 4093 2050 4144 se;
2084 4075 2286 4146 postea
2309 4085 2469 4125 mare
2506 4067 2750 4124 Galilaeaa
2799 4068 2952 4125 inter
2996 4067 3370 4125 Bethsaidam
3403 4071 3460 4124 et
3487 4067 3594 4124 Ca-

1949 4165 2280 4240 pharnaum
2310 4175 2379 4215 ex
2407 4173 2473 4214 eo
2504 4157 2689 4214 sumit
2712 4156 3037 4214 exordium.
3070 4159 3117 4213 A
3146 4155 3454 4215 Bethsaida
3481 4160 3596 4214 Pe-

1948 4259 2078 4311 trus
2107 4254 2165 4307 et
2191 4249 2467 4314 Joannes,
2502 4246 2760 4302 Andreas
2789 4250 2847 4302 et
2873 4246 3128 4303 Jacobus
3155 4244 3379 4319 Alphei.

2021 4342 2191 4398 Sexto
2220 4332 2491 4391 milliario
2521 4350 2556 4388 a
2586 4331 2898 4389 Bethsaida
2926 4338 3014 4390 est
3041 4333 3357 4401 Corozaim,
3389 4331 3451 4387 in
3481 4348 3599 4403 qua

1948 4424 2344 4488 Antichristus
2367 4423 2640 4479 seductor
2667 4421 2825 4477 orbis
2852 4421 3160 4477 nutriatur.
3192 4421 3274 4477 De
3301 4418 3598 4476 Corozaim

198 4538 317 4595 quo
348 4519 693 4576 Damascus.
722 4514 991 4572 Secundo
1040 4514 1316 4572 milliario
1364 4533 1399 4572 a
1445 4516 1730 4576 Damasco
1759 4525 1846 4578 est
1874 4536 1920 4601 D
1952 4522 2009 4575 et
2035 4511 2351 4601 Bethsaida
2381 4509 2462 4566 ait
2489 4510 2664 4601 Iesus
2678 4525 2706 4601 Δε
2868 4510 2990 4601 tibi,
3029 4508 3310 4601 Corozaim
3329 4514 3457 4601 {v.23
3476 4506 3597 4601 tibi,

195 4592 549 4666 venerabilis
607 4605 773 4663 locus
818 4604 929 4662 iste
974 4604 1035 4660 in
1082 4620 1198 4677 quo
1229 4603 1424 4673 Saulo,
1458 4611 1662 4679 postea
1690 4610 1844 4667 dicto
1874 4592 1914 4601 ”
1953 4601 2285 4663 Bethsaida!
2316 4600 2486 4656 Sexto
2544 4596 2818 4654 milliario
2859 4615 2893 4654 a
2930 4595 3228 4654 Corozaim
3277 4599 3367 4652 est
3416 4592 3602 4649 Cedar

198 4696 402 4764 Paulo,
423 4695 693 4752 Christus
717 4693 991 4768 apparuit
1018 4693 1256 4749 dicens:
1278 4694 1464 4763 Saute,
1498 4695 1683 4766 Saute,
1715 4698 1848 4771 quid

196 4802 287 4843 me
311 4783 699 4860 persequeris?
732 4784 795 4840 In
826 4799 943 4857 quo
971 4781 1097 4839 loco
1128 4781 1373 4838 Saulum
1403 4799 1518 4840 non
1551 4787 1847 4844 modicum

198 4872 405 4931 lumen
426 4874 498 4930 de
518 4872 678 4930 ccslis
696 4870 1104 4928 circumfulsit.
1128 4875 1192 4926 In
1214 4870 1521 4928 Daimasco
1536 4873 1850 4946 baptizavit

199 4962 449 5020 Saulum
486 4961 762 5030 Ananiae,
794 4977 1009 5017 nomen
1059 4958 1109 5016 ei
1157 4961 1363 5017 Paulus
1407 4960 1736 5034 imponens.
1776 4965 1851 5022 De

200 5050 393 5107 muris
414 5049 683 5106 Damasci
706 5049 1003 5106 demissus
1024 5047 1133 5103 fuit
1154 5047 1386 5117 Paulus,
1410 5056 1850 5122 persecutorum

198 5138 429 5196 rabiem
456 5137 699 5196 veritus.

276 5226 538 5286 Libanus
592 5227 1011 5302 interpretatur
1058 5225 1282 5293 candor,
1314 5225 1449 5284 hinc
1490 5228 1550 5284 in
1598 5228 1852 5289 Canticis

199 5320 359 5373 cant.
394 5332 409 5372 :
444 5316 578 5374 Veni
602 5317 671 5374 de
700 5318 928 5385 Libauo,
978 5314 1229 5374 columba
1280 5331 1419 5372 mea.
1460 5316 1546 5373 Ad
1597 5317 1851 5377 radicem

198 5405 422 5463 montis
453 5405 660 5464 Libani
681 5405 953 5464 oriuntur
972 5404 1175 5462 Farfar
1202 5407 1260 5459 et
1275 5403 1538 5475 Abbana,
1564 5406 1722 5463 fluvii
1746 5409 1852 5464 Da-

198 5493 411 5553 masci.
442 5495 556 5553 Sed
612 5499 842 5553 montes
891 5492 1097 5551 Libani
1145 5495 1204 5549 et
1242 5491 1518 5566 planities
1550 5495 1852 5555 Archados

193 5583 504 5651 tl‘ansﬂuit
526 5584 792 5658 Abbana,
814 5599 1030 5663 magno
1057 5597 1122 5643 se
1139 5581 1290 5649 mari
1318 5580 1600 5660 copulans
1631 5584 1853 5652 ﬁnibus

1952 4688 2441 4751 excellentissima
2488 4686 2711 4758 civitas,
2744 4687 2814 4742 de
2862 4702 2981 4759 qua
3016 4684 3077 4741 in
3109 4684 3257 4758 psal.
3294 4700 3307 4739 :
3340 4681 3604 4740 Habitavi

1953 4798 2079 4837 eum
2108 4778 2483 4836 habitantibus
2516 4775 2707 4833 Cedar.
2728 4774 2887 4832 Alias
2907 4774 3087 4831 Cedar
3105 4773 3522 4846 interpretatur
3540 4771 3604 4827 in

1957 4869 2212 4928 tenebris.

1961 5030 2388 5104 Caphamaum,_
2408 5026 2558 5104 locus
2586 5031 2816 5104 Mensae,
2841 5024 3189 5104 Magdalum,
3225 5020 3607 5104 Tiberia‘snbje-

2033 5091 2240 5171 thutia,
2270 5091 2543 5171 Dothaim,
2577 5091 2907 5171 Camurium
2934 5091 3145 5171 Leonis,
3177 5091 3369 5171 'monsA
3391 5091 3599 5171 yodin,

2028 5163 2320 5247 Diospotis,
2350 5163 2579 5247 'Tecua't
2607 5171 2843 5241 Iericho,
2880 5163 3302 5247 Sichem,’t_nom
3323 5163 3601 5247 Qﬂensio-

2030 5235 2444 5372 nzsinatatoria
2493 5240 2660 5309 Sitoe,
2722 5235 2947 5315 quercus
3004 5235 3190 5311 Roget,
3248 5235 3408 5293 vallis
3451 5235 3607 5292 lasa-

2030 5333 2064 5372 υ
2104 5332 2137 5371 α
2167 5356 2180 5370 .

2026 5323 2180 5389 phat.

2030 5404 2442 5479 Capharnaum
2471 5401 2534 5457 in
2567 5400 2801 5460 dextera
2844 5400 3031 5459 maris
3069 5398 3274 5460 civitas
3304 5394 3406 5452 illa
3433 5395 3523 5450 est
3548 5390 3613 5449 in

1960 5512 2081 5570 qua
2106 5494 2137 5552 J
2143 5507 2280 5552 esus
2308 5488 2500 5547 ﬁlium
2533 5491 2894 5551 centurionis
2915 5491 3167 5560 sanavit,
3187 5488 3259 5544 de
3277 5500 3393 5558 quo
3414 5486 3472 5570 et
3482 5480 3619 5570 ipse

1961 5568 2047 5667 ait
2077 5601 2092 5647 ι
2123 5583 2244 5647 Non
2290 5580 2481 5644 inveni
2528 5587 2742 5644 tantam
2786 5579 2952 5661 ﬁdem
2980 5580 3049 5640 in
3074 5577 3261 5641 Israel.
3293 5575 3361 5631 ln
3388 5568 3620 5630 civitate
