3992 6090
421 237 589 322 ¹1ῼἨ
950 238 1052 297 AD
1099 236 1609 310 GODEFRIDUM
1653 235 1988 296 APPEND.
2036 232 2086 293 ll

2254 227 2561 302 MONUM.
2607 227 2709 288 DE
2750 225 2996 287 BELLO
3043 225 3318 287 SACRO.
3663 222 3847 287 ΔείΟἸΞ

436 369 546 430 hac
567 367 980 441 Capharnaum
1000 368 1188 424 multa
1207 368 1388 443 signa.
1405 368 1542 424 fecit
1572 367 1767 448 Jesus,
1787 367 2003 422 docens
2025 364 2083 420 in
2113 365 2170 431 Α
2269 361 2464 416 Tertio
2497 358 2770 448 milliario
2789 356 3199 448 a-iBethlehem
3225 357 3427 416 :Tecua
3451 355 3855 428 oppidum,ex

439 457 765 530 Synagoga.
789 457 1050 514 Tandem
1075 457 1485 530 Capharnaum
1516 445 1930 528 interpretatur
1953 455 2086 509 villa
2195 467 2310 522 quo
2344 452 2540 516 Amos,
2575 447 2677 520 qui
2707 453 2762 503 et
2785 447 2866 501 ibi
2897 445 3163 518 sepultus
3192 451 3300 504 est.

437 547 830 620 pulcherrima,
883 562 988 601 seu
1039 546 1227 619 magis
1273 547 1394 618 ﬁlia
1436 545 1907 618 pulehritmlinis;
1959 561 2085 615 qua:

2268 541 2481 604 Quarto
2532 536 2806 592 milliario
2857 554 2890 591 a
2919 535 3269 604 Jerusalem,
3302 539 3506 592 contra
3554 537 3850 598 austrum,
3959 559 3961 584 ε

445 634 614 692 nobis
638 634 928 710 signiﬁcat
948 641 1210 691 sanctam
1234 635 1574 702 Ecclesiam,
1599 635 1670 690 ad
1695 651 1872 707 quam
1893 631 2088 688 cuncti
2197 627 2475 699 oppidum
2510 626 2656 681 illud
2705 626 2764 680 in
2816 641 2932 697 quo
2981 623 3321 686 morabatur
3366 623 3678 680 Zacharias
3713 629 3850 710 tunc
3961 638 3963 642 ·

448 722 550 796 qui
574 722 642 778 de
666 723 905 792 Libano,
932 724 988 778 id
1012 728 1100 780 est
1121 725 1190 780 de
1211 725 1458 780 candore
1490 723 1791 790 virtutum,
1828 722 2086 790 veniunt,

451 813 522 868 ab
553 829 619 869 ea
649 817 706 868 et
734 811 792 867 in
824 829 892 868 ea
915 811 1224 869 lucidiores
1247 813 1589 868 redduntur.

522 901 788 964 Secundo
811 900 1082 957 milliario
1105 919 1138 958 a
1158 902 1564 974 Capharnaum
1593 903 1912 970 descensus
1933 901 2092 957 illius

453 989 668 1046 montis
698 993 787 1048 est
823 989 883 1044 in
933 1007 1047 1062 quo
1096 991 1380 1047 Dominus
1428 991 1855 1054 sermocinatus
1902 991 2090 1058 estad

450 1078 676 1144 turbas,
708 1083 765 1134 et
800 1078 1074 1134 instruxit
1103 1079 1585 1154 apostolossuos,
1613 1082 1833 1150 docens
1863 1097 1962 1136 eos
1988 1097 2001 1147 ;
2033 1079 2093 1134 in

451 1184 566 1240 quo
587 1171 646 1234 et
661 1167 967 1242 leprosum
983 1167 1264 1224 Dominus
1286 1170 1530 1226 sanavit.
1557 1169 1826 1226 Milliario
1857 1169 2090 1236 abhinc,

450 1254 509 1311 id
531 1259 620 1312 est
641 1273 676 1324 a
695 1255 980 1316 descensu
1006 1257 1224 1313 montis
1248 1257 1426 1324 illius,
1451 1262 1538 1314 est
1567 1257 1733 1314 locus
1763 1257 1860 1314 ille
1889 1257 1946 1312 in
1979 1274 2094 1329 quo

451 1343 624 1402 Jesus
646 1343 907 1418 quinque
928 1345 1236 1402 hominum
1260 1345 1447 1401 millia
1465 1363 1533 1402 ex
1556 1346 1816 1418 quinque
1843 1346 2097 1418 panibus

452 1434 508 1487 et
531 1432 762 1502 duobus
789 1432 1049 1504 piscibus
1080 1432 1253 1504 pavit.
1279 1432 1440 1488 Unde
1471 1431 1633 1488 locus
1662 1432 1757 1488 ille
1787 1437 1980 1490 Mensa
2007 1450 2100 1490 vo-

456 1523 641 1590 catur,
676 1511 827 1594 quod
864 1521 1017 1576 idem
1040 1526 1127 1576 est
1149 1539 1213 1576 ac
1237 1522 1398 1577 locus
1422 1521 1768 1578 ret'ectionis.
1803 1522 1944 1577 Huic
1975 1523 2098 1578 loco

458 1609 897 1686 subjacetillcin
913 1627 1028 1682 quo
1049 1609 1315 1668 Christus
1335 1609 1460 1666 suis
1481 1610 1786 1683 discipulis
1807 1611 2097 1684 apparuit,

2201 716 2506 787 temporis,
2530 732 2663 770 cum
2687 720 2873 770 mater
2889 713 3028 768 Jesu
3063 712 3246 772 Maria
3275 713 3590 780 festinans,
3603 713 3733 783 jam
3756 709 3850 766 ha-

2201 805 2346 860 bens
2382 805 2441 859 in
2481 807 2644 859 utero
2674 820 2780 858 suo
2813 800 3023 858 Filium
3054 800 3154 856 Dei
3180 800 3335 862 venit
3364 799 3850 862 adsalutandum

2203 892 2500 949 Elisabeth
2521 895 2829 964 cognatam
2854 906 3046 957 suam,
3067 889 3370 963 gravidam
3391 890 3714 946 de-Joanne
3737 888 3849 944 ﬁlio

2202 998 2308 1038 suo
2334 1001 2347 1050 ;
2381 999 2554 1054 quem
2585 985 2641 1037 et
2670 980 2749 1036 ibi
2782 984 2986 1034 natum
3017 979 3198 1035 fuisse
3229 979 3552 1052 perhibent.

2274 1069 2466 1125 Tertio
2497 1069 2722 1125 decimo
2757 1066 3028 1124 milliario
3059 1067 3130 1122 ab
3160 1067 3509 1135 Jerusalem,
3533 1071 3744 1122 contra
3766 1067 3850 1121 bo-

2175 1176 2384 1228 .ream,
2419 1163 2508 1216 est
2536 1157 2790 1228 Jericho,
2821 1174 2890 1212 ex
2920 1173 3037 1228 qua
3077 1156 3256 1223 Raab,
3291 1156 3564 1212 meretrix
3591 1155 3696 1212 illa
3727 1174 3845 1228 quae

2205 1244 2460 1320 hospitio
2509 1250 2778 1317 exceptos
2834 1249 3086 1316 quatuor
3142 1243 3533 1317 exploratores
3591 1243 3848 1306 ﬁliorum

2207 1335 2385 1392 Israel
2418 1333 2704 1400 liberavit,
2737 1331 2942 1388 celavit
2972 1336 3030 1388 et
3057 1331 3231 1404 pavit.
3266 1333 3346 1387 Ex
3395 1350 3511 1404 qua
3552 1333 3850 1399 Zaclmus,

2209 1426 2435 1478 statura
2463 1422 2736 1495 pusillus,
2770 1422 3014 1477 audiens
3045 1422 3246 1478 Jesum
3271 1438 3374 1494 per
3392 1425 3587 1494 partes
3618 1421 3759 1478 illas
3775 1423 3857 1477 de-

2209 1511 2631 1580 ambulantem,
2673 1528 3043 1584 sycomorum
3075 1511 3340 1566 arborem
3367 1511 3636 1570 ascendit
3670 1511 3854 1570 utJe-

2209 1618 2345 1656 sum
2366 1600 2584 1656 videret
2609 1605 2666 1656 et
2688 1617 2820 1656 cum
2842 1617 2908 1656 eo
2929 1599 3282 1672 loqueretur,
3311 1617 3372 1656 se
3387 1601 3667 1672 judicans
3690 1607 3858 1673 etpe-

459 1699 770 1766 comedens
800 1715 934 1754 cum
965 1699 1052 1754 eis
1081 1702 1304 1770 partem
1339 1699 1516 1770 piscis
1545 1699 1684 1764 assi,
1709 1716 1887 1772 supra
1917 1717 2108 1767 mare,
2127 1735 2176 1800 ﬂ
2211 1694 2340 1746 ῐοηε
2371 1689 2623 1800 "finiam;
2653 1690 2733 1744 ΕΚ
2762 1706 2879 1761 qua
2909 1693 2965 1744 θι
2991 1688 3154 1800 Ριξθτί
3183 1688 3270 1744 illi
3296 1689 3419 1800 Aqui
3470 1689 3857 1800 beatum-Eli-

458 1787 612 1859 quod
646 1787 798 1844 idem
833 1787 1115 1846 Dominus
1146 1787 1298 1843 sicco
1333 1789 1473 1860 pede
1505 1788 2096 1861 perambulavit,cum
2117 1777 2176 1816 ’ν
2205 1795 2372 1834 seum
2406 1777 2828 1850 Jerosolymam
2860 1779 3273 1834 ascendentem
3294 1778 3646 1845 deriserunt,
3665 1779 3858 1838 dicen-

456 1875 610 1932 cirea
659 1881 924 1949 quartam
975 1876 1162 1933 noctis
1208 1877 1466 1949 vigiliam
1526 1877 1691 1933 Petro
1747 1883 1806 1933 et
1863 1880 2097 1936 Andreae

455 1964 821 2042 piscantibus
866 1966 1178 2038 apparuit;
1214 1965 1312 2021 ubi
1343 1970 1398 2021 et
1429 1966 1592 2022 Petro
1625 1983 1803 2038 supra
1834 1983 1995 2036 mare
2026 1967 2097 2028 ad

453 2070 588 2109 eum
615 2051 696 2108 ire
717 2045 929 2108 volenti
955 2058 1012 2109 et
1043 2054 1326 2126 mergenti
1359 2053 1624 2124 Christus
1654 2054 1799 2109 dixit
1830 2071 1843 2109 :
1880 2055 2101 2112 Modica:

449 2142 598 2212 ﬁdei,
621 2158 790 2214 quare
819 2141 1128 2198 dubitasti?
1149 2147 1202 2198 et
1227 2141 1324 2198 ubi
1349 2142 1466 2198 alia
1480 2142 1622 2208 vice,
1648 2143 1772 2200 suis
1796 2143 2101 2216 discipulis

441 2229 948 2304 periclitantibus,
985 2247 1144 2286 mare
1175 2231 1437 2303 quietum
1472 2232 1742 2287 reddidit.

528 2318 795 2390 Secundo
828 2318 1100 2374 milliario
1125 2319 1528 2376 aGenesareth
1560 2321 1840 2394 oppidum
1869 2322 2103 2395 Magda-

442 2407 605 2484 ilum,
629 2425 663 2463 a
683 2424 798 2480 quo
821 2407 1003 2464 Maria
1023 2405 1386 2482 Magdalena.
1410 2409 1538 2465 Haec
1560 2415 1755 2480 autem
1777 2413 1934 2484 regio
1957 2412 2102 2480 alias

401 2523 410 2534 ο
457 2500 697 2564 vocatur
718 2494 1256 2576 Glalilaesa‘gentium,
1271 2501 1326 2552 et
1351 2497 1461 2553 sita
1482 2502 1569 2554 est
1587 2497 1647 2553 in
1671 2499 1825 2555 tribu
1847 2501 2102 2558 Zabulon

449 2590 516 2662 _et
545 2583 939 2657 Nephtbalim.
973 2589 1036 2640 In
1081 2585 1366 2660 superiori
1413 2585 1592 2657 hujus
1646 2586 1889 2643 Galilaaaz
1941 2596 2104 2662 parte

459 2669 666 2748 viginti
690 2673 1138 2750 fuerepcivitates
1160 2691 1307 2746 quas
1329 2692 1427 2731 rex
1452 2673 1724 2732 Salomon
1758 2677 1950 2748 lliram
1983 2681 2104 2754 regi

459 2760 619 2834 fl‘yri,
653 2761 838 2824 amico
869 2779 996 2830 suo,
1030 2763 1181 2818 dono
1213 2763 1392 2818 dedit.

517 2851 800 2920 .Secundo
813 2851 1086 2908 milliario
1106 2869 1140 2908 a
1157 2851 1426 2926 Magdalo
1443 2853 1960 2926 Chyneretcivitas,
1976 2874 2103 2929 qua:

451 2944 517 3016 _et
537 2939 889 3014 Iiberiadis,
914 2959 947 2998 a
968 2941 1197 3016 Tiberio
1220 2941 1440 2998 Caesare
1462 2944 1899 3015 cognominata;
1926 2964 2100 3018 quam

451 3029 522 3094 in
545 3030 850 3101 juventute
883 3048 989 3087 sua
1018 3031 1189 3087 Jesus
1219 3031 1585 3104 frequentare
1617 3031 1853 3100 solebat.
1891 3037 2104 3102 Quarto

2208 1872 2294 1923 tes
2328 1884 2340 1922 :
2376 1867 2625 1932 Aseende,
2659 1867 2828 1933 calve,
2851 1867 3094 1934 ascende,
3126 1868 3294 1936 calve,
3327 1872 3436 1924 etc.

2279 1956 2544 2012 Secundo
2576 1955 2850 2012 milliario
2881 1954 3259 2014 aJerusalem
3292 1956 3382 2015 via
3410 1961 3500 2014 est
3529 1974 3658 2028 quae
3693 1957 3854 2017 ducit

2209 2045 2460 2111 Sichem,
2491 2049 2549 2101 et
2581 2062 2748 2101 mons
2778 2045 3037 2100 Gabaoth
3071 2045 3130 2099 in
3163 2045 3320 2102 tribu
3352 2045 3680 2118 Beniamin.

2282 2133 2549 2190 Milliario
2571 2152 2606 2189 a
2625 2134 2974 2202 Jerusalem,
3000 2134 3058 2188 in
3081 2134 3352 2190 accubitu
3384 2135 3604 2194 montis
3623 2135 3853 2206 Oliveti,

2210 2240 2378 2279 mons
2413 2223 2762 2278 Oll'ensionis
2794 2229 2850 2279 et
2881 2223 3221 2280 Continuus.
3257 2223 3470 2280 Dividit
3516 2229 3720 2281 autem
3763 2243 3859 2282 eos

2195 2313 2301 2368 .via
2332 2329 2459 2384 qua:
2491 2312 2560 2366 de
2589 2311 2875 2384 Josaphat
2911 2328 3014 2384 per
3051 2311 3388 2386 Bethphage
3437 2313 3600 2370 ducit
3649 2315 3860 2370 Betha-

2211 2402 2368 2458 niam
2397 2419 2410 2468 ;
2445 2407 2752 2474 eapropter
2784 2401 2977 2457 dictus
3017 2418 3186 2457 mons
3226 2401 3574 2460 Oll'onsionis
3608 2405 3770 2475 quod
3805 2405 3860 2460 in

2211 2507 2278 2546 eo
2305 2507 2401 2545 rex
2432 2490 2706 2554 Salomon
2737 2489 2960 2546 idolum
2991 2491 3251 2562 posuerit
3298 2490 3568 2560 Moiloch,
3603 2493 3862 2549 adorans

2212 2578 2379 2634 illud.

2285 2668 2447 2723 Haud
2477 2668 2678 2740 procul
2723 2667 3048 2726 Jerusalem
3081 2669 3191 2728 sub
3225 2669 3554 2728 Salomonis
3585 2671 3774 2744 regia,
3809 2673 3864 2728 in

2214 2757 2483 2813 accubitu
2517 2757 2576 2812 in
2615 2757 2762 2813 valle
2807 2758 3112 2830 Josaphat,
3141 2764 3230 2814 est
3264 2759 3548 2816 natatoria
3576 2759 3760 2829 Siloe,
3793 2763 3864 2818 ad

2213 2863 2390 2918 quam
2424 2863 2640 2902 cecum
2671 2847 2742 2902 ab
2775 2863 2840 2902 eo
2873 2846 3270 2904 illuminatum
3301 2848 3465 2905 misit
3492 2848 3693 2917 Jesus,
3719 2851 3866 2907 utin

2213 2953 2280 2992 ea
2309 2935 2526 2991 lavaret
2557 2935 2756 2991 oculos
2797 2953 2957 2991 suos.
2992 2936 3099 3002 Qui
3149 2936 3352 2994 abiens
3401 2937 3542 2994 lavit
3588 2943 3648 2995 et
3694 2940 3865 2996 vidit.

2213 3027 2360 3098 Ergo
2411 3025 2563 3081 Siloe
2614 3025 3028 3096 interpretatur
3072 3027 3287 3084 missus.
3320 3027 3444 3083 Non
3485 3028 3558 3083 ad
3591 3030 3866 3086 eamdem

448 3115 733 3200 ,miiliario
753 3119 1111 3192 aTiberiade
1127 3118 1397 3174 Bethulia
1413 3120 1719 3188 civitas,ex
1737 3139 1854 3194 qua
1875 3123 2100 3193 Judith,
2213 3131 2427 3188 squam
2455 3115 2715 3170 Νααωᾶῐι
2748 3115 3021 3187 Princeps
3052 3115 3228 3188 Syriae
3261 3115 3480 3172 missus
3511 3122 3620 3185 est,
3655 3119 3764 3174 sed
3795 3119 3867 3176 ad

463 3223 588 3280 quae
610 3224 712 3280 pro
735 3211 904 3282 gente
923 3225 1035 3272 sua
1055 3207 1333 3286 salvanda
1358 3208 1501 3264 satis
1515 3214 1705 3265 astute
1725 3213 1971 3283 peremit
1993 3214 2105 3269 Ho-

459 3291 743 3364 lofernem
766 3295 826 3368 in
850 3296 1153 3372 obsidione
1176 3295 1359 3351 urbis.
1385 3299 1597 3367 Quarto
1621 3298 1757 3353 item
1784 3299 2055 3358 milliario
2071 3320 2106 3360 a

463 3382 767 3458 Tiberiade
787 3387 987 3442 contra
1017 3383 1321 3456 meridiem
1353 3388 1441 3439 est
1471 3385 1765 3452 Dothaim,
1789 3387 1847 3443 in
1870 3406 1985 3462 quo
2014 3391 2106 3447 Jo-

463 3471 605 3547 seph
639 3473 849 3532 fratres
879 3489 1016 3528 suos
1047 3487 1250 3546 greges
1272 3478 1574 3544 pascentes
1597 3475 1830 3548 reperit,
1852 3495 2026 3550 quem
2049 3483 2107 3546 et

462 3559 541 3616 ibi
573 3578 640 3616 ex
671 3560 802 3616 odio
836 3559 1145 3616 lsmaelitis
1177 3561 1234 3616 in
1266 3561 1575 3634 .‘Egyptum
1606 3565 2012 3623 vendiderunt.

534 3651 676 3706 Ante
706 3653 935 3722 portam
957 3648 1282 3705 Jerusalem
1305 3668 1432 3722 quae
1453 3652 1689 3724 respicit
1711 3654 1780 3709 ad
1805 3672 2101 3728 occasum,

461 3737 616 3812 saxis
647 3738 892 3794 obrutus
926 3739 1132 3798 beatus
1163 3739 1493 3811 Stephanus
1525 3745 1912 3817 protomartyr
1938 3763 2106 3802 occu-

461 3827 609 3894 buit,
635 3819 690 3894 et
711 3827 1001 3899 sepultus,
1025 3845 1158 3884 cum
1181 3845 1249 3883 ex
1267 3827 1392 3884 loco
1425 3831 1685 3902 martyrii
1709 3831 1766 3886 in
1800 3833 1935 3889 Sion
1960 3835 2102 3892 fuis-

461 3919 548 3996 set
577 3911 918 3982 translatus,
952 3916 1103 3972 inter
1131 3917 1534 3987 Nicodemum,
1560 3924 1616 3974 et
1636 3919 2103 3992 Gamalielem,et

459 4004 718 4082 Abibon:
753 4011 955 4078 postea
982 4006 1564 4079 Constantinopolim,
1599 4009 1670 4064 ad
1704 4009 1980 4068 ultimum
2009 4015 2105 4072 de-

460 4111 626 4164 mum
657 4095 850 4150 Romae
883 4095 1050 4150 beato
1082 4095 1394 4152 Laurentio
1425 4098 1866 4157 contumulatus
1901 4120 1913 4159 :
1949 4105 2103 4164 unde

459 4183 555 4240 hic
586 4183 645 4238 in
677 4183 905 4240 tumulo
934 4201 1137 4241 versus
1163 4201 1176 4240 :

647 4330 819 4397 Quem
845 4326 980 4402 Sion
1007 4327 1221 4396 occidit,
1256 4331 1414 4385 nobis
1445 4331 1717 4402 Byzantia
1744 4335 1913 4390 misit.

2214 3204 2526 3260 Jordanem
2539 3204 2635 3271 ,ab
2649 3202 2837 3259 Eliseo
2851 3203 3152 3276 propheta,
3169 3203 3298 3260 utin
3315 3222 3380 3261 eo
3401 3210 3490 3261 ter
3507 3205 3669 3263 lotus
3689 3224 3869 3264 cura-

2213 3296 2376 3348 retur
2403 3310 2437 3348 a
2467 3291 2647 3364 lepra.
2681 3295 2867 3356 Quam
2898 3309 3111 3364 aquam
3153 3293 3167 3346 i
3176 3310 3277 3365 pse
3307 3294 3568 3350 Naaman
3601 3295 3867 3364 intuens,

2215 3381 2384 3453 quasi
2417 3398 2550 3437 cum
2581 3380 2985 3454 indignatione
3015 3381 3216 3440 intulit
3249 3399 3261 3436 :
3295 3384 3554 3455 Nunquid
3582 3386 3796 3457 Far/ar
3821 3395 3870 3450 α

2215 3471 2493 3536 Αὺὺαηία,
2527 3479 2725 3526 nostrae
2779 3473 3084 3542 provincia:
3135 3473 3389 3541 ﬂumina,
3420 3474 3577 3544 longe
3634 3476 3872 3531 meliora

2212 3567 2340 3614 sunt
2372 3562 2473 3614 isto
2500 3563 2527 3614 ?
2558 3560 2819 3615 Tandem
2867 3564 3063 3616 tamen
3113 3559 3352 3618 monitis
3401 3561 3550 3616 servi
3596 3563 3693 3618 sui
3731 3581 3869 3620 con.-

2213 3649 2492 3717 sentiens,
2527 3649 2869 3716 mandatum
2910 3648 3205 3721 prophetae
3243 3649 3591 3722 implevitet
3623 3659 3871 3709 curatus

2213 3742 2294 3792 est
2309 3779 2321 3790 .

2285 3827 2438 3884 Siloe
2485 3827 2808 3884 secundum
2861 3827 3232 3884 traditionem
3279 3827 3581 3896 Syriorum
3633 3847 3704 3886 ex
3743 3832 3869 3892 Sino

2213 3934 2450 3972 manare
2480 3917 2713 3972 dicitur.
2748 3914 2899 3972 Siloe
2931 3915 3222 3989 gurgitem
3251 3933 3430 3973 suum
3460 3934 3594 3974 cum
3627 3919 3870 3977 silent-io

2211 4005 2394 4072 ducit,
2453 4004 2592 4077 quia
2646 4006 3112 4061 subterraneum.
3170 4005 3350 4062 Juxta
3421 4006 3575 4063 Siloe
3639 4011 3876 4066 exstitit

2213 4111 2462 4169 quercus
2508 4093 2684 4166 Rogel
2738 4095 2848 4150 sub
2902 4111 3020 4167 qua
3077 4094 3284 4152 beatus
3341 4096 3535 4168 Josias
3593 4098 3874 4170 sepultus

2213 4184 2482 4257 quiescit.

2285 4273 2349 4329 In
2374 4271 2523 4329 valle
2551 4272 2835 4345 Josaphat
2883 4273 3153 4347 sepultus
3193 4273 3302 4330 fuit
3347 4276 3556 4332 beatus
3602 4276 3873 4336 Jaoobns

2212 4361 2452 4436 Alphaai,
2486 4361 2587 4435 qui
2619 4363 2688 4419 de
2720 4361 2960 4434 templo,
2995 4368 3062 4420 ut
3090 4380 3270 4436 supra
3298 4363 3577 4430 diximus,
3601 4368 3875 4442 precipio

696 4457 924 4525 portam
945 4453 1298 4552 Jerusalem,
1314 4455 1486 4552 juxta
1516 4454 1710 4512 lacum
1743 4459 1842 4530 qui
1869 4459 2105 4533 respicit
2133 4479 2179 4544 D
2212 4455 2370 4552 tatus
2403 4451 2527 4508 fuit.
2554 4452 2651 4552 Est
2669 4451 2861 4552 adhuc
2884 4452 3167 4552 incudem
3187 4452 3336 4509 valle
3356 4453 3603 4526 pulchra
3634 4457 3874 4552 capella

457 4542 781 4608 meridiem,
807 4558 979 4616 cavea
1006 4541 1110 4599 illa
1137 4541 1386 4616 videtur,
1411 4544 1468 4600 in
1493 4561 1670 4616 quam
1695 4547 1806 4610 Leo
1836 4548 2096 4620 quidam,

447 4632 625 4704 jussu
652 4629 756 4706 Dei
785 4631 1226 4704 omnipotentis,
1255 4636 1580 4705 martyrum
1633 4634 1746 4694 fere
1791 4637 2101 4695 duodecim

456 4721 641 4799 millia
673 4720 783 4795 sub
815 4721 1024 4777 Cosroe
1045 4725 1365 4794 perempta,
1391 4721 1602 4779 detulit
1630 4728 1794 4782 nocte
1820 4743 1833 4793 ;
1866 4727 2022 4784 unde
2044 4733 2102 4785 et

455 4809 798 4866 Carnarium
832 4810 1041 4867 Leonis
1075 4809 1305 4866 dicitur.

527 4899 696 4954 Sexto
728 4898 1000 4954 milliario
1025 4917 1058 4954 a
1077 4899 1422 4965 Jerusalem,
1447 4905 1649 4956 contra
1670 4903 2100 4972 meridiem,via

453 4991 544 5046 est
563 5005 691 5060 quae
711 4988 874 5044 ducit
896 4987 1201 5054 Ramatha,
1224 4992 1279 5043 et
1301 5005 1469 5044 mons
1492 4989 1708 5061 Modin,
1728 5009 1797 5048 ex
1827 5010 1942 5066 quo
1973 4994 2097 5052 loco

451 5075 739 5134 oriundus
753 5075 1130 5143 Mathathias,
1153 5080 1317 5148 pater
1339 5077 1890 5151 Machabaaorumﬂn
1913 5089 2100 5156 quoet

451 5163 666 5237 sepulti
715 5165 1058 5238 quiescunt,
1102 5163 1292 5220 adhuc
1353 5169 1770 5238 apparentibus
1826 5173 2094 5230 tumulis.

450 5254 665 5311 Octavo
697 5253 971 5309 milliario
1001 5271 1035 5309 a
1065 5253 1286 5322 Modin,
1323 5253 1413 5309 via
1460 5272 1585 5327 qua:
1637 5259 1796 5315 ducit
1824 5261 2092 5335 Joppem,

448 5341 656 5420 Iﬂidda,
681 5357 807 5418 quae
827 5345 885 5414 et
902 5341 1214 5418 Diospaiis,
1239 5342 1298 5418 in
1322 5360 1441 5417 qua
1461 5361 1673 5418 corpus
1696 5348 1847 5410 beati
1867 5354 2095 5426 Georgii

444 5427 747 5506 sepultum
771 5431 956 5506 inisse
985 5431 1422 5510 manifestatur,
1442 5432 1717 5496 milliario
1749 5457 1782 5498 a
1809 5427 2098 5514 Ramatha

440 5515 645 5602 sistat.

2211 4541 2269 4596 in
2302 4558 2418 4613 qua
2447 4539 2760 4613 sepultura:
2791 4541 2920 4612 ejus
2949 4541 3235 4598 indicium
3263 4547 3477 4610 manet,
3503 4560 3640 4600 cum
3661 4544 3767 4603 his
3787 4547 3872 4603 in-

2209 4629 2445 4702 scriptis
2473 4629 2739 4686 versibus
2772 4647 2784 4686 :

2275 4765 2466 4828 Urgent
2494 4761 2692 4828 ΑΙρΙιεί
2717 4765 2895 4828 pratum
2924 4763 3034 4812 sine
3062 4762 3171 4828 lege
3196 4765 3382 4824 Judei,

2336 4826 2503 4891 Causa
2532 4827 2669 4874 neci:
2694 4826 2756 4891 ﬁt
2775 4827 2839 4884 ei,
2870 4840 3054 4891 nomen
3077 4826 3323 4891 itinerque
3352 4830 3462 4878 Dei.

2269 4887 2466 4953 Alphei
2487 4886 2739 4953 naturae
2767 4886 2952 4953 templo
2976 4886 3326 4953 praecipita-tius

2377 4965 2436 4999 uc
2461 4952 2566 5015 [uit
2595 4949 2800 5010 allatus,
2825 4949 2878 5000 ef
2901 4949 3078 5001 deuote
3105 4949 3405 5002 tumulatus.

2275 5078 2491 5134 Verum
2527 5075 2732 5132 exinde
2763 5081 2966 5148 postea
2995 5078 3105 5134 fuit
3135 5079 3436 5152 apostolus
3458 5082 3552 5137 Dei
3577 5082 3866 5140 Constan-

2205 5166 2506 5241 tinopolim
2539 5165 2880 5223 translatus.

2279 5259 2341 5313 In
2370 5255 2519 5314 valle
2548 5255 2832 5328 Josaphat
2861 5257 2971 5314 sub
2997 5263 3169 5316 acuto
3209 5259 3508 5333 pyramide
3547 5278 3654 5317 rex
3701 5261 3862 5317 idem

2205 5347 2489 5420 Josaphat
2517 5343 2839 5402 tumulatus
2869 5347 2997 5416 fuit,
3023 5367 3057 5404 a
3076 5351 3249 5421 cujus
3279 5350 3518 5406 nomine
3547 5353 3670 5406 tota
3685 5350 3866 5407 vallis

2205 5436 2410 5496 sortita
2431 5438 2519 5494 est
2541 5451 2774 5492 nomen.
2797 5435 3219 5510 Interpretatur
3237 5444 3433 5495 autem
3455 5439 3858 5512 vadiisjudteii,

2198 5528 2370 5604 juxta
2399 5523 2542 5582 illud
2580 5541 2592 5581 :
2621 5524 2976 5597 .Cengregabo
2997 5544 3188 5588 omnes
3214 5537 3418 5600 gentes,
3454 5532 3563 5585 etc.
3597 5527 3798 5586 Rom.
