3992 6090
338 272 499 369 ιο-ιεξ
532 360 541 367 δ

857 273 962 337 AD
1007 273 1520 338 GODEFRIDUM
1563 273 1897 335 APPEND.
1941 269 2455 334 II.—MONUM.
2500 270 2604 333 DE
2644 269 2898 333 BELLO
2941 267 3217 332 SACRO.

3587 263 3746 330 1076

338 408 553 467 dicitur
580 408 993 478 ccenasse;ubi
1024 411 1082 465 et
1109 409 1463 482 proditorem
1494 424 1669 464 suum
1698 409 1869 462 cauta
1896 405 1980 461 in-
2008 407 2064 473 Α
2097 403 2446 479 proditionis
2475 408 2533 460 et
2557 402 2891 460 traditionis
2919 400 3184 477 Magistri
3215 400 3309 458 sui
3340 400 3749 474 mercede,pa-

338 497 552 554 dicavit
580 496 1250 570 descriptione,reliquos
1268 496 1601 552 confortans
1631 496 1703 552 de
1732 495 1987 552 instante

339 586 454 643 sibi
484 586 777 660 passione,
810 591 867 642 et
897 587 1052 645 dans
1076 585 1160 642 eis
1192 586 1302 641 sub
1335 585 1526 657 specie
1575 583 1744 657 panis
1774 600 1987 656 corpus

339 692 515 732 suum
544 675 618 730 ad
650 675 1146 741 manducandum,
1172 679 1226 729 et
1256 674 1364 729 sub
1393 673 1585 746 specie
1614 673 1733 728 vini
1755 673 1991 745 sangui-

341 781 476 821 nem
524 781 699 820 suum
730 765 802 820 ad
844 764 1166 820 bibendum
1199 779 1213 817 :
1248 764 1696 835 Quotiescunque,
1730 767 1864 830 etc.,
1897 761 1990 816 di-

343 871 502 912 cens.

416 943 590 999 Facta
609 942 737 1015 jam
768 941 826 995 in
859 941 1145 1012 superiori
1178 946 1341 1015 parte
1372 941 1637 1013 ejusdem
1669 938 1987 996 habitaculi

345 1048 528 1097 omna,
558 1028 873 1086 verisimile
900 1032 989 1085 est
1016 1047 1086 1085 ex
1128 1031 1389 1103 ejusdem
1429 1030 1691 1103 mysterii
1741 1029 1987 1096 ratione,

345 1120 662 1176 Dominum
693 1122 959 1175 nostrum
993 1119 1051 1173 in
1070 1119 1329 1175 inferiori
1354 1120 1565 1175 domus
1584 1118 1993 1191 partehumili-

345 1207 486 1265 tatis
516 1206 849 1279 exemplum
880 1206 938 1261 in
970 1206 1259 1263 lavatione
1303 1208 1516 1281 pedum
1567 1205 1991 1279 discipulorum

348 1295 712 1364 ostendisse;
748 1295 868 1352 sive
898 1297 1083 1352 mavis
1114 1297 1222 1352 hoc
1271 1301 1404 1352 ante
1453 1314 1678 1352 ccenam
1726 1295 1813 1352 vel
1864 1298 1996 1368 post

349 1386 568 1441 factum
616 1384 818 1453 fuisse,
844 1384 929 1439 'ut
977 1386 1247 1456 quaedam
1277 1385 1560 1457 expositio
1592 1385 1791 1440 innuit
1819 1401 1997 1457 super

347 1474 450 1530 illa
476 1472 720 1530 Joannis
749 1474 810 1528 in
840 1473 1148 1546 Evangelia
1178 1474 1355 1529 verba
1388 1491 1401 1530 :
1431 1475 1498 1529 Et
1516 1476 1667 1546 facta
1693 1491 1846 1529 caena
1871 1490 1995 1530 sur-

346 1565 512 1634 rexit,
545 1566 653 1619 etc.
688 1561 820 1617 Sive
849 1579 987 1635 ergo
1018 1562 1127 1618 hoc
1158 1567 1293 1618 ante
1336 1562 1423 1618 vel
1455 1567 1588 1634 post
1635 1580 1859 1618 omnem
1914 1562 1996 1619 fa-

349 1654 511 1709 ctum
559 1649 656 1718 sit,
689 1666 897 1723 parum
949 1650 1159 1719 refert;
1196 1651 1299 1707 sed
1349 1650 1457 1707 hoc
1507 1650 1595 1707 vel
1643 1651 1791 1707 scire
1830 1652 1999 1722 juvat

351 1739 508 1814 quod
537 1737 930 1795 diversitatem
961 1738 1072 1795 loci
1099 1738 1188 1795 vel
1219 1739 1391 1796 hodie
1442 1739 1636 1796 adhuc
1686 1739 1997 1813 descriptio

350 1828 435 1886 rei
462 1831 637 1901 gesta:
664 1827 726 1882 in
756 1826 1000 1883 ecclesia
1041 1828 1258 1885 montis
1318 1828 1455 1884 Sion
1512 1828 1738 1885 innuat.
1762 1830 1909 1884 Nam
1941 1829 1999 1884 in

351 1918 595 1976 sinistra
620 1920 785 1990 parte
814 1917 1077 1990 ejusdem
1110 1916 1387 1985 ecclesiae,
1423 1918 1483 1973 in
1532 1917 1657 1974 loco
1688 1917 1998 1990 superiori,

352 2006 582 2079 depicta
626 2009 868 2077 apparet
915 2022 1098 2072 ccena,
1133 2005 1191 2060 in
1225 2005 1485 2063 inferiori
1515 2010 1735 2075 autem,
1780 2005 2003 2063 scilicet

351 2094 415 2151 in
464 2097 684 2167 crypta,
716 2092 927 2149 lavatio
958 2094 1175 2166 pedum
1208 2094 1634 2167 discipulorum
1675 2094 2004 2152 ostenditur

351 2183 628 2243 exhibita.
662 2182 765 2238 His
794 2181 995 2255 itaque
1026 2184 1450 2240 consummatis
1482 2183 1774 2257 mysteriis
1794 2184 2003 2240 oratio-

352 2271 448 2329 nis
476 2288 654 2328 causa
682 2287 819 2327 eum
850 2271 1159 2343 discipulis
1190 2272 1315 2329 suis
1346 2272 1603 2328 rediitad
1617 2277 1877 2329 montem
1891 2272 2002 2329 01i-

350 2359 553 2430 veti,in
582 2360 753 2432 cujus
784 2360 1004 2416 montis
1034 2361 1178 2432 pede
1209 2364 1266 2417 et
1286 2360 1559 2417 accubitu
1572 2360 1874 2418 dimittens
1887 2362 2003 2417 dis-

354 2447 582 2522 cipulos
612 2464 752 2504 suos
781 2446 944 2504 solus
975 2450 1215 2506 secessit
1244 2450 1316 2505 ab
1346 2449 1451 2518 eis,
1485 2455 1773 2523 quantum
1805 2452 2001 2523 jactus

355 2541 446 2594 est
476 2535 820 2610 lapidis.Hic
849 2537 1036 2592 oravit
1063 2538 1134 2593 ad
1166 2537 1396 2594 Patrem
1426 2556 1602 2594 suum
1632 2540 1867 2596 dicens:
1891 2542 1999 2595 Pa-

354 2634 455 2696 ter,
485 2628 536 2683 si
561 2627 686 2698 ﬁeri
708 2633 901 2698 potest,
936 2630 1068 2695 etc.,
1101 2627 1202 2683 ubi
1235 2632 1292 2683 et
1319 2646 1389 2684 ex
1408 2632 1662 2685 tremore
1690 2629 1885 2685 carnis
1907 2646 2002 2684 su-

355 2715 558 2772 dorem
606 2714 757 2770 fudit
811 2715 979 2787 quasi
1024 2716 1407 2789 sanguinem;
1449 2720 1507 2773 et
1554 2717 1625 2773 ad
1678 2717 2002 2790 discipulos

355 2820 495 2861 suos
543 2818 831 2871 reversus,
865 2807 922 2859 et
966 2802 1268 2861 inveniens
1315 2822 1416 2861 eos
1453 2805 1829 2873 dormientes,
1864 2823 2001 2878 spe-

355 2891 582 2950 cialiter
608 2895 846 2948 Petrum
877 2891 1195 2965 increpavit
1223 2892 1425 2949 dicens
1449 2910 1462 2949 :
1493 2894 1586 2950 Sic
1611 2911 1721 2951 non
1746 2896 2003 2966 potuistis

353 2998 467 3038 una
495 2981 631 3037 hora
659 2981 892 3052 vigilare
920 2997 1150 3049 mecum,
1192 2981 1347 3037 etc.?
1377 2986 1444 3037 Et
1494 2983 1706 3039 iterum
1741 3000 1754 3038 :
1787 2985 2003 3040 Dormi-

353 3078 404 3128 te
421 3072 565 3144 jam,
596 3077 647 3126 et
675 3071 1021 3142 requiescite,
1051 3074 1162 3126 etc.
1197 3069 1292 3126 Sic
1322 3088 1509 3143 usque
1538 3072 1707 3128 tertio
1744 3072 1806 3128 in
1836 3089 2001 3129 eum-

2094 494 2205 551 ctis
2233 498 2290 551 et
2315 494 2568 566 acceptis
2598 493 2841 566 triginta
2871 492 3504 565 argenteis,aggressus
3535 493 3627 546 est
3653 489 3749 545 in-

2094 584 2337 639 fandum
2370 582 2604 654 scelus),
2638 582 2770 648 hoc,
2802 581 3066 655 inquam,
3097 578 3290 637 sciens
3336 579 3531 646 Jesus,
3561 577 3625 634 in
3649 594 3750 634 ea.

2096 673 2229 728 dem
2261 688 2505 728 caverna
2536 670 2639 726 illa
2669 670 2813 727 dixit
2843 669 3151 743 discipulis
3181 669 3307 725 suis
3344 684 3358 726 :
3388 669 3630 738 Surgite,
3653 685 3751 724 ea-

2094 778 2236 828 mus,
2268 777 2385 817 ecce
2431 762 2911 832 apprOpinquavit,
2961 762 3070 814 etc.
3105 757 3199 814 Sic
3247 773 3520 831 egressus
3569 755 3750 812 Geth-

2097 848 2452 921 semani,per
2481 848 2749 905 osculum
2776 847 2940 905 Juda:
2970 846 3307 915 traditus,et
3335 863 3371 902 a
3398 844 3754 902 transmissa

2100 938 2334 994 cohorte
2361 938 2567 994 exinde
2596 938 2887 1011 cognitus,
2920 936 2992 992 ab
3023 936 3097 992 iis
3121 936 3412 1003 detentus,
3434 935 3672 990 vinctus
3693 937 3752 990 et

2100 1028 2388 1083 deductus
2444 1031 2551 1082 est.
2611 1026 3029 1082 Verumtamen
3088 1024 3147 1079 in
3209 1024 3451 1097 praefata
3500 1039 3754 1080 caverna

2102 1117 2492 1172 ostenduntur
2522 1115 2783 1188 quinque
2816 1115 3106 1171 foramina
3131 1112 3191 1169 in
3224 1129 3340 1169 uno
3370 1111 3584 1185 lapide,
3618 1115 3752 1167 tan-

2103 1222 2280 1278 quam
2315 1222 2416 1277 per
2444 1204 2705 1276 quinque
2732 1202 2947 1276 digitos
2960 1218 3173 1258 manus
3186 1201 3418 1258 Domini
3438 1201 3751 1274 impressa.

2103 1293 2337 1351 Domini
2368 1294 2622 1361 dico,sed
2645 1294 2773 1365 jam
2806 1291 2981 1364 capti,
3007 1295 3181 1363 atque
3212 1309 3247 1347 a
3276 1289 3753 1363 persecutoribus

2102 1383 2383 1440 violenter
2414 1383 2602 1449 tracti,
2637 1399 2704 1438 ac
2735 1381 2784 1438 si
2827 1383 2886 1437 in
2937 1380 3141 1437 eodem
3188 1379 3351 1436 illius
3395 1377 3507 1435 loci
3556 1377 3753 1451 lapide

2105 1489 2232 1529 sese
2263 1470 2544 1528 voluisset
2573 1471 2843 1528 retinere.

2177 1559 2471 1633 Quidquid
2516 1565 2711 1617 autem
2765 1560 2837 1615 de
2884 1558 2993 1615 hoc
3038 1558 3135 1627 sit,
3168 1574 3276 1614 nos
3322 1556 3526 1631 procul
3573 1557 3755 1615 dubio

2107 1650 2329 1706 scimus
2350 1666 2485 1706 eum
2517 1649 2760 1721 majoris
2789 1648 3098 1722 potestatis
3119 1652 3177 1705 et
3203 1646 3438 1703 virtutis
3469 1647 3759 1721 ampliora

2107 1739 2295 1795 facere
2334 1738 2614 1810 potuisse.
2650 1737 2926 1794 Traditus
2976 1738 3173 1809 itaque
3220 1736 3509 1793 Dominus
3557 1739 3759 1793 noster

2110 1845 2216 1884 suo
2242 1844 2276 1883 a
2306 1826 2836 1900 discipulo,captus
2866 1831 2923 1882 et
2951 1825 3167 1899 ligatus
3197 1842 3232 1881 a
3252 1824 3437 1882 milite
3468 1825 3754 1893 Romano,

2110 1917 2385 1974 reductus
2414 1921 2505 1972 est
2535 1917 2608 1972 ad
2640 1920 2899 1972 montem
2931 1914 3200 1984 Sion,ubi
3231 1919 3374 1971 tunc
3402 1918 3529 1971 erat
3557 1918 3761 1987 praeto-

2109 2006 2262 2061 rium
2295 2004 2485 2071 Pilati,
2509 2010 2914 2077 nuncupatum
2947 2004 3314 2071 Lithostrotos,
3339 2002 3619 2060 Hebraice
3647 2019 3761 2059 au-

2108 2098 2227 2151 tem
2261 2094 2522 2151 Gabatha.
2557 2095 2721 2149 Tunc
2750 2093 2909 2149 enim
2939 2091 3223 2165 temporis
3261 2092 3486 2165 optima
3534 2108 3673 2165 pars
3703 2095 3763 2147 et

2107 2182 2387 2239 fortitudo
2421 2182 2600 2239 totius
2634 2182 2796 2238 urbis
2847 2186 2973 2238 erat
3021 2181 3081 2237 in
3131 2180 3444 2237 altitudine
3491 2181 3761 2252 ejusdem

2108 2272 2346 2337 montis,
2389 2271 2544 2327 sicut
2589 2271 2765 2327 etiam
2810 2270 2992 2328 turris
3040 2270 3244 2340 David,
3274 2287 3402 2342 quas
3452 2274 3581 2327 erat
3630 2286 3763 2342 spe-

2108 2361 2241 2417 cula
2271 2365 2329 2417 et
2360 2364 2627 2416 tutamen
2658 2359 2897 2433 relique
2927 2359 3202 2427 civitatis,
3232 2362 3388 2416 esset
3434 2358 3495 2414 in
3545 2375 3614 2415 eo
3644 2356 3763 2415 ele-

2107 2454 2335 2519 vata;et
2366 2449 2502 2506 hinc
2534 2450 2756 2506 ratione
2788 2452 3065 2506 maternae
3096 2448 3511 2522 generationis,
3540 2452 3597 2504 et
3625 2465 3767 2521 pro-

2109 2538 2429 2595 curationis
2460 2556 2561 2595 seu
2596 2538 2792 2611 potius
2822 2535 3472 2610 protectionis,inferior
3494 2536 3767 2609 ejusdem

2109 2626 2362 2683 civitatis
2396 2644 2533 2699 pars
2565 2626 2780 2681 dicitur
2810 2625 2933 2682 tilia
2969 2626 3145 2698 ejus;
3173 2625 3502 2682 secundum
3549 2625 3712 2682 istud
3748 2642 3764 2681 :

2107 2717 2303 2781 Dicite,
2317 2717 2457 2787 filim
2484 2714 2971 2781 Sion,etc.Postea
2999 2719 3197 2771 autem
3230 2713 3767 2771 destructaibidem

2109 2804 2357 2871 civitate,
2388 2809 2447 2861 et
2476 2804 2536 2859 in
2567 2803 2749 2859 alium
2780 2802 2996 2872 locum,
3029 2803 3131 2859 ubi
3161 2820 3320 2860 nunc
3348 2807 3766 2872 exstat-,trans-

2109 2893 2227 2950 lata
2258 2910 2324 2949 ac
2356 2894 2466 2949 sub
2502 2893 2648 2948 {Elio
2680 2894 3029 2965 imperatore
3078 2893 3382 2957 aedificata,
3416 2892 3572 2950 idem
3621 2909 3768 2965 quo-

2109 2999 2223 3056 que
2250 2999 2418 3037 mons
2448 2982 2509 3037 in
2539 2999 2649 3037 sua
2677 2980 3025 3038 celsitudine
3064 2980 3232 3037 valde
3276 2986 3367 3037 est
3413 2980 3767 3038 humiliatus

2112 3076 2169 3128 et
2197 3073 2560 3143 adaequatus,
2593 3075 2754 3137 turre
2782 3073 2853 3127 et
2870 3069 3002 3127 aliis
3046 3070 3328 3141 aedificiis,
3361 3074 3418 3126 et
3465 3069 3767 3127 fortalitiis

354 3143 489 3218 dem
516 3158 711 3214 locum
741 3158 814 3214 ab
845 3158 930 3215 eis
960 3159 1260 3223 secedens.
1293 3164 1351 3216 et
1379 3161 1614 3217 easdem
1653 3178 1855 3234 preces
1886 3166 2000 3218 Deo
2031 3143 2075 3210 (ἶ
2113 3160 2320 3216 exinde
2351 3159 2617 3231 dejectis,
2650 3176 2722 3216 ne
2751 3176 2822 3216 ex
2850 3159 3054 3216 eodem
3094 3157 3220 3215 loco
3250 3176 3409 3216 nova:
3458 3158 3591 3215 urbi
3622 3175 3766 3215 cum

353 3246 510 3305 Patri
540 3264 647 3305 suo
679 3246 1247 3320 porrigens,tandem
1279 3250 1605 3305 secundum
1627 3251 1783 3323 quod
1802 3249 1999 3322 homo,

354 3336 717 3394 confortatus
748 3337 820 3392 ab
851 3336 1058 3409 angelo
1102 3340 1214 3398 est.
1245 3340 1303 3393 et
1348 3354 1383 3392 a
1430 3339 1647 3411 seipso,
1677 3339 2001 3395 secundum

354 3425 512 3498 quod
542 3425 716 3491 Deus,
748 3423 918 3480 tertio
944 3441 1209 3481 reversus
1240 3427 1311 3481 ad
1342 3426 1662 3499 discipulos
1689 3427 1833 3483 dixit
1863 3445 1875 3482 ε
1915 3429 2000 3485 Vi-

352 3515 518 3587 gilate
545 3520 597 3569 et
618 3521 787 3569 orate.

428 3601 682 3657 Istorum
709 3600 973 3656 locorum
1019 3602 1343 3674 distinctio,
1376 3603 1663 3671 videlicet,
1695 3604 1795 3659 ubi
1826 3604 2000 3660 disci-

354 3688 481 3763 puli
506 3694 932 3757 remanserant,
964 3694 1021 3745 et
1052 3690 1149 3746 ubi
1183 3691 1468 3748 Dominus
1498 3697 1780 3764 oraverat,
1814 3694 2000 3749 mani-

354 3777 499 3834 festo
529 3776 589 3832 in
617 3776 765 3834 valle
793 3777 1077 3851 Josaphat
1098 3784 1505 3853 apparet;nam
1528 3782 1698 3853 juxta
1716 3784 2001 3855 majorem

354 3865 681 3934 ecclesiam,
715 3866 776 3922 in
807 3883 926 3939 qua
964 3868 1268 3940 sepultura
1295 3870 1476 3926 beata:
1508 3871 1700 3927 Mariae
1729 3872 1999 3944 virginis,

354 3955 428 4012 de
457 3972 575 4028 qua
602 3959 805 4029 postea
832 3955 1115 4024 dicemus,
1147 3958 1341 4014 adhuc
1371 3958 1541 4015 hodie
1570 3959 1843 4024 exstat,in
1864 3961 2001 4016 dex-

350 4046 479 4101 tera
508 4047 691 4117 parte,
723 4044 946 4117 capella
977 4063 1111 4102 cum
1142 4064 1388 4104 caverna
1433 4048 1492 4103 in
1540 4066 1655 4118 qua
1700 4049 1897 4105 tristes
1947 4054 2005 4106 et

353 4133 743 4191 dormitantes
791 4139 1197 4191 remanserant
1243 4136 1541 4209 discipuli,
1575 4137 1821 4194 Domino
1869 4143 2003 4210 post

350 4222 687 4296 passionem
719 4239 889 4278 suam
920 4227 1009 4279 ter
1037 4224 1324 4292 veniente,
1357 4229 1414 4282 et
1466 4231 1554 4280 ter
1602 4226 1902 4283 recedente
1927 4227 2001 4282 ab

351 4309 466 4381 eis;
500 4310 610 4367 hoc
641 4310 833 4367 adhuc
863 4309 1086 4369 indicat
1112 4312 1333 4371 ibidem
1357 4314 1584 4387 pictura
1614 4315 1888 4372 existens.
1942 4372 1949 4379 ,

964 4418 1199 4476 CAPUT
1236 4420 1386 4476 VIII.

349 4506 425 4562 De
450 4507 678 4562 ecclesia
705 4505 1028 4574 Saluatoris,
1056 4510 1321 4579 praetorio
1350 4510 1545 4577 Pilati,
1580 4510 1728 4565 turri
1771 4510 1999 4567 Davidi-
2027 4516 2076 4581 1)

824 4595 908 4646 ca,
941 4587 991 4635 et
1020 4587 1198 4635 monte
1230 4581 1520 4637 Calvariée.

418 4665 611 4745 ’Locus
640 4682 774 4724 vero
804 4666 907 4723 ubi
936 4669 1222 4725 Dominus
1253 4667 1436 4725 oravit
1484 4668 1884 4727 circumdatus
1913 4674 2001 4727 est

349 4769 499 4810 nova
525 4753 791 4825 ecclesia,
825 4772 951 4828 qua
997 4755 1211 4812 dicitur
1256 4756 1502 4812 ecclesia
1550 4756 1905 4824 Salvatoris;
1936 4758 1999 4814 in

349 4840 531 4913 hujus
561 4841 816 4900 ecclesiae
848 4844 1177 4917 pavimento
1206 4844 1464 4902 eminent
1494 4849 1612 4901 tres
1634 4863 1750 4902 non
1779 4847 1999 4919 operati

346 4928 597 5004 lapides,
627 4931 786 4988 velut
814 4949 991 5005 rupes
1024 4934 1314 5005 quaedam.
1348 4934 1411 4989 In
1442 4933 1534 4989 his
1565 4934 1779 4991 dicitur
1808 4936 2000 4992 Domi-

350 5034 465 5076 nus
509 5036 709 5076 orasse
756 5024 816 5076 et
862 5027 949 5078 ter
993 5039 1146 5094 genu
1188 5021 1434 5079 flexisse.
1464 5023 1650 5087 Quare
1680 5023 1739 5079 hi
1772 5023 1998 5097 lapides

349 5107 504 5179 apud
537 5107 751 5163 Christi
786 5109 986 5166 fideles
1018 5110 1077 5164 in
1120 5110 1467 5167 hodiernum
1516 5129 1702 5183 usque
1750 5113 1905 5169 diem
1938 5114 1997 5171 in

346 5194 604 5251 maxima
625 5196 928 5253 devotione
945 5201 1001 5253 et
1017 5200 1288 5257 venerati:
1302 5217 1388 5255 me
1406 5200 1804 5257 habentur.Ad
1824 5203 1997 5275 paulo

347 5286 481 5340 ante
530 5283 747 5339 dictam
801 5301 1108 5342 cavernam
1157 5287 1441 5344 Dominus
1489 5293 1708 5357 noster,
1752 5307 1999 5348 noscens

342 5371 559 5430 Judam
607 5388 742 5428 cum
790 5374 982 5431 turbis
1041 5376 1513 5450 apprOpinquare
1562 5379 1768 5447 (Judas
1817 5380 1995 5452 enim,

345 5458 479 5519 aliis
510 5459 817 5535 discipulis
846 5469 978 5536 post
1008 5481 1233 5521 coenam
1266 5483 1401 5522 cum
1419 5466 1666 5524 Domino
1699 5485 2001 5526 remanen-

344 5550 529 5619 tibus,
564 5549 726 5609 solus
752 5552 899 5610 abiit
948 5555 1020 5611 ad
1048 5553 1303 5625 Judaaos,
1338 5558 1598 5613 tractans
1629 5574 1763 5613 cum
1795 5558 1879 5615 eis
1928 5560 1999 5615 de

2110 3253 2373 3321 tempore
2400 3248 2589 3304 hostis
2616 3252 2870 3304 noceret.

2180 3336 2414 3394 Interim
2450 3342 2647 3394 tamen
2678 3337 2871 3393 adhuc
2899 3337 3072 3393 hodie
3099 3336 3431 3394 ostenditur
3444 3335 3610 3392 locus
3638 3335 3764 3404 ille,

2111 3427 2209 3482 ubi
2243 3430 2301 3482 et
2330 3426 2665 3499 praetorium
2693 3431 2748 3482 et
2780 3424 2961 3483 turris
2989 3424 3169 3482 David
3199 3425 3569 3482 exstiterunt.
3592 3426 3765 3481 Tunc

2110 3516 2393 3588 temporis
2424 3532 2659 3587 quoque
2688 3532 2891 3571 versus
2919 3513 3224 3571 meridiem
3269 3514 3329 3570 in
3379 3519 3576 3570 monte
3621 3512 3767 3570 Sion

2109 3604 2251 3660 illud
2286 3604 2508 3677 grande
2537 3604 2851 3659 aedificium
2884 3603 3016 3672 fuit,
3050 3603 3151 3659 ubi
3181 3602 3470 3659 Dominus
3501 3619 3637 3658 cum
3669 3602 3764 3658 di-

2111 3692 2356 3766 scipulis
2401 3692 2524 3749 suis
2557 3691 2828 3751 ultimam
2877 3709 3102 3748 orenam
3154 3690 3550 3748 manducavit.
3581 3691 3768 3748 Juxta

2111 3782 2337 3838 dictum
2386 3798 2523 3855 ergo
2568 3780 2906 3854 praetorium
2953 3781 3144 3850 Pilati,
3194 3797 3398 3838 versus
3448 3780 3764 3850 orientem,

2110 3874 2233 3927 erat
2264 3869 2500 3936 atrium,
2532 3887 2632 3926 seu
2666 3870 2861 3940 potius
2889 3886 3107 3941 carcer,
3138 3869 3198 3925 in
3230 3887 3345 3943 quo
3385 3869 3616 3925 vinctus
3658 3869 3767 3926 de-

2110 3959 2407 4016 tinebatur
2433 3959 2629 4025 Jesus,
2662 3964 2718 4014 et
2750 3963 2871 4014 tota
2900 3962 3068 4014 nocte
3098 3956 3201 4014 illa
3229 3957 3383 4014 inter
3427 3956 3590 4014 mille
3638 3975 3769 4014 sar.

2109 4065 2360 4116 casmos,
2396 4046 2708 4121 opprobria
2736 4052 2791 4102 et
2824 4046 3080 4102 ludibria
3107 4062 3143 4102 a
3182 4046 3528 4102 custodibus
3555 4044 3767 4101 militi-

2108 4137 2220 4193 bus
2250 4141 2308 4193 et
2335 4136 2673 4192 Judzeorum
2705 4136 3072 4209 principibus
3112 4135 3541 4204 asservabatur,
3574 4134 3768 4191 donec

2110 4230 2339 4282 maturo
2370 4241 2544 4280 mane
2582 4240 2718 4280 eum
2758 4224 2984 4297 judicio
3035 4222 3328 4280 sisterent.
3362 4224 3426 4279 In
3467 4223 3576 4280 hoc
3630 4223 3767 4296 ipso

2107 4314 2377 4386 praetorio
2418 4313 2624 4370 Petrus
2672 4317 2759 4370 ter
2806 4311 3036 4387 negavit
3076 4312 3389 4369 Dominum
3436 4317 3571 4368 ante
3618 4312 3767 4386 galli

2108 4408 2369 4459 cantum.
2408 4402 2511 4460 Ubi
2544 4402 2755 4459 deinde
2785 4402 2985 4459 audito
3016 4399 3155 4476 galli
3194 4405 3395 4469 cantu,
3422 4405 3483 4458 et
3510 4400 3766 4459 Domino

2107 4509 2242 4549 eum
2274 4491 2639 4564 reSpiciente,
2673 4492 2768 4564 pie
2797 4490 3182 4548 reminiscens
3228 4491 3390 4548 verbi
3420 4490 3767 4548 suavissimi

2108 4581 2374 4654 Magistri
2403 4579 2517 4648 sui,
2555 4597 2686 4637 vere
2714 4580 3008 4653 paenituit,
3042 4596 3240 4637 amare
3282 4579 3459 4648 flevit,
3489 4584 3546 4636 et
3572 4578 3635 4635 in
3662 4597 3767 4638 ca-

2107 4686 2367 4738 vernam,
2418 4686 2545 4741 qum
2594 4669 2765 4725 modo
2820 4670 2963 4739 galli
3007 4677 3220 4739 cantus,
3259 4668 3581 4743 vulgariter
3622 4685 3765 4727 vero

2108 4758 2345 4816 Galilaea
2373 4757 2723 4832 appellatur,
2759 4758 2993 4833 refugit.

2180 4848 2376 4919 Porro,
2410 4852 2475 4903 ut
2503 4851 2731 4917 caetera,
2765 4864 2894 4920 qua:
2925 4852 3066 4904 tunc
3094 4847 3153 4904 in
3187 4848 3326 4905 Sion
3357 4851 3461 4905 aut
3479 4851 3767 4905 eruntaut

2107 4938 2471 5010 contigerant
2524 4936 2918 5005 absolvemus,
2976 4941 3305 4994 memoratu
3363 4937 3609 5012 dignum
3666 4943 3763 4995 est

2106 5026 2263 5098 quod
2297 5026 2584 5082 Dominus
2610 5026 2785 5082 Jesus
2816 5030 2947 5099 post
2978 5025 3465 5083 resurrectionem
3495 5043 3667 5083 suam
3699 5026 3762 5083 in

2107 5113 2244 5170 Sion
2272 5115 2399 5171 suis
2430 5114 2735 5186 discipulis
2783 5114 3138 5188 apparuerit.
3172 5115 3336 5172 Unde
3388 5116 3448 5171 in
3494 5115 3762 5173 testimo-

2107 5204 2272 5260 nium
2302 5205 2431 5275 ejus
2460 5204 2519 5259 hi
2549 5220 2758 5260 versus
2787 5204 2845 5259 in
2878 5204 3110 5261 dextero
3151 5203 3331 5260 latere
3359 5202 3618 5261 ecclesia:
3644 5204 3758 5261 ibi-

2106 5294 2238 5350 dem
2273 5292 2524 5366 appositi
2556 5291 2853 5365 leguntur.

2234 5398 2468 5464 Christus
2498 5398 2763 5463 discipulis
2790 5400 3035 5464 apparuit
3064 5399 3147 5464 hic
3175 5398 3402 5464 Galilcis

2233 5462 2462 5527 Surgens
2480 5477 2500 5523 ;
2518 5461 2791 5526 propterea
2820 5461 2958 5512 locus
2985 5466 3059 5513 est
3089 5463 3258 5513 dictus
3290 5461 3525 5513 Galilea.

2108 5559 2172 5616 In
2202 5558 2295 5616 via
2326 5576 2443 5631 qua
2473 5559 2545 5616 de
2577 5558 2716 5617 Sion
2749 5559 3127 5619 descenditur
3145 5559 3207 5618 in
3228 5559 3437 5618 vallem
3451 5558 3755 5634 Josaphat,
