3992 6090
193 297 354 363 10³77
380 292 387 301 “
1108 292 1433 359 JOANNIS
1475 295 1769 361 WIRZBI

2024 296 2245 361 ESCR.
2292 299 2581 363 TERRE
2622 297 2685 364 S.
3441 293 3600 365 1078

195 434 305 492 sub
335 435 504 507 porta
532 428 750 488 montis
762 429 1106 504 Sion,super
1124 446 1277 503 saepe
1295 431 1511 487 dictam
1535 449 1841 489 cavernam
1869 434 1925 499 Α
1955 433 2041 491 vel
2074 435 2268 509 potius
2297 435 2370 492 ad
2400 435 2660 510 seipsum
2691 433 2910 493 faciens
2929 451 3016 504 ;ac
3029 432 3079 494 si
3104 432 3321 492 diceret
3343 431 3595 505 :Mulier,

194 527 282 580 est
310 521 557 579 ecclesia
601 520 907 587 aedificata,
940 536 1118 593 quam
1150 517 1322 576 hodie
1353 519 1618 577 incolunt
1661 521 1842 578 Graeci
1950 540 2081 582 ecce
2114 523 2272 582 filius
2299 528 2476 581 tuus:
2522 525 2645 581 hanc
2690 527 2863 582 modo
2923 524 3114 599 patior
3171 540 3241 580 ex
3296 522 3596 592 ﬁliatione,

193 610 487 670 monachi.
1951 631 2128 688 quam
2158 631 2227 670 ex
2246 620 2349 670 tua
2371 616 2631 671 contraxi
2653 613 3023 671 maternitate
3050 631 3188 683 ;non
3218 616 3418 669 autem
3437 629 3507 669 ex
3531 630 3601 671 ea

263 703 395 758 Jam
429 700 641 756 iterum
673 699 745 755 ad
775 698 1036 754 vinctum
1068 698 1271 755 Jesum
1306 700 1636 757 redeamus.
1670 701 1840 758 Facto
1948 703 2133 760 habeo
2166 704 2449 759 miracula
2481 704 2864 761 facere.Unde
2894 706 2951 759 et
2978 703 3115 759 alibi
3149 703 3209 758 in
3241 701 3467 775 nuptiis
3487 701 3597 758 Ca-

190 791 390 864 itaque
420 806 612 856 mane,
637 787 864 860 judicio
896 787 1099 860 iniquo
1153 788 1437 844 innocens
1468 789 1734 847 Christus
1767 790 1836 847 ad
1949 812 2036 850 nae
2068 792 2312 850 Galilzem
2340 811 2351 849 :
2385 794 2523 862 Quid
2554 794 2697 849 mihi
2724 801 2775 849 et
2822 794 2945 859 tibi,
2976 792 3230 847 mulier?
3258 790 3342 847 sic
3375 791 3445 847 ad
3468 807 3598 847 ma-

191 884 439 937 mortem
456 878 846 944 damnandus,
864 877 1418 951 antepraetoriumin
1442 877 1566 934 loco
1585 880 1835 952 quodam
1948 886 2118 939 trem.
2154 882 2372 939 Deinde
2410 899 2544 938 vero
2600 883 2671 938 ad
2728 882 3014 938 Joannem
3047 897 3059 936 :
3092 882 3222 936 Ecce
3275 887 3450 937 mater
3478 888 3593 947 tua,

191 968 544 1043 ﬂagellatur,
578 966 765 1040 alapis
796 966 1055 1035 creditur,
1091 967 1457 1040 conspuitur,
1474 973 1632 1025 veste
1661 969 1842 1025 rubra
1949 989 2129 1045 quam
2160 989 2368 1045 nempe
2400 972 2505 1028 tibi
2530 970 2740 1028 dilecto
2763 986 2878 1043 prae
2894 968 3139 1041 reliquis
3155 967 3442 1042 discipulo
3465 984 3595 1024 meo

188 1059 252 1115 in
283 1057 608 1114 ludibrium
638 1054 779 1130 regii
812 1054 967 1111 tituli
995 1073 1168 1128 quem
1199 1057 1269 1111 de
1298 1056 1517 1114 Judmis
1546 1056 1657 1114 sibi
1679 1059 1840 1114 attri—
1949 1061 2009 1118 in
2070 1060 2267 1117 ﬁlialis
2321 1060 2641 1117 devotionis
2699 1064 2755 1117 et
2813 1057 3340 1115 administrationis
3392 1073 3594 1114 curam

188 1149 421 1215 buerat,
448 1145 735 1213 induitur,
773 1144 979 1218 spinea
1004 1162 1219 1202 corona
1248 1144 1615 1220 pungitur,et
1640 1147 1835 1216 verbo,
1949 1151 2317 1207 commendo.

188 1237 514 1294 nefandum
547 1233 744 1290 dictu!
780 1233 1161 1307 spurcissime
1182 1237 1656 1303 tractatur.Quod
1689 1237 1841 1294 indi-
1949 1239 2013 1295 In
2044 1239 2168 1295 loco
2218 1238 2509 1308 Calvariae,
2544 1256 2679 1295 cum
2727 1238 2787 1294 in
2846 1254 3018 1295 cruce
3077 1239 3375 1310 pateretur
3401 1235 3597 1295 hostia

188 1330 286 1384 cat
314 1342 518 1382 versus
549 1324 620 1381 ad
652 1323 927 1380 eumdem
959 1328 1165 1397 postea
1192 1323 1393 1382 lucum
1424 1327 1839 1399 appositus,ita
1948 1328 2177 1397 mundi,
2211 1327 2422 1384 latroni
2445 1328 2722 1401 pendenti
2752 1328 2827 1384 ad
2852 1329 3148 1383 dexteram
3175 1325 3248 1382 ab
3280 1342 3345 1381 eo
3375 1326 3595 1398 petenti

185 1416 438 1489 loquens
466 1431 479 1470 :
1945 1417 2194 1486 veniam,
2212 1416 2415 1474 stolam
2444 1416 2906 1473 immortalitatis
2935 1414 3449 1488 promisit.Deinde
3470 1431 3597 1471 cru-

316 1504 417 1554 Iste
443 1504 734 1563 coronatur,
765 1517 863 1569 quo
892 1501 1112 1552 mundus
1128 1503 1255 1568 jure
1284 1506 1512 1568 regatur.
1947 1508 2030 1563 cis
2056 1506 2117 1562 in
2148 1506 2408 1578 patibulo
2441 1508 2500 1562 in
2531 1505 2710 1563 latere
2736 1507 2935 1562 dextro
2966 1505 3158 1561 cordis
3186 1502 3390 1560 lancea
3410 1503 3598 1577 perfo-

184 1585 479 1642 Eumdem
508 1582 704 1640 locum
734 1582 1002 1657 designat
1022 1582 1243 1657 capella
1268 1589 1402 1640 ante
1432 1585 1716 1656 majorem
1739 1586 1836 1643 ΕΟ·
1947 1600 2110 1652 ratus
2139 1597 2332 1663 Jesus,
2366 1596 2714 1670 sanguinem
2745 1594 2945 1652 emisit
2974 1598 3031 1650 et
3055 1609 3291 1666 aquam.
3312 1593 3396 1648 Ex
3424 1593 3595 1664 cujus

185 1673 432 1731 οἶϐείᾶῐη
464 1673 625 1741 Sion:
665 1689 872 1729 versus
918 1673 1162 1729 Boream
1222 1674 1354 1742 Sita,
1389 1674 1692 1731 continens
1752 1675 1837 1747 Ρί·
1949 1684 2254 1759 sanguinis
2283 1688 2340 1740 et
2370 1702 2535 1757 aqua;
2569 1683 2919 1753 stilla,motu
2942 1681 3178 1756 pictatis
3198 1686 3255 1738 et
3285 1681 3598 1738 confessio-

185 1768 346 1821 ctam
375 1762 685 1819 historiam
718 1761 799 1818 rei
831 1778 962 1867 cujrn
987 1761 1098 1818 hac
1130 1762 1509 1836 inscriptione
1537 1781 1549 1820 :
1865 1800 1916 1867 Β
1947 1776 2042 1831 nis
2071 1775 2253 1848 aperti
2284 1779 2425 1831 sunt
2450 1775 2601 1832 oculi
2630 1774 3017 1848 Longini,quf
3040 1790 3174 1829 eum
3203 1776 3592 1845 percusserat,

313 1852 534 1900 δαησίιιε
559 1853 851 1924 functorum
885 1850 1164 1935 θίαῖηηαίαν
1192 1866 1306 1900 υοεθ
1334 1866 1556 1901 "torum-
1865 1850 1916 1867 "
1950 1868 2099 1919 utet
2133 1863 2259 1936 ipse
2289 1864 2602 1920 crediderit
2647 1863 2707 1919 in
2767 1862 3084 1920 Christum.
3119 1861 3365 1918 Domino
3395 1864 3591 1918 autem

314 1915 419 1963 Prc
442 1927 604 1963 sem:
632 1912 817 1962 bellum
847 1915 1046 1963 nuntur
1074 1913 1227 1963 Deus.
1258 1917 1412 1963 atoue
1431 1913 1711 1963 ﬂaaellum.
2064 1958 2072 1963 .
2181 1953 2192 1963 .
2413 1953 2423 1963 .
2527 1953 2562 1963 ..
2617 1953 2648 1963 ..
2882 1955 2892 1963 .
3070 1955 3080 1963 .
3214 1950 3226 1963 .

314 1915 419 1964 Pro
442 1915 604 1963 servis
632 1915 817 1962 bellum
845 1915 1227 1986 patiturveus,
1258 1917 1412 1976 atque
1428 1915 1711 1987 μαρεῃαηι.
1954 1915 2012 1919 “”
2048 1915 2097 1919 ’⁷
2134 1915 2255 1964 ’τῖ’
2296 1915 2707 1965 “’Ἶ’““ῖ
2777 1915 3083 1920 """“""‘
3120 1915 3151 1917 “
3299 1915 3302 1916 ⁷
3341 1915 3355 1918 ⁷

312 1976 429 2039 Περ
458 1975 589 2039 δοτια
617 1990 744 2039 ςνηα,
780 1974 973 2039 σιιηετι
1002 1975 1201 2039 δυηοη,
1228 1976 1461 2039 summa,
1491 1980 1641 2039 mh;
1947 1958 2148 2010 nostro
2179 1971 2237 2008 in
2268 1969 2461 2009 crucis
2490 1956 2690 2025 stipite
2747 1955 2999 2019 mortuo,
3032 1955 3091 2009 et
3132 1967 3392 2039 animam
3422 1967 3591 2007 suam

312 2038 432 2087 Non
459 2037 594 2087 vehit
622 2037 754 2087 hanc
782 2038 964 2101 gratis,
996 2052 1109 2102 qua
1136 2038 1227 2087 dat
1257 2037 1389 2088 bona
1410 2037 1596 2089 cuncta"
1624 2038 1802 2088 beatis.

2019 2045 2152 2098 onte
2182 2040 2728 2113 deponente,velum
2757 2040 2962 2114 templi
2979 2038 3234 2096 scissiim
3255 2044 3348 2096 est
3376 2056 3411 2095 a
3429 2055 3591 2095 sum-

179 2127 270 2184 Ah
303 2127 507 2183 eodem
538 2125 665 2182 loco
693 2130 826 2198 post
855 2126 1203 2183 sententiam
1255 2128 1468 2195 crucis,
1502 2132 1560 2185 et
1591 2129 1833 2185 damna—
1946 2148 2042 2187 mo
2071 2147 2261 2203 usque
2292 2130 2564 2186 deorsum
2592 2147 2605 2185 :
2639 2133 2696 2186 et
2725 2130 2929 2186 eadem
2961 2133 3147 2202 petra,
3174 2128 3270 2185 cui
3302 2145 3443 2185 crux
3471 2132 3596 2185 erat

180 2215 367 2274 tionis
400 2215 460 2271 in
490 2214 695 2272 Jesum
728 2213 1283 2287 prolatam,crucem
1317 2218 1389 2274 ad
1414 2217 1522 2273 hoc
1548 2235 1836 2291 praepara-
1946 2220 2141 2287 infixa,
2176 2219 2233 2274 in
2265 2236 2334 2274 ea
2363 2223 2525 2292 parte
2556 2236 2674 2292 qua
2704 2217 3020 2275 Salvatoris
3073 2217 3360 2290 sanguine
3389 2221 3593 2291 tange-

174 2310 301 2363 tam
332 2304 745 2378 imposuerunt
774 2303 1016 2361 humero
1049 2304 1300 2373 Domini,
1320 2310 1386 2361 ut
1415 2306 1690 2378 bajulans
1722 2305 1834 2363 sibi
1945 2308 2137 2375 batur,
2171 2311 2262 2364 est
2285 2325 2387 2380 per
2407 2309 2665 2364 medium
2691 2307 2878 2364 scissa
2902 2323 3024 2379 ;per
3039 2323 3214 2380 quam
3242 2322 3596 2379 consrquen-

181 2410 445 2462 crucem,
479 2393 632 2449 hanc
662 2409 848 2466 usque
881 2393 953 2448 ad
984 2393 1175 2450 locum
1225 2395 1474 2467 patibuli
1504 2396 1615 2452 sibi
1650 2396 1836 2452 defer-
1944 2401 2034 2453 ter
2062 2397 2382 2453 scissuram
2415 2398 2486 2453 ad
2537 2396 2823 2453 interiora
2877 2400 3051 2468 petrae
3097 2394 3338 2468 sanguis
3381 2393 3598 2452 Christi

182 2488 298 2541 ret.
332 2485 416 2540 Ex
446 2487 586 2539 tunc
616 2480 936 2554 adimpleta
972 2487 1058 2540 est
1088 2483 1248 2540 Isaim
1288 2483 1595 2557 prophetia
1622 2503 1635 2541 :
1670 2488 1733 2541 Et
1755 2488 1838 2558 fa—
1945 2487 2208 2561 deﬂuxit.
2242 2485 2455 2541 Dicunt
2485 2485 2666 2559 aliqui
2698 2485 2757 2540 in
2805 2485 3009 2541 eodem
3042 2483 3166 2539 loco
3195 2484 3378 2540 Adam
3410 2483 3594 2541 fuisse

180 2581 301 2631 ctus
331 2581 411 2629 est
434 2572 781 2645 principatus
829 2572 949 2643 ejus
1002 2588 1163 2646 super
1219 2575 1509 2630 humerum
1556 2575 1691 2647 ejus,
1725 2578 1832 2631 etc.
1945 2574 2327 2649 sepultum,et
2358 2574 2442 2631 sic
2473 2575 2533 2630 in
2564 2574 2852 2647 sanguine
2872 2572 3082 2629 Christi
3116 2571 3590 2645 baptizatum.Ad

187 2667 337 2720 Cum
368 2677 502 2719 vero
520 2660 873 2732 defatigatus
893 2660 1063 2718 Jesus
1080 2662 1151 2718 ob
1168 2678 1402 2735 gravem
1420 2662 1610 2719 crucis
1622 2663 1835 2721 molem
1945 2666 2114 2737 cujus
2138 2663 2222 2719 rei
2250 2663 2717 2737 designationem
2762 2665 3034 2718 asserunt
3081 2661 3235 2733 quod
3267 2676 3337 2716 ex
3359 2659 3471 2717 hac
3494 2677 3587 2717 ra-

184 2751 542 2809 trahendam
602 2750 996 2806 retardaretur
1041 2750 1097 2807 in
1154 2753 1367 2818 eundo,
1400 2756 1457 2808 et
1509 2752 1646 2809 huic
1689 2770 1836 2826 pene
1944 2754 2101 2809 tione
2123 2751 2527 2825 caputmortui
2545 2752 2618 2807 ad
2641 2750 2900 2807 cruciﬁxi
2918 2749 3096 2823 pedes
3119 2747 3359 2823 appingi
3381 2747 3584 2805 soleat.

188 2844 351 2899 esset
379 2838 540 2896 oneri
572 2838 783 2911 impar,
838 2840 1171 2910 supervenit
1218 2840 1459 2914 quidam
1491 2845 1831 2914 Cyrenaeus;
1945 2842 2053 2899 Sed
2087 2841 2196 2897 hoc
2228 2840 2456 2897 facilius
2487 2840 2791 2906 asseritur,
2822 2854 3000 2910 quam
3051 2852 3255 2894 verum
3301 2840 3409 2893 est.
3442 2837 3590 2893 Nam

188 2930 353 2987 hunc
385 2926 835 3001 angariaverunt
865 2928 1128 2985 eamdem
1159 2946 1391 2986 crucem
1422 2934 1652 3003 portare
1665 2931 1837 3003 juxta
1942 2930 2074 3005 ipsa
2102 2946 2268 2986 sacra
2296 2928 2598 3001 Scriptura
2629 2926 2783 2984 clare
2802 2930 3056 2983 testatur
3072 2926 3254 2982 Adam
3276 2924 3337 2980 in
3357 2924 3589 2981 Hebron

189 3020 267 3077 ad
298 3016 570 3075 Calvariae
602 3016 818 3073 locum.
1945 3019 2128 3076 fuisse
2158 3017 2598 3091 sepultum.Per
2626 3016 2946 3072 deformem
2977 3017 3175 3071 autem
3205 3013 3464 3070 hominis
3493 3013 3590 3070 de-

263 3108 407 3164 Erat
434 3110 575 3161 tunc
602 3103 886 3177 temporis
907 3105 1079 3175 juxta
1124 3105 1304 3163 situm
1362 3107 1615 3181 antiqua:
1645 3107 1829 3175 urbis,
1871 3173 1907 3181 _
1944 3106 2161 3165 mortui
2191 3106 2417 3175 faciem,
2451 3123 2579 3179 quae
2610 3105 2822 3161 subtus
2851 3104 2923 3160 ad
2965 3102 3307 3160 cruciﬁxum
3337 3100 3585 3175 apponi-

188 3194 361 3253 locus
391 3192 660 3251 Calvarize
690 3173 852 3249 citra
879 3173 1186 3264 civitatem,
1220 3195 1321 3268 qui
1351 3200 1475 3252 erat
1501 3173 1605 3269 pro
1619 3173 1833 3269 capita-
1862 3173 1908 3243 α
1944 3202 2061 3265 tur,
2092 3213 2252 3252 mors
2281 3173 2487 3267 potius
2503 3198 2560 3250 et
2584 3194 2712 3265 ejus
2734 3191 3055 3249 destructio
3076 3173 3393 3247 denotatur
3409 3173 3587 3258 {unde

188 3285 269 3342 lis
297 3282 599 3341 sententia
651 3281 948 3339 damnatis
1005 3282 1350 3343 destinatus.
1410 3286 1515 3342 Hic
1573 3286 1737 3342 locus
1767 3301 1837 3342 ex
1943 3286 2265 3343 Dominus:
2300 3284 2339 3340 0
2366 3300 2533 3354 mors,
2560 3298 2652 3339 ero
2681 3297 2832 3338 mors
2861 3287 2973 3350 tua,
3009 3280 3066 3335 id
3117 3283 3207 3335 est
3262 3278 3584 3336 destructio

191 3374 608 3430 damnatorum
641 3370 714 3427 ad
746 3374 993 3426 mortem
1050 3369 1459 3442 decalvatione,
1493 3391 1562 3431 ex
1608 3373 1835 3431 abrasis
1944 3379 2066 3431 tua.

190 3478 401 3519 eorum
436 3458 717 3529 crinibus,
750 3476 818 3515 ex
846 3456 1213 3530 consumptis
1253 3462 1411 3519 lenta
1458 3480 1602 3519 aura
1632 3479 1835 3519 eorum
2014 3464 2103 3519 Ad
2134 3463 2425 3519 dexteram
2460 3460 2702 3532 majoris
2733 3457 3012 3527 ecclesiae,
3046 3456 3105 3513 in
3134 3455 3377 3514 introitu
3422 3455 3589 3514 locus

192 3549 513 3624 capitibus,
544 3547 719 3604 etiam
753 3563 925 3602 carne
956 3545 1286 3615 denudatis,
1318 3555 1372 3607 et
1400 3556 1596 3608 tamen
1629 3568 1743 3607 non

2008 3553 2185 3609 iidam
2219 3550 2490 3607 Calvarize
2520 3554 2627 3617 est,
2662 3549 2719 3604 in
2753 3549 2924 3621 cujus
2949 3545 3238 3619 superiori
3258 3547 3423 3619 parte
3444 3543 3584 3601 scis-

193 3645 415 3697 terram
445 3635 690 3694 defOSSiS
720 3635 1042 3701 dicebatur.
1082 3638 1139 3690 et
1185 3639 1310 3691 erat
1359 3644 1510 3696 certe
1563 3640 1836 3697 Calvarize
1946 3659 2086 3699 sum
2114 3641 2379 3714 ejusdem
2409 3643 2582 3712 petrae
2614 3636 2963 3707 ostenditur,
2995 3639 3053 3691 et
3082 3649 3318 3692 summa
3342 3651 3582 3691 venera-

192 3728 402 3785 locus:
434 3725 523 3781 vel
553 3726 813 3793 demum,
848 3724 1001 3797 quod
1038 3724 1168 3779 ideo
1216 3721 1329 3779 tale
1360 3730 1595 3786 sortitus
1627 3730 1703 3786 sit
1733 3747 1837 3786 no-
1945 3732 2103 3787 tione
2132 3727 2487 3793 recolitur,et
2507 3726 2699 3783 adhuc
2717 3725 2890 3782 hodie
2911 3723 3276 3781 venientibus
3294 3722 3435 3779 illnc
3450 3739 3587 3780 cum

197 3834 359 3884 men,
394 3815 546 3889 (100d
579 3814 637 3868 ίῐι
669 3830 735 3869 30
766 3811 847 3868 rei
879 3810 1350 3879 decalvabantur,
1370 3810 1429 3866 id
1460 3824 1549 3867 est
1569 3818 1836 3874 damnari
1945 3836 2160 3893 magna
2192 3818 2407 3891 pietate
2437 3815 2856 3872 ostenditur.ln
2875 3814 3079 3871 eadem
3110 3816 3274 3886 parte
3304 3811 3593 3885 superiori

197 3906 486 3964 solebant.
522 3903 680 3959 Idem
711 3918 844 3958 vero
885 3899 1069 3969 100118,
1101 3898 1201 3973 qui
1232 3904 1289 3956 et
1335 3897 1610 3956 Hebraice
1640 3907 1836 3979 (20190-
1946 3908 2220 3984 praeclaro
2253 3906 2480 3962 musivo
2511 3921 2682 3978 opere
2713 3902 2954 3977 pulchre
2994 3901 3226 3974 depicta
3263 3899 3597 3957 continetur

198 3994 316 4061 the,
347 3997 473 4049 erat
502 3992 561 4047 in
590 3990 750 4047 edita
779 4007 943 4062 rupe,
976 3988 1128 4045 sicut
1156 3992 1215 4044 et
1242 3988 1416 4044 hod‘ie
1446 3986 1663 4059 passim
1688 3998 1839 4051 extra
1946 3997 2141 4072 passio
2172 3995 2409 4061 Christi,
2442 3998 2500 4050 et
2522 3992 2825 4066 sepultura
2850 3991 3144 4063 ejus,cum
3174 3989 3592 4062 prophetarum

198 4082 467 4141 civitates
495 4079 669 4148 edita,
703 4078 1041 4151 conspicua,
1074 4083 1132 4133 et
1163 4074 1697 4133 eminentioraloca
1716 4092 1848 4147 ευρ-
1949 4085 2277 4144 testimonio
2307 4087 2482 4157 gesta;
2514 4081 2595 4137 rei
2626 4080 2764 4136 hinc
2792 4078 2929 4135 inde
2960 4094 3234 4134 consono.

200 4170 376 4244 plicio
407 4170 821 4225 damnatorum
852 4170 992 4224 sunt
1012 4165 1323 4223 destinata.
1359 4163 1765 4231 Interim,dum
1787 4162 1847 4218 in
2018 4175 2166 4232 Nota
2195 4173 2349 4246 quod
2373 4171 2431 4227 in
2460 4170 2613 4227 dicto
2643 4167 2913 4224 calvaria:
2942 4166 3069 4223 loco
3098 4183 3241 4223 crux
3269 4182 3437 4223 sacra
3456 4182 3591 4222 cum

200 4261 408 4318 eadem
440 4274 582 4331 rupe
614 4273 717 4330 pro
748 4254 1119 4312 cruciﬁxione
1168 4253 1367 4309 omnia
1409 4253 1845 4327 adaptarentur.
1958 4271 2185 4321 οοιοοιιθ
2214 4260 2429 4317 Christi
2476 4258 2650 4314 fuerit
2680 4257 2744 4331 in
2784 4255 3035 4312 rotundo
3095 4254 3380 4311 foramine
3416 4257 3591 4326 petra

202 4326 725 4406 Dominus—noster
757 4346 816 4401 in
844 4344 1099 4417 quodam
1132 4341 1448 4399 aCalvaria
1462 4343 1682 4396 remoto
1700 4339 1848 4406 loco,
1958 4342 2135 4397 inﬁXa
2152 4356 2209 4405 et
2239 4347 2516 4416 stabilita,
2550 4326 2772 4419 utpote,
2814 4361 2950 4400 cum
2995 4342 3189 4399 adhuc
3245 4343 3356 4399 hoc
3384 4345 3592 4415 patens

202 4437 304 4512 qui
332 4441 496 4501 tunc,
532 4438 733 4507 utpote
763 4437 924 4489 extra
944 4436 1201 4489 montem
1224 4430 1472 4505 positus,
1505 4429 1851 4502 campestris
1960 4431 2218 4487 foramen.
2240 4443 2298 4495 et
2325 4438 2421 4507 sit,
2449 4440 2507 4492 et
2535 4435 2820 4501 videatur,
2854 4434 2998 4489 adeo
3028 4435 3095 4488 ut
3135 4432 3194 4488 in
3223 4430 3370 4487 illud
3393 4429 3591 4487 multa;

201 4530 349 4593 erat,
382 4524 614 4580 vinctus
644 4523 813 4596 quasi
848 4521 906 4578 in
938 4537 1168 4577 carcere
1196 4519 1574 4588 servabatur;
1606 4517 1701 4573 hic
1725 4517 1850 4591 ipse
1879 4532 1931 4602 Β
1962 4517 2221 4575 fidelium
2248 4525 2559 4582 ouationes
2584 4521 3001 4588 immitanttur,
3020 4519 3310 4593 ριιωοίριιθ
3329 4517 3432 4575 ubi
3452 4534 3594 4575 crux

200 4615 371 4671 locus
404 4628 558 4668 nunc
595 4611 835 4667 modum
877 4608 1111 4683 capella:
1143 4611 1538 4682 repraesentat,
1571 4611 1627 4663 et
1657 4606 1849 4662 adhuc
1960 4623 2128 4664 sacra
2157 4605 2338 4669 stetit,
2368 4619 2416 4670 ιι
2447 4611 2861 4670 sanctissimus
2887 4609 3132 4683 sanguis
3160 4608 3426 4665 exlatere
3457 4607 3590 4665 άθχ.

203 4717 404 4760 carcer
419 4700 925 4770 Dominivocatur,
958 4702 1014 4755 et
1031 4700 1119 4753 est
1140 4700 1293 4753 recte
1314 4695 1372 4751 in
1393 4696 1661 4768 opposita
1688 4698 1850 4769 parte
1957 4702 2080 4753 tero
2110 4696 2183 4752 ad
2215 4694 2379 4749 dictae
2408 4707 2566 4764 perm
2600 4701 2813 4757 rimam
2841 4699 3104 4755 deﬂuxit.

202 4789 480 4848 Calvarim
510 4788 570 4844 in
588 4789 831 4845 sinistra
848 4787 1054 4844 absida
1068 4784 1459 4843 ecclesiaAlii
1476 4789 1673 4841 tamen
1687 4783 1855 4840 aliter
2034 4784 2331 4840 Potiorum
2353 4778 2598 4853 opinioﬁ
2620 4803 2947 4861 congruum
2969 4803 3099 4843 esse
3124 4784 3594 4853 videtur,faciem

203 4881 280 4937 de
308 4878 512 4936 eodem
545 4878 807 4934 sentiunt
833 4876 978 4944 loco,
1013 4875 1168 4932 sicut
1196 4891 1452 4947 praesens
1492 4873 1708 4930 audivi.
1964 4872 2191 4929 Domini
2222 4871 2280 4925 in
2303 4884 2473 4926 cruce
2502 4874 3201 4949 pementis,expositionig
3223 4873 3594 4941 necessitate,

280 4970 488 5024 Postea
516 4965 712 5022 inloco
725 4963 998 5021 Calvarite
1020 4963 1192 5019 Pilati
1205 4965 1377 5035 jussu
1402 4962 1857 5034 Judmorumque
1962 4976 2167 5018 versus
2189 4958 2469 5015 orientem
2502 4965 2810 5026 respexisse
2829 4969 2888 5021 et,
2908 4964 3296 5022 fuiggeJuxm
3321 4963 3598 5021 eumdem

206 5055 472 5129 impulsu
494 5054 811 5111 Dominum
843 5056 1111 5111 nostrum
1142 5051 1343 5107 tunica
1372 5049 1770 5121 exutum,’felle
1799 5055 1859 5106 at
1966 5049 2160 5106 locum
2192 5064 2344 5121 saepe
2374 5046 2598 5102 dictum
2631 5042 2689 5097 in
2719 5053 2989 5110 Βιοθιιίοιιί
3014 5058 3176 5127 ρεαδ
3198 5054 3270 5110 ad
3298 5054 3600 5110 dexteram

204 5148 372 5204 aceto
403 5148 690 5217 potatum,
721 5142 936 5199 milites
969 5141 1212 5198 Romani
1256 5139 1445 5196 crucis
1476 5138 1739 5213 patibulo
1769 5140 1856 5195 af—
1966 5142 2056 5195 est
2085 5137 2266 5194 altare
2298 5135 2468 5192 modo
2500 5131 2759 5206 positum
2792 5144 2850 5183 et
2877 5142 2937 5197 in
2968 5142 3250 5200 honorem
3281 5141 3601 5198 Domini“,

206 5236 480 5292 ﬁxerunt.
512 5234 575 5288 In
614 5249 753 5306 quo,
798 5232 939 5288 dum
1000 5233 1296 5305 pateretur
1351 5229 1544 5297 Jesus,
1604 5228 1860 5285 Joannes
1968 5226 2259 5301 passionis
2291 5222 2796 5288 consecratum,et
2824 5221 2967 5306 tota,
2998 5231 3271 5289 illelocus
3302 5231 3375 5288 ab
3396 5231 3602 5288 eadem

206 5326 460 5379 matrem
491 5321 632 5378 Jesu
665 5319 779 5377 sibi
829 5320 1303 5377 commendatam
1334 5317 1394 5372 in
1442 5334 1613 5374 suam
1641 5317 1862 5390 accepit
1969 5315 2239 5390 passione
2268 5311 2702 5370 denominatur.
2738 5305 2983 5363 Inferior
3007 5338 3120 5378 -θνο
3168 5337 3305 5393 pars
3330 5320 3600 5390 ejusdem

207 5414 578 5487 potestatem,
612 5413 678 5466 ut
704 5409 865 5485 virgo
894 5408 1195 5483 Virginem
1253 5405 1593 5473 custodiret,
1629 5406 1860 5464 dicente
1968 5404 2239 5462 Calvarize
2297 5403 2508 5458 subtus
2563 5397 2825 5487 continet
2880 5393 3080 5463 altare,
3122 5414 3180 5466 et
3231 5412 3475 5466 νοοαιιιιι
3528 5406 3602 5462 ad

204 5484 351 5559 Jesu
382 5499 554 5557 matri
588 5517 707 5555 suae
732 5517 745 5555 :
771 5484 985 5567 Mulier,
1026 5512 1143 5553 ecce
1187 5496 1340 5568 ﬁlius
1398 5503 1525 5551 tuus
1552 5516 1571 5563 ;
1622 5497 1861 5553 demon-
1971 5495 2252 5550 Sanctum
2283 5487 2669 5563 Sanguinem,
2702 5484 2840 5559 quia
2869 5499 2934 5539 eo
2956 5500 3145 5556 usque
3171 5513 3253 5556 ιει-
3273 5496 3485 5552 rimam
3506 5509 3605 5565 pe.

208 5587 575 5658 strationem,
612 5592 675 5645 ut
704 5585 946 5660 quidam
995 5589 1287 5654 asserunt,
1319 5583 1408 5640 vel
1440 5582 1511 5639 ad
1549 5583 1860 5653 Joannem,
1971 5587 2073 5639 tres
2106 5580 2349 5655 sanguis
2399 5576 2631 5635 Domini
2680 5573 2898 5633 dicitur
2942 5570 3392 5657 deﬂuxissequi
3437 5580 3605 5636 locus
