3992 6090
313 284 468 378 1979

830 285 934 346 AD
979 278 1488 376 GODEFRIDUM
1531 277 1865 338 APPEND.
1910 272 2080 333 lI.-
2115 270 2424 344 MONUM.
2470 270 2573 334 DE
2615 268 2868 338 BELLO
2913 265 3190 328 SACRO.

3556 255 3719 348 meo

310 391 482 476 hodie
513 435 546 474 a
574 421 736 491 tergo
785 417 1051 489 ejusdem
1103 415 1301 471 altaris
1354 413 1693 483 designatus
1733 411 1822 462 est
1853 423 1955 479 per
1982 406 2036 472 Α
2067 404 2324 460 Thomas
2355 402 2593 458 intulit:
2631 403 2896 456 Dominus
2925 415 3076 454 meus
3115 407 3167 454 et
3224 401 3368 468 Deus
3395 403 3585 452 meus!
3623 396 3718 462 llas

315 508 634 580 quamdam
667 507 1084 563 concavitatem
1119 505 1380 575 ejusdem
1422 506 1595 574 petra:
1620 498 1718 552 ubi
1752 498 1965 568 depen-

318 599 416 653 det
448 595 708 668 ampulla
741 613 874 651 cum
908 595 1187 651 continua
1211 591 1659 648 illuminatione.

385 686 448 741 In
482 683 607 740 loco
632 685 828 758 itaque
859 683 1152 749 Calvarize,
1185 686 1249 736 ut
1298 680 1575 748 diximus,
1613 676 1851 731 tertium
1884 693 1970 730 sa-

324 779 691 830 cramentum
726 779 813 828 est
844 771 1245 844 impletum,et
1274 769 1509 824 tertium
1543 766 1804 840 sigillum
1827 768 1970 838 Apo-

325 861 597 935 calyptici
630 861 813 918 clausi
847 860 978 915 libri
1012 859 1692 915 solutum.Transcamus
1720 870 1877 909 nunc
1900 853 1969 908 ad

327 950 571 1023 reliqua,
607 954 663 1004 et
707 949 898 1004 adhuc
957 948 1190 1003 residua
1242 945 1420 1016 hujus
1478 941 1663 998 clausi
1714 940 1847 996 libri
1890 941 1972 995 si-

328 1039 489 1113 gilla.

971 1125 1203 1180 CAPUT
1246 1125 1333 1180 IX.

323 1221 490 1276 Locus
519 1217 821 1274 meditullii
849 1216 995 1270 orbis
1028 1224 1319 1280 terrarum,
1347 1215 1623 1276 Emmaus,
1664 1210 1977 1282 sepulcrum

394 1291 634 1356 Domini,
673 1287 1008 1360 quadrinide
1037 1287 1347 1357 insignibus
1377 1285 1768 1340 Germanorum
1791 1282 1854 1336 de
1873 1283 1977 1335 Pa-

401 1363 600 1418 lestina
627 1359 842 1416 meritis
872 1359 1126 1414 adversus
1155 1360 1406 1412 Francos.

399 1470 463 1525 In
496 1467 687 1523 medio
718 1467 891 1522 choro
944 1465 1350 1529 Dominorum,
1384 1481 1499 1518 non
1559 1461 1729 1533 longe
1789 1478 1822 1514 a
1852 1460 1977 1515 loco

329 1557 620 1623 Calvariae,
654 1560 744 1612 est
774 1555 1017 1628 quidam
1051 1553 1235 1620 locus,
1271 1551 1586 1607 elevatione
1642 1549 1977 1605 tabularum

331 1650 404 1704 de
437 1663 748 1712 marmore,
794 1649 852 1700 et
899 1643 1278 1699 reticulorum
1339 1642 1656 1696 ferreorum
1708 1644 1980 1694 concate-

333 1737 566 1793 natione
596 1735 655 1790 in
703 1734 944 1789 modum
994 1731 1196 1788 altaris
1253 1731 1614 1803 designatus,
1652 1729 1804 1784 infra
1834 1745 1980 1800 quas

334 1825 566 1882 tabulas
595 1825 652 1879 in
670 1823 995 1896 pavimento
1008 1821 1286 1878 orbiculis
1310 1820 1662 1892 quibusdam
1689 1818 1855 1873 factis
1869 1834 1984 1872 me-

337 1913 635 1971 ditullium
666 1918 831 1969 terrae
865 1928 992 1968 esse
1023 1911 1261 1978 dicunt;
1289 1911 1462 1981 juxta
1504 1908 1683 1963 illud:
1721 1907 1983 1979 Operatus

336 2013 416 2061 est
442 2004 679 2060 salutem
708 2003 768 2058 in
797 2001 974 2057 medio
1004 2008 1188 2058 [θη-ιτ.
1243 2000 1306 2054 ln
1359 1999 1562 2054 eodem
1594 2013 1826 2068 quoque
1857 1995 1983 2051 loco

338 2096 471 2168 post
499 2091 985 2150 resurrectionem
1031 2105 1200 2144 suam
1232 2091 1505 2143 asserunt
1552 2085 1848 2141 Christum
1880 2103 1984 2158 ap-

338 2181 603 2256 paruisse
634 2179 826 2235 Marim
859 2176 1428 2248 Magdalenaa.Quare
1460 2174 1553 2230 hic
1586 2174 1747 2229 locus
1778 2173 1834 2228 in
1862 2191 1982 2228 ma-

339 2289 454 2346 gna
482 2270 851 2326 veneratione
883 2267 1430 2338 habetur,lampade
1453 2266 1629 2320 etiam
1663 2264 1990 2336 intusjugi-

339 2366 429 2417 ter
458 2361 716 2416 ardente.
748 2357 1058 2413 Afﬁrmant
1087 2357 1330 2427 insuper
1359 2355 1618 2426 quidam,
1637 2355 1790 2426 quod
1811 2355 1868 2408 in
1901 2371 1989 2410 eo-

341 2451 719 2520 demquoque
748 2445 871 2502 loco
887 2445 1103 2516 Joseph
1125 2461 1337 2516 corpus
1355 2445 1493 2500 Jesu
1529 2461 1561 2498 a
1594 2443 1773 2498 Pilato
1805 2443 1986 2515 impe-

344 2537 602 2603 traverit,
635 2536 786 2608 quod
817 2552 1029 2606 corpus
1060 2533 1269 2589 deinde
1307 2533 1522 2605 Joseph
1555 2534 1757 2588 eadem
1783 2533 1894 2600 die,
1931 2533 1988 2588 id

346 2633 435 2684 est
455 2626 598 2683 feria
627 2629 809 2692 sexta,
843 2625 913 2680 de
945 2640 1115 2679 cruce
1148 2623 1439 2694 deposuit,
1472 2621 1630 2688 lavit,
1665 2628 1992 2679 reverenter

347 2715 618 2790 pretiosis
651 2714 984 2786 unguentis,
1017 2712 1344 2784 liquoribus
1375 2729 1441 2767 ac
1472 2713 1832 2768 aromatibus
1863 2730 1994 2769 con-

348 2804 509 2871 divit,
541 2804 602 2858 in
623 2804 882 2876 syndone
912 2802 1132 2858 munda
1156 2801 1474 2869 involvit,et
1491 2801 1626 2856 hinc
1645 2801 1798 2858 haud
1825 2801 1994 2875 longe

357 2892 621 2966 sepelivit
650 2893 708 2948 in
739 2892 908 2948 horto
941 2892 996 2946 in
1021 2895 1424 2960 monumento,
1459 2892 1613 2963 quod
1646 2909 1858 2946 novum
1883 2892 1993 2948 sibi

357 2984 427 3038 de
459 3000 601 3054 rupe
631 2981 1387 3054 sculpserat.Jesusinterea
1421 2981 1476 3034 in
1503 2997 1672 3036 cruce
1704 2999 1806 3052 pro
1829 2985 1998 3041 nobis

357 3077 626 3126 mortuus
657 3071 956 3126 descendit
981 3071 1049 3125 ad
1083 3070 1396 3135 inferos,ad
1419 3069 1754 3126 liberandos
1780 3077 1992 3144 patres.

2077 493 2472 566 apparitiones
2503 491 2718 546 Christi
2761 487 3117 561 resurgentis
3168 503 3269 559 per
3300 485 3587 558 picturam
3619 486 3724 541 de-

2082 586 2488 638 monstrantur
2519 581 2576 635 in
2611 579 2734 634 loco
2760 577 2978 633 montis
3003 577 3160 643 Sion,
3195 574 3490 630 scilicetin
3525 581 3733 648 crypta

2079 670 2322 740 majcris
2355 668 2743 732 eeclesim,ubi
2775 668 2950 722 etiam
2975 665 3309 738 depingitur
3327 665 3610 720 Dominus
3637 681 3740 719 no-

2082 767 2201 817 ster
2233 760 2409 832 pedes
2440 775 2681 814 suorum
2706 755 3135 828 discipulorum
3158 754 3527 820 lavisse,cum
3555 752 3742 808 mani-

2083 851 2230 906 festa
2264 849 2569 919 utriusque
2605 847 2738 902 facti
2772 844 3331 916 descriptioneJ’ost
3361 842 3743 898 resurrectio-

2085 957 2220 994 nem
2256 939 2432 994 etiam
2467 953 2636 992 secus
2668 952 2826 990 mare
2858 933 3270 1000 Tiberiadis,et
3290 932 3347 986 in
3378 933 3524 986 mari
3552 933 3744 988 (crdi-

2087 1027 2333 1101 scipulis
2366 1026 2492 1082 suis
2514 1025 2687 1082 Jesus
2719 1041 2780 1080 se
2813 1022 3245 1084 manifestavit:
3280 1026 3336 1077 et
3384 1027 3594 1094 praeter
3619 1021 3746 1078 haec

2084 1117 2221 1174 alibi
2255 1115 2550 1172 multoties
2581 1116 2649 1170 ad
2677 1113 2908 1187 plenam
2923 1110 3381 1168 etindubitatam
3401 1111 3747 1183 comproba-

2085 1207 2301 1262 tionem
2333 1222 2450 1259 suae
2492 1201 3078 1271 resurrectionisjam
3112 1200 3296 1268 factae,
3329 1204 3386 1255 et
3417 1204 3636 1260 nostrae
3675 1199 3735 1254 in

2086 1312 2320 1351 carnem
2348 1291 2797 1348 resurrectionis
2830 1289 3020 1345 adhuc
3052 1289 3280 1344 futurae.

2156 1384 2434 1439 Caeterum
2468 1379 2772 1452 dispositio
2804 1378 3188 1448 monumenti,
3207 1377 3265 1432 in
3292 1395 3406 1451 quo
3430 1381 3518 1433 est
3539 1376 3744 1451 sepul-

2088 1490 2252 1528 crum
2284 1469 2534 1535 Domini,
2565 1473 2754 1541 potest
2785 1469 2865 1523 ita
2895 1466 3376 1542 depingi.Nempe
3409 1467 3587 1540 hujus
3622 1484 3745 1522 mo-

2088 1559 2353 1617 numenti
2383 1558 2545 1624 locus
2578 1558 2692 1613 fere
2724 1558 3034 1612 rotundam
3067 1555 3241 1611 habet
3273 1556 3544 1624 formam,
3571 1555 3758 1626 intus.

2091 1651 2318 1706 musivo
2351 1665 2523 1720 opere
2573 1647 2924 1702 decoratam.
2959 1645 3145 1717 Hujus
3197 1645 3269 1699 ad
3301 1645 3636 1718 introitum
3669 1647 3778 1714 ab,

2091 1740 2312 1796 oriente
2338 1754 2578 1810 parvum
2613 1735 2887 1792 ostiolum
2925 1739 3100 1807 patet,
3132 1739 3266 1790 ante
3297 1735 3448 1807 quod
3483 1739 3572 1790 est
3593 1752 3742 1806 .pro-

2067 1834 2338 1895 “tectum,
2371 1843 2471 1882 seu
2504 1825 2763 1897 porticus
2791 1824 3080 1895 quadrata
3101 1840 3231 1878 cum
3257 1823 3486 1888 duabus
3508 1823 3739 1895 januis.

2093 1919 2197 1974 Per
2229 1933 2404 1972 unam
2436 1915 2646 1970 harum
2669 1911 3141 1970 intromittuntur
3160 1912 3232 1968 ad
3256 1911 3590 1985 sepulcrum
3613 1931 3740 1970 mo-

2094 2010 2445 2062 numentum
2494 2001 2852 2075 ingressuri;
2897 2018 2999 2074 per
3055 2000 3297 2056 alteram
3357 2001 3745 2064 dimittuntur

2095 2093 2408 2168 egressuri.
2444 2096 2508 2148 In
2540 2109 2605 2147 eo
2632 2107 2864 2163 quoque
2885 2093 3150 2162 ,protecto
3173 2091 3438 2162 resident
3465 2093 3749 2158 custodes,
3776 2147 3784 2160 ,

2096 2182 2368 2256 sepulcri.
2403 2183 2471 2237 Et
2501 2182 2738 2236 demum
2766 2179 3002 2235 tertium
3037 2179 3208 2248 habet
3269 2180 3485 2250 ostium
3537 2171 3770 2240 versus.

2097 2273 2360 2329 chorum.
2395 2271 2594 2326 Eidem
2629 2273 3011 2340 monumento
3042 2269 3112 2323 ab
3143 2268 3746 2338 occidente,videlicet

2099 2363 2169 2418 ad
2204 2365 2377 2433 caput
2409 2358 2658 2431 sepulcri
2697 2359 3020 2413 forinsecus
3075 2356 3410 2428 appositum
3443 2363 3530 2414 est
3561 2359 3745 2432 altare

2099 2468 2231 2506 cum
2266 2430 2515 2523 quadam
2541 2448 2828 2520 quadrata
2849 2445 3525 2520 supermdiﬁcatione,cuj
3539 2467 3604 2504 us
3637 2430 3744 2523 pa-

2100 2540 2272 2595 rietes
2303 2545 2420 2594 tres
2443 2538 2512 2592 de
2541 2535 2797 2591 reticulis
2820 2535 3152 2590 ferramenti
3175 2534 3416 2607 pulchre
3434 2539 3770 2610 0ppositis,_

2099 2634 2156 2685 et
2184 2632 2424 2684 vocatur
2453 2625 2596 2680 illud
2629 2625 2810 2680 altare
2841 2625 2911 2679 ad
2945 2623 3276 2696 sepulcrum
3309 2625 3560 2681 Domini.
3582 2619 3774 2684 Idem.

2101 2722 2546 2774 monumentum
2567 2715 2710 2771 satis
2735 2713 2992 2786 amplum
3019 2713 3192 2768 habet
3208 2731 3384 2786 super
3399 2730 3460 2771 se
3484 2717 3653 2788 quasi
3673 2718 3748 2774 ci-

2101 2807 2332 2863 borium
2360 2801 3041 2875 rotundum,etsuperius
3056 2802 3125 2856 de
3143 2807 3381 2875 argento
3402 2811 3744 2878 coopertum

2103 2896 2162 2951 in
2195 2895 2377 2951 altum
2411 2893 2718 2956 elcvatum,
2752 2909 2952 2947 versus
3003 2890 3260 2952 foramen
3303 2891 3442 2954 illud
3478 2894 3746 2968 amplum

2104 2985 2162 3040 in
2198 2983 2404 3054 majori
2438 2982 2534 3037 illo
2556 2981 2801 3036 mdificio
2826 2977 3096 3052 superius
3128 2979 3392 3050 patulum
3418 2985 3592 3054 :quod
3616 2985 3751 3052 andi:

2110 3075 2302 3130 ficium
2337 3071 2695 3128 circulariter
2723 3087 2856 3125 cum
2892 3072 3072 3124 forma
3095 3071 3346 3124 rotunda
3366 3070 3518 3126 circa
3545 3090 3750 3132 monu-

354 3162 426 3215 Et
453 3178 554 3232 per
582 3160 732 3214 banc
762 3159 834 3214 ad
867 3159 1083 3214 inferos
1116 3158 1554 3214 descensionem
1589 3165 1862 3231 quartum
1897 3182 1993 3218 sa-
2027 3146 2069 3212 Ο
2097 3167 2373 3234 mentum
2391 3160 2534 3215 satis
2555 3158 2899 3231 amplum,in
2917 3161 3168 3212 extremo
3193 3157 3746 3231 habetcontinuum,

353 3247 994 3314 cramentum,seulibri
1025 3247 1687 3320 Apocalypticisigillum
1718 3251 1995 3306 aChristo

353 3343 618 3410 apertum
651 3341 709 3392 et
729 3337 987 3393 solutum
1020 3353 1148 3392 esse
1179 3337 1451 3392 dicimus.

423 3427 584 3493 Quod
617 3426 887 3497 quintum
917 3425 1197 3496 sigillum,
1235 3442 1336 3479 seu
1389 3426 1570 3480 clausi
1602 3428 1992 3500 Apocalyptici

352 3515 486 3570 libri
522 3514 865 3586 mysterium
915 3530 981 3567 ac
1021 3517 1451 3568 sacramentum
1503 3515 1817 3583 concernit,
1855 3516 1994 3574 illud

354 3602 620 3660 Christus
650 3602 721 3657 de
751 3601 1114 3673 triumphata
1163 3607 1349 3656 morte
1379 3601 1629 3674 gloriose
1687 3620 1997 3678 resurgens

356 3689 602 3764 aperuit.
636 3691 700 3745 In
729 3689 931 3746 eodem
983 3689 1176 3762 itaque
1208 3689 1332 3745 loco
1380 3689 1690 3761 sepulturae
1748 3696 1999 3751 surrexit

355 3779 638 3837 Dominus
667 3793 797 3834 vere
820 3794 854 3833 a
883 3780 1152 3848 mortuis,
1183 3777 1272 3834 leo
1305 3779 1374 3834 de
1414 3780 1570 3835 tribu
1603 3781 1776 3849 Juda,
1813 3789 1998 3841 morte

357 3869 622 3936 subacta.
648 3867 731 3922 Ibi
762 3867 940 3923 etiam
969 3867 1212 3940 angelus
1234 3867 1463 3923 Domini
1497 3870 1716 3925 sanctis
1747 3872 2000 3928 mulieri-

356 3959 468 4014 bus
489 3956 780 4030 apparuit,
804 3956 939 4011 Jesu
951 3972 1124 4027 mque
1147 3973 1276 4011 vere
1307 3956 1399 4012 die
1420 3959 1591 4012 tertio.
1611 3961 1997 4020 resurrexisse

356 4064 391 4103 a
420 4046 666 4102 mortuis
698 4045 1005 4111 nuntiavit,
1039 4045 1346 4117 inquiens:
1380 4047 1472 4112 Ite,
1522 4051 1851 4106 annuntiate
1877 4055 1997 4124 fra-

354 4137 551 4198 tribus,
587 4139 695 4190 etc.
729 4135 796 4188 Et
829 4133 1041 4188 iterum
1072 4151 1084 4188 :
1121 4135 1212 4204 Ite,
1245 4135 1404 4190 dicite
1449 4136 1734 4208 discipulis
1779 4141 1915 4211 ejus,
1950 4150 2001 4198 et

356 4223 754 4282 Petro.Eadem
786 4227 999 4278 sancta!
1024 4224 1470 4279 resurrectionis
1493 4224 1586 4280 die
1609 4225 1679 4281 ad
1695 4244 1996 4300 vesperam

346 4311 1136 4386 jam.inclinante,peregrini
1168 4314 1277 4368 sub
1301 4314 1490 4385 specie
1521 4313 1707 4369 latens
1733 4316 1984 4373 Christu:

355 4402 625 4474 apparuit
655 4400 886 4456 duobus
918 4386 1328 4472 discipulis,de
1359 4407 1542 4457 morte
1573 4403 1803 4459 Domini
1827 4405 1881 4460 in
1901 4395 1987 4451 ν’ἱᾶ

2107 3237 3750 3325 parietem,diversisimaginibus,pluribusquelampadi-

2107 3343 2217 3397 bus
2250 3337 2740 3394 illuminatum.ln
2775 3331 3041 3391 strictiori
3073 3335 3295 3390 ambitu
3330 3338 3594 3408 ejusdem
3619 3357 3749 3395 ma-

2097 3430 2248 3502 joris
2278 3427 2502 3483 aedificii
2534 3432 2660 3482 octo
2691 3425 2968 3481 columnae
3002 3439 3336 3480 marmoreae
3376 3417 3660 3496 rotundas,
3695 3433 3752 3484 et

2105 3519 2346 3575 totidem
2377 3517 2546 3572 bases
2579 3514 2892 3587 quadratae,
2925 3510 3165 3566 totidem
3194 3513 3410 3570 tabulis
3443 3517 3749 3586 quadratis

2107 3606 2450 3663 marmoreis
2485 3604 2804 3659 forinsecus
2824 3604 3124 3670 ornatas-,et-
3142 3601 3601 3676 circumquaque
3623 3622 3746 3661 ere-

2107 3701 2212 3752 ctze
2243 3694 2534 3751 sustinent
2565 3689 2770 3747 molem
2805 3687 3162 3760 superiorem
3187 3690 3298 3745 sub
3320 3693 3748 3770 tecto,quo_d,ut

2107 3784 2382 3846 diximus,
2417 3781 2677 3855 putidum
2709 3781 2796 3830 est
2821 3775 2880 3830 in
2915 3777 3197 3846 medium.
3613 3765 3616 3770 ’
3707 3765 3711 3770 ’

2177 3873 2438 3930 Diximus
2453 3865 2607 3936 quod
2628 3863 2911 3932 columna:
2939 3866 3445 3926 circularitercum
3469 3872 3744 3943 praedicto

2107 3979 2344 4020 numero
2376 3953 2494 4008 sint
2524 3954 2799 4025 apposita:
2825 3971 2837 4008 :
2874 3955 2973 4010 sed
3026 3957 3197 4012 modo
3227 3974 3428 4028 versus
3459 3953 3743 4017 orientem
3773 4013 3778 4022 .

2107 4053 2322 4109 mutata
2343 4046 2431 4097 est
2450 4058 2648 4096 earum
2679 4043 2982 4114 dispositio
3007 4050 3062 4101 et
3083 4052 3624 4121 numerus,propter
3645 4051 3745 4106 ad-

2098 4135 2305 4212 jectam
2333 4148 2488 4186 novre
2510 4130 2764 4186 ecclesire
2781 4132 3287 4206 l'abricam,utpote
3310 4133 3382 4192 ad
3403 4155 3582 4208 quam
3605 4139 3766 4202 inde,

2096 4227 2185 4277 est
2208 4219 2786 4277 transitus.Continet
2805 4227 2999 4278 autem
3023 4221 3165 4280 illud
3184 4219 3480 4294 novum,et
3501 4228 3571 4283 de
3593 4245 3742 4284 novo

2095 4310 2362 4365 additum
2396 4308 2706 4364 aediﬁcium
2728 4309 3103 4378 latissimum,
3129 4312 3572 4390 spatiosumque
3603 4317 3744 4373 cho-

2095 4415 2224 4453 rum
2257 4399 2652 4466 dominorum,
2681 4403 2735 4454 et
2768 4399 2912 4454 satis
2932 4398 3171 4474 longum
3206 4389 3586 4476 amplumque
3605 4389 3743 4462 san-

353 4506 682 4548 sermonem
713 4493 770 4544 et
799 4488 1178 4561 quaestionem
1212 4490 1690 4563 habentibus,qui
1726 4483 1983 4547 Elcuthe-
2012 4501 2060 4566 Ι)
2091 4486 2466 4557 ctuarium,in
2501 4503 2616 4558 quo
2651 4488 2844 4558 majus
2895 4487 3075 4544 altare
3113 4490 3170 4544 in
3203 4489 3482 4552 honorem
3516 4504 3743 4552 euasta-

354 4579 683 4652 ropolim,id
709 4582 796 4634 est
818 4577 1096 4634 Emmaus
1117 4579 1580 4651 oppidum(quod
1597 4597 1693 4635 sex
1707 4570 1983 4630 rnilliariis

353 4669 425 4724 ab
455 4667 780 4724 Jerusalem
807 4671 1011 4723 contra
1040 4667 1398 4723 occidentem
1430 4668 1634 4724 distatl
1669 4663 1981 4717 Contende-

355 4757 513 4812 bant.
547 4761 712 4811 Hunc
744 4757 853 4812 sub
886 4756 1188 4829 peregrino
1210 4755 1410 4812 habitu
1434 4757 1492 4810 in
1526 4746 1798 4817 ιυδρίιθιη
1827 4766 1978 4806 rece-

353 4850 518 4917 ptum
552 4851 1012 4917 recognoverunt
1041 4845 1099 4899 in
1136 4845 1413 4900 fractione
1444 4833 1616 4916 palis.
1653 4837 1750 4906 qui
1784 4843 1976 4894 tamen

353 4934 570 5006 apertis
599 4951 800 4990 eorum
837 4933 1042 5000 oculis,
1079 4933 1372 5003 dubioque
1414 4939 1482 4975 0X
1538 4939 1738 4978 00mm
1785 4934 1978 4984 mente

353 5023 602 5088 sublato,
639 5022 838 5077 statim
869 5022 1081 5078 iterum
1129 5013 1421 5093 dispar-ﬂi-
1455 5011 1671 5067 EXinde
1703 5017 1976 5072 omnibus

352 5110 653 5183 apostolis,
688 5110 810 5166 solo
841 5110 1068 5166 Thoma
1097 5116 1237 5165 tunc
1257 5113 1391 5152 48811
1421 5099 1745 5166 absente,in
1781 5111 1976 5162 monte

353 5200 511 5266 Sion,
540 5198 744 5270 januis
773 5199 1011 5264 clausis,
1064 5185 1336 5271 appiruit,
1371 5187 1606 5244 dicens:
1643 5197 1765 5246 Pax
1805 5195 1972 5250 vobis.

349 5289 562 5344 οοιαγο
594 5287 802 5344 deinde
834 5287 925 5342 die
956 5287 1011 5342 in
1047 5290 1231 5343 erdem
1267 5281 1461 5330 monte
1509 5282 1560 5331 et
1603 5278 1726 5334 loco
1759 5280 1969 5338 iterum

348 5374 621 5448 apparuit
654 5375 778 5430 suis
801 5377 1086 5448 discimus
1115 5380 1231 5417 una
1253 5381 1384 5419 cum
1409 5365 1633 5422 Thoma
1664 5385 1974 5443 congrega-

346 5465 458 5522 tis;
495 5467 551 5520 et
579 5464 910 5537 specialiter
938 5461 1155 5505 meme
1207 5453 1278 5508 ad
1330 5455 1694 5511 eximendam
1729 5477 1762 5513 a
1792 5460 1968 5516 dubio

348 5556 604 5612 mentem
639 5570 747 5610 sua
777 5553 995 5610 vuhera
1023 5537 1316 5611 palpandi).
1371 5542 1617 5598 obtulit:
1654 5562 1768 5618 quo
1816 5548 1967 5606 facto

2091 4578 2218 4644 tios,
2249 4575 2304 4630 id
2339 4581 2428 4630 est
2457 4581 2668 4630 sancta:
2703 4578 3144 4644 resurrectionis
3190 4587 3593 4638 consecratum
3625 4589 3740 4652 est,

2091 4665 2243 4736 quod
2279 4669 2333 4720 et
2361 4663 2630 4736 superius
2662 4666 2931 4737 apposita
2961 4665 3189 4740 pictura
3220 4670 3276 4724 in
3311 4687 3483 4742 opere
3510 4671 3740 4730 musivo

2089 4755 2360 4809 decenter
2389 4753 2665 4808 declarat.
2700 4755 3043 4810 Continetur
3095 4757 3250 4812 enim
3308 4758 3368 4814 in
3426 4777 3493 4816 ea
3542 4761 3739 4834 imago

2087 4842 2318 4906 Christi,
2347 4841 2658 4897 confractis
2682 4843 2891 4898 inferni
2929 4846 3074 4900 seris
3106 4849 3485 4920 resurgentis,
3519 4855 3574 4904 et
3590 4845 3740 4908 anti-

2087 4947 2270 5000 quum
2305 4937 2527 5003 patrem
2562 4935 2824 4987 nostrum
2856 4935 3038 4989 Adam
3072 4934 3204 4992 inde
3234 4937 3738 4998 extrahentis.Ex-.

2085 5024 2175 5074 tra
2205 5019 2312 5074 hoc
2344 5018 2545 5074 altaris
2577 5022 3065 5092 sanctuarium,et
3094 5023 3248 5079 intra
3279 5023 3520 5081 claustri
3541 5003 3736 5083 ambil-

2086 5113 2213 5164 tum
2244 5108 2388 5164 satis
2423 5107 2602 5163 latum
2621 5110 2877 5181 spatium
2897 5116 3004 5179 est,
3025 5111 3612 5187 circumquaquetam
3633 5133 3738 5187 per
3759 5179 3768 5186 ρ

2082 5196 2192 5252 hoc
2223 5214 2643 5269 novum,quam
2665 5193 2767 5268 per
2783 5199 3090 5272 antiquum
3111 5203 3332 5273 praafati
3366 5189 3730 5273 monumenti
3749 5269 3764 5272 Α,

2083 5285 2395 5340 aedificium
2418 5286 2775 5357 processioni
2802 5288 3075 5344 idoneum
3099 5271 3171 5345 :et
3207 5292 3271 5347 ﬁt
3293 5291 3413 5348 hate
3437 5271 3733 5365 processio

2082 5373 2334 5446 singulis
2366 5374 2687 5430 Dominicis
2711 5375 3042 5442 noctibus,a
3073 5379 3296 5436 Pascha
3327 5399 3512 5454 usque
3534 5383 3603 5438 ad
3622 5383 3736 5438 Ad-

2079 5469 2316 5518 ventum
2351 5463 2578 5518 Domini
2613 5465 2671 5519 in
2701 5465 2958 5538 vesperis
2990 5468 3061 5523 ad
3094 5474 3363 5536 sanctum
3395 5471 3736 5543 sepulcrum

2079 5568 2213 5608 cum
2246 5551 2602 5624 antiphona:
2638 5535 2885 5612 Chrisius
2930 5573 3238 5630 resurgens,
3284 5563 3391 5616 etc.
3425 5535 3604 5634 Cujus
3633 5535 3770 5636 an;
