3994 6070
221 301 408 384 40st,

1139 297 1488 362 JOANNIS;
1508 296 1964 366 WIRZBURG.
2003 297 2277 362 DESGR;
2307 299 2608 362 ῬΕΗΒΑΕῖ
2640 302 2705 362 Si.

3471 300 3664 368 1082!

209 435 467 510 tiphonae
488 437 693 502 textus
715 432 890 500 etiam
911 435 1072 501 extra
1092 432 1151 500 in
1177 434 1435 488 extremo
1457 430 1718 504 margine
1741 447 1862 486 mo-
1893 429 1948 496 Α
1975 429 2218 487 viventis
2251 431 3390 507 dispositionc.Verumtamen,quamvis
3421 435 3502 491 sic
3525 435 3630 490 ibi-

208 522 477 581 numenti
508 522 718 580 litteris
748 522 806 577 in
853 525 1089 592 argento
1119 519 1354 576 elevatis
1385 520 1734 575 continetur.
1769 520 1860 575 Fi-

207 615 334 670 nita
364 630 432 669 ea
462 611 784 685 antiphona
806 616 1008 668 cantor
1029 609 1226 666 statim
1251 609 1455 682 incipit
1481 625 1492 664 :
1525 610 1738 680 Vespere
1767 627 1860 664 au-

201 713 331 771 tem,
358 708 474 778 etc.
495 719 628 758 cum
662 699 892 757 Psalmo
921 700 1320 772 Magniﬁcat,et
1351 715 1484 754 cum
1518 697 1762 754 collecta
1792 700 1863 755 de

200 791 674 860 resurrectione:
720 789 1088 862 Omnipotens,
1144 790 1486 861 sempiterna,
1547 791 1654 844 etc.
1717 806 1860 861 pras-

201 881 385 939 misso
413 879 700 948 versiculo
723 897 747 944 _:
781 879 1037 934 Surrexit
1066 880 1327 934 Dominus
1355 879 1405 934 Ν
1429 879 1489 932 Β.
1523 879 1587 934 de
1636 877 1734 934 hoc
1777 895 1860 934 se-

194 973 411 1046 pulcro.
445 969 728 1034 Similiter
756 986 859 1042 per
889 967 998 1023 hoc
1027 968 1324 1040 integrum
1356 971 1606 1040 tempus,
1641 967 1888 1024 scilicet.

200 1078 234 1117 a
265 1059 490 1116 Pascha
519 1075 704 1132 usque
735 1059 807 1114 ad
839 1059 1164 1122 Adventum
1205 1055 1363 1112 omni
1413 1056 1506 1112 die
1557 1055 1860 1112 Dominico

195 1150 419 1218 missa:
447 1150 760 1217 Resurrexi,
788 1165 998 1219 nempe
1030 1146 1098 1202 de
1132 1146 1582 1208 Resurrectione
1614 1144 1863 1202 celebra-

201 1243 320 1296 tur.

270 1330 334 1384 In
371 1327 557 1401 capite
607 1324 1097 1397 etiam‘ej‘usdem
1145 1323 1400 1387 ecclesiae
1430 1339 1609 1396 novae
1658 1339 1862 1379 versus

196 1407 494 1485 orientem
506 1417 679 1488 juxta
697 1413 1035 1480 claustrum
1069 1412 1587 1481 Dominorum,est
1619 1411 1782 1469 locus
1803 1411 1863 1467 in

199 1505 513 1580 profundo,
545 1522 648 1578 per
677 1500 1175 1576 modumdcryptaa,
1201 1519 1335 1558 cum
1367 1519 1582 1574 magna
1612 1501 1758 1558 satis
1780 1519 1866 1558 se-

200 1592 918 1666 renitateﬁn‘quoregina
948 1592 1166 1650 Helena
1198 1608 1430 1648 crucem
1465 1591 1696 1648 Domini
1731 1591 1867 1647 dici-

203 1691 302 1742 tur
329 1684 636 1758 reperisse,
656 1682 794 1739 hinc
815 1681 874 1737 in
896 1683 1161 1753 ejusdem
1187 1686 1401 1742 sanctae
1435 1680 1659 1737 Helena
1689 1681 1867 1738 hono-

206 1793 331 1832 rem
363 1773 580 1842 ibidem
610 1772 944 1836 continetur
973 1771 1153 1834 altare
1185 1775 1612 1826 consecratum.
1645 1771 1712 1825 Et
1745 1770 1890 1826 hzec.

208 1864 414 1938 regina
443 1863 724 1934 majorem
757 1860 907 1917 sacri
943 1859 1086 1934 ligni
1137 1864 1364 1933 partem
1415 1876 1614 1914 secum
1663 1857 1874 1913 detulit

209 1949 779 2026 Constantinopolim
810 1966 824 2006 :
861 1946 1086 2022 reliqua
1115 1965 1258 2016 vero
1311 1966 1447 2021 pars
1495 1945 1874 2019 Jerosolymis

213 2042 420 2106 relicta
440 2040 748 2112 diligenter
768 2044 825 2095 et
841 2042 1170 2094 reverenter
1185 2042 1518 2094 asservatur
1537 2036 1597 2096 in
1620 2037 1874 2110 quodam

213 2117 362 2206 loco,
389 2130 456 2202 in
486 2129 668 2196 altera
699 2115 860 2202 parte
893 2125 1169 2206 ecclesiae,
1189 2144 1271 2208 ex
1302 2126 1567 2202 Opposita
1599 2125 1723 2181 loco
1756 2124 1878 2180 Cal-

213 2211 406 2279 varias.
741 2207 743 2210 1

215 2311 494 2382 Ejusdem
525 2306 809 2376 loci,licet
840 2307 1127 2380 sanguine
1158 2305 1372 2361 Christi
1407 2305 1622 2360 ibidem
1649 2303 1879 2377 copiose

217 2385 407 2456 etl‘uso'
434 2390 559 2469 jam
610 2415 679 2452 ex
734 2401 875 2452 tunc
932 2389 1308 2452 consecratus
1361 2398 1417 2450 et
1475 2393 1881 2450 sanctiﬁcatus

223 2488 430 2558 fuerit,
452 2491 649 2542 tamen
671 2485 738 2548 in
771 2484 1070 2545 modernis
1108 2483 1470 2556 temporibus
1501 2481 1656 2553 (licet
1685 2499 1752 2537 ex
1783 2499 1880 2537 su-

221 2561 676 2652 perabund‘anti)
714 2575 866 2630 facta
895 2579 982 2629 est
1015 2591 1048 2629 a
1079 2571 1218 2629 viris
1237 2571 1669 2628 venerabilibus
1690 2589 1885 2628 cense-

221 2667 406 2724 cratio
437 2665 643 2738 quinta
677 2663 903 2719 decima
933 2663 1026 2718 die
1072 2661 1232 2718 Julii.
1264 2663 1444 2733 Cujus
1475 2661 1881 2717 testimonium

217 2755 369 2813 tales
399 2771 603 2811 versus
626 2754 905 2809 deaurato
939 2767 1110 2824 opere
1145 2751 1360 2813 ibidem
1385 2750 1698 2824 conscripti
1730 2748 1884 2804 exhi-

220 2846 382 2902 bent.

322 2979 416 3027 Est
445 2977 583 3026 locus
611 2976 708 3025 iste
733 2989 877 3023 sacer
899 2975 1131 3024 sacratus
1156 2973 1408 3035 sanguine
1441 2971 1669 3035 Chrisli;

321 3042 420 3089 Per
448 3043 674 3089 nostrum
707 3051 914 3086 sacrare
941 3051 1086 3087 sacro
1107 3035 1187 3084 nil
1212 3035 1430 3092 additur
1459 3036 1564 3095 isti,

322 3103 430 3152 Sed
456 3103 654 3159 domus,
685 3100 802 3149 huic
829 3113 973 3149 sacro
1003 3099 1189 3162 circum
1223 3098 1650 3162 supersedi/Scuta,

320 3167 414 3215 Est
442 3165 621 3230 quinta
643 3163 840 3213 decima
873 3161 1113 3223 Quintili:
1141 3159 1250 3221 luce
1275 3159 1498 3211 sacrata.

295 3289 514 3344 Eadem
545 3303 778 3360 quoque
811 3284 1114 3358 ipsissima
1145 3285 1257 3351 die,
1291 3301 1502 3356 nempe
1533 3285 1602 3340 45
1631 3282 1792 3347 Julii,
1818 3283 1883 3337 li-

225 3381 318 3434 cet
343 3376 514 3450 longe
536 3377 662 3449 jam
690 3373 965 3431 anteriori
995 3378 1276 3446 tempore,
1301 3378 1358 3429 et
1386 3371 1556 3445 longe
1589 3371 1881 3444 prioribus

226 3465 420 3531 annis,
453 3481 588 3520 cum
610 3465 738 3536 jam
783 3463 1010 3518 dudum
1043 3462 1244 3518 eadem
1277 3461 1481 3518 civitas
1514 3465 1736 3529 sancta,
1770 3461 1880 3517 sub

226 3553 531 3610 dominatu
552 3557 608 3608 et
629 3556 912 3625 potestate
927 3553 1383 3607 Sarracenorum
1406 3550 1766 3605 diversorum
1789 3567 1883 3622 ge-

223 3659 430 3698 nerum
463 3642 820 3698 detineretur
851 3640 1094 3713 captiva,
1128 3641 1199 3695 ab
1233 3641 1485 3695 exercitu
1519 3638 1881 3695 Christiano-

223 3747 355 3787 rum
379 3735 470 3787 est
490 3729 849 3788 liberata.Ad
872 3731 1043 3802 cujus
1069 3727 1433 3784 liberationis
1463 3744 1882 3784 commemora-

222 3821 444 3877 tionem
475 3815 921 3875 eamdemdiem
942 3821 1073 3889 post
1094 3815 1549 3873 consecrationis
1568 3817 1883 3873 renovatio-

223 3926 357 3966 nem
376 3926 512 3965 cum
529 3906 822 3980 spirituali
839 3906 1030 3963 officio
1048 3906 1300 3962 reddunt
1317 3905 1600 3962 celebrem
1618 3905 1676 3960 in
1697 3906 1883 3962 missa

223 3997 604 4064 decantade
623 3999 830 4054 Laztere
841 3997 1164 4063 Jerusalem,
1181 3995 1576 4065 ete.Majorem
1594 4011 1727 4050 vero
1746 3996 1882 4051 mis-

222 4103 370 4152 sam,
384 4103 486 4142 seu
511 4085 770 4152 ofﬁcium
797 4084 1124 4141 solemnius
1148 4082 1445 4140 celebrant
1469 4083 1540 4138 de
1562 4082 1882 4139 Dedicatio-

221 4192 314 4242 ne,
331 4192 460 4248 quae
479 4174 686 4247 incipit
699 4189 719 4231 :-
736 4175 1016 4231 Terribilis
1029 4181 1106 4230 est
1123 4173 1290 4228 locus.
1306 4173 1552 4244 Insuper
1571 4189 1638 4228 ea
1653 4172 1880 4228 dedica-

218 4264 396 4320 tionis
427 4264 609 4336 hujus
633 4263 897 4320 ecclesiis
928 4261 1042 4329 die,
1077 4266 1330 4333 quatuor
1357 4261 1536 4318 etiam
1563 4251 1770 4317 altaria
1797 4262 1875 4317 ibi

218 4353 1240 4426 positafueruntconsecratamempe
1252 4349 1433 4404 altare
1446 4349 1876 4420 majus.etillud

217 4442 494 4516 superius
514 4443 573 4498 in
597 4441 876 4506 Calvaria,
891 4445 950 4497 et
969 4441 1084 4496 duo
1107 4440 1166 4494 in
1189 4438 1377 4494 (latere
1408 4437 1662 4494 ecclesia:
1693 4456 1761 4494 ex
1782 4455 1877 4512 0p-

1971 519 2108 578 dem
2135 520 2455 578 honoretur
2492 524 2824 580 Gotefridus
2868 529 3084 591 noster,
3118 527 3240 582 tam
3272 523 3664 597 expugnatio;

1973 614 2186 668 sanctae
2219 610 2470 666 civitatis
2500 611 2830 668 Jerusalem.
2847 630 2962 668 non
2985 612 3059 680 ei,
3076 617 3283 668 etcum
3309 629 3373 669 eo
3399 614 3628 688 egregie

1970 695 2398 766 laborantibus,
2417 704 2473 754 et
2491 699 2816 756 exercitatis
2838 700 3122 756 militibus
3144 700 3506 769 Alemannis,
3524 718 3626 757 seu

1970 787 2296 853 Germanis,
2331 789 2434 844 sed
2466 788 2635 860 quasi
2668 788 2808 846 solis
2839 788 3152 846 ascribitur
3184 789 3439 858 Francis,
3472 791 3627 863 quod

1969 879 2166 934 tamen
2201 876 2605 933 falsissimum.
2625 879 2691 932 Et
2712 878 2847 933 hinc
2875 879 3228 935 detractor-es
3253 884 3463 935 nostrae
3494 897 3631 952 gen-

1971 964 2046 1018 tis
2090 965 2465 1033 Germanicae,
2517 966 2747 1039 insigne
2793 967 3159 1040 epitaphium
3211 967 3373 1024 illius
3423 969 3661 1026 famosi-

1970 1052 2230 1126 Wiggeri
2264 1070 2366 1126 per
2395 1054 2582 1111 multa
2613 1055 2781 1111 fortia
2814 1056 2964 1110 facta
2993 1057 3317 1129 approbati,
3345 1059 3486 1129 quia
3515 1076 3632 1114 non
3658 1103 3663 1110 .

1971 1145 2240 1214 poterant
2256 1159 2385 1199 eum
2407 1145 2693 1218 denegare
2711 1161 2838 1200 esse
2853 1145 3636 1214 Alemannum,dcleverunt,.

1971 1234 2028 1285 et
2057 1231 2300 1290 alterius
2345 1234 2656 1304 cujusdam
2692 1233 2895 1289 militis
2945 1235 3016 1290 de
3065 1235 3307 1290 Francia
3351 1252 3634 1309 superpo‘

1972 1325 2237 1387 suerunt,
2268 1321 2420 1377 sicut
2447 1322 2639 1379 adhuc
2670 1341 2705 1378 a
2730 1323 3123 1396 praesentibus
3151 1323 3335 1380 videri
3363 1329 3426 1388 et
3443 1326 3631 1383 notari
3661 1365 3665 1370 -

1972 1413 2182 1480 potest.
2218 1410 2364 1469 Nam
2395 1413 2522 1483 ejus
2554 1411 2971 1484 sarcophagus,
2987 1417 3150 1468 extra
3168 1413 3224 1468 in
3252 1413 3466 1487 angulo
3487 1431 3632 1488 quo-

1973 1498 2109 1560 dam
2138 1498 2295 1556 inter
2326 1501 2606 1572 majorem
2630 1500 3034 1572 ecclesi.am,et.
3055 1502 3246 1558 sancti
3268 1502 3514 1568 Joannis
3538 1506 3657 1564 Bas--

1975 1587 2164 1659 ptistae
2195 1586 2506 1661 capellam,
2541 1589 2731 1645 adhuc
2761 1589 2935 1646 hodie
2967 1595 3202 1650 exstans
3232 1598 3504 1664 apparet,
3533 1594 3633 1652 des
3660 1639 3662 1641 ›

1977 1673 2090 1732 leto
2123 1677 2256 1732 inde
2290 1679 2527 1734 nomine
2559 1695 2685 1746 suo,
2719 1683 2774 1733 et
2805 1679 3072 1752 apposito
3117 1679 3324 1744 alieno;
3357 1683 3442 1738 Ad
3475 1699 3635 1738 com-

1979 1765 2378 1838 probationem
2411 1771 2469 1822 et
2499 1767 2782 1823 indicium
2830 1769 3142 1840 despectus
3202 1769 3461 1834 virorum
3493 1788 3642 1828 nos-.

1980 1858 2227 1923 trorum,
2248 1862 2299 1910 el
2331 1855 2401 1912 ad
2436 1856 3000 1914 commendationem
3029 1858 3387 1916 Francorum
3421 1861 3656 1925 adhoc.

1982 1949 2430 2086 inonumentum
2455 1943 2567 2002 tale
2585 1963 2819 2018 carmen
2835 1947 3078 2006 extrain
3101 1946 3281 2004 latere
3301 1949 3634 2021 appositum.
3669 1991 3672 1994 -

2007 2031 2214 2086 egitur.

2007 2031 2214 2104 egitur.

2076 2139 2230 2204 {timo
2255 2141 2462 2204 centeno
2485 2139 2694 2204 milleno
2721 2155 2832 2204 quo.
2850 2140 3019 2204 minus
3042 2157 3162 2194 uno.
3195 2186 3198 2194 .

2089 2201 2328 2265 l_'irgi7_zis_
2344 2217 2373 2249 α
2391 2206 2565 2265 partu,
2591 2201 2814 2265 Domini
2834 2205 2925 2265 qui
2937 2203 3123 2254 claruit
3152 2208 3294 2264 ortu,

2083 2259 2683 2336 Quindecies'gulio'jam
2701 2259 2887 2336 Phoebi
2915 2265 3106 2336 ζιιηιὶηρ
3122 2259 3287 2336 iacto
3321 2259 3326 2266 ’

2079 2326 2363 2376 Jerusalem
2390 2326 2580 2377 Franci
2593 2328 2812 2390 capiunt.
2829 2328 3018 2377 virtute
3035 2332 3262 2393 potenti.

2061 2441 2170 2495 Sed
2205 2445 2406 2497 contra
2435 2441 2542 2497 hos
2575 2441 2780 2498 merito
2812 2442 3101 2504 dictorum
3130 2445 3375 2502 vertitur
3404 2448 3565 2504 ordo.

2083 2573 2198 2641 Non
2227 2575 2430 2641 Franci,
2460 2576 2555 2624 sed
2579 2577 2866 2641 lii-ancones
2889 2575 3069 2641 gladio
3095 2582 3322 2641 potiores

2083 2635 2364 2708 {eiusa/em
2393 2641 2627 2708 sanctum
2658 2639 2807 2708 longo
2835 2635 2928 2687 su?)
2958 2635 3184 2708 tempore
3212 2645 3413 2708 captam

2084 2699 2126 2765 ,1
2155 2714 2476 2763 paganorum
2506 2701 2697 2750 solvere
2711 2699 2846 2765 fugo
2877 2699 3132 2751 variorum

2083 2761 2299 2824 Franco,
2335 2778 2450 2824 non
2499 2761 2743 2821 Francus,
2777 2761 3029 2828 fWigger,
3081 2767 3367 2830 Gundram,
3390 2770 3640 2834 .Goicﬂia

2087 2885 2224 2946 Dux,
2257 2890 2560 2950 argumento
2587 2889 2706 2935 sunt
2734 2887 2838 2935 haec
2867 2889 2982 2951 [ore
3011 2890 3214 2952 cognita
3243 2906 3378 2942 vero.
3526 2833 3642 2897 [dm
3670 2881 3672 2884 I

2065 3010 2339 3075 Quamvis
2374 3013 2573 3066 autem
2615 3011 2732 3066 dux
2780 3011 3136 3081 Gotet‘ridus,
3187 3016 3468 3078 etfrater,
3514 3017 3678 3088 ejus-

1995 3098 2338 3167 Balduinus,
2361 3099 2456 3171 qui
2490 3104 2622 3171 post
2649 3099 2844 3171 ipsum
2879 3101 2936 3156 in
2958 3100 3285 3158 Jerusalem
3317 3121 3416 3161 rex
3437 3110 3540 3166 est.
3555 3124 3654 3168 σου.

1911 3174 1953 3240 C
1992 3191 2256 3254 rona'tus,
2290 3188 2443 3259 quod
2478 3191 2611 3243 ante
2640 3205 2776 3250 eum
2810 3189 2930 3246 dux
2967 3188 3544 3256 humilitatiscausa
3572 3196 3644 3259 de

1991 3293 2052 3330 se
2083 3275 2206 3331 fieri
2235 3276 2544 3346 recusavit,
2579 3277 2894 3335 de-nostris
2929 3283 3128 3334 essent
3159 3279 3672 3356 Germaniaparn

1989 3363 2376 3430 tibus,tamen
2403 3365 2540 3437 quia
2571 3366 2920 3428 nostratium
2941 3367 3156 3438 .paucis
3181 3385 3315 3425 eum
3343 3370 3431 3426 eis
3455 3389 3654 3436 ,rema-,

1991 3453 2284 3517 nentibus,
2320 3458 2376 3508 et
2407 3453 2536 3508 aliis
2569 3471 2746 3526 quam
2787 3454 3059 3526 plurimis
3093 3474 3304 3532 magno
3353 3460 3696 3532 desideriog.’

1991 3547 2048 3598 et
2075 3543 2440 3599 festinatione
2473 3543 2543 3598 ad
2578 3542 2769 3600 natale
2791 3543 2982 3602 solum
3011 3546 3550 3615 redeuntibus,tota
3571 3550 3674 3608 ci-.._

1989 3630 2136 3687 vitas
2165 3632 2265 3686 tali
2299 3633 2470 3688 modo
2501 3633 2571 3688 ab
2605 3632 2735 3690 aliis
2759 3633 3096 3691 nationibus.
3112 3621 3639 3710 inpossessionem
3665 3697 3668 3710 τ

1990 3723 2077 3775 est
2109 3726 2405 3794 occupata,
2428 3719 2650 3776 scilicet
2678 3738 2712 3775 a
2743 3723 3000 3793 Francis,
3026 3723 3644 3800 Lotharingis,North-

1990 3808 2243 3878 mannis,
2276 3809 2755 3877 Provincialibus,
2789 3810 3073 3879 Alvernis,
3120 3813 3296 3880 Italis,
3329 3819 3386 3870 et
3433 3817 3639 3892 Hispg-

1990 3897 2104 3964 nis,
2139 3898 2791 3972 Burgundionibusque,
2817 3900 2994 3957 simul
3027 3903 3492 3964 cumGermanis
3508 3911 3673 3976 tum,.

1991 3986 2050 4041 in
2083 4003 2209 4042 eam
2261 3987 2685 4059 expeditionem
2733 3987 3280 4048 venientibus..Ah..
3306 3991 3396 4062 his
3440 3994 3666 4067 itaque.

1990 4075 2406 4130 auxiliantibus
2439 4075 2830 4138 Christiadum
2872 4078 3066 4150 copiis.
3090 4080 3405 4136 tota..urbs.
3435 4088 3682 4142 sancta.

1990 4163 2446 4232 inhabitabatur,
2482 4168 2546 4219 ut
2579 4182 2764 4236 neque
2815 4183 2930 4220 una
2959 4166 3136 4224 simul
3169 4168 3368 4240 aliqua
3390 4170 3643 4230 civitatis
3675 4199 3682 4224 ς

1990 4270 2145 4324 pars,
2170 4257 2271 4308 aut
2297 4252 2469 4308 etiam
2503 4253 2752 4310 minima,
2777 4241 3336 4325 plateaAlemannis
3367 4261 3640 4316 essetdi-

1988 4341 2239 4398 stributa
2287 4346 2342 4397 et
2377 4341 2702 4414 .assignata,
2756 4348 2928 4414 atque
2978 4343 3116 4400 hinc
3164 4345 3638 4406 Germanisani-

1991 4448 2149 4486 mum
2179 4430 2391 4488 ibidem
2428 4431 2764 4485 remanendi
2796 4449 2913 4486 non
2943 4432 3643 4504 habentibus,_nec,urbis
3695 4505 3698 4508 4

216 4532 414 4605 posita
439 4531 782 4588 adinvicem
806 4534 988 4602 parte,
1006 4545 1192 4586 unum
1213 4526 1481 4589 videlicet
1509 4527 1567 4581 in
1591 4527 1872 4583 honorem
1905 4542 1949 4606 Ι)
1989 4520 2305 4598 incolatum
2339 4520 2768 4586 affectantibus,
2798 4519 2976 4576 tacito
3007 4522 3658 4585 Germanorum.nomi..

216 4621 407 4688 sancti
440 4620 622 4685 Petri,
644 4623 701 4675 et
731 4618 890 4674 aliud
937 4618 994 4671 in
1043 4616 1324 4672 honorem
1375 4614 1561 4671 sancti
1594 4615 1872 4686 Stephani

215 4708 682 4782 protomartyris.
717 4705 996 4780 Sequenti
1030 4709 1162 4777 post
1189 4721 1446 4760 annuam
1479 4703 1875 4760 Dedicationis

214 4797 592 4855 festivitatem
616 4795 715 4852 die
728 4795 1052 4853 solemnem
1079 4793 1300 4849 faciunt
1325 4797 1446 4849 tam
1475 4793 1537 4848 in
1557 4793 1878 4866 elcemosy-

214 4885 515 4959 nis,quam
529 4886 588 4941 in
602 4884 966 4941 orationibus
977 4880 1594 4939 commemorationem
1607 4881 1872 4938 omnium

213 4975 478 5032 fidelium
502 4975 933 5040 defunctorum,
950 4973 1239 5045 praecipue
1263 4972 1566 5028 occasione
1584 4989 1874 5043 expugna-

213 5064 394 5122 tionis
424 5064 606 5135 hujus
638 5063 804 5119 urbis
833 5061 1180 5128 occisorum,
1206 5059 1464 5132 quorum
1501 5061 1750 5116 maxime
1781 5077 1872 5116 se-

211 5153 454 5226 pultura
484 5152 640 5225 apud
672 5156 900 5223 portam
930 5152 1198 5214 Auream,
1217 5148 1478 5211 ,celehris
1509 5150 1776 5205 habetur.
1813 5149 1875 5204 In

209 5240 748 5309 tertiadeiqdedie
775 5237 1250 5305 anniversarium.
1273 5236 1440 5295 ducis
1464 5237 1678 5310 egregii
1713 5237 1878 5293 Gote—

208 5329 369 5396 fridi,
387 5329 904 5406 felicismemciriie,
921 5327 1081 5384 illius
1094 5331 1305 5383 sanctas
1319 5327 1705 5399 expeditionis
1720 5326 1878 5398 prin-

209 5419 360 5500 cipis
373 5422 429 5474 et
445 5418 809 5498 magistri,ex
823 5417 1275 5496 Alemannorum
1295 5415 1474 5488 stirpe
1493 5416 1573 5470 ori
1586 5415 1874 5484 undi,tota

208 5494 415 5563 civitas
446 5494 784 5564 solemniter
813 5494 1102 5574 observat,
1129 5523 1264 5569 cum
1284 5503 1448 5578 larga
1479 5504 1872 5578 eleemosyna-

207 5594 421 5680 rumvin
440 5595 648 5680 majori
665 5595 910 5668 ecclesia
927 5594 1359 5670 distributione,
1373 5609 1442 5654 ex
1468 5591 1652 5668 ipsius
1676 5593 1867 5650 adhuc

1984 4627 2055 4665 ne
2086 4628 2118 4665 a
2140 4608 2482 4681 partialibus
2509 4608 2994 4682 historiographis
3018 4609 3283 4666 liheratio
3301 4617 3521 4669 sanctae
3541 4632 3638 4670 ur-
3673 4661 3680 4664 .

1986 4700 2077 4755 bis
2107 4698 2246 4754 solis
2277 4697 2588 4753 aseribitur
2613 4697 2981 4771 Francis,qui
3013 4704 3069 4756 et
3097 4717 3279 4772 usque
3310 4700 3488 4764 hodie,
3502 4719 3682 4770 cum,

1985 4788 2114 4843 aliis
2148 4779 2902 4860 prmnominatistgentibus.
2920 4789 3368 4866 urbi.adjac_enti
3403 4791 3638 4847 Provin—

1985 4877 2084 4932 cia:
2116 4877 2514 4938 dominantur.
2531 4878 2664 4941 Quze
2690 4877 2903 4948 utique.
2923 4877 3663 4948 ChristianitatisProvinu

1982 4967 2070 5022 cia
2094 4966 2447 5037 jamdudum
2478 4983 2618 5022 suos
2660 4966 2940 5024 terminos
2991 4966 3145 5030 ultra
3173 4967 3385 5032 .Nilum
3434 4987 3670 5034 versus;—

1983 5055 2304 5120 meridiem,
2340 5059 2396 5108 et
2429 5054 2579 5108 ultra
2609 5055 2957 5110 Damascum
2991 5073 3194 5112 versus
3224 5058 3508 5115 orientem
3540 5077 3654 5115 exs.
3700 5039 3702 5042 τ

1986 5144 2288 5207 tendisset,
2323 5143 2370 5199 si
2404 5148 2565 5198 tanta
2596 5143 2760 5215 copia
2811 5131 3291 5213 Alemannorum,
3327 5153 3547 5218 quanta
3579 5154 3638 5204 ct

1985 5233 2227 5288 istorum
2261 5236 2368 5299 est,
2403 5232 2649 5288 adesset.
2675 5233 2961 5288 Germano
2983 5233 3136 5289 enim
3170 5234 3355 5298 milite
3381 5237 3514 5292 inde
3546 5237 3634 5293 di-

1985 5323 2270 5386 scedente,
2287 5337 2350 5374 ac
2374 5319 2419 5374 si
2445 5321 2622 5375 robur
2652 5337 2835 5391 omne,
2855 5321 3173 5378 Christiani
3199 5325 3486 5384 exercitus
3514 5326 3632 5383 dis.-

1982 5411 2268 5476 cessisset,
2304 5413 2515 5464 craterae
2567 5409 2832 5466 nationes
2861 5428 3067 5467 omnes
3088 5429 3298 5484 parum
3351 5413 3630 5487 amplius,

1980 5505 2081 5558 aut
2131 5497 2276 5553 nihil
2319 5497 2738 5570 praestiterunt.
2793 5499 2905 5558 Sed
2935 5501 3046 5574 .his
3078 5501 3630 5579 imprmseutiarum

1979 5587 2251 5656 omissis,
2270 5586 2341 5642 ad
2368 5584 2732 5662 propositam
2762 5587 3492 5671 materiamrevcrtamuri.
