3992 6090
312 318 470 386 1083

966 455 1199 513 CAPUT
1236 455 1298 512 Χ.

313 556 480 611 Locus
526 547 866 607 Ascensionis
910 547 1136 603 Domini
1176 547 1237 601 in
1281 554 1463 603 monte
1509 545 1725 611 Oliveti,
1775 546 1958 618 sepul-

379 640 536 751 crt‘um
578 626 637 678 S.
688 619 879 676 Marte
924 619 1024 675 Dei
1067 618 1350 688 genitricis
1398 618 1455 673 in
1506 618 1646 673 valle
1681 618 1957 691 Iosophat,

382 712 413 752 e
443 712 493 751 c.

379 820 632 878 Ventum
664 821 754 874 est
783 816 855 872 ad
886 813 1283 888 impletionem
1324 812 1468 869 sexti
1500 812 1871 881 sacramenti,
1903 816 1960 869 et

310 909 662 968 solutionem
691 905 835 963 sexti
885 903 1084 976 sigilli,
1117 919 1293 974 quam
1327 902 1579 958 dicimus
1610 919 1712 974 per
1739 903 1957 958 Ascon—

309 1001 533 1057 sionem
564 994 792 1053 Domini
829 993 1010 1049 nostri
1043 992 1183 1047 Jesu
1216 991 1429 1047 Christi
1453 991 1512 1046 in
1540 999 1733 1046 monte
1755 990 1957 1047 Oliveti

307 1105 436 1146 esse
466 1088 952 1143 consummatam.
978 1081 1037 1136 In
1071 1098 1136 1135 eo
1167 1081 1540 1136 Ascensionis
1570 1079 1714 1147 loco,
1748 1097 1959 1153 nempe

305 1179 365 1235 in
399 1180 595 1232 monte
626 1172 828 1230 Oliveti
860 1171 1032 1227 hodie
1061 1174 1250 1227 exstat
1273 1187 1485 1243 magna
1504 1168 1840 1235 ecclesia,in
1863 1185 1960 1225 cu-

298 1269 402 1341 jus
432 1263 645 1330 medio,
689 1266 901 1334 magno
948 1258 1229 1317 foramine
1261 1259 1517 1331 quodam
1549 1262 1770 1331 aperto,
1804 1258 1957 1313 desi-

304 1358 519 1431 gnatur
560 1351 724 1408 locus
769 1348 1143 1406 Ascensionis
1186 1347 1523 1413 Dominicis,
1554 1364 1623 1403 ex
1669 1363 1784 1419 quo
1834 1345 1957 1401 loco

304 1441 612 1517 discipulis
643 1440 767 1497 suis
799 1439 1049 1511 aliisque
1076 1436 1216 1493 viris
1245 1435 1650 1503 Calilaeis,una
1669 1451 1802 1491 cum
1835 1452 1956 1490 ma-

302 1537 392 1590 tre
412 1548 543 1598 sua,
557 1529 941 1604 praesentibus
957 1532 1015 1583 et
1031 1525 1480 1591 admirantibus,
1498 1525 1555 1579 in
1574 1523 1783 1580 coelum
1803 1524 1958 1581 nube

304 1621 506 1694 bajula
533 1624 623 1677 est
650 1618 925 1685 elevatus,
960 1615 1262 1689 praemisso
1307 1616 1379 1671 ad
1429 1613 1751 1686 discipulos
1790 1630 1959 1669 man-

307 1713 462 1778 dato,
509 1725 582 1766 ne
630 1708 704 1763 ab
748 1704 1128 1777 Jerosolymis
1175 1704 1559 1770 discederent,
1611 1702 1957 1776 priusquam

305 1798 591 1873 Spiritum
618 1793 980 1852 Paracletum
1009 1810 1045 1849 a
1071 1792 1237 1848 Patre
1268 1793 1626 1866 promissum
1656 1791 1728 1847 ad
1756 1790 1955 1864 plena-

305 1889 454 1946 riam
485 1886 578 1945 sui
630 1882 1114 1941 confortationem
1163 1882 1544 1954 accepissent.
1580 1881 1743 1948 Quod
1781 1884 1838 1937 et
1867 1881 1949 1936 fa-

305 1983 466 2036 ctum
515 1979 606 2032 est
654 1972 883 2030 decima
927 1971 1000 2027 ab
1046 1970 1420 2039 Ascensione,
1468 1969 1959 2043 quinquagesima

304 2084 438 2125 vero
468 2083 503 2122 a
532 2061 977 2121 Resurrectione
1020 2059 1252 2117 Domini
1295 2060 1412 2127 die,
1459 2058 1728 2116 videlicet
1774 2059 1831 2114 in
1864 2058 1957 2115 die

309 2158 701 2220 Pentecostes,
735 2149 1043 2223 discipulis
1074 2149 1136 2205 in
1166 2149 1420 2222 quodam
1465 2148 1743 2216 conclavi,
1774 2149 1875 2204 ubi
1901 2152 1959 2204 et

307 2244 571 2302 Christus
601 2241 887 2300 Dominus
916 2242 1115 2296 noster
1149 2236 1417 2295 ultimam
1463 2254 1687 2294 omnem
1730 2237 1954 2304 habuit,

307 2336 368 2393 in
399 2336 598 2390 monte
632 2330 772 2387 Sion
817 2326 1276 2399 remanentibus,
1307 2332 1365 2384 et
1411 2325 1806 2400 impletionem
1838 2326 1958 2382 dati

308 2420 583 2498 promissi
631 2417 873 2475 insimul
923 2417 1418 2491 exspectantibus.
1471 2416 1532 2472 In
1580 2416 1785 2473 eodem
1833 2415 1959 2472 loco

306 2512 417 2569 hoc
447 2511 641 2583 ipsum
671 2506 902 2581 pictura
928 2506 1001 2561 de
1045 2504 1272 2562 musivo
1310 2521 1481 2577 opere
1510 2504 1571 2560 in
1604 2504 1957 2567 sanctuario.

309 2600 512 2659 abside
539 2597 804 2670 ejusdem
835 2593 1111 2661 ecclesias,
1144 2598 1379 2651 exstans
1416 2598 1509 2650 sat
1536 2593 1687 2650 clare
1719 2594 1959 2651 demon-

309 2694 476 2748 strat.
507 2688 656 2744 Nam
688 2684 769 2742 ibi
798 2684 1195 2741 duodenarius
1231 2683 1630 2757 apostolorum
1681 2700 1962 2740 numerus

310 2796 445 2837 cum
472 2777 738 2851 ipsorum
763 2772 1143 2847 imaginibus,
1177 2772 1400 2846 Spiritu
1431 2777 1633 2829 sancto
1665 2773 1725 2828 in
1774 2773 1964 2828 forma

308 2867 617 2942 ignearum
673 2861 1011 2938 linguarum
1071 2861 1145 2917 ad
1197 2861 1389 2934 capita
1447 2859 1815 2935 singulorum
1863 2861 1963 2917 de-

311 2955 646 3021 scendente,
676 2969 779 3026 per
826 2948 1273 3008 similitudinem
1325 2948 1561 3022 pictura:
1611 2950 1961 3017 continetur,

313 3061 449 3102 cum
479 3042 591 3100 hac
618 3039 936 3116 epigraphs
967 3055 980 3095 :
1015 3040 1208 3095 Factus
1245 3046 1327 3095 est
1351 3046 1565 3111 repente
1611 3038 1676 3096 de
1721 3039 1851 3096 caelo
1877 3054 1965 3095 so-

311 3150 438 3201 nus,
468 3136 579 3189 etc.

382 3223 446 3279 In
476 3220 586 3277 hac
613 3217 877 3287 ecclesia,
908 3216 970 3273 in
1010 3217 1254 3273 introitu
1285 3217 1415 3289 ejus
1445 3218 1514 3274 ad
1549 3218 1846 3274 dexteram
1879 3215 1961 3272 al-
1993 3204 2035 3271 C

310 3326 434 3379 tare
465 3317 808 3392 designatur
835 3316 896 3372 in
925 3315 1051 3373 loco
1071 3332 1207 3372 cum
1239 3314 1436 3388 politis
1464 3313 1685 3372 tabulis
1715 3316 1785 3372 de
1815 3333 1966 3371 mar-

314 3425 476 3467 more
505 3408 567 3464 in
601 3406 843 3463 modum
874 3405 1097 3473 ciborii,
1132 3404 1232 3461 ubi
1262 3403 1603 3461 beatissima
1636 3404 1797 3477 virgo
1843 3403 1965 3460 Ma-

313 3499 402 3556 ria
429 3496 646 3554 emisso
666 3493 914 3568 Spiritu,
935 3493 1205 3566 praesenti
1237 3493 1308 3549 de
1337 3491 1548 3548 saeculo
1579 3491 1795 3548 dicitur
1822 3492 1964 3548 emi-

313 3603 536 3663 grasse.
570 3584 675 3641 Ubi
709 3588 767 3640 et
812 3581 994 3638 Filius
1038 3582 1167 3654 ejus
1213 3579 1500 3636 Dominus
1550 3584 1749 3636 noster
1793 3581 1966 3637 Jesus

314 3675 583 3733 Christus
613 3670 1052 3728 sanctissimam
1092 3671 1220 3742 ejus
1250 3669 1531 3738 animam,
1564 3669 1625 3724 in
1665 3671 1835 3741 juxta
1864 3688 1965 3743 pos

315 3763 429 3823 site
458 3761 697 3837 pariete,
732 3759 1117 3833 praesentibus
1154 3757 1435 3831 apostolis
1464 3758 1524 3814 in
1554 3757 1765 3815 cmlum
1798 3776 1967 3815 assu-

315 3869 474 3910 mere
502 3848 857 3924 depingitur.

318 3943 383 4000 In
412 3938 654 3997 aedificio
684 3941 880 3994 autem
910 3934 1099 3992 eidem
1131 3935 1257 3992 loco
1305 3935 1672 4009 superposito
1722 3953 1825 4010 per
1856 3936 1965 3993 cir-

315 4031 541 4088 cuitum
570 4025 705 4083 talis
735 4024 1025 4099 reperitur
1066 4024 1368 4098 inscriptio
1400 4041 1413 4081 :
1448 4027 1703 4082 Exaltata
1731 4035 1809 4083 est
1835 4043 1967 4082 san-

317 4129 403 4179 cta
429 4119 531 4176 Dei
558 4117 807 4187 genitrix
831 4131 996 4187 super
1023 4116 1211 4172 choros
1241 4115 1577 4188 angelorum.
1608 4115 1852 4189 Insuper
1879 4133 1968 4172 ea-

318 4210 452 4265 dem
482 4203 1018 4277 transmigrationis
1046 4203 1140 4259 die
1168 4220 1383 4276 corpus
1410 4203 1762 4260 beatissima?
1793 4204 1967 4278 virgi-

318 4297 412 4355 nis
444 4294 659 4363 Marias,
693 4310 728 4349 a
757 4292 983 4349 cunctis
1012 4292 1319 4349 duodecim
1350 4291 1647 4366 apostolis,
1675 4309 1743 4348 ex
1775 4292 1971 4349 divina

319 4383 701 4459 dispositione
729 4386 872 4438 tunc
903 4380 1359 4454 praesentibus,a
1382 4386 1576 4438 monte
1596 4381 1733 4438 Sion
1767 4382 1826 4437 in
1856 4381 1972 4438 val-

316 4476 433 4532 lem
464 4471 749 4546 Josaphat
778 4474 871 4528 est
899 4469 1181 4537 delatum,
1203 4475 1260 4527 et
1288 4470 1506 4526 ibidem
1538 4470 1595 4525 in
1629 4468 1820 4525 medio
1851 4487 1972 4543 cry-

818 321 922 386 AD
967 320 1484 388 GODEFRIDUM
1524 322 1863 386 APPEND.
1908 321 1986 386 II.
2022 357 2097 369 -
2125 322 2437 389 MONUM.
2483 322 2585 388 DE
2634 266 2880 391 θίξιιο
2925 325 3199 392 SACRO.

3526 286 3722 391 “loss

1986 458 2038 525 Α
2072 457 2273 531 pulcro
2303 475 2515 533 corpus
2545 459 2897 518 beatissima:
2916 460 3174 535 Virginis
3195 479 3312 519 non
3342 461 3599 537 amplius
3628 467 3725 521 est

2067 552 2380 620 repertum.
2417 548 2578 605 Unde
2609 549 2702 623 pie
2730 551 2990 606 creditur
3020 568 3133 607 non
3166 554 3398 608 tantum
3433 551 3718 621 animam,

2067 638 2167 693 sed
2197 637 2373 693 etiam
2403 654 2616 711 corpus
2646 641 2773 712 ejus
2795 657 2830 694 a
2852 638 3061 696 dilecto
3093 639 3234 695 Filio
3264 639 3404 696 Jesu
3437 656 3571 696 cum
3602 640 3727 715 glo-

2066 725 2385 782 riﬁcatione
2417 727 2597 783 fuisse
2617 732 3013 801 assumptum.
3033 730 3194 795 Quod
3217 732 3411 785 tamen
3443 729 3725 804 Hierony-

2067 831 2201 871 mus
2232 816 2427 887 potius
2448 816 2791 885 haesitando,
2830 833 3003 889 quam
3036 818 3348 874 asserendo
3380 817 3611 874 videtur
3640 819 3729 875 in-

2065 919 2245 960 nuere
2276 904 2333 959 in
2378 903 2480 960 illa
2525 904 2772 978 epistola
2803 922 2816 961 :
2852 906 3057 975 Cogitis
3102 923 3212 973 me,
3243 923 3274 963 o
3302 907 3480 962 Paula
3525 916 3580 964 et
3616 909 3728 963 Eu-

2063 993 2348 1061 stochium,
2382 998 2491 1050 etc.
2526 995 2819 1068 Quidquid
2853 1000 3048 1051 autem
3080 996 3151 1052 de
3179 994 3289 1051 hoc
3335 995 3433 1061 sit,
3464 1013 3572 1051 nos
3598 1013 3727 1053 cre-

2066 1080 2263 1138 dimus
2294 1083 2525 1139 beatam
2556 1082 2839 1157 virginem
2872 1084 3136 1152 Mariam,
3171 1100 3240 1140 ex
3269 1084 3379 1140 hoc
3410 1084 3532 1140 solo
3564 1086 3727 1158 quod

2067 1172 2279 1226 meruit
2304 1188 2478 1227 suum
2512 1176 2743 1244 portare
2777 1172 3126 1243 Creatorem,
3154 1171 3394 1246 dignam
3420 1173 3539 1229 fore
3560 1174 3728 1230 omni

2065 1259 2284 1316 honore
2313 1264 2371 1316 et
2402 1261 2826 1318 beatiﬁcatione
2857 1279 2973 1318 non
3007 1267 3238 1317 tantum
3267 1262 3328 1319 in
3360 1262 3579 1331 anima,
3615 1263 3720 1319 sed

2065 1352 2122 1404 et
2150 1348 2210 1403 in
2237 1366 2474 1422 corpore
2509 1366 2521 1405 :
2556 1354 2612 1406 et
2643 1349 2858 1406 Filium
2890 1368 3066 1408 suum
3098 1368 3329 1407 summe
3368 1350 3428 1406 in
3474 1350 3724 1406 Mariam

2067 1436 2431 1509 benevolum,
2464 1455 2814 1512 summeque
2852 1444 3147 1513 potentem
3179 1439 3237 1495 id
3268 1438 3413 1496 velle
3442 1444 3500 1496 et
3530 1457 3727 1512 posse.

2137 1528 2415 1583 Caeterum
2448 1528 2771 1584 honoratur
2797 1533 2855 1585 et
2894 1533 3204 1586 veneratur
3246 1528 3370 1584 haec
3419 1528 3730 1585 sanctissi-

2066 1631 2164 1671 ma
2194 1616 2496 1689 sepultura
2527 1618 2598 1672 ad
2623 1616 3073 1674 similitudinem
3096 1617 3577 1684 honorificentia,
3599 1634 3730 1691 quae

2065 1703 2259 1760 dilecti
2287 1705 2413 1761 Filii
2434 1707 2562 1778 ejus
2581 1706 2849 1779 sepulcro
2868 1707 3192 1763 exhibetur.
3213 1706 3277 1763 In
3302 1705 3543 1762 introitu
3565 1708 3730 1779 ejus-

2069 1793 2201 1850 d‘em
2232 1800 2444 1868 crypta:
2476 1795 2612 1852 talis
2644 1796 2875 1869 pictura
2903 1800 2959 1853 et
2989 1796 3281 1869 scriptura
3311 1796 3572 1852 cernitur
3602 1812 3617 1851 :

2160 1909 2396 1959 Heredes
2423 1911 2540 1959 vitae
2568 1912 2845 1961 Dominum
2875 1910 3093 1961 laudare
3123 1911 3306 1971 venite,

2159 1971 2255 2020 Per
2277 1987 2430 2037 quam
2462 1974 2568 2022 vita
2594 1973 2772 2035 datur,
2802 1974 3085 2039 mundique
3110 1973 3251 2022 salus
3274 1974 3570 2038 reparatur.

2139 2074 2499 2133 Monstratur
2529 2082 2726 2137 autem
2754 2078 3089 2151 sepulcrum
3111 2078 3345 2151 ejus,ut
3362 2075 3475 2150 ipsi
3507 2094 3617 2134 nos
3649 2077 3735 2138 vi-

2067 2164 2286 2234 dimus,
2308 2183 2495 2239 usque
2524 2167 2583 2222 in
2617 2172 2852 2240 tempus
2881 2183 3138 2240 praesens
3170 2166 3229 2222 in
3250 2165 3399 2221 valle
3417 2165 3728 2239 Josaphat,

2066 2252 2126 2309 in
2160 2255 2350 2311 medio
2380 2256 2508 2327 ejus
2534 2255 2792 2312 ecclesia-3
2823 2273 2949 2329 quas
2982 2256 3055 2313 ad
3100 2255 3230 2327 ejus
3278 2254 3562 2311 honorem
3612 2254 3731 2310 ibi-

2067 2343 2201 2399 dem
2233 2348 2323 2401 est
2351 2349 2562 2415 erecta,
2596 2344 2657 2401 in
2689 2362 2807 2419 qua
2836 2343 3069 2419 sepulta
3119 2343 3300 2401 fuisse
3330 2344 3404 2399 ab
3443 2342 3728 2401 omnibus

2070 2432 2164 2488 afﬁ
2174 2438 2418 2490 rmatur.

2141 2522 2203 2578 In
2234 2523 2471 2580 dextera
2508 2541 2643 2579 vero
2691 2524 2955 2597 ejusdem
2999 2520 3274 2579 introitus
3321 2522 3516 2597 imago
3568 2523 3727 2580 beati

2069 2610 2265 2666 Basilii
2297 2612 2553 2686 episcopi
2585 2613 2699 2670 ista
2729 2611 3004 2669 continet.

2257 2729 2444 2777 Matris
2474 2728 2667 2793 Christi
2694 2728 2969 2793 dignitate,

2260 2792 2323 2856 ξι
2351 2791 2549 2840 excelsa
2575 2791 2827 2856 potestate

2257 2855 2350 2918 Est
2377 2854 2610 2918 repertus
2636 2854 2877 2903 Julianus

2257 2916 2443 2981 Saeptis
2462 2916 2621 2981 hostis
2648 2920 2697 2966 et
2722 2918 2999 2981 profanus,

2324 2979 2626 3052 transfuga.
2646 2982 2696 3029 et
2709 2978 2958 3052 per/idus.

2258 3040 2366 3105 Sed
2390 3040 2526 3105 nunc
2545 3040 2834 3105 'miser’tuit
2857 3055 3086 3105 paruam,

2258 3102 2579 3168 Deturbath
2600 3104 2655 3153 in
2684 3102 2973 3168 gehennam
2996 3141 3010 3165 ,

2259 3166 2413 3230 Nam,
2443 3168 2500 3230 ut
2524 3167 2615 3230 pia
2644 3166 2809 3230 mater
2829 3166 3002 3228 iussit,

2262 3228 2455 3293 Christi
2485 3228 2686 3293 martyr
2711 3228 2847 3293 hunc
2871 3228 3121 3293 percussit

2326 3291 2519 3340 Lancea
2549 3291 2849 3340 Mercurius-

2259 3352 2542 3418 Salvatrici
2563 3354 2631 3402 sit
2657 3354 2848 3418 regina

2261 3415 2409 3480 Laus,
2441 3418 2489 3480 et
2516 3415 2678 3480 honor
2705 3415 2818 3480 sine
2842 3415 2967 3480 ﬁne,

2261 3478 2396 3542 Qua.
2423 3477 2579 3542 elegit
2607 3477 2689 3527 hic
2714 3477 2937 3542 lgumari,

2259 3540 2362 3589 Hoc
2390 3539 2627 3589 thesauro
2657 3539 2802 3589 nobis
2832 3540 2952 3588 dari

2322 3603 2529 3652 Poterat
2552 3603 2679 3667 quid
2707 3603 2923 3652 metius?

2145 3712 2277 3764 Haec
2299 3712 2357 3765 et
2377 3708 2491 3765 alia
2510 3708 2766 3781 plurima
2786 3708 3110 3766 ad‘laudem
3131 3709 3388 3784 Virginis
3405 3710 3463 3766 in
3487 3709 3735 3765 introitu

2076 3801 2287 3869 cryptis
2319 3813 2421 3869 per
2448 3796 2736 3870 picturam
2777 3802 2919 3854 sunt
2963 3798 3269 3872 apposita;
3319 3799 3423 3855 sed
3469 3797 3736 3855 interiori

2076 3890 2239 3959 parte
2264 3886 2324 3941 in
2356 3885 2699 3960 parietibus,
2731 3886 2869 3943 hinc
2914 3886 3051 3943 inde
3096 3886 3251 3944 circa
3291 3887 3559 3944 tumbam
3606 3885 3736 3942 exi-

2076 3974 2386 4041 stantibus,
2410 3978 2465 4030 et
2490 3975 2550 4030 in
2571 3974 2831 4048 laqueari
2852 3975 2989 4032 talis
3012 3976 3306 4049 scriptura
3324 3981 3414 4033 est
3442 3976 3733 4050 apposita.

2076 4064 2145 4119 Et
2174 4064 2412 4137 quidem
2442 4064 2500 4119 in
2530 4065 2766 4121 dextero
2798 4064 3016 4137 pariete
3049 4082 3062 4121 :
3097 4065 3271 4122 Maria
3319 4066 3471 4137 virgo
3517 4081 3735 4121 assum-

2072 4159 2171 4224 pta
2191 4159 2269 4208 est
2294 4152 2364 4207 ad
2386 4153 2683 4210 aethereum
2710 4153 3039 4221 thalamum,
3071 4158 3207 4221 etc.,
3257 4153 3467 4211 deinde
3510 4153 3572 4209 in
3620 4151 3735 4209 cir-

2078 4240 2240 4296 cuitu
2270 4258 2289 4295 :
2323 4240 2443 4297 thi
2463 4243 2761 4313 speciosam
2786 4243 2929 4299 sicut
2967 4242 3293 4309 columbam,
3323 4246 3458 4311 etc.,
3491 4258 3683 4314 usque
3716 4259 3733 4298 :

2077 4336 2129 4385 et
2157 4330 2343 4385 lilium
2369 4330 2703 4387 convallium
2723 4351 2760 4398 ;.
2772 4335 2831 4387 et
2858 4336 2986 4387 tum
3019 4331 3439 4404 subjungitur:
3473 4331 3737 4390 Viderunt

2077 4435 2199 4476 eam
2224 4420 2363 4490 ﬁliae
2388 4418 2541 4476 Sion.
2573 4419 2713 4474 Hinc
2736 4427 2878 4475 certe
2904 4420 3145 4489 gloriosa
3180 4420 3337 4489 Virgo
3364 4419 3523 4476 caelos
3549 4436 3738 4476 ascen-

2079 4507 2160 4563 dit
2188 4525 2208 4563 :
2236 4523 2385 4580 rogo.
2416 4492 2671 4577 gaudete;
2712 4508 2845 4580 quia
2891 4507 3250 4580 ineﬂ'abititer
3283 4509 3583 4565 sublimata
3609 4525 3739 4565 cum

320 4569 453 4670 Pw:
487 4559 1973 4670 nrrgffbfl‘j‘ﬂffféfff’fjfifﬁfiﬁ'ﬁf‘ﬁﬁﬁf‘}
2004 4575 2047 4641 D
2080 4558 2521 4665 Christoaregiiat
2548 4597 2609 4651 in
2636 4558 2927 4653 mimum.
3092 4596 3368 4654 anteriori
3400 4613 3415 4652 :
3447 4598 3739 4670 Assumpta

320 4654 493 4710 modo
517 4647 1360 4724 insigni,honorificentissime
1378 4652 1466 4703 est
1488 4646 1804 4719 sepultum.
1830 4648 1971 4704 lluic

321 4741 637 4815 sepulturae
683 4738 830 4806 loco,
880 4738 1016 4793 licet
1061 4734 1411 4793 beatissima:
1454 4735 1712 4808 Virginis
1760 4753 1974 4810 corpus

322 4848 440 4887 non
471 4828 646 4896 adsit,
677 4826 912 4902 egregia
952 4830 1074 4882 tam
1121 4825 1178 4880 in
1220 4823 1482 4880 tabulato
1530 4841 1879 4893 marmoreo,
1910 4831 1975 4882 ut

323 4919 600 4986 diximus,
620 4933 797 4990 quam
819 4915 880 4971 in
902 4917 1140 4989 argento
1163 4916 1219 4970 et
1249 4929 1390 4970 auro
1419 4912 1617 4980 etiam,
1640 4913 1700 4969 in
1731 4915 1972 4971 modum

324 5007 525 5065 cibarii
558 5004 931 5079 superposita
959 5008 1050 5060 est
1086 5002 1337 5076 insignis
1381 5005 1695 5072 structura,
1731 5002 1831 5059 ubi
1860 5002 1975 5061 tale

324 5113 559 5155 carmen
582 5095 815 5167 legitur.

418 5225 785 5299 {lic-[osaphat
814 5224 979 5299 uallis,
1000 5224 1129 5299 .tzipc
1155 5227 1228 5299 est
1258 5224 1331 5298 at!
1353 5222 1531 5299 sidere
1556 5224 1722 5286 callis,

420 5292 489 5363 In.
512 5285 729 5338 Domino
754 5287 1033 5399 [ulta/uit
1059 5287 1140 5360 hic
1168 5289 1335 5361 alario
1367 5285 1583 5350 sepulta,

420 5352 551 5399 Hinc
573 5349 802 5399 exaltata
830 5365 902 5399 cae
923 5365 979 5399 os
1006 5352 1131 5399 petit
1160 5349 1424 5399 inviolata.

420 5352 551 5403 Hinc
573 5349 802 5414 exaltata
830 5349 990 5414 caelos
1004 5351 1131 5414 petit
1160 5349 1424 5407 inviolata,

978 5410 991 5423 Ὀ

421 5414 547 5479 Spes
573 5413 908 5478 captivorum,
942 5412 1042 5473 via,
1079 5412 1186 5473 tux,
1217 5414 1267 5462 et
1295 5415 1462 5462 mater
1486 5426 1679 5462 eorum.

401 5538 527 5605 Hic,
566 5539 738 5611 juxta
784 5553 1008 5594 morem
1066 5537 1459 5606 Hehrteorum,
1508 5537 1661 5594 intra
1708 5540 1975 5595 octavum

330 5626 658 5689 beatissimi
689 5626 974 5686 transitus
1005 5626 1161 5685 diem
1207 5628 1459 5697 visitato,
1508 5631 1566 5684 et
1594 5627 1855 5700 inspecto
1887 5643 1975 5684 se-

2079 4693 2156 4741 est
2185 4684 2359 4740 Maria
2389 4686 2450 4740 in
2490 4684 2707 4740 coelum.
2756 4684 2837 4739 Ex
2884 4684 3152 4758 opposito
3200 4682 3426 4740 latere:
3477 4684 3740 4740 [imitata

2079 4781 2159 4830 est
2192 4780 2383 4830 sancta
2413 4774 2520 4829 Dei
2545 4774 2810 4845 geniti-ix,
2840 4777 2950 4828 etc.
2982 4773 3052 4829 Et
3080 4772 3142 4827 in
3171 4772 3385 4838 medio,
3418 4771 3739 4830 multitudo

2082 4862 2423 4936 angelorum
2454 4862 2774 4918 astantium
2804 4860 2865 4917 in
2893 4861 3144 4918 circuitu
3174 4861 3330 4919 circa
3358 4862 3590 4918 beatam
3620 4861 3741 4918 Ma-

2082 4950 2231 5008 riam
2262 4951 2320 5006 in
2354 4950 2564 5007 throno
2594 4950 2971 5021 residentem,
3017 4967 3121 5025 per
3148 4967 3329 5025 quam
3358 4950 3511 5007 facta
3538 4949 3633 5006 via
3660 4949 3737 5007 ad

2083 5039 2344 5097 ctelestia
2372 5055 2553 5113 regna
2580 5038 2928 5096 declaratur.

2731 5146 2965 5203 CAPUT
2999 5146 3092 5203 XI.

2084 5235 2238 5293 Redit
2285 5242 2476 5292 auctor
2530 5234 2602 5308 ad
2657 5234 3071 5308 descriptionem
3125 5251 3425 5308 sacrorum_
3470 5235 3735 5308 locorum,

2150 5308 2330 5363 muris
2357 5307 2659 5363 Jerusalem
2704 5305 3077 5379 inclusorum,
3094 5308 3373 5379 hospitale
3396 5305 3455 5363 S.
3502 5306 3739 5379 Joannis

2152 5380 2436 5451 Baptistae,
2466 5380 2775 5435 Parthenon
2820 5377 3029 5451 Maria
3056 5377 3297 5451 Majoris,
3345 5377 3738 5451 mpbiumis.

2155 5447 2361 5507 Mariae
2387 5450 2622 5516 Latinae,
2640 5458 2691 5506 et
2717 5451 2908 5506 Sancti
2933 5447 3153 5517 Sabbse,
3174 5450 3414 5507 ecclesiae
3441 5447 3498 5505 S.
3517 5450 3736 5517 Jacobi,

2155 5522 2417 5593 hospitale
2442 5522 2881 5579 Atemannorum.

2155 5628 2289 5686 Jam
2319 5644 2477 5686 nunc
2507 5627 2601 5685 his
2629 5627 2880 5687 breviter
2906 5627 3070 5700 visis,
3103 5645 3232 5703 qua
3260 5629 3335 5686 ad
3382 5625 3741 5685 solutionem
