3992 6090
215 269 388 333 4089

1239 267 1607 331 ἈΝΟΝΥΜΙ
1652 269 2052 332 ΝᾹΒΗᾹἿῚΟ
2093 267 2316 333 BELLI
2357 268 2610 331 SACRI.

3445 241 3630 337 ‘iooo

229 402 374 458 Item
405 401 620 457 eadem
641 399 744 456 die
761 399 1012 457 celebris
1035 401 1326 457 memoria
1356 406 1570 458 sancta:
1603 401 1877 459 urbis’Je-
1907 406 1961 472 Α
1997 418 2148 470 mus,
2183 405 2247 456 ut
2277 400 2487 456 divinis
2511 400 2812 457 alimoniis
2845 401 2903 458 in
2933 402 3060 473 ejus
3091 419 3419 459 mercamur
3448 421 3631 460 mem-

229 489 489 546 rusalem
525 507 572 545 ar
591 489 943 546 Christianis
973 495 1348 562 recuperatas,
1380 496 1436 546 et
1485 509 1554 546 ex
1597 495 1880 564 potestate

232 595 598 652 paganorum
632 584 862 651 ereptae.
899 579 959 633 In
990 577 1172 650 hujus
1203 579 1283 634 rei
1317 579 1661 635 memoriam
1678 581 1880 636 eodem

233 667 328 723 die
359 667 694 724 celebratur
725 667 909 724 missa
939 667 1316 741 ut-sequitur.
1342 671 1638 725 Introitus:
1666 670 1882 724 Lzetare

233 756 763 830 Jerusalem.Kyrie
776 755 1456 829 eleysonﬂunctipotens
1469 757 1695 829 genitor
1705 758 1879 825 Deus,

236 846 424 902 Oratio
455 845 888 918 :0mnipotens
920 845 1271 917 sempiterne
1299 850 1472 912 Deus,
1512 845 1612 917 qui
1669 845 1884 901 virtute

235 940 338 990 tua
368 933 623 991 mirabili
653 933 1303 990 Jerusalemcivitatem
1354 938 1515 990 tuam
1575 935 1644 989 de
1703 951 1882 990 manu

237 1040 601 1097 paganorum
632 1023 860 1092 eruisti,
891 1028 947 1079 et
976 1022 1322 1079 Christianis
1345 1022 1884 1089 tradidisti,-adesto

237 1113 430 1180 nobis,
464 1129 824 1185 quaesumus,
858 1112 1166 1185 propitius,
1203 1117 1266 1167 ut
1300 1112 1424 1184 .qui
1487 1117 1751 1168 sanctam
1791 1128 1886 1166 so-

236 1202 602 1258 lemnitatem
635 1219 832 1257 annua-
853 1201 1164 1257 reeolimus
1186 1201 1588 1270 devotione,ad
1621 1217 1885 1274 superna:

237 1290 565 1347 Jerusalem
597 1289 812 1364 gaudia
843 1291 1141 1364 pervenire
1173 1307 1520 1346 mereamur.
1557 1290 1662 1345 Per
1691 1289 1886 1345 Domi-

241 1397 407 1444 num,
441 1384 548 1435 etc.
581 1381 865 1452 Epistola:
899 1380 1106 1451 Surge,
1140 1379 1498 1445 illuminare,
1537 1377 1886 1448 Jerusalem,

241 1475 353 1524 etc.
405 1470 686 1525 Alleluia:
747 1469 882 1524 Dies
935 1467 1336 1524 sanctificatus
1391 1485 1515 1523 cum
1575 1467 1884 1523 Graduuliz

241 1560 461 1614 Omnes
495 1559 565 1615 de
623 1558 794 1626 Saba,
856 1562 965 1612 etc.
1026 1558 1385 1625 Evangelium
1415 1573 1428 1611 :
1463 1556 1606 1611 Cum
1649 1555 1890 1611 intraret

239 1648 415 1703 Jesus
445 1646 892 1719 Jerosolymam,
926 1649 1038 1701 etc.
1071 1645 1239 1703 Credo
1272 1647 1332 1700 in
1359 1661 1554 1699 unum.
1616 1644 1884 1716 Offertor:

243 1737 490 1792 Dextera
519 1734 772 1801 Domini,
802 1739 908 1790 etc.
945 1736 1180 1790 Secreta.
1216 1734 1373 1790 Hanc
1405 1732 1891 1804 quasumus,Do-

241 1825 423 1892 mine,
485 1823 761 1890 hostiam,
818 1840 993 1895 quam
1027 1823 1159 1878 ‘tihi
1218 1820 1513 1894 supplices
1551 1821 1889 1887 .olt‘erimus,

243 1914 558 1985 dignanter
587 1912 840 1984 suscipe,
873 1916 929 1967 et
959 1911 1087 1982 ejus
1119 1911 1361 1984 myterio
1393 1909 1600 1983 dignos
1633 1926 1736 1965 nos
1767 1909 1893 1964 efﬁ-

246 2019 335 2068 ce,
372 2005 436 2056 ut
468 2000 567 2074 qui
601 2001 670 2057 de
699 1999 1024 2056 Jerusalem
1049 1999 1296 2065 civitate,
1330 1999 1400 2054 de
1432 2015 1610 2054 manu
1645 2013 1894 2070 pagano-

245 2107 378 2146 rum
410 2094 596 2157 eruta,
632 2089 782 2146 hanc
814 2088 967 2144 diem
999 2087 1341 2144 celebrando
1364 2087 1617 2160 agimus,
1643 2085 1894 2142 caelestis

243 2178 574 2234 Jerusalem
609 2177 873 2234 concives
927 2177 1050 2234 fieri
1109 2177 1345 2232 tandem
1406 2193 1754 2232 mereamur.
1792 2174 1896 2230 Per

233 2267 588 2334 Dominum,
621 2272 730 2322 etc.
763 2267 1079 2322 Communia
1111 2284 1128 2321 :
1158 2263 1503 2331 Jerusalem,
1548 2281 1741 2336 surge,
1783 2267 1890 2320 etc.

247 2358 410 2423 Quod
431 2355 818 2429 sumpsimus,
832 2353 1463 2424 Domine,sacriiicium
1479 2354 1549 2408 ad
1564 2352 1822 2424 corporis
1839 2356 1896 2406 et

245 2444 458 2501 anima
491 2445 660 2500 nobis
690 2444 956 2516 proficiat
989 2442 1237 2500 salutem
1279 2447 1342 2498 ut
1387 2443 1488 2514 qui
1521 2442 1590 2497 de
1644 2441 1895 2498 civitatis

245 2539 362 2590 tua:
391 2533 716 2590 Jerusalem
740 2532 1006 2587 libertate
1027 2531 1374 2604 gaudemus,
1401 2531 1459 2584 in
1483 2529 1700 2586 ccelesti
1722 2530 1894 2586 Jeru-
1942 2528 1946 2532 ’

247 2623 432 2679 salem
465 2621 790 2676 haereditari
824 2637 1171 2677 mereamur.
1200 2620 1308 2675 Per
1337 2619 1666 2684 Cominum,
1699 2623 1807 2673 etc.

318 2729 441 2768 vui.
473 2712 609 2774 Idus
637 2709 884 2783 Augusti
915 2709 1242 2766 celebratur
1269 2707 1730 2781 Transfiguratio
1784 2707 1904 2762 Do-

245 2801 392 2864 mini
423 2802 482 2856 in
516 2804 713 2856 monte
744 2799 979 2861 Thabor
1011 2815 1024 2852 :
1070 2799 1347 2862 Introitus,
1390 2806 1442 2854 et
1487 2799 1655 2854 missa.
1697 2813 1798 2868 per
1827 2805 1898 2852 to-

246 2899 362 2946 tum
397 2907 410 2945 :
445 2889 755 2945 Benedicta
785 2887 860 2944 sit
891 2891 1114 2954 sancta,
1149 2891 1258 2943 etc.
1304 2889 1489 2943 Oratio
1521 2905 1539 2942 :
1574 2887 1750 2952 Deus,
1792 2885 1892 2956 qui

247 2979 533 3034 hodierna
553 2978 647 3033 die
673 2976 1049 3050 Unigenitum
1073 2981 1239 3031 tuum
1264 2974 1608 3032 mirabiliter
1624 2976 1892 3029 transfor-

247 3073 476 3126 matum
517 3065 740 3122 caelitus
770 3065 1074 3137 utriusque
1105 3064 1463 3120 Testamenti
1510 3063 1774 3118 Patrihus
1808 3080 1893 3117 re-

1988 491 2094 545 bra
2123 489 2547 558 transformari,
2583 489 2680 562 qui
2713 489 2833 545 haac
2883 489 3078 546 in'sui
3133 491 3476 547 memoriam
3510 492 3634 549 fieri

1990 579 2262 650 praecepit
2289 579 2457 633 Jesus
2487 577 2774 647 Christus,
2811 578 2991 634 Filius
3015 583 3174 646 tuus,
3200 579 3484 637 Dominus
3508 598 3636 638 nos-

1989 673 2097 735 ter,
2131 667 2230 738 qui
2263 671 2620 737 tecum,etc.

2062 774 2137 810 x1.
2170 755 2413 811 Kalend.
2475 756 2742 811 Deccmb.
2801 757 3172 814 Prmsentatio
3229 759 3408 814 beata:
3441 759 3637 816 Maria

1991 843 2246 917 Virginis
2277 845 2336 900 in
2369 845 2608 918 templo.
2643 844 2806 901 Unde
2837 845 2957 900 haec
2987 847 3206 902 dicitur
3247 848 3430 903 oratio
3463 849 3518 903 in
3544 865 3638 905 eo-

1993 934 2125 989 dem
2159 933 2393 1006 templo.
2430 936 2655 990 Oratio:
2689 935 2863 1004 Deus,
2895 936 3001 1008 .qui
3049 941 3313 992 sanctam
3343 936 3445 992 Dei
3469 935 3640 993 Geni-

1992 1022 2217 1088 tricem,
2253 1022 2536 1094 templum
2568 1022 2821 1094 Spiritus
2852 1023 3212 1097 sancti,post
3241 1025 3640 1082 trienniumin

1993 1110 2103 1166 hoc
2134 1110 2351 1182 templo
2383 1111 2613 1166 Domini
2645 1113 2981 1184 praesentari
3013 1112 3244 1169 voluisti
3273 1132 3285 1182 ;
3320 1114 3540 1186 respice
3568 1114 3642 1170 ad

1997 1200 2264 1254 devotam
2295 1199 2403 1255 tibi
2433 1199 2686 1272 plebem,
2722 1205 2778 1255 et
2808 1206 3022 1274 praesta
3061 1207 3124 1257 ut
3181 1202 3279 1274 qui
3337 1203 3466 1274 ejus
3497 1221 3644 1276 prae-

1995 1288 2341 1344 sentationis
2373 1289 2520 1344 festa
2545 1305 2912 1358 veneramur,
2960 1289 3072 1363 ipsi
3108 1290 3392 1364 templum
3424 1290 3483 1346 in
3525 1307 3641 1364 quo

1995 1376 2260 1432 habitare
2292 1377 2552 1449 digneris
2576 1378 2920 1434 efficiamus.
2957 1379 3076 1434 Per'
3097 1379 3426 1436 Dominum.
3459 1385 3567 1436 etc.

2068 1465 2408 1537 Sequuntur
2435 1465 2616 1538 aliqui
2643 1484 2867 1538 versus,
2903 1468 3001 1540 qui
3035 1468 3092 1522 in
3143 1468 3284 1524 locis
3317 1473 3530 1524 sancta:
3562 1467 3642 1525 ci-

1973 1553 2190 1609 'vitatis
2219 1554 2464 1610 diversis
2496 1555 2790 1628 leguntur.
2826 1558 2894 1612 Et
2926 1557 3186 1629 quidem.

2090 1670 2130 1718 1.
2159 1671 2217 1719 In
2236 1669 2623 1734 superliminari
2650 1671 2867 1720 ecclesia
2893 1672 3073 1721 Sancti
3100 1671 3382 1736 Sepulchri,
3413 1673 3519 1721 sic:

1895 1779 1967 1844 ’ῃ
1997 1767 2137 1844 Quid
2149 1769 2354 1844 mulier
2379 1769 2598 1844 ploras?
2627 1783 2713 1829 en,
2739 1770 2872 1844 jam,
2901 1783 3058 1833 quem
3085 1769 3301 1844 quaeris,
3330 1769 3548 1830 adoras,

1998 1841 2077 1888 Me
2109 1839 2328 1903 dignum
2361 1840 2541 1899 recoli,
2567 1841 2682 1904 jam
2714 1842 2895 1891 vivum
2927 1846 3142 1906 tangere
3175 1840 3304 1891 noli.

2297 1946 2361 1995 ll.
2392 1947 2561 1995 Extra
2589 1948 2644 1996 in
2672 1947 2887 1995 introitu
2923 1946 3196 2006 Calvariz,
3231 1948 3308 1996 ita
3337 1961 3355 1996 :

2003 2043 2094 2092 llic
2125 2043 2274 2092 locus
2303 2043 2525 2107 insignis
2554 2044 3031 2094 Calvariasanctus
3059 2044 3304 2103 habetur,

2003 2115 2098 2163 Pro
2129 2114 2282 2174 duce,
2313 2129 2408 2177 pro
2440 2116 2632 2177 pretio,
2661 2129 2758 2178 pro
2789 2129 2967 2174 cruce,
2997 2130 3095 2179 pro
3121 2115 3348 2165 ὕπεισι-0.

2001 2185 2201 2247 Nempe
2227 2185 2353 2234 Jesu
2385 2200 2563 2240 cruor.
2592 2188 2647 2235 et
2676 2187 2879 2246 titulus,
2911 2200 3066 2236 saera
3096 2187 3332 2249 corporis
3360 2186 3525 2247 unda,

2001 2255 2108 2303 Nos
2137 2255 2324 2315 salvat,
2352 2256 2582 2316 redimit,
2611 2257 2859 2321 protegit,
2892 2263 3051 2321 atque
3079 2257 3234 2306 lavat.

2154 2362 2249 2410 ΙΙΙ.
2273 2363 2415 2412 [ntus
2443 2363 2516 2412 ad
2543 2363 2908 2428 depositionem
2938 2364 3164 2420 Domini,
3190 2364 3284 2414 hoc
3311 2364 3462 2415 modo
3492 2380 3510 2414 :

1987 2460 2042 2510 Α
2073 2459 2246 2510 charis
2274 2475 2396 2510 caro
2427 2461 2589 2511 chara
2623 2463 2714 2512 Dei
2739 2462 3028 2526 lacrymat-a
3057 2463 3263 2514 levatur

2001 2532 2040 2580 A
2064 2545 2255 2591 cruce;
2289 2546 2383 2594 pro
2413 2533 2620 2581 miseris
2650 2547 2737 2582 rex
2769 2533 2888 2596 pius
2915 2533 3031 2583 haec
3061 2535 3276 2598 patitur,

2122 2637 2148 2684 Ι
2161 2637 2210 2684 Ι’.
2243 2638 2386 2686 Intus
2405 2653 2571 2702 prope
2598 2637 2672 2687 ad
2701 2639 2908 2690 Domini
2933 2638 3273 2704 sepulturam,
3291 2639 3480 2690 taliter
3507 2656 3526 2690 :

2001 2734 2258 2784 Conditor
2280 2735 2334 2784 in
2365 2735 2572 2786 tumulo
2601 2736 2852 2786 conditus
2879 2741 3116 2787 aromate
3144 2736 3404 2798 Christus,

2001 2805 2220 2854 Tollitur
2250 2805 2314 2853 ad
2347 2820 2569 2868 superos
2598 2807 2771 2856 meriti
2801 2807 3168 2857 moderamine
3193 2808 3396 2871 justus,

2002 2876 2206 2924 Gaudet
2223 2875 2401 2934 homo,
2425 2875 2692 2938 trepidant
2719 2891 2922 2936 manes,
2955 2878 3118 2940 gemit
3134 2878 3314 2926 omnis
3333 2877 3587 2942 .abyssus.

2001 2946 2090 2994 Est
2121 2959 2369 2994 excessus
2396 2946 2542 3002 Adae,
2573 2946 2777 2996 Christo
2805 2948 3073 3007 veniente,
3104 2948 3374 2996 remissus.

2081 3051 2135 3100 V.
2171 3052 2294 3102 Item
2326 3051 2533 3112 ibidem,
2559 3051 2653 3100 sed
2671 3067 2770 3116 per
2798 3051 3206 3114 medium,.hunc
3239 3053 3290 3102 in
3323 3051 3528 3102 modum
3559 3067 3574 3104 :

246 3156 476 3223 velasti,
508 3156 583 3210 da
613 3154 802 3222 nobis,
823 3171 1182 3227 quaesumus,
1209 3152 1591 3225 beneplacitis
1624 3151 1727 3206 tibi
1752 3152 1890 3206 acti-
1924 3145 1966 3212 C
2002 3150 2108 3227 gub
2140 3150 2345 3227 tumulo
2375 3149 2718 3227 lapidisduni
2747 3152 2822 3227 sic
2850 3149 3088 3227 Christus
3117 3150 3435 3227 tumulatur,

249 3247 365 3302 bus
396 3246 467 3300 ad
491 3245 618 3316 ejus
641 3260 873 3318 semper
896 3240 1404 3315 contemplandam
1429 3241 1755 3314 pertingere
1776 3240 1897 3313 glo-

250 3336 427 3401 riam,
459 3334 519 3394 in
553 3350 667 3406 quo
698 3337 810 3388 tua;
841 3331 1354 3404 paternitatibene
1393 3329 1815 3402 complacuisse
1837 3345 1898 3384 es

251 3426 524 3479 testatus.
556 3420 1018 3487 PerDominum,
1050 3422 1160 3474 etc.
1183 3419 1397 3474 Secreta
1421 3436 1433 3473 :
1459 3417 1719 3489 Suscipe,
1744 3434 1898 3490 quaa-

252 3529 487 3580 sumus,
520 3510 765 3566 Domine
796 3514 999 3568 sancte
1032 3509 1196 3563 Pater
1236 3507 1626 3578 omnipotens,
1658 3522 1904 3562 munera
1941 3494 1948 3498 ’

253 3618 383 3674 quae
418 3616 520 3672 pro
552 3598 807 3672 gloriosa
843 3596 963 3652 Filii
995 3597 1080 3651 tui
1129 3594 1645 3668 transfiguratione
1693 3593 1899 3649 deferi-

253 3706 390 3746 mus
425 3704 438 3746 :
472 3693 528 3744 ct
556 3688 808 3744 concede
839 3686 1127 3758 prOpitius
1158 3691 1276 3740 uta
1305 3683 1727 3756 temporalibus
1758 3682 1899 3738 libe-

253 3776 861 3838 remurinccmmodis
883 3779 939 3831 et
957 3773 1192 3846 gaudiis
1213 3779 1631 3829 connectamur
1646 3771 1898 3828 aeternis.

253 3868 365 3930 Per
393 3867 728 3932 Dominum,
753 3870 862 3920 etc.
882 3865 1197 3919 Communia
1220 3882 1237 3916 :
1256 3863 1428 3930 Deus,
1455 3860 1554 3933 qui
1577 3860 1726 3916 hanc
1747 3861 1902 3917 diem

251 3955 547 4014 incarnati
579 3953 750 4011 Verbi
780 3953 864 4008 tui
884 3952 1414 4026 transﬁgurationc;
1436 3955 1652 4022 tuaque
1673 3950 1744 4006 ad
1768 3967 1902 4006 eum

253 4046 442 4104 missa
467 4043 842 4118 paternitatis
873 4059 1008 4098 voce
1031 4039 1382 4100 consecrasti
1410 4059 1422 4109 ;
1445 4040 1657 4106 tribue,
1681 4057 1905 4112 quzesu-

247 4217 2698 4252 Μ

2005 3222 2132 3285 Ejus
2161 3221 2226 3270 ad
2256 3221 2540 3285 exsequias
2569 3221 2772 3270 homini
2801 3221 2994 3271 ccelum
3025 3225 3309 3271 reseratur.

2280 3328 2358 3377 Vl.
2391 3327 2449 3378 In
2481 3328 2586 3378 loco
2613 3327 2914 3378 Nativitatis
2945 3327 3170 3378 Domini.
3203 3327 3387 3377 Itidem

2005 3426 2269 3491 Angelicm
2299 3428 2481 3476 lumen
2513 3425 2740 3486 virtutis,
2770 3429 2822 3476 et
2849 3423 2966 3488 ejus
2992 3439 3237 3484 acumen,

2010 3499 2103 3547 llic
2132 3502 2289 3548 natus
2320 3511 2443 3547 vere
2475 3499 2614 3546 Deus
2643 3500 2724 3546 est
2752 3495 2816 3546 de
2846 3491 3058 3560 Virgine
3088 3501 3276 3546 matre.

2016 3604 2126 3653 VII.
2159 3606 2216 3654 In
2259 3604 2649 3669 supertiminart
2685 3604 2928 3724 inlgroitus
2964 3605 3225 3655 interioris
3261 3604 3335 3655 ad
3361 3603 3656 3670 sepulcrum

2765 3690 2944 3724 omini.

2765 3690 2944 3725 οηιιηι.

2010 3765 2216 3814 Christo
2252 3765 2489 3828 surgenti
2519 3764 2686 3823 locus,
2719 3767 2774 3814 et
2794 3768 2972 3814 custos
3000 3765 3356 3824 monumenti,

2014 3837 2266 3899 Angelus,
2299 3840 2350 3885 et
2379 3836 2556 3893 vestis,
2589 3834 2706 3894 fuit,
2739 3840 2920 3898 estque
2949 3835 3243 3900 redemptio
3272 3836 3438 3886 testis.

2083 3949 2241 4006 Alios
2275 3950 2470 4022 plures
2499 3967 2700 4008 versus
2731 3967 2834 4024 per
2857 3950 3120 4008 Historiae
3145 3955 3479 4009 contextum
3519 3952 3656 4010 des-

2011 4057 2344 4112 cripmmus.

2701 4217 3659 4246 2m

1543 4425 2382 4528 ANONYMI

837 4659 1320 4755 BltEVIS
1411 4655 2101 4754 NABBATIO
2192 4659 2587 4749 BELLI
2681 4657 3066 4749 SACBI

1061 4839 1382 4910 (MARTBNE,
1417 4838 1595 4911 Ampl.
1629 4837 1791 4904 Coll.,
1821 4836 1890 4904 V,
1922 4837 2048 4905 536,
2079 4853 2149 4893 ex
2175 4853 2290 4894 ms.
2323 4836 2450 4892 cod.
2486 4834 2854 4908 Florinensi.)

1750 4995 2147 5012 m

1435 5121 1745 5181 TITULUS
1786 5123 2185 5192 SEQUENTIS
2224 5121 2499 5178 OPERIS.

257 5299 577 5370 Historiam
611 5297 808 5372 parvis
838 5294 1073 5370 scriptis
1104 5297 1262 5350 tenet
1293 5291 1388 5348 ille
1416 5291 1690 5362 libellus;

257 5390 336 5449 Ut
367 5389 479 5445 fuit
507 5390 649 5446 urbs
680 5390 848 5460 capta
878 5404 911 5442 a
942 5387 1298 5441 Francorum
1327 5387 1499 5454 gente
1519 5380 1729 5451 Nicaea,

258 5480 371 5537 Pro
403 5496 520 5552 qua
553 5479 909 5534 Francorum
939 5473 1274 5529 ceciderunt
1303 5470 1488 5526 millia
1508 5473 1769 5540 centum,

257 5572 420 5640 Quos
445 5568 684 5644 Solyma
711 5562 937 5633 stravit,
967 5560 1234 5635 princeps
1256 5559 1400 5617 dum
1428 5559 1613 5618 victus
1637 5559 1837 5620 abivit.

1931 5289 1979 5353 D
2011 5291 2295 5364 Quodque
2325 5290 2524 5348 labore
2554 5290 2729 5348 famis
2758 5288 2912 5347 bello
2939 5289 3136 5363 plures
3159 5291 3440 5361 cecidere,

2018 5380 2232 5437 Urbem
2261 5381 2360 5452 qui
2395 5380 2614 5437 claram
2638 5380 2907 5438 vicerunt
2932 5380 3380 5450 Antiochenam,

2021 5469 2089 5526 Et
2119 5469 2218 5541 qui
2249 5469 2576 5526 Jerusalem
2605 5471 2894 5526 venerunt
2925 5467 3086 5541 pacis
3113 5469 3187 5524 ad
3219 5471 3450 5534 urbem,

2019 5565 2100 5615 Ac
2130 5558 2354 5617 Turcos
2383 5558 2586 5619 sancto
2615 5555 2852 5619 Domini
2880 5551 3149 5634 pepulere
3177 5555 3475 5632 sepulcro,
