3992 6090
376 270 521 336 1091

369 402 594 460 Auxilio
626 402 856 459 Domini
877 403 1164 476 sedesque
1189 422 1203 472 ;
1227 405 1293 460 fit
1322 404 1538 477 inclyta
1570 404 1752 477 regni,

371 497 486 547 lloc
518 508 695 564 regno
727 507 892 564 reges
925 492 1247 563 reprimens
1280 493 1644 565 populosque
1677 491 1940 548 rebelles.

367 586 486 636 lIac
517 598 714 653 pugna
743 580 879 636 belli
911 581 1248 654 quicunque
1278 583 1435 638 fuere
1467 581 1770 654 perempti,

369 669 591 741 Quique
621 668 819 726 labore
849 669 951 724 viae
984 670 1419 742 peregrinantes
1442 671 1657 740 obiere,

366 759 578 815 Christi
609 758 829 813 militiae
861 759 987 814 εαξιί
1012 760 1347 832 jungantur
1379 759 1436 812 in
1460 776 1611 814 arce.

366 848 482 903 Hoc
514 864 758 919 regnum
791 846 912 903 solo
942 847 1288 902 Godefridus
1312 848 1430 902 dux
1458 847 1634 903 habet
1660 865 1831 903 anno.

362 938 560 991 Annos
591 936 907 991 octodecim
943 929 1258 990 Balduinus
1290 952 1417 990 eam
1453 937 1600 1008 regit
1631 937 1855 991 urbem.

366 1025 432 1080 Hi
466 1025 578 1079 duo
611 1023 884 1079 Germani
915 1023 1078 1096 digni
1111 1023 1440 1080 diademate
1471 1025 1654 1097 regni,

365 1111 572 1167 Militia
604 1111 764 1179 clari,
799 1113 998 1178 fortes,
1035 1111 1184 1167 bello
1217 1112 1538 1182 metuendi,

363 1200 553 1255 Pauca
581 1205 751 1273 gente
784 1218 892 1256 sua
921 1206 1232 1272 gesserunt
1261 1201 1459 1273 praelia
1491 1201 1680 1256 multa

363 1289 483 1345 Illis
511 1290 752 1346 infestas
779 1293 1108 1345 sternentes
1139 1289 1292 1345 caede
1322 1294 1606 1354 catervas,

365 1379 582 1451 Perque
613 1379 796 1434 Deum
831 1378 1004 1434 fortes
1037 1380 1266 1434 fuerant
1299 1376 1609 1450 Babylonis
1640 1377 1698 1432 in
1731 1376 1929 1434 hostes

363 1467 758 1524 Dilataverunt
788 1483 1055 1538 regnum,
1090 1467 1242 1538 quod
1275 1471 1414 1522 tunc
1448 1466 1782 1522 habuerunt

888 271 990 332 AD
1037 269 1549 335 GODEFIlIDUM
1591 269 1932 335 APPEND.
1977 265 2486 335 lI.'-MONUM.
2534 267 2634 330 DE
2678 267 2926 330 BELLO
2969 267 3244 330 SACRO.

2042 406 2095 471 Α
2130 405 2192 459 ln
2225 419 2401 475 regno
2433 400 2668 469 Christi,
2703 418 2859 457 nunc
2883 400 3001 458 sint
3033 377 3157 456 sine
3191 399 3303 456 [ine
3332 399 3506 456 beati.

3612 266 3761 332 1092

2125 491 2439 564 Imperium
2473 507 2722 562 quorum
2755 494 3035 563 cognatus
3067 489 3324 562 sumpsit
3352 505 3554 545 eorum

2126 580 2286 636 Alter
2316 579 2640 635 Balduinus
2670 595 2901 634 morum
2958 579 3245 651 probitate
3295 578 3560 646 decorus,

2134 669 2295 734 Quod
2327 685 2429 740 per
2457 668 2785 740 quindenos
2817 666 2964 723 rexit
2995 666 3240 722 feliciter
3269 684 3475 736 annos,

2124 757 2372 829 Excepto
2405 757 2527 811 solo
2561 774 2678 828 quo
2709 757 2973 828 captivus
3005 756 3114 811 fuit
3142 773 3316 811 anno.

2123 845 2348 918 Regnat
2379 863 2483 918 pro
2513 863 2710 902 socero
2737 844 2914 900 Volco
2938 861 3132 900 comes
3159 845 3618 918 Andegavensis,

2122 934 2224 989 Hic
2258 935 2314 989 in
2347 934 2664 990 tredecimo
2699 934 2860 1006 regni
2893 934 3233 1006 defungitur
3265 951 3437 990 anno.

2122 1021 2257 1078 Post
2287 1027 2513 1094 patrem
2546 1023 2728 1079 ternis
2760 1021 3080 1078 Balduinus
3115 1022 3319 1078 tertius
3348 1023 3538 1092 annis,

2121 1110 2429 1167 Praefectus
2461 1129 2638 1184 regno
2662 1113 2787 1182 jam
2822 1111 3058 1167 nomine
3089 1110 3286 1168 clarus
3310 1112 3480 1167 avito.

2121 1200 2229 1264 Qui
2261 1200 2600 1273 compilavit
2625 1200 2802 1256 simul
2836 1205 2892 1256 et
2921 1200 3287 1256 conscribere
3317 1200 3450 1256 fecit

2120 1288 2237 1344 Hoc
2267 1306 2438 1361 opus,
2469 1295 2693 1345 aeterna:
2725 1289 2837 1346 sibi
2869 1289 2946 1344 sit
2976 1288 3282 1345 retributio
3311 1289 3462 1344 vitm.

2122 1376 2326 1449 Incipit
2359 1377 2604 1434 historia
2633 1379 2866 1434 Nicaena
2895 1377 2982 1434 vel
3013 1377 3392 1450 Antiochena,

2120 1465 2292 1522 Urbis
2321 1467 2609 1538 praeclarae
2641 1484 2863 1523 necnon
2891 1466 3408 1540 Jerosolymitanae.

1850 1598 2251 1612 —

1414 1693 1693 1753 BREVIS
1737 1693 2138 1754 NARBATIO
2183 1695 2410 1754 BELLI
2457 1693 2703 1754 SACIlI.

437 1804 485 1857 1.
519 1802 683 1857 Anno
717 1799 1000 1855 incarnati
1032 1797 1202 1853 Verbi
1229 1797 1543 1853 millesimo
1567 1799 2011 1870 nongentesimo
2040 1801 2088 1866 B
2185 1801 2236 1854 5.
2273 1799 2491 1854 Obessa
2519 1798 2844 1866 Antiochia,
2877 1798 2936 1853 in
2989 1802 3218 1853 tantum
3278 1800 3564 1854 attenuati
3624 1805 3763 1856 sunt

363 1891 609 1964 septimo
642 1887 1029 1944 occidentales
1059 1885 1276 1958 populi,
1328 1886 1590 1942 dolentes
1649 1886 1776 1942 loca
1805 1891 2010 1942 sancta

361 1979 738 2048 Jerosolymis
769 1995 802 2032 a
822 1976 1140 2049 gentilibus
1163 1974 1476 2046 profanari,
1503 1980 1557 2029 et
1589 1977 1808 2030 Turcos
1831 1975 2006 2029 etiam

365 2070 646 2124 terminos
677 2065 1141 2122 Christianorum
1166 2065 1290 2135 jam
1325 2063 1511 2118 multa
1543 2081 1609 2118 ex
1648 2068 1810 2135 parte
1842 2063 2006 2118 inva-

363 2159 530 2225 sisse,
560 2153 1017 2211 innumerabiles
1037 2171 1154 2207 una
1173 2153 1526 2224 aspiratione
1544 2153 1707 2218 moti,
1725 2157 1782 2207 et
1804 2151 2006 2207 multis

362 2247 546 2320 signis
579 2245 686 2300 sibi
721 2243 992 2310 ostensis,
1024 2241 1122 2296 alii
1154 2242 1224 2296 ab
1248 2240 1376 2296 aliis
1399 2240 1661 2306 animati,
1689 2240 1884 2306 duces,
1912 2257 2004 2295 co-

360 2336 554 2404 mites,
577 2337 864 2405 potentes,
891 2330 1114 2385 nobiles
1137 2335 1192 2385 et
1215 2329 1522 2402 ignobiles,
1547 2329 1754 2384 divites
1773 2335 1824 2383 et
1867 2347 2006 2401 pau-

361 2441 546 2498 peres,
582 2422 745 2477 liberi
769 2425 826 2476 et
857 2419 1026 2485 servi,
1051 2419 1328 2490 episcopi,
1357 2418 1568 2486 clerici,
1606 2418 1897 2484 monachi,
1923 2435 2006 2473 se-

361 2528 464 2568 nes
495 2509 831 2580 etjuvenes,
866 2507 1042 2561 etiam
1076 2505 1238 2577 pueri
1271 2511 1325 2560 et
1369 2505 1596 2577 puellae,
1631 2523 1836 2561 omnes
1887 2523 2002 2561 uno

360 2599 576 2664 animo,
593 2596 819 2652 nullum
837 2593 951 2650 ullo
968 2595 1328 2666 angariante,
1346 2594 1603 2664 undique
1627 2599 2000 2661 concurrunt,

357 2690 431 2746 ab
461 2686 758 2760 Hispania,
789 2702 823 2739 a
879 2683 1196 2738 Provincia.
1230 2683 1302 2737 ab
1333 2683 1663 2754 Aquitania,
1699 2700 1732 2737 a
1781 2683 2000 2737 Britan-

357 2779 474 2844 nia,
499 2796 532 2833 a
562 2777 774 2838 Scotia,
809 2775 880 2830 ab
915 2771 1141 2844 Anglia,
1167 2788 1200 2826 a
1226 2771 1642 2838 Nothmannia,
1674 2789 1708 2826 a
1739 2771 1998 2840 Francia,

355 2887 389 2924 a
419 2864 813 2937 Lotharingia,
848 2881 881 2918 a
912 2859 1266 2934 Burgundia,
1303 2877 1336 2914 a
1359 2861 1690 2925 Germania,
1716 2878 1748 2916 a
1781 2861 2001 2933 Lango-

355 2957 580 3023 bardia,
611 2956 682 3010 ab
713 2951 943 3025 Apulia,
983 2955 1038 3007 et
1070 2951 1140 3006 ab
1175 2948 1308 3005 aliis
1341 2950 1556 3021 regnis,
1591 2955 1647 3005 et
1686 2949 1895 3005 virtute
1944 2954 2000 3005 et

356 3046 522 3120 signo
554 3048 767 3099 sanctae
801 3040 990 3096 crucis
1023 3037 1236 3110 signati
1267 3042 1322 3092 et
1352 3039 1558 3092 armati
1587 3038 1768 3093 ultum
1803 3038 1884 3094 ire
1905 3056 2000 3110 pa-

356 3139 488 3189 rant
520 3132 767 3204 injurias
797 3130 894 3185 Dei
930 3129 987 3183 in
1021 3128 1216 3182 hostes
1261 3127 1574 3181 Christiani
1620 3127 1892 3182 nominis.
1927 3129 1996 3182 Et

299 3273 302 3278 .
354 3225 572 3294 quanto
606 3220 854 3292 quisque
877 3218 1160 3272 hactenus
1182 3216 1249 3270 ad
1277 3216 1654 3270 exercendam
1676 3215 1998 3270 mundimi-

351 3312 536 3367 litiam
569 3313 691 3365 erat
723 3307 977 3380 pronior,
1011 3310 1172 3360 tanto
1206 3322 1361 3359 nunc
1395 3305 1464 3358 ad
1497 3305 1875 3359 exercendam
1908 3305 1997 3360 ul-

355 3406 440 3456 tro
473 3399 571 3455 Dei
603 3397 872 3452 militiam
909 3395 970 3449 fit
1003 3393 1342 3465 promptior,
1379 3392 1718 3448 firmissima
1745 3410 1883 3464 pace
1914 3393 1999 3449 in-

350 3489 519 3547 terim
554 3485 770 3557 ubique
801 3482 1141 3554 composita,
1175 3486 1232 3537 et
1263 3482 1449 3554 primo
1479 3481 1710 3536 Judzeos
1741 3481 1800 3536 in
1832 3482 1996 3536 urbi-

2117 1887 2429 1942 Cliristiani
2466 1891 2698 1959 propter
2725 1886 2988 1942 omnium
3023 1903 3215 1942 rerum
3247 1888 3574 1958 penuriam,
3610 1895 3670 1943 ut
3701 1889 3761 1944 in

2115 1980 2234 2030 toto
2268 1975 2517 2031 exercitu
2550 1977 2641 2030 vix
2672 1981 2904 2030 centum
2939 1975 3073 2031 boni
3091 1976 3222 2048 equi
3247 1975 3660 2033 invenirentur.
3693 1978 3764 2034 Et

2117 2069 2308 2120 tamen
2334 2065 2600 2137 quamvis
2623 2081 2689 2120 ea
2707 2063 3109 2136 desperatione
3133 2082 3325 2120 rerum
3354 2064 3521 2120 multi
3547 2083 3608 2122 se
3630 2067 3764 2122 sub-

2115 2153 2445 2220 straxerint,
2481 2153 2651 2208 multi
2684 2153 2858 2208 etiam
2895 2153 3357 2226 repatriaverint,
3405 2171 3556 2210 nono
3601 2154 3763 2210 obsi-

2115 2242 2306 2297 dionis
2339 2260 2539 2298 mense
2572 2247 2745 2314 capta
2768 2242 3099 2298 Antiochia.
3126 2241 3488 2298 Christiania
3518 2245 3766 2315 paganis

2113 2348 2279 2386 versa
2307 2332 2428 2386 vice
2459 2331 2706 2395 obsessi,
2739 2336 2904 2386 tanta
2945 2332 3094 2385 fame
3142 2330 3340 2385 afflicti
3383 2335 3539 2398 sunt,
3576 2337 3641 2386 ut
3671 2332 3766 2387 vix

2114 2419 2292 2491 aliqui
2309 2421 2380 2476 ab
2405 2420 2680 2475 humanis
2699 2419 2974 2476 carnibus
2998 2437 3057 2474 se
3080 2419 3439 2474 abstinerent
3465 2437 3476 2474 :
3503 2421 3604 2476 sed
3626 2437 3763 2476 con-

2116 2509 2306 2564 fortati
2337 2527 2370 2564 a
2392 2509 2506 2565 Deo
2522 2526 2622 2581 per
2641 2509 2933 2564 inventam
2959 2508 3145 2581 ipsius
3169 2508 3430 2564 lanceam
3446 2527 3480 2564 a
3503 2515 3766 2582 tempore

2113 2597 2507 2668 apostolorum
2545 2615 2659 2651 non
2691 2598 2898 2663 visam,
2933 2596 3062 2670 ipsa
3089 2597 3291 2652 lancea
3343 2597 3500 2668 ipsos
3549 2615 3762 2670 prince-

2111 2687 2300 2753 dente,
2335 2685 2558 2742 obsessi
2610 2686 3020 2741 obsessoribus
3068 2691 3490 2742 concurrerunt
3545 2692 3757 2759 quarto

2112 2774 2230 2830 Kal.
2263 2774 2423 2840 Julii,
2460 2779 2516 2830 et
2545 2775 2653 2829 hoc
2675 2775 2849 2830 tertio
2882 2773 3033 2829 bello
3055 2773 3352 2829 victoriam
3375 2775 3566 2846 adepti
3590 2782 3753 2831 sunt.

2177 2864 2232 2918 6.
2269 2865 2549 2929 Quartum
2582 2863 2799 2918 bellum
2831 2863 2940 2917 fuit
2968 2863 3052 2918 eis
3082 2862 3139 2916 in
3174 2863 3458 2919 Romanis
3479 2863 3755 2922 Kalendis

2106 2952 2246 3008 Julii
2279 2955 2334 3007 et
2360 2953 2439 3008 ibi
2462 2952 2632 3008 Turei
2665 2952 2799 3007 victi
2834 2956 2992 3008 sunt.

2175 3045 2229 3098 7.
2265 3042 2588 3097 Commissa
2616 3040 2920 3096 Antiochia
2972 3041 3103 3096 duci
3163 3041 3542 3106 Boiamundo,
3585 3042 3753 3098 Chri-

2110 3130 2284 3186 stiani
2300 3137 2534 3203 propter
2547 3131 2847 3185 vitandum
2862 3130 3097 3185 taedium
3112 3135 3168 3185 et
3182 3131 3479 3201 famem,et
3500 3131 3754 3188 maxime

2111 3225 2344 3291 propter
2373 3219 2697 3274 discordias
2721 3218 3051 3291 principum
3083 3219 3538 3291 proﬁciscuntur
3563 3219 3624 3275 in
3657 3222 3757 3293 Sy-

2106 3308 2250 3363 riam
2285 3315 2340 3365 et
2361 3308 2708 3381 expugnatis
2731 3308 2923 3363 Marra
2943 3313 3000 3362 et
3023 3309 3198 3362 Barra
3216 3309 3462 3365 urbibus
3483 3309 3756 3364 Sarrace-

2107 3415 2335 3464 norum,
2371 3402 2426 3452 et
2456 3396 2658 3452 multis
2690 3396 2989 3468 regionum
3015 3395 3290 3463 castellis,
3324 3400 3488 3452 tanta
3518 3396 3598 3452 ibi
3631 3414 3758 3454 rur-

2107 3504 2238 3542 sum
2271 3487 2423 3542 fame
2463 3485 2652 3541 aﬂ‘ecti
2694 3490 2852 3552 sunt,
2906 3491 2970 3540 ut
3012 3501 3254 3557 corpora
3296 3486 3756 3543 Sarracenorum

351 3579 463 3634 bus
494 3577 550 3631 in
585 3574 800 3647 quibus
847 3576 1013 3627 erant
1059 3570 1339 3643 aggressi,
1372 3587 1470 3625 eos
1519 3571 1590 3624 ad
1641 3571 1995 3626 credendum
2096 3576 2222 3646 jam
2259 3575 2498 3630 fetentia
2531 3575 2830 3630 comedere
2861 3573 3150 3647 compulsi
3182 3573 3319 3629 sint.

351 3665 582 3722 Christo
613 3660 1235 3734 compellunt,credere
1267 3659 1529 3714 nolentes
1552 3659 1721 3714 bonis
1745 3659 1995 3731 privant,

350 3753 647 3810 trucidant
675 3755 776 3807 aut
806 3749 1053 3806 urbibus
1083 3747 1421 3816 eli'ninant;
1445 3747 1630 3820 aliqui
1649 3749 1865 3819 postad
1891 3748 1997 3804 Ju-

349 3843 647 3900 daismum
678 3840 1069 3896 revolvuntur.

420 3936 473 3988 2.
509 3929 857 3986 Eminebant
887 3928 945 3982 in
976 3927 1084 3982 hoc
1107 3925 1206 3981 Dei
1229 3925 1451 3981 hostico
1475 3926 1590 3980 dux
1609 3925 1993 3998 Lotharingia

348 4020 693 4077 Godefridus
714 4022 772 4075 et
800 4019 1006 4073 fratres
1035 4017 1163 4088 ejus
1197 4014 1545 4070 Eustachius
1568 4018 1625 4070 et
1649 4014 1992 4082 Balduinus,

348 4110 670 4166 Balduinus
700 4124 894 4163 comes
928 4103 1266 4172 Montensis,
1292 4103 1579 4159 Robertus
1611 4119 1803 4159 comes
1824 4104 1992 4159 Flan-

348 4198 596 4267 drensis,
626 4197 960 4270 Stephanus
1004 4211 1198 4250 comes
1252 4192 1564 4260 Blesensis,
1609 4193 1772 4265 Hugo
1817 4193 1994 4248 frater

346 4287 499 4362 regis
543 4288 920 4351 Francorum,
955 4284 1242 4339 Robertus
1286 4298 1481 4337 comes
1529 4281 1987 4349 Northmanniaa,

347 4377 715 4433 Raimundus
747 4391 943 4431 comes
973 4370 1164 4428 Sancti
1195 4369 1427 4443 zEgidii,
1450 4369 1851 4426 Boiamundus
1873 4371 1991 4426 dux

341 4465 583 4540 Apuliae.

2180 3667 2231 3718 8.
2265 3663 2560 3718 Exercitus
2593 3663 2693 3719 Dei
2726 3662 2922 3718 divino
2966 3662 3190 3718 monitu
3223 3662 3280 3718 in
3314 3663 3593 3720 interiora
3651 3664 3756 3719 Hi-

2105 3753 2323 3824 spania:
2357 3753 2428 3824 (1)
2463 3753 2757 3824 profectus
2807 3751 2970 3825 larga
3012 3750 3111 3808 Dei
3161 3769 3340 3807 manu
3391 3751 3754 3809 refoeillatus

2105 3847 2212 3906 est,
2245 3841 2383 3913 quia
2415 3841 2566 3897 cives
2598 3846 2653 3896 et
2683 3839 2983 3896 castellani
3035 3839 3193 3895 illius
3241 3840 3495 3913 regionis
3525 3839 3754 3914 legatos

2103 3945 2237 3983 cum
2270 3928 2470 3982 multis
2511 3927 2769 3984 donariis
2800 3928 2872 3983 ad
2919 3945 3016 3984 eos
3065 3928 3516 4000 praemittebant,
3561 3930 3756 4001 parati

2102 4017 2278 4072 etiam
2309 4016 2522 4088 oppida
2551 4015 2638 4072 vel
2670 4017 2844 4072 urbes
2875 4016 2960 4072 eis
2999 4017 3250 4087 tradere,
3281 4033 3315 4072 a
3346 4016 3561 4088 quibus
3590 4017 3758 4072 Chri-

2103 4106 2296 4173 stiani,
2323 4105 2628 4161 securitate
2643 4109 2896 4178 accepta,
2921 4110 2978 4161 et
2999 4105 3214 4161 indicto
3237 4105 3482 4161 urbibus
3503 4105 3751 4172 tributo,

2099 4194 2334 4252 interim
2355 4196 2530 4250 etiam
2554 4193 2759 4250 multis
2781 4211 2983 4250 eorum
3007 4195 3107 4266 qui
3131 4211 3193 4250 se
3213 4194 3656 4250 substraxerant
3675 4195 3752 4250 ad

2100 4301 2198 4340 eos
2224 4285 2378 4356 apud
2410 4285 2627 4356 Tyrum
2659 4283 3114 4355 recurrentibus,
3135 4283 3370 4339 tandem
3402 4283 3757 4355 perveniunt

2097 4373 2444 4438 Jerusalem,
2469 4389 2650 4444 eaque
2672 4373 2913 4428 obsessa
2934 4389 3068 4427 cum
3089 4372 3422 4428 laborarent
3442 4389 3546 4444 pro
3559 4371 3752 4428 victus

2097 4467 2153 4517 et
2183 4461 2433 4519 maxime
2465 4478 2567 4534 pro
2598 4479 2761 4533 aquaa
2793 4461 3056 4533 penuria,
3091 4478 3294 4517 omnes
3325 4478 3392 4516 ex
3443 4463 3750 4517 communi

421 4557 476 4611 3.
510 4555 809 4611 Exercitus
840 4551 939 4608 Dei
972 4567 1287 4624 aggressus
1317 4548 1597 4604 terminos
1629 4566 1991 4621 paganorum
2021 4535 2069 4600 D
2101 4553 2329 4608 decreto
2363 4552 2540 4607 nudis
2572 4550 2820 4623 pedibus
2850 4549 3110 4622 quotidie
3151 4550 3370 4608 orando
3416 4549 3753 4608 circuibant

342 4644 450 4700 viri
494 4643 625 4700 liter
642 4642 1171 4716 agit,primumque
1195 4637 1278 4694 eis
1299 4637 1406 4692 fuit
1424 4637 1640 4693 bellum
1660 4639 1729 4693 ad
1754 4642 1990 4710 pontem

343 4734 645 4806 Pharphar
673 4731 935 4788 ﬂuminis
967 4748 1020 4785 IX
1046 4727 1166 4784 Kal.
1204 4727 1416 4791 Martii,
1445 4727 1545 4781 ubi
1577 4726 1748 4781 multi
1774 4729 1988 4782 Turco-

345 4841 476 4879 rum
510 4822 686 4880 occisi
719 4825 875 4877 sunt.

412 4915 464 4967 4.
485 4911 818 4967 Secundum
851 4909 935 4963 eis
971 4906 1077 4961 fuit
1109 4904 1326 4961 bellum
1351 4905 1506 4977 apud
1533 4904 1780 4959 Nicaeam
1805 4906 1991 4961 111N0-

340 5019 447 5056 nas
479 4998 690 5064 Martii,
727 4999 784 5052 in
813 5015 924 5069 quo
957 4995 1132 5050 etiam
1167 4994 1376 5066 pagani
1426 4993 1561 5048 victi
1615 4999 1771 5048 sunt.
1808 4995 1988 5066 Capta

339 5106 475 5162 ergo
506 5088 713 5153 Nicaea,
749 5091 918 5158 capta
947 5085 1122 5140 etiam
1158 5083 1450 5153 Laodicia,
1477 5099 1613 5137 cum
1639 5086 1832 5137 essent
1856 5083 1985 5152 plus

341 5193 518 5249 quam
549 5192 650 5230 ccc
681 5173 866 5229 millia
887 5177 1247 5228 armatorum
1271 5171 1329 5226 in
1357 5171 1610 5226 exercitu
1635 5170 1986 5226 Christiano-

339 5281 495 5334 rum,
523 5267 683 5319 tanta
713 5263 798 5318 eis
827 5261 1092 5318 omnium
1125 5278 1318 5316 rerum
1344 5260 1691 5332 suppetebat
1721 5260 1987 5333 COpia,ut

339 5352 492 5409 aries
525 5369 640 5408 uno
672 5368 934 5420 nummo,
960 5352 1065 5407 bos
1096 5349 1189 5405 vix
1219 5347 1527 5405 duodecim
1559 5350 1820 5406 nummis
1849 5367 1984 5407 ven-

339 5441 588 5498 deretur.

407 5567 486 5643 (1)
517 5568 654 5630 Pars
687 5567 885 5649 Syriae.
920 5565 1077 5628 Em'r.
1135 5663 1144 5668 -

2102 4641 2326 4696 urbem.

2170 4734 2220 4784 9.
2255 4730 2464 4785 Octavo
2495 4745 2630 4801 ergo
2663 4729 2796 4785 talis
2827 4728 3256 4785 humiliationis
3276 4729 3390 4795 die,
3416 4728 3753 4786 obsidionis

2099 4822 2296 4874 autem
2328 4819 2421 4873 die
2451 4819 2540 4886 39,
2575 4822 2745 4891 capta
2773 4823 2861 4874 est
2916 4817 3242 4874 Jerusalem
3303 4817 3445 4873 Idus
3494 4817 3636 4873 Julii
3687 4819 3750 4873 in

2095 4926 2151 4964 v1
2185 4909 2322 4976 fera,
2358 4913 2415 4964 et
2445 4907 2502 4962 in
2537 4907 2754 4980 templo
2784 4907 3110 4963 Salomonis
3143 4912 3199 4961 et
3227 4906 3287 4961 in
3335 4905 3563 4978 porticu
3614 4907 3754 4978 ejus

2095 4997 2406 5052 Christiani
2441 5013 2572 5052 cum
2607 4996 2850 5069 paganis
2881 5001 3039 5051 sexto
3071 4993 3220 5051 bello
3253 4998 3542 5060 conserto,
3579 4999 3752 5051 tanta

2098 5087 2155 5140 in
2189 5086 2272 5141 eis
2304 5086 2456 5141 cazde
2487 5083 2826 5141 debacchati
2859 5088 3016 5152 sunt,
3047 5089 3110 5138 ut
3131 5083 3188 5138 in
3213 5082 3500 5155 sanguine
3522 5083 3748 5138 occiso-

2095 5192 2223 5230 rum
2253 5175 2579 5246 equitarent
2609 5191 2795 5246 usque
2823 5173 2896 5228 ad
2927 5189 3116 5245 genua
3147 5188 3452 5244 equorum.

2166 5265 2252 5319 10.
2287 5267 2430 5319 Cum
2463 5263 2800 5318 ordinatum
2829 5266 2983 5318 esset
3012 5262 3112 5333 qui
3145 5259 3474 5317 Jerusalem
3507 5260 3752 5316 deberet

2094 5353 2356 5423 retinere,
2393 5351 2758 5424 principibus
2782 5353 2908 5423 jam
2939 5351 3010 5406 de
3054 5351 3364 5423 patriando
3407 5349 3748 5422 agentibus,

2095 5457 2224 5500 ecce
2258 5458 2353 5499 rex
2393 5441 2848 5499 Sarracenorum
2895 5439 2968 5498 ad
3008 5438 3390 5499 debellandos
3438 5454 3536 5496 eos
3587 5437 3753 5498 venit
