3992 6090
228 191 381 251 1093

1241 187 1598 252 ΑΝΟΝΥΜΙ
1645 187 2046 271 NARRA'I‘IO
2089 188 2309 248 BELLI
2355 186 2602 250 SACRI.

3465 193 3622 253 1094

220 320 567 379 Asealonam
600 337 733 376 eum
767 325 1001 378 centum
1035 321 1296 378 millibus
1325 322 1592 395 equitum
1641 326 1698 378 et
1737 339 1872 395 qua-
1899 323 1955 389 Α
1988 321 2175 377 ferens
2192 338 2420 376 crucem
2449 321 2682 390 Christi,
2703 321 2884 376 abbas
2902 321 3040 377 olim
3059 322 3458 380 Cluniaceneis
3481 326 3624 380 Pon-

221 411 551 485 dringentis
565 409 826 466 millibus
847 411 1360 483 peditum.Quihus
1376 429 1508 468 eum
1525 411 1876 468 occurrisset

221 501 510 558 exercitus
539 500 792 569 Domini,
826 500 882 555 in
918 518 1032 573 quo
1066 519 1181 557 non
1215 501 1348 573 plus
1394 519 1571 574 quam
1617 501 1876 573 quinque

222 590 409 646 millia
436 590 699 662 equitum
732 596 788 646 et
819 590 1153 661 quindecim
1187 590 1372 645 millia
1392 591 1658 662 peditum
1689 596 1871 656 erant,

224 681 340 735 Deo
371 696 469 751 pro
502 678 683 736 servis
715 679 838 734 suis
869 681 936 735 ad
961 697 1020 735 se
1055 678 1449 735 clamantibus
1485 683 1801 752 pugnante,
1821 682 1878 734 et

223 769 380 824 nube
411 785 509 825 eos
538 770 609 824 ab
641 773 784 824 aestu
815 768 956 824 solis
1003 769 1364 836 defendente,
1406 768 1709 824 Sarraeeni
1755 767 1876 824 solo

222 857 686 912 Christianorum
711 857 930 930 impetu
954 857 1162 924 territi,
1182 874 1384 912 omnes
1406 856 1680 929 projeetis
1696 855 1878 912 armis

225 949 522 1019 fugerunt,
555 951 610 1002 et
636 945 694 1000 in
727 946 834 1002 hoc
853 952 1010 1002 sexto
1029 946 1198 1015 beilo,
1222 946 1295 1001 1V
1313 945 1602 1001 Kalendas
1631 945 1877 1017 Augusti

222 1037 397 1103 facto,
431 1052 579 1090 cmsa
603 1039 740 1090 sunt
761 1037 994 1091 eent'um
1021 1035 1200 1091 millia
1221 1053 1604 1108 paganorum.
1627 1035 1688 1090 In
1713 1039 1880 1106 porta

221 1142 356 1180 vero
385 1123 667 1180 Ascalone
699 1125 967 1180 sutl'oeati
1000 1130 1140 1180 sunt
1173 1125 1288 1180 duo
1320 1124 1526 1192 millia,
1571 1127 1627 1179 et
1675 1140 1875 1178 eorum

224 1212 325 1284 qui
357 1212 414 1267 in
449 1213 596 1268 mari
619 1213 936 1285 perierunt,
959 1218 1016 1268 et
1041 1213 1142 1285 qui
1165 1213 1316 1269 inter
1338 1213 1571 1285 spineta
1597 1212 1878 1268 silvarum

225 1302 558 1374 consumpti
594 1305 752 1369 sunt,
791 1319 1073 1358 numerus
1107 1302 1386 1358 nescitur.

298 1392 384 1447 It.
426 1392 574 1446 Duce
607 1391 918 1446 Godefrido
949 1391 1128 1447 electo
1181 1393 1250 1446 ad
1297 1389 1749 1463 principandum
1795 1408 1881 1446 re-

224 1477 602 1534 manentibus
633 1478 691 1532 in
723 1478 1072 1546 Jerusalem,
1131 1479 1320 1534 cmteri
1371 1479 1674 1551 ppincipes
1722 1496 1882 1551 repa-

225 1566 428 1622 triant.
463 1566 645 1640 Capta
665 1571 754 1622 est
785 1571 983 1622 autem
1016 1567 1342 1624 Jerusalem
1375 1572 1508 1640 post
1540 1585 1724 1623 annos
1766 1567 1880 1623 eir-

1981 411 2098 465 tius
2130 412 2427 482 proferens
2458 409 2719 466 lanceam
2740 412 3076 467 transﬁxam
3097 413 3153 466 in
3183 412 3362 469 latere
3388 413 3621 470 Christi.

1983 500 2307 572 Episcopus
2339 498 2742 555 Bethlecmites
2775 501 2963 557 ferens
2994 501 3050 556 in
3085 502 3274 574 pixide
3302 502 3390 558 lac
3415 506 3626 558 sanetae

1985 589 2176 644 Maria:
2199 593 2490 661 perpetuae
2502 590 2760 662 virginis.
2779 591 3080 647 Sarraceni
3103 609 3236 648 vero
3259 609 3494 665 quaqua
3507 609 3628 648 ver-

1985 695 2116 733 sum
2149 678 2314 734 effusi
2350 697 2418 733 ex
2447 679 2606 733 omni
2637 679 2814 734 latore
2847 678 2903 733 in
2938 681 3135 736 orbem
3161 682 3631 756 circumcingunt

1985 766 2368 832 Christiauos,
2402 785 2473 822 ne
2505 767 2636 838 quis
2668 768 2853 839 possit
2885 769 3137 840 ell‘ugere
3191 770 3290 839 [aL
3342 771 3626 842 evadere].

1989 861 2134 911 Dum
2181 855 2263 910 ita
2309 855 2368 910 in
2419 857 2718 928 procinctu
2779 857 2996 912 hazrent
3045 858 3379 927 Christiani,
3434 859 3633 914 vident

1986 946 2101 1000 Deo
2133 945 2241 1000 sibi
2277 945 2511 1016 auspice
2543 945 2912 1018 splendorem
2945 947 3129 1002 scisso
3163 964 3291 1004 aere
3323 965 3500 1020 super
3525 965 3631 1020 pa-

1987 1051 2168 1105 ganos
2189 1035 2382 1088 subito
2399 1034 2697 1102 cecidisse,
2720 1036 2818 1090 sed
2844 1053 2957 1090 non
2981 1053 3345 1108 prosperum,
3364 1037 3464 1093 sed
3487 1036 3633 1094 satis

1989 1123 2278 1188 nocivum,
2312 1123 2578 1195 quamvis
2599 1123 2754 1179 hunc
2779 1124 2888 1196 ipsi
2914 1125 3344 1182 Sarraceninon
3362 1125 3630 1182 viderint.

1989 1211 2146 1267 Illico
2189 1212 2345 1267 enim
2377 1211 2535 1266 omni
2591 1211 2805 1267 virium
2856 1214 3061 1269 robore
3103 1215 3379 1281 enervati,
3413 1214 3634 1287 passim

1989 1301 2278 1373 fugientes
2309 1301 2629 1368 eazduntur,
2657 1319 2770 1356 non
2805 1301 2996 1357 solum
3019 1321 3052 1358 a
3072 1303 3231 1372 viris,
3264 1304 3364 1360 sed
3395 1305 3570 1360 etiam
3603 1321 3637 1359 a

1989 1391 2186 1462 pueris
2217 1394 2272 1442 et
2305 1388 2556 1444 feminis.
2593 1391 2970 1446 Perieruntin
3005 1391 3156 1448 bello
3181 1397 3402 1465 septem
3423 1390 3630 1461 millia,

1990 1479 2278 1534 submersi
2314 1482 2453 1534 sunt
2482 1478 2540 1533 in
2573 1479 2741 1550 aquis
2773 1480 3033 1552 quinque
3065 1481 3270 1537 millia.

2063 1569 2130 1622 13
2163 1567 2224 1622 In
2258 1567 2515 1622 secundo
2548 1572 2744 1622 autem
2777 1585 2928 1624 anno
2960 1574 3092 1641 post
3119 1570 3242 1626 haec
3275 1571 3484 1643 Tyrus,
3527 1569 3636 1625 He-

225 1657 374 1756 citer
404 1655 863 1729 quadringentos
895 1657 1198 1730 sexaginta
1228 1672 1296 1711 ex
1326 1673 1440 1728 quo
1478 1657 1588 1712 sub
1621 1656 1880 1712 Heraclio
1914 1692 1960 1756 Β
1993 1657 2145 1711 braea
2175 1655 2378 1754 lingua
2398 1657 2510 1710 Sur
2533 1655 2873 1756 dieta,.urbs
2906 1658 3200 1714 maritima
3249 1658 3557 1728 thnicis,
3582 1662 3639 1714 et

227 1744 582 1816 imperatore
616 1746 873 1800 secunda
922 1745 1042 1801 vice
1071 1750 1240 1817 capta
1272 1762 1538 1817 possessa
1567 1751 1656 1801 est
1685 1764 1718 1800 a
1749 1747 1880 1800 Sar-

228 1833 478 1889 racenis.
528 1834 596 1888 Et
625 1839 757 1906 post
815 1834 936 1889 haec
994 1835 1201 1906 quinto
1256 1851 1409 1889 anno
1463 1835 1882 1906 Jerosolymila:

224 1925 482 1978 Acearon
516 1923 717 1978 urbem
747 1923 1004 1995 capiunt,
1039 1927 1097 1978 et
1127 1923 1182 1978 in
1216 1923 1483 1994 sequenti
1517 1941 1668 1979 anno
1701 1923 1883 1978 innu-

229 2010 570 2067 merabilem
590 2029 952 2086 paganorum
977 2012 1414 2068 multitudinem
1437 2011 1689 2085 gloriosa
1713 2013 1885 2070 vieto-

232 2101 321 2156 ria
349 2105 566 2156 terunt.

308 2190 394 2244 l2.
432 2191 500 2244 Et
530 2194 662 2260 post
693 2191 813 2244 hac
847 2191 1045 2245 omnia
1074 2190 1249 2245 XVIII
1273 2207 1424 2245 anno
1461 2190 1776 2245 Balduinus
1810 2194 1886 2258 ('2)

233 2278 734 2351 Jerosolymorum
767 2297 866 2334 rex
897 2297 930 2334 a
969 2279 1306 2334 Sarracenis
1355 2279 1602 2350 capitur,
1654 2297 1768 2351 qua
1817 2281 1887 2334 do

234 2383 298 2422 re
344 2372 540 2423 mente
586 2368 946 2435 excedentes,
981 2369 1238 2440 undique
1277 2385 1509 2423 versum
1544 2368 1783 2438 evocati,
1816 2368 1887 2422 ad

234 2456 540 2528 sexaginta
570 2455 756 2511 miilia
803 2455 1332 2528 conglomerantnr,
1385 2460 1449 2510 ut
1499 2455 1826 2511 Chritianos
1856 2473 1921 2511 a'

237 2546 460 2602 finibus
492 2545 615 2600 suis
647 2547 1051 2612 exterminant,
1081 2549 1138 2600 et
1170 2545 1322 2618 apud
1358 2544 1603 2600 Ascalon
1639 2545 1888 2617 impedi-

241 2640 444 2692 menta
475 2652 582 2690 sua
609 2635 1041 2701 commendant,
1071 2634 1291 2690 scilicet
1319 2651 1546 2700 uxores,
1583 2634 1808 2690 soboles
1837 2638 1892 2690 et

237 2723 532 2780 vietualia.
567 2722 878 2778 Christiani
911 2724 967 2778 in
1011 2727 1172 2779 arcto
1205 2723 1404 2788 Positi,
1431 2722 1573 2778 nihil
1606 2723 1727 2795 spei
1779 2723 1889 2779 nisi

243 2814 304 2868 in
341 2813 523 2868 Deum
567 2811 868 2877 habentes,
915 2809 1176 2883 exemplo
1225 2809 1614 2864 Ninivitarum
1663 2810 1892 2882 utrique

243 2901 405 2958 sexui
431 2900 730 2972 jejunium
753 2899 1038 2964 indicunt,
1059 2898 1256 2971 pueris
1275 2897 1449 2954 etiam
1473 2897 1798 2954 infantibus
1817 2898 1894 2953 la-

249 2991 569 3058 ctentibus,
597 2989 864 3044 universo
893 3005 1124 3060 quoque
1147 2987 1335 3059 pecori
1357 2986 1569 3058 pabula
1583 2991 1888 3059 negantur.

1992 1746 2252 1816 antiqua.
2286 1744 2345 1798 in
2379 1745 2546 1799 corde
2579 1744 2758 1800 maris
2790 1745 2921 1812 sita,
2957 1747 3343 1818 Sydoniorum
3389 1746 3634 1816 colonia,

1993 1832 2304 1906 negotiatio
2338 1831 2535 1900 maris,
2569 1835 2896 1906 emporium
2927 1836 3107 1892 totius
3157 1837 3334 1892 orbis.
3366 1835 3638 1893 vaticinio

1994 1922 2413 1994 Prophetarum
2435 1921 2743 1988 celebrata,
2767 1930 2822 1978 et
2838 1924 3199 1981 carminibus
3220 1929 3521 1998 poetarum
3555 1926 3640 1980 in-

1995 2011 2164 2083 clyta,
2200 2010 2338 2066 olim
2373 2010 2609 2083 qnidem
2651 2012 2864 2080 insula,
2913 2014 3013 2068 sed
3046 2031 3079 2068 a
3107 2015 3640 2070 Nabuchodonosor

1994 2100 2081 2156 vel
2130 2101 2200 2155 ab
2240 2099 2561 2155 Alexandro
2611 2103 2846 2174 propter
2894 2103 3380 2174 expugnationem
3431 2104 3638 2159 multis

1995 2190 2053 2242 in
2089 2189 2240 2243 brevi
2271 2190 2410 2244 freto
2425 2188 2736 2262 aggeribus
2751 2192 3150 2262 comportatis,
3166 2197 3319 2247 terra
3335 2197 3640 2248 continens

1999 2280 2168 2345 facta,
2205 2279 2426 2350 pridem
2453 2296 2486 2333 a
2505 2277 3040 2335 Nabuchodonosor
3061 2285 3411 2354 expugnata,
3435 2285 3492 2336 et
3514 2299 3639 2353 par-

1998 2369 2100 2422 tim
2135 2367 2443 2438 captivata,
2467 2370 2522 2421 et
2545 2372 2744 2438 postea
2764 2368 2836 2422 ab
2861 2367 3179 2424 Alexandro
3197 2370 3430 2442 penitus
3453 2385 3640 2442 usque

1997 2457 2066 2510 ad
2083 2455 2270 2510 solum
2290 2455 2486 2510 diruta
2504 2463 2554 2510 et
2571 2445 2890 2524 destructa,
2912 2458 3190 2528 sedjuxta
3203 2459 3514 2530 prophetas
3538 2475 3642 2531 per

2000 2543 2371 2616 septuaginta
2389 2561 2571 2598 annos
2587 2545 3013 2612 reaediﬁcata,et
3025 2546 3082 2600 in
3097 2545 3407 2618 antiquum
3421 2552 3639 2604 statum

2000 2633 2286 2698 restituta,
2320 2632 2534 2687 nostris
2563 2633 2735 2688 modo
2772 2633 3134 2705 temporibus
3160 2634 3217 2689 in
3241 2636 3353 2691 ﬁne
3375 2635 3580 2692 mundi
3607 2655 3641 2693 a

2000 2719 2346 2776 Christianis
2379 2724 2531 2774 terra
2560 2719 2823 2791 marique
2854 2722 3062 2776 obessa
3093 2721 3338 2794 capitur,
3368 2728 3426 2779 et
3454 2724 3643 2780 Chris-

2001 2809 2076 2866 sti
2131 2808 2374 2880 imperio
2423 2809 2792 2880 subjugatur.
2830 2809 2892 2864 In
2925 2810 3094 2865 tertio
3144 2829 3297 2867 anno
3342 2817 3473 2884 post
3519 2812 3641 2869 haec

2002 2897 2321 2952 Balduinus
2352 2914 2449 2951 rex
2479 2897 2825 2966 Jerusalem,
2851 2899 2986 2953 data
3009 2900 3427 2972 redemptione,
3452 2919 3486 2956 a
3510 2903 3640 2958 Sar-

2002 2987 2226 3042 raeenis
2259 2986 2593 3040 dimittitur.
2625 2986 2694 3040 Et
2723 2986 2780 3040 in
2815 2991 3018 3058 quarto
3045 3005 3198 3043 anno
3224 2994 3354 3060 post
3383 2989 3524 3056 haec,
3549 3007 3639 3046 ne-

245 3080 385 3134 Dies
408 3055 616 3151 pugnis
650 3055 1278 3148 indicitur,proeedunt
1299 3055 1889 3130 Christicum‘militi-
1921 3055 1963 3120 (ἶ
2004 3093 2107 3148 pos
2136 3074 2455 3146 SUpradicti
2490 3074 2640 3147 regis
2669 3092 2703 3130 a
2733 3055 3066 3133 Sarraccnis
3086 3055 3332 3148 capitur,
3365 3082 3421 3132 et
3442 3055 3642 3134 inmo-

245 3170 443 3234 bus,et
456 3163 965 3238 pedibitusvixtria
977 3163 1161 3218 millia
1172 3163 1438 3218 aastimati
1451 3163 1759 3235 ,prineipes
1773 3182 1900 3236 gra-

249 3258 498 3312 diuntur
525 3255 583 3310 in
616 3256 823 3321 fronte,
858 3252 1080 3310 scilicet
1111 3252 1443 3325 patriarcha
1465 3269 1566 3324 pro
1583 3251 1788 3307 vexillo
1810 3254 1894 3308 of-

2005 3166 2146 3219 dum
2178 3163 2320 3236 iigni
2353 3179 2453 3234 per
2486 3162 2744 3219 medium
2775 3168 3023 3221 secatur.

311 3409 388 3481 (2)
421 3408 558 3464 Cod.
591 3407 652 3464 in
684 3423 868 3479 marg.
906 3423 920 3462 :
953 3408 1057 3462 Iste
1086 3405 1390 3460 Balduinus
1416 3421 1517 3460 rex
1537 3406 1648 3476 fuit
1675 3406 1827 3476 ﬁlius
1846 3407 2088 3478 [lagonis
2117 3407 2329 3462 comitis
2357 3405 2420 3462 de
2447 3406 2695 3462 Reitcsta.

817 3807 1129 3869 VERSUS
1160 3805 1262 3867 DE
1292 3806 1500 3867 VIRIS
1535 3805 2049 3868 ILLUSTRIBUS
2092 3804 2492 3867 DIOECESIS
2524 3805 3068 3870 TARVANENSIS

1429 3984 1544 4059 Qui
1573 3984 1633 4045 in
1664 4003 1838 4046 sacra
1863 3983 2035 4064 fuere
2063 3981 2456 4064 expeditione.

564 4173 818 4241 (annm.
853 4171 1017 4238 21:221.,
1047 4187 1115 4226 ex
1147 4186 1257 4225 ms.
1291 4167 1686 4225 Illustrissimi
1716 4169 1936 4225 demini
1967 4167 2304 4238 Chauvelin,
2331 4168 2624 4242 regiorum
2658 4167 2986 4242 sigillorum
3017 4171 3324 4242 custodis.)

317 4501 572 4575 Contigit
595 4500 654 4557 in
679 4501 894 4557 nostris
925 4501 1199 4573 quiddam
1230 4503 1535 4557 Tarvenna
1560 4500 1791 4569 diebus,

241 4592 408 4649 Unde
439 4591 553 4646 Deo
583 4589 785 4646 laudes
817 4591 1134 4646 immensas
1166 4591 1406 4646 reddere
1436 4590 1632 4659 debes,

243 4681 352 4746 Qui
387 4679 683 4752 dignando
716 4684 848 4734 tuos
878 4679 1050 4751 elegit
1077 4679 1512 4751 parroehianos,

245 4770 404 4834 Quos
433 4767 839 4839 Hierosolymis
870 4785 1033 4835 reges
1063 4768 1221 4823 dedit
1251 4772 1308 4822 et
1339 4767 1720 4839 patriarchas.

245 4855 441 4912 Primo
475 4856 841 4924 Godet‘ridus,
875 4855 1195 4912 Balduinus
1226 4873 1358 4911 vero
1390 4858 1704 4924 secundus,

242 4945 524 5016 Ejusdem
557 4945 751 5001 frater.
787 4945 921 5000 Post
949 4945 1106 5000 hunc
1138 4945 1400 5016 regnavit
1430 4950 1673 5017 uterque

243 5032 430 5090 Filius
459 5033 756 5090 Eustachii
788 5033 1038 5092 comitis.
1074 5051 1222 5106 quos
1253 5033 1464 5090 nobilis
1496 5035 1616 5101 Ida,

240 5123 420 5194 Spem
450 5127 563 5180 tua:
594 5124 751 5197 genti
796 5123 1038 5180 feliciter
1067 5123 1247 5179 edidit
1276 5123 1455 5179 omni.

237 5210 478 5269 Primus
507 5213 853 5270 Evermarus
879 5213 1032 5269 sedit
1060 5212 1393 5285 patriarcha
1423 5211 1695 5284 sepulcri,

234 5299 382 5360 Post
411 5300 566 5357 hunc
593 5301 873 5358 Arnulfus
905 5301 1191 5358 oriundus
1221 5305 1465 5374 uterque
1497 5301 1716 5367 Cickes,

235 5389 478 5448 Praefuit
506 5395 564 5447 et
593 5390 811 5465 templo
843 5394 983 5447 tuus
1014 5389 1461 5447 archidiaconus
1493 5393 1628 5445 ante

233 5477 344 5538 Vir
371 5479 596 5554 probus
625 5484 683 5538 et
711 5479 947 5556 sapiens
975 5482 1034 5536 et
1062 5477 1370 5555 religiosus
1399 5477 1723 5538 Achardus.

1925 4505 1972 4568 D
2004 4501 2144 4556 Inde
2176 4504 2491 4574 potestates
2519 4499 2614 4556 alii
2647 4504 2884 4556 tenuere
2915 4500 3190 4558 minores.

2007 4590 2425 4662 Falkemberga
2456 4607 2630 4645 suum
2663 4589 2822 4645 dedit
2853 4590 3154 4663 Hugonem
3185 4590 3510 4660 dominum,
3543 4592 3646 4664 qui

2004 4678 2267 4734 Obtinuit
2294 4684 2476 4734 totam
2508 4679 2803 4750 regionem
2832 4678 3191 4752 Tyberiadis.

2003 4767 2215 4824 Harbel
2245 4769 2549 4823 Kamensis
2579 4769 2647 4822 lit
2677 4767 2946 4839 princeps
2981 4768 3368 4824 Caesariensis.

2006 4857 2355 4912 Eustachius
2386 4862 2560 4912 notus
2593 4855 2780 4924 miles,
2814 4857 3160 4930 cognomine
3191 4859 3431 4926 Gemirs,

2009 4945 2224 5000 Fulcho
2257 4945 2558 5001 Gisnensis
2591 4945 2792 5000 urbem
2827 4946 3014 5001 tenuit
3037 4947 3275 5019 Baruth,
3309 4947 3366 5002 in
3391 4964 3509 5019 qua

2005 5035 2263 5090 Antistes
2293 5035 2443 5090 sedit
2475 5033 2796 5089 Balduinus
2829 5033 3211 5102 Boloniensis,

2007 5124 2076 5178 Et
2106 5127 2363 5180 castrum
2398 5123 2690 5196 quoddam
2717 5123 2870 5196 quod
2903 5125 3086 5180 sancti
3107 5124 3650 5182 decitunAbraham

2007 5211 2170 5285 Hugo
2204 5211 2554 5267 Rebeeensis
2581 5211 2772 5266 tenuit
2799 5209 2970 5266 miles
3000 5228 3339 5283 generosus.

2009 5301 2073 5356 lli
2105 5316 2290 5372 reges,
2323 5299 2382 5355 hi
2414 5297 2743 5374 pontifices,
2779 5299 3119 5372 dominique
3141 5300 3300 5358 fuere

2006 5388 2071 5445 In
2100 5388 2480 5462 Jerosolyma,
2516 5403 2624 5442 nec
2655 5405 2771 5446 non
2804 5387 2862 5442 in
2890 5387 3108 5446 finibus
3135 5390 3266 5462 ejus

2007 5479 2182 5549 Quas,
2215 5477 2544 5550 Tarvenna,
2573 5479 2718 5538 tuus
2745 5475 2944 5538 emisit
2970 5477 3372 5554 pontiﬁcatus.
