3994 6070
197 252 367 337 4,097,
985 252 1086 313 DE
1131 251 1587 314 ammonens
1634 252 1774 315 SAC

2023 250 2394 312 ELIGIONIS
2437 251 2805 314 JEROSOL.
3442 254 3600 317 1998

269 385 387 445 Hos
419 383 569 441 male
599 386 827 455 torquet
856 382 1067 453 hiems,
1098 389 1277 441 zrstus
1307 389 1365 442 ct
1391 402 1534 443 aura
1565 402 1798 442 nocens.
1876 386 1932 452 Α
2032 384 2143 441 Sed
2175 384 2355 440 fracto
2386 400 2564 440 cornu
2597 383 2809 441 sentiat
2839 399 3002 440 arma
3030 385 3242 451 erucis.

199 475 382 530 Fraus
410 471 653 529 inimica
682 470 915 545 premit,
950 473 1112 529 furor
1137 474 1337 542 afﬁcit,
1370 474 1456 530 ira
1486 473 1707 547 fatigat.
1956 472 2149 528 Gloria
2182 473 2534 528 Francorum
2567 473 2791 528 dudum
2823 473 3090 545 concepit
3122 473 3422 543 honorem,

268 561 470 620 Pulsat
498 562 707 619 acerba
734 559 885 630 lues,
918 561 1188 635 planctus
1221 563 1439 636 ubique
1467 568 1637 619 sonat
1958 562 2068 617 Sed
2100 561 2292 634 gravis
2323 562 2381 617 in
2415 565 2585 634 partu
2616 562 2858 634 peperit,
2885 562 3222 634 peperitque
3250 563 3531 621 dolorem.

197 652 487 710 Carnibus
514 650 739 708 esuries
766 651 921 707 vesci
952 651 1248 724 compellit
1277 652 1510 725 equinis
1541 670 1553 708 :
1958 651 2070 706 Res
2102 650 2370 706 miranda
2398 650 2528 717 fuit,
2561 667 2696 706 cum
2728 650 2913 724 gloria
2936 651 3169 707 culmen
3199 651 3438 709 honoris

272 742 511 798 Fossam
542 740 696 814 cogit
723 740 973 797 humum
1000 740 1257 797 lambere
1289 741 1447 797 sicca
1475 733 1633 810 sitisj
1959 739 2341 796 Parturiendo
2374 738 2510 807 ruit,
2543 740 2609 795 ﬁt
2638 739 2823 812 gloria
2852 757 3032 797 causa
3061 740 3299 798 doloris.

194 830 416 903 Virque
443 828 632 885 virum
666 846 1020 903 carnemque
1042 847 1173 886 caro
1202 834 1382 897 vorat,
1406 830 1595 887 hostis
1621 830 1850 886 hostem
1958 828 2296 884 Parturiunt
2324 833 2576 897 montes,
2608 830 2946 902 peperitque
2976 830 3253 902 superbia
3281 847 3498 888 mures.

271 919 468 976 Pascit
496 923 551 974 et
583 917 804 975 illicitis
836 919 981 992 proh
1013 918 1206 976 dolor!
1242 918 1581 993 ingluviem.
1960 917 2127 973 Mons
2159 918 2335 985 cadit,
2362 917 2479 973 alta
2510 923 2713 987 ruunt,
2735 918 3060 990 pereuntia
3081 919 3366 992 sanguine
3386 920 3604 993 plures.

197 1008 260 1066 Si
292 1007 432 1080 quid
463 1007 640 1064 habet
670 1006 902 1081 fugiens
933 1012 1073 1064 aetas
1103 1009 1337 1064 infirma
1366 1007 1663 1080 relinquit,
1957 1007 2041 1065 Ad
2075 1006 2326 1062 nihilum
2358 1007 2508 1062 redit
2536 1007 2801 1064 esuriens
2829 1007 3116 1065 exercitus
3147 1009 3275 1078 iste,

272 1098 499 1170 Pauper
527 1113 746 1171 egenus
774 1114 934 1170 opes,
968 1097 1170 1154 fortior
1191 1091 1363 1154 arma
1390 1097 1550 1171 legit.
1958 1093 2142 1151 Ablue
2171 1101 2370 1152 nostra
2398 1096 2573 1166 Deus,
2600 1100 2657 1153 et
2686 1097 2909 1154 munda
2937 1096 3203 1166 crimina,
3229 1097 3472 1166 Christe,

194 1186 368 1244 Victa
395 1185 595 1243 labore
625 1186 793 1261 fugzn,
817 1186 1031 1261 gravis,
1055 1187 1247 1255 anxia,
1276 1187 1444 1244 tarda
1475 1190 1745 1243 senectus
1959 1184 2257 1242 Graeculus
2288 1184 2553 1242 esuriens
2585 1202 2690 1241 nos
2722 1186 2970 1243 destruit
2997 1187 3330 1255 esuriendo,

272 1276 451 1333 Oll'ert
481 1292 542 1332 se
573 1275 804 1350 gladiis,
829 1276 1030 1349 jungit
1059 1280 1337 1348 utrasque
1368 1293 1600 1333 manus.
1960 1274 2077 1330 Nos
2106 1274 2257 1347 rapit
2285 1278 2342 1329 et
2368 1278 2560 1331 vastat
2589 1292 2799 1330 manus
2830 1292 3037 1348 aspera
3065 1275 3463 1349 percutienda.

197 1354 343 1422 Pars
373 1368 722 1437 consumpta
751 1364 926 1432 fame,
957 1382 1093 1438 pars
1126 1364 1567 1421 intolerabiliori
1960 1362 2258 1419 Graeculus
2288 1367 2428 1430 arte,
2462 1364 2635 1432 fame,
2660 1381 2767 1419 nos
2796 1365 3046 1421 destruit
3073 1364 3420 1434 esurientes,

273 1452 565 1510 Exhalant
596 1453 826 1510 animas
855 1469 1006 1520 aere,
1039 1454 1192 1519 tabe,
1227 1452 1323 1509 siti
1354 1472 1373 1509 :
1961 1453 2030 1509 Et
2055 1452 2252 1508 Parthi
2284 1451 2475 1525 gladio
2510 1453 2814 1509 devastant
2843 1454 3196 1511 deficientes.

201 1542 393 1599 Fortis
421 1547 479 1598 et
509 1540 821 1599 incolumis
859 1542 1131 1615 trahitur,
1156 1542 1409 1598 trahitur
1452 1560 1656 1617 vagus,
1691 1541 1855 1600 exsul
1962 1541 2231 1612 Dumque
2258 1541 2471 1598 famem
2504 1543 2781 1614 patimur,
2804 1542 3003 1600 hostes
3033 1544 3322 1601 sentimus
3353 1541 3607 1617 iniquos.

1519 1631 1600 1707 [et
1629 1632 1807 1704 exlex,
1963 1630 2276 1686 Deﬁciente
2307 1631 2456 1700 cibo,
2493 1649 2710 1704 paucos
2740 1632 3065 1704 reperimus
3094 1633 3334 1692 amicos.

274 1721 578 1777 Mordibus
608 1720 668 1777 in
696 1720 889 1795 gladio
920 1721 1138 1777 corruit
1166 1726 1340 1794 atque
1369 1739 1575 1791 senex;
1885 1760 1932 1824 Β
1965 1718 2211 1824 Fallitur
2239 1737 2307 1775 ex
2338 1725 2457 1776 toto
2480 1737 2625 1794 gens
2657 1721 2875 1794 inclyta
2903 1740 3052 1795 pane
3079 1726 3324 1780 remoto.

198 1810 459 1885 Corpora
487 1827 635 1868 caesa
662 1809 806 1867 locis
838 1810 1147 1867 inhumata
1168 1812 1368 1883 jaceat
1398 1810 1724 1885 inaquosis,
1885 1807 1932 1824 "
1966 1807 2158 1864 Floria
2187 1810 2564 1878 Francorum,
2599 1811 2775 1867 timor
2805 1810 3012 1879 hostis,
3043 1816 3103 1869 et
3131 1829 3295 1871 arma
3322 1816 3581 1882 tuorum,

275 1899 425 1955 Esca
451 1898 787 1956 volatilibus
818 1916 1025 1972 sparsa
1054 1899 1255 1955 relicta
1286 1898 1440 1955 feris.
1963 1897 2115 1954 Gens
2146 1897 2264 1970 pia,
2296 1898 2463 1972 plebs
2507 1898 2771 1970 celebris,
2803 1901 3099 1973 quondam
3145 1901 3371 1959 famosa
3398 1901 3614 1960 trium-

201 1992 399 2045 Pauca
426 1993 703 2062 teguntur
730 1988 933 2057 humo,
959 1988 1202 2061 sanguis
1230 1993 1501 2062 terraque
1533 1987 1799 2061 marique
3417 1989 3574 2065 [phis

275 2076 524 2148 Difﬂuit,
560 2094 696 2134 arva
726 2078 984 2148 madent,
1017 2075 1363 2159 inficiqntur
1390 2094 1575 2149 aquae,
1966 2077 2131 2132 Nunc
2180 2078 2443 2134 Danaum
2487 2077 2748 2135 malefisa
2787 2079 2955 2148 dolis,
2991 2080 3326 2152 ferrumque
3366 2080 3612 2138 famem-

201 2165 434 2239 Lingua
463 2165 615 2237 silet,
663 2165 819 2223 mala
860 2167 1070 2237 juncta
1115 2164 1307 2233 malis,
1334 2182 1521 2239 neque
1568 2171 1655 2222 tot
1701 2167 1856 2240 capit
3437 2166 3577 2243 [que

1589 2254 1772 2329 [auris
1803 2274 1815 2311 :
1968 2255 2263 2311 Immerito
2294 2256 2500 2328 sentis,
2525 2256 2817 2313 satiantur
2845 2262 2901 2314 et
2929 2257 3197 2316 hostibus
3227 2258 3446 2317 hostes.

273 2344 520 2420 Singula
551 2361 724 2401 nosse
754 2343 938 2412 dolor,
970 2348 1182 2401 cuncta
1214 2344 1425 2400 referre
1457 2343 1638 2401 labor.
1966 2344 2106 2411 Quis
2136 2346 2308 2401 modo
2338 2346 2654 2419 gaudebit?
2686 2346 2800 2419 Ego
2832 2363 2969 2417 non,
3002 2347 3145 2403 dum
3176 2332 3597 2405 Gallia‘tl'ebit.’

131 2485 135 2489 .
199 2433 392 2491 Gallia
422 2438 611 2490 mater
640 2433 700 2491 in
733 2432 825 2489 his
856 2432 1042 2503 doleo,
1077 2432 1223 2489 mihi
1255 2431 1525 2489 condolet
1554 2434 1731 2502 orbis,
1963 2433 2151 2489 Gallia
2180 2437 2299 2490 tota
2329 2434 2505 2504 dolet,
2528 2439 2586 2490 et
2616 2451 2741 2508 ego,
2776 2452 2918 2509 gens
2952 2435 3134 2508 impia
3162 2436 3402 2510 gaudet,

276 2523 388 2578 Tot
418 2540 632 2596 queror
661 2529 793 2579 acta
822 2523 966 2578 mihi
998 2523 1234 2589 damna,
1266 2523 1569 2594 Deumque
1599 2523 1737 2594 pati.
1964 2523 2190 2580 Gaudet
2220 2527 2276 2579 et
2304 2523 2577 2591 exsultat,
2601 2525 2741 2580 dum
2774 2524 2952 2580 tantis
2982 2525 3205 2583 viribus
3233 2525 3434 2584 instat.

100 2602 107 2607 ’
201 2611 457 2681 Sanctis,
484 2610 731 2682 Christe,
764 2610 928 2682 locis,
963 2628 1154 2681 mons,
1188 2628 1416 2683 murus,
1449 2603 1701 2680 dextera,
1733 2615 1857 2667 tur-
1966 2612 2120 2668 Gens
2145 2612 2299 2669 mala
2321 2613 2688 2682 Parthorum,
2714 2613 2913 2687 populi
2942 2614 3064 2670 fera
3092 2615 3266 2671 turba
3286 2614 3614 2682 Medorum,

1720 2699 1823 2774 [ris
1966 2702 2286 2774 Imperium
2322 2703 2442 2757 vita:
2472 2703 2732 2758 vendunt
2759 2707 2817 2760 et
2844 2708 3050 2759 emunt
3079 2703 3361 2761 Elamitae.

278 2789 365 2846 Da
395 2808 581 2864 spem,
604 2789 804 2847 confer
832 2807 1023 2864 opem,
1056 2789 1276 2863 respice
1307 2790 1520 2863 probra
1547 2790 1759 2846 crucis.
1964 2789 2159 2848 Gloria
2189 2791 2325 2847 ﬂere
2354 2795 2568 2863 potest,
2603 2809 2718 2849 non
2752 2793 2920 2850 nobis
2949 2792 3136 2866 gloria
3166 2793 3420 2866 prodest.

208 2876 291 2937 Ne
324 2896 502 2954 super
531 2878 697 2937 hoste
727 2877 827 2936 diu
860 2879 1018 2936 ferus
1047 2877 1143 2936 ille
1174 2878 1475 2953 superbiat
1504 2878 1713 2945 hostis,
1967 2878 2163 2936 Gloria
2194 2896 2327 2936 cum
2353 2879 2514 2937 luctu
2546 2880 2776 2949 teritur,
2804 2881 2971 2956 quasi
3002 2882 3111 2939 ﬂos
3130 2881 3259 2939 sine
3286 2882 3503 2940 fructu.

205 3128 3618 3169 mm

1302 3381 1485 3490 DE
1593 3378 2594 3498 PRIMORDIIS'

417 3618 545 3767 ET
637 3617 1272 3767 INVENTIONE
1366 3619 1738 3768 SACﬂ/ll
1834 3620 2438 3769 RELIGIONIS
2526 3620 3436 3783 JEBOSOLYMORUM

325 3885 681 3959 (ιοηαειὶεοη
723 3887 965 3958 Anglia,
997 3890 1023 3944 t
1077 3887 1147 3955 II,
1190 3904 1247 3960 p.
1297 3888 1423 3944 489.
1455 3904 1524 3944 ex
1570 3888 1745 3946 veteri
1796 3905 1902 3945 ms.

1947 3905 2118 3963 penes
2166 3889 2494 3948 Gilbertum
2544 3891 2748 3960 North,
2799 3890 3176 3966 armigerum,
3210 3908 3304 3949 an.
3340 3893 3524 3966 1652.)

1719 4095 2145 4110 Im

299 4284 557 4343 Maxima
585 4287 738 4344 inter
766 4286 1074 4362 plerosque
1115 4289 1402 4346 hactenus
1432 4290 1721 4353 dubitatio
1753 4292 1881 4363 fuit,
1915 4296 1958 4362 α
1996 4292 2347 4363 libertatem,
2381 4294 2636 4368 populus
2667 4295 3111 4367 proclamasset,
3142 4296 3401 4369 ingentia
3429 4296 3583 4355 bella
3609 4314 3645 4355 a

227 4376 386 4433 unde
419 4379 475 4432 et
497 4393 531 4432 a
551 4376 767 4449 quibus
788 4378 966 4451 Hosp.
992 4378 1468 4435 Ierosolimorum
1495 4381 1885 4452 primordium
1992 4382 2261 4439 ﬁnitimis
2284 4382 2521 4457 regibus
2546 4400 2681 4440 cum
2714 4383 3109 4441 Iherosolimis
3130 4389 3297 4457 gesta
3326 4390 3484 4445 sunt.
3500 4387 3649 4444 Tan-

228 4464 830 4537 sumpserit.Quidam
852 4484 1001 4523 vana
1021 4467 1292 4542 sompnia
1318 4469 1648 4542 ingerentes
1671 4469 1885 4544 delira-
1994 4474 2147 4541 dem,
2200 4471 2430 4529 volente
2487 4473 2756 4541 Domino,
2810 4490 2944 4529 cum
3002 4474 3356 4531 Machabeus
3413 4475 3644 4546 urbem,

228 4557 433 4611 menta
464 4552 666 4627 pocius
688 4571 864 4628 quam
886 4555 1187 4612 veritatem
1213 4557 1563 4615 confinxisse
1583 4558 1884 4627 videntur;
1997 4578 2212 4630 arcem,
2245 4566 2302 4617 et
2328 4562 2615 4634 templum
2660 4563 2731 4618 de
2774 4562 3156 4635 prophanatis
3200 4563 3468 4636 gentium
3514 4580 3646 4622 ma.-

228 4645 454 4701 veteres
482 4642 640 4699 enim
672 4642 948 4701 historias
978 4644 1321 4719 longissime
1350 4647 1423 4702 ab
1450 4646 1697 4703 invicem
1728 4664 1891 4721 sepa-
2000 4651 2174 4707 nibus
2204 4650 2591 4721 vendieasset,
2619 4655 2676 4708 et
2704 4651 2777 4707 ad
2824 4651 3044 4709 bellum
3083 4651 3296 4713 iterum
3328 4653 3648 4726 gerendum

231 4733 415 4797 ratas,
446 4732 774 4804 composito
820 4733 1075 4805 quodam
1125 4733 1388 4808 glutineo
1439 4738 1886 4807 eonjunxerunt.
2001 4741 2330 4796 exeundum
2380 4745 2555 4809 esset,
2589 4740 2752 4813 prius
2796 4741 3139 4813 compositis
3186 4741 3246 4797 in
3297 4741 3440 4797 urbe
3482 4741 3652 4799 Jero-

232 4820 498 4884 Quorum
530 4824 711 4877 vanas
738 4820 975 4879 fabulas
1005 4822 1113 4879 hoc
1154 4823 1279 4879 loco
1321 4824 1465 4879 mihi
1510 4826 1721 4882 referre
1752 4842 1894 4882 cura
2003 4829 2213 4885 solima
2243 4831 2438 4898 rebus,
2474 4847 2688 4903 magna
2719 4847 2897 4887 manu
2944 4831 3005 4885 in
3054 4831 3253 4887 hostes
3301 4830 3652 4888 Maehabeus

235 4923 354 4963 non
388 4911 506 4977 est;
550 4910 651 4965 sed
698 4909 771 4965 ad
820 4910 902 4967 rei
932 4912 1257 4978 veritatem,
1293 4912 1349 4968 id
1384 4914 1539 4985 quod
1592 4916 1662 4970 de
1710 4916 1893 4972 sacris
2006 4917 2300 4988 profectus
2348 4922 2453 4973 est.
2507 4920 2769 4990 Cumque
2796 4919 2964 4974 multi
2995 4919 3067 4974 de
3111 4918 3325 4992 populo
3359 4918 3455 4974 Dei
3505 4919 3654 4975 ferro

234 4994 553 5054 annalibus
611 4998 917 5073 decerpere
973 5001 1156 5073 potui,
1191 5006 1247 5058 et
1289 5019 1416 5074 quae
1476 5005 1811 5076 conjectura
1839 5010 1897 5061 et
2006 5006 2378 5073 cecidissent,
2412 5007 2699 5079 multique
2746 5007 3087 5063 vulneribus
3127 5007 3346 5064 debiles
3394 5008 3530 5064 facti
3560 5024 3656 5065 es-

234 5085 465 5141 ratione
513 5087 770 5160 assequi,
804 5105 920 5145 non
970 5090 1293 5165 praepositae
1327 5091 1408 5147 rei
1441 5092 1650 5150 seriem
1682 5092 1742 5149 in
1776 5111 1894 5150 me-
2009 5098 2157 5163 sent,
2210 5094 2561 5150 Machabeus
2608 5094 2667 5150 in
2728 5096 2872 5152 urbe
2928 5096 3657 5165 Iherosolimitana,xeno-

238 5173 410 5230 dium
440 5175 755 5233 adducam.
1944 5208 1957 5211 -
2010 5184 2188 5251 duna,
2228 5184 2337 5238 hoc
2395 5187 2483 5239 est
2542 5184 2705 5256 pium
2746 5184 2939 5240 locum
2995 5189 3053 5242 et
3099 5186 3380 5243 debilium
3437 5187 3660 5244 consti-

311 5263 1066 5340 SacramJerosolymorum
1087 5267 1427 5341 religionem
1446 5268 1899 5343 itaprincipium
2011 5272 2196 5328 tuisse
2248 5270 2488 5340 dicitur;
2525 5271 2617 5327 cui
2647 5272 2773 5329 loco
2816 5273 3084 5347 ingentes
3137 5275 3362 5349 argenti
3418 5279 3478 5332 et
3532 5276 3663 5341 auri

234 5349 523 5409 habuisse
553 5358 760 5428 reputo
793 5372 807 5411 :
843 5358 988 5413 Cum
1021 5358 1258 5429 exactis,
1292 5361 1521 5414 mortuo
1551 5358 1901 5417 Alexandrio
2014 5362 2306 5435 dragmas,
2331 5361 2404 5416 ad
2436 5361 2755 5433 expiandas
2783 5364 3197 5421 defunctorum
3220 5365 3451 5422 animas
3478 5369 3668 5423 trans-

238 5438 514 5515 Philippo
545 5441 932 5503 Macedonum
964 5463 1116 5520 rege,
1142 5446 1212 5503 de
1244 5447 1387 5503 urbe
1415 5447 1743 5505 Jerusalem
1775 5466 1905 5523 pro-
2016 5449 2207 5518 misit;
2258 5449 2478 5522 ibique,
2529 5454 2590 5506 ut
2636 5450 3075 5510 miserabilibus
3124 5452 3582 5526 receptaculum,
3613 5456 3673 5512 et

237 5527 461 5605 phanis
504 5532 783 5606 gentibus
830 5533 1280 5601 Machabeorum
1332 5552 1509 5611 opera
1554 5537 1627 5594 ad
1669 5555 1723 5595 a.
1756 5556 1815 5613 p.
1849 5545 1906 5598 et
2018 5537 2311 5597 defunctis
2340 5536 2637 5613 piaculum
2670 5540 3145 5611 constitueretur,
3167 5540 3675 5614 imposterum'dn-

570 5661 658 5720 PA
667 5676 845 5726 non.
892 5660 1065 5727 CLV.
3270 5667 3348 5731 35
