3992 6090
362 264 519 326 1099

879 262 984 325 AD
1030 259 1546 327 GODEFBIDUM
1590 258 1927 323 APPEND.
1975 258 2054 322 II.
2087 294 2167 306 --
2199 260 2510 326 MONUM.
2556 260 2657 323 DE
2701 260 2950 324 BELLO
2995 261 3244 325 SACRO

3605 262 3767 325 1100

362 397 558 454 crevit.
598 394 977 452 Volventibus
1033 396 1242 453 deinde
1297 396 1488 465 annis,
1543 412 1678 451 eum
1735 393 2006 468 religiosa
2034 404 2089 470 Α
2116 399 2350 467 gerent;
2382 394 2624 466 proinde
2653 396 2952 452 decretum
2981 399 3090 465 est,
3114 399 3181 451 ut
3200 398 3258 452 et
3280 394 3393 468 ipsi
3414 394 3629 453 milites
3650 396 3765 452 Ho-

364 485 677 542 clarissimi
707 484 1007 540 Machabei
1048 484 1338 542 institutio
1385 484 1697 551 levaretur,
1719 501 1906 556 usque
1937 484 2008 539 ad

364 573 640 631 salutaris
689 572 873 629 nostri
908 577 1170 646 tempora
1218 591 1558 647 processum
1601 578 1719 642 est;
1770 574 2011 645 ipseque

363 663 579 721 Jhesus
601 662 868 719 Christus
891 663 1115 719 humile
1142 681 1254 720 non
1278 663 1629 736 dedignatus
1658 662 2009 734 hospicium,

365 752 620 809 multum
649 751 880 825 pietatis
910 769 1085 825 opera
1124 753 1488 808 monstravit.
1526 755 1589 807 in
1641 753 1841 808 eodem
1874 768 2012 823 pro-

362 843 532 910 fecto,
557 856 692 898 cum
722 840 944 898 nullius
988 840 1070 897 rei
1119 858 1423 915 possessor
1466 842 1757 906 existeret,
1788 840 2014 896 dicente

364 930 466 987 illo
498 948 511 987 :
539 952 567 981 ‹‹
596 929 875 986 Volucres
925 930 1053 987 caali
1104 931 1294 997 nidos,
1327 936 1385 987 et
1414 930 1615 1003 vulpes
1663 930 1881 986 habent
1928 931 2012 985 fo-

363 1036 519 1088 veas,
553 1017 734 1075 Filius
762 1024 955 1075 autem
1006 1019 1261 1075 hominis
1292 1037 1407 1076 non
1457 1019 1632 1076 habet
1684 1036 1797 1092 quo
1849 1017 2013 1074 recli-

367 1112 467 1164 net
497 1111 674 1181 caput
712 1124 908 1177 suum,
937 1132 965 1159 »
994 1126 1109 1164 non
1143 1109 1434 1166 immerito
1484 1110 1642 1165 hunc
1688 1108 1880 1165 locum
1932 1107 2016 1178 ip-

366 1213 499 1253 sum
532 1196 848 1254 incoluisse
893 1197 1224 1255 existimare
1265 1199 1563 1271 possimus
1597 1215 1609 1255 :
1644 1199 1693 1255 si
1740 1197 1895 1253 enim
1927 1197 2014 1251 di-

366 1285 626 1360 scipulos
674 1288 950 1344 monebat
978 1289 1175 1344 omnia
1204 1288 1263 1343 in
1296 1288 1595 1345 communi
1645 1288 1877 1355 habere,
1911 1302 2017 1343 nec

367 1377 438 1433 de
478 1376 735 1434 crastino
790 1394 918 1434 esse
976 1377 1277 1449 sollicitos,
1308 1378 1357 1434 si
1417 1379 1638 1451 absque
1696 1376 1905 1433 calceis
1960 1379 2018 1432 et

366 1479 507 1537 pera
545 1463 865 1537 discipulos
915 1481 1044 1523 esse
1089 1465 1338 1534 volebat,
1376 1466 1508 1539 quis
1559 1466 1787 1522 dubitet
1834 1464 2017 1537 Magi-

367 1556 557 1609 strum
587 1552 730 1608 talia
758 1559 1115 1622 monentem,
1140 1556 1338 1611 omnia
1358 1555 1637 1612 habuisse
1660 1553 2018 1621 communia,

368 1640 773 1715 humilemque
803 1642 995 1699 locum
1026 1643 1431 1701 inhabitasse?

441 1729 563 1787 Hiis
620 1731 800 1804 igitur
856 1733 1182 1789 rationibus
1239 1735 1601 1803 conﬁrmati,
1662 1734 2021 1791 conﬁdenter

369 1818 560 1875 dicere
588 1836 908 1892 possumus
958 1821 1114 1878 hunc
1162 1822 1355 1878 locum
1386 1840 1758 1879 communem
1806 1831 1860 1878 et
1907 1822 2018 1877 hu-

369 1907 569 1964 milem
622 1908 872 1965 caelestis
922 1910 1293 1982 Imperatoris
1352 1912 1751 1968 habitaculum
1814 1912 2013 1967 fuisse.

370 1996 474 2053 Hic
505 1997 930 2071 discipulorum
962 2000 1139 2071 pedes
1172 2000 1450 2073 Magister
1479 2001 1637 2067 lavit,
1665 2001 2017 2071 eosdemque

369 2085 737 2159 presbyteros
762 2086 915 2153 fecit,
939 2087 1147 2160 suique
1170 2091 1428 2161 corporis
1455 2090 1871 2162 preciosissimi
1905 2105 2020 2145 me-

372 2174 620 2230 moriam
650 2168 906 2247 reliquit.
942 2176 1045 2232 Hic
1079 2177 1244 2233 Petro
1278 2177 1540 2235 Ecclesiae
1584 2182 1929 2252 potestatem
1961 2183 2019 2234 et

371 2261 561 2339 claves
615 2263 876 2320 tradidit.
927 2265 1031 2321 Hic
1078 2265 1302 2323 Veteris
1359 2267 1719 2323 Testamenti
1774 2268 1927 2334 ﬁnis,
1962 2272 2019 2323 et

370 2350 511 2406 Novi
540 2350 774 2407 initium
807 2353 935 2408 fuit.
960 2353 1041 2409 De
1071 2353 1181 2410 hoc
1201 2354 1326 2412 loco
1348 2357 1533 2413 acenti
1555 2356 1700 2429 (sic),
1719 2357 1789 2412 ad
1812 2356 2021 2429 glorio-

371 2438 672 2503 sissimam
722 2442 1077 2513 passionem,
1110 2447 1177 2500 ut
1224 2448 1435 2501 nostras
1483 2446 1676 2502 carnis
1724 2446 1889 2503 ﬁeret
1936 2463 2020 2502 re-

372 2528 932 2601 demptio,Christus
961 2532 1257 2604 profectus
1297 2538 1406 2590 est.
1430 2535 1533 2590 Hic
1566 2539 1698 2608 post
1726 2536 1854 2608 ejus
1887 2552 2017 2607 pas-

370 2616 595 2674 sionem
646 2617 918 2692 discipuli
964 2636 1098 2676 cum
1149 2622 1331 2678 Maria
1389 2629 1575 2681 matre
1632 2625 1783 2696 ejus,
1814 2625 2019 2680 confu-

370 2705 623 2779 gientes,
680 2708 1035 2765 admirandas
1087 2711 1549 2785 Resurrectionis
1608 2713 2017 2769 revelationem

370 2793 586 2851 habere
616 2802 978 2867 meruerunt,
999 2803 1058 2854 et
1097 2804 1229 2872 post
1279 2801 1665 2875 quadraginta
1713 2803 1836 2858 dies
1886 2819 2018 2875 pro-

372 2883 623 2940 missum
672 2884 951 2957 Spiritum
1003 2891 1272 2944 sanctum
1321 2895 1688 2962 acceperunt.
1721 2891 1845 2959 Hic,
1888 2896 2020 2963 post

373 2970 686 3044 gloriosam
703 2974 1407 3043 aseensionem,sanctum
1428 2979 1685 3051 primum
1705 2978 2018 3036 concilium

373 3060 643 3118 habitum
682 3065 789 3133 est,
816 3063 1066 3137 ﬁdeique
1106 3065 1421 3123 simbolum
1472 3069 1546 3124 ad
1593 3069 1901 3125 duodecim
1935 3069 2018 3125 fa-

2047 1778 2095 1842 B

2121 483 2348 555 spitalis
2397 484 2710 556 participes
2758 485 2982 553 ﬁerent,
3007 488 3063 540 et
3092 484 3485 540 Christianam
3534 484 3763 557 religio-

2121 589 2254 627 nem
2291 573 2692 642 defenderent;
2727 574 2883 629 unde
2912 578 2969 629 et
2995 573 3129 646 ipsi,
3152 590 3255 646 pro
3286 574 3522 630 nomine
3553 573 3765 630 Christi

2120 666 2468 735 pugnantes,
2485 667 2617 718 ante
2640 668 3092 735 pectuscrucem
3114 668 3343 735 gestare
3362 663 3765 719 instituerunt.

2122 750 2425 806 Crescente
2452 752 2660 807 deinde
2688 752 2842 825 apud
2874 751 3167 808 Orientem
3200 752 3460 823 perﬁdia,
3490 753 3603 808 fide
3632 752 3770 808 deﬁ-

2122 838 2330 907 ciente,
2358 840 2574 895 factum
2607 844 2697 896 est
2728 844 2790 895 ut
2819 840 3116 914 Hospitale
3137 859 3171 896 a
3190 841 3494 897 Saracenis
3524 859 3772 915 oecupa-

2121 932 2200 996 to,
2225 928 2438 984 Christi
2472 928 2686 985 milites
2707 929 2967 1001 undique
2990 928 3476 1003 dispergerentur.
3504 930 3770 1003 Cumque

2123 1018 2182 1072 in
2212 1019 2359 1073 Aera
2386 1022 2443 1073 et
2470 1018 2681 1091 Sarrya
2737 1018 2966 1103 npllum
3023 1018 3279 1092 amplius
3310 1020 3513 1093 refugii
3570 1019 3769 1076 locum

2122 1107 2424 1175 haberent,
2456 1106 2516 1161 in
2556 1107 2741 1162 altum
2793 1109 3105 1164 ascendere
3133 1108 3316 1164 coacti
3364 1113 3504 1164 sunt
3533 1126 3547 1164 :
3579 1108 3775 1181 prima

2123 1196 2209 1253 eis
2239 1196 2527 1269 navigatio
2558 1196 2618 1252 in
2650 1196 2902 1270 Cyprum
2934 1196 3065 1269 fuit,
3090 1197 3346 1253 insulam
3378 1197 3774 1254 Iherosolimis

2125 1285 2535 1358 propinquam.
2572 1285 2652 1341 lbi
2687 1302 2722 1341 a
2750 1285 3098 1343 Christianis
3141 1286 3504 1359 principibus
3536 1287 3773 1361 recepti,

2127 1380 2329 1431 contra
2369 1374 2703 1447 prophanas
2746 1379 2968 1447 gentes,
3003 1392 3106 1448 pro
3135 1375 3347 1432 Christi
3379 1376 3634 1448 nomine,
3666 1395 3775 1450 pu-

2127 1480 2305 1537 gnare
2337 1480 2452 1519 non
2477 1463 2849 1520 destiterunt.
2876 1464 3076 1521 Multis
3098 1465 3309 1522 deinde
3331 1465 3502 1522 annis
3525 1465 3778 1522 Rhodio-

2127 1568 2257 1607 rum
2291 1552 2486 1609 insula
2516 1553 3173 1628 Constantinopolitanis
3212 1555 3445 1612 rebellis
3474 1557 3626 1611 facta
3653 1560 3773 1623 est;

2128 1659 2243 1697 non
2265 1641 2593 1698 valentibus
2613 1642 2867 1715 ipsis,ob
2888 1645 3154 1718 ingentes
3176 1645 3531 1701 Rhodiorum
3550 1646 3774 1718 copias,

2129 1731 2187 1786 in
2218 1731 2497 1787 ditionem
2523 1733 2828 1789 vendicare
2858 1734 3136 1812 insulam,
3161 1734 3350 1807 ipsam
3370 1733 3776 1792 Jherosolimi-

2129 1819 2281 1877 tanis
2312 1820 2599 1877 militibus
2645 1823 3048 1895 occupandam
3091 1829 3521 1881 concesserunt.
3559 1822 3778 1881 Milites

2125 1926 2280 1978 vero,
2313 1910 2534 1982 paratis
2585 1911 2879 1977 manibus,
2912 1910 3217 1969 instructis
3263 1915 3467 1987 cepiis,
3499 1915 3773 1971 Rhodum

2128 1999 2487 2072 navigantes,
2521 2000 2679 2056 brevi
2725 2000 2951 2057 dierum
2982 2002 3178 2075 spacio
3208 2003 3266 2058 in
3300 2021 3469 2060 suam
3516 2009 3775 2078 potesta-

2127 2093 2243 2144 tem
2301 2089 2677 2161 redegerunt;
2719 2090 3056 2164 duplicique
3112 2092 3382 2165 praesidio
3441 2095 3674 2163 muniti,
3706 2111 3776 2151 ex

2126 2176 2311 2250 Cypro
2333 2182 2390 2234 et
2412 2178 2614 2234 Rhodo
2635 2179 2915 2236 adversus
2936 2184 3147 2237 nostrae
3170 2182 3303 2238 ﬁdei
3329 2183 3599 2241 inimicos
3622 2184 3776 2241 bella

2125 2272 2435 2338 gesserunt
2465 2273 2521 2323 et
2549 2272 2781 2341 gerunt.

2130 2373 2378 2450 Qualiter
2436 2375 2631 2450 domus
2690 2379 2984 2450 Hospitalis
3039 2378 3097 2435 S.
3154 2381 3419 2437 Johannis
3473 2384 3779 2440 Jerusalem

2195 2447 2308 2517 fuit
2350 2448 2531 2517 primo
2580 2447 2806 2504 inventd
2846 2450 3123 2507 voluntate
3167 2453 3388 2508 Domini
3434 2457 3608 2511 nostri
3649 2457 3779 2512 Iesu

2199 2518 2421 2573 Christi.

2199 2626 2486 2682 Omnibus
2519 2628 2905 2698 praesentibus
2934 2634 2991 2685 et
3022 2629 3234 2688 futuris
3264 2637 3470 2689 notum
3502 2634 3776 2705 facimus,

2128 2716 2282 2788 quod
2305 2716 2516 2771 domus
2538 2717 2854 2790 Hospitalis
2876 2719 2934 2774 S.
2954 2719 3242 2777 Johannis
3266 2722 3537 2794 Baptista:
3558 2729 3615 2780 et
3634 2742 3782 2799 pau-

2128 2821 2329 2877 perum
2360 2804 2966 2862 Jerosolimitanorum
2997 2807 3109 2863 fuit
3137 2808 3367 2882 incepta
3398 2829 3431 2867 a
3463 2813 3777 2887 principio,

2125 2898 2385 2966 tempore
2424 2894 2596 2966 primi
2644 2894 2781 2950 Julii
2815 2895 3080 2965 Caesaris,
3102 2898 3469 2970 imperatoris
3502 2902 3777 2971 Romani,

2127 2987 2186 3039 et
2213 2986 2474 3055 tempore
2502 2983 2769 3040 Antiochi
2816 2985 3098 3059 principis
3142 2988 3490 3058 Antiochiae;
3525 2990 3623 3048 ille
3673 2994 3777 3066 qui

2128 3071 2263 3128 fecit
2292 3072 2507 3141 omnia,
2532 3077 2588 3129 et
2619 3091 2764 3129 suus
2794 3073 2976 3131 Filius
3005 3075 3348 3133 benedictus
3380 3079 3549 3136 nobis
3579 3082 3781 3139 mittat

374 3152 555 3205 ctum.
580 3149 842 3223 Cumque
884 3150 1121 3225 gloriosi
1170 3157 1463 3229 principes
1492 3157 1831 3214 Christiania
1862 3156 2017 3225 ﬁdei,
2051 3147 2093 3214 C
2133 3159 2412 3233 Spiritum
2444 3166 2735 3229 sanctum,
2759 3161 2861 3236 qui
2907 3181 3110 3221 omnes
3160 3170 3278 3222 tres
3307 3184 3493 3225 unum
3544 3176 3684 3226 sunt
3715 3171 3776 3228 in

373 3236 528 3294 inter
556 3255 619 3295 se
647 3240 721 3295 ad
750 3239 1210 3312 praedicandum,
1238 3246 1564 3316 provincias
1590 3247 1780 3303 sortiti
1802 3250 2018 3313 essent,

372 3329 595 3398 septem
616 3326 771 3385 viros
791 3329 1226 3403 elegerunt,qui
1261 3351 1585 3407 pauperum
1617 3341 1673 3391 et
1704 3335 2019 3408 Hospitalis

372 3429 574 3470 curam
595 3416 851 3473 habituri
874 3423 1099 3488 essent;
1133 3419 1349 3492 quibus
1375 3422 1738 3495 Stephanum
1760 3424 2018 3497 primum

372 3507 687 3575 martyrem
704 3505 1081 3578 praepositum
1103 3507 1551 3565 constituerunt.
1572 3511 1641 3565 Et
1657 3510 1795 3583 quia
1812 3511 2017 3584 glorio-

370 3606 473 3647 sus
493 3608 651 3648 nove
674 3592 818 3666 legis
841 3610 1165 3666 praecursor
1183 3596 1314 3653 Joh.
1337 3599 1617 3671 Baptista,
1637 3600 1851 3657 Christi
1874 3601 2017 3670 bap-

368 3679 613 3738 tismum
661 3681 1005 3754 praedicans,
1056 3684 1128 3740 ab
1185 3685 1407 3742 Herode
1465 3705 1652 3760 nuper
1698 3689 2017 3747 decollatus

367 3772 510 3836 erat,
534 3771 705 3843 cujus
732 3770 861 3826 vitae
881 3772 1286 3829 testimonium
1308 3776 1501 3832 cuncti
1524 3778 1967 3834 admirabantur
1998 3797 2012 3835 :

367 3860 426 3914 et
454 3857 593 3930 quia
621 3858 737 3915 hiis
767 3858 911 3915 locis
942 3865 1117 3917 natus
1137 3866 1195 3917 et
1221 3879 1409 3935 usque
1439 3865 1511 3922 ad
1542 3865 1800 3922 infantia:
1830 3884 2016 3924 annos

366 3945 654 4003 educatus
685 3951 828 4013 erat,
853 3947 925 4003 ob
956 3951 1344 4008 venerandam
1376 3954 1504 4025 ejus
1535 3957 1879 4012 memoriam
1911 3956 2019 4012 Ηο·

367 4033 598 4107 spitalis
618 4038 929 4107 patronum
946 4037 1362 4110 appellaverat;
1387 4042 1840 4101 subsedentibus
1862 4050 2016 4117 post—

368 4123 611 4178 modum
641 4124 1022 4197 temporibus,
1045 4143 1180 4184 cum
1211 4145 1425 4203 magna
1466 4130 1620 4189 inter
1645 4132 1915 4190 homines
1945 4134 2015 4190 de

367 4211 482 4269 ﬁde
513 4212 708 4286 opinio
730 4220 903 4285 esset,
928 4216 1165 4289 plurimi
1195 4219 1251 4274 in
1276 4221 1547 4279 societate
1569 4239 1893 4296 pauperum
1925 4224 2013 4279 di-

367 4298 728 4373 scipulorum
759 4303 988 4361 Domini
1041 4308 1449 4379 conferebant;
1483 4315 1539 4367 et
1590 4316 1652 4367 ut
1700 4312 2014 4385 participes

366 4389 697 4449 orationum
743 4393 966 4463 ﬁerent,
989 4396 1240 4454 venditis
1274 4399 1448 4455 rebus
1491 4398 1634 4467 suis,
1657 4404 1789 4456 ante
1836 4401 2013 4473 pedes

2129 3250 2483 3320 adiutorium
2520 3250 2619 3317 sit,
2643 3252 2799 3324 quod
2831 3270 2937 3308 nos
2968 3253 3266 3326 possimus
3297 3255 3486 3313 dicere
3513 3263 3571 3313 et
3599 3264 3781 3316 retra-

2128 3337 2268 3394 here
2289 3339 2359 3395 de
2380 3340 2586 3395 Latino
2617 3339 2676 3395 in
2709 3342 3178 3414 grammaticam,
3203 3344 3287 3400 ita
3316 3350 3373 3400 et
3400 3346 3595 3403 taliter
3616 3350 3777 3422 quod

2131 3426 2206 3482 sit
2237 3427 2367 3483 laus
2396 3428 2670 3500 praedicto
2702 3434 2904 3486 sancto
2932 3430 3186 3488 Johanni
3219 3433 3516 3506 Baptistae.

2201 3514 2546 3587 Supradicto
2575 3515 2732 3572 enim
2756 3521 3016 3589 tempore
3048 3519 3158 3575 fuit
3188 3521 3427 3592 quidam
3451 3525 3778 3600 presbyter,

2127 3607 2185 3659 et
2213 3602 2486 3660 dominus
2517 3602 2767 3661 aliorum
2816 3606 3287 3681 presbyterorum
3318 3609 3376 3665 in
3423 3612 3778 3683 Jerusalem,

2127 3692 2225 3764 qui
2259 3693 2575 3749 vocabatur
2604 3692 2912 3762 Melchiar;
2946 3696 3047 3768 qui
3072 3696 3241 3771 fregit
3261 3700 3639 3771 sepulchrum
3673 3704 3785 3760 Da-

2123 3779 2240 3849 vid,
2264 3784 2319 3837 et
2340 3797 2407 3837 cx
2428 3797 2493 3837 eo
2529 3783 2775 3837 extraxit
2805 3800 3086 3858 magnum
3118 3786 3485 3856 thesaurum,
3507 3791 3785 3849 videlicet

2125 3888 2336 3926 aurum
2363 3874 2420 3926 et
2449 3870 2795 3929 vestimenta
2835 3874 3116 3945 preeiosa,
3135 3892 3262 3947 quae
3291 3876 3508 3934 ibidem
3541 3880 3783 3938 fuerant

2124 3960 2315 4032 posita
2351 3960 2423 4015 ab
2473 3959 2603 4016 aliis
2654 3962 2895 4034 regibus
2945 3968 3079 4037 post
3125 3965 3401 4022 Davidem
3450 3985 3668 4043 regem,
3705 3971 3782 4028 de

2125 4066 2239 4122 quo
2270 4048 2508 4120 quidem
2540 4049 2710 4119 facto,
2736 4050 2930 4107 dictus
2961 4052 3238 4109 Melchiar
3281 4055 3393 4111 fuit
3436 4063 3778 4128 accusatus,

2124 4154 2319 4193 coram
2368 4137 2630 4211 principe
2673 4140 3011 4210 Antiochiaz,
3038 4142 3137 4215 qui
3170 4147 3310 4199 tunc
3341 4146 3623 4218 temporis
3652 4155 3782 4204 erat

2122 4226 2399 4282 dominus
2429 4231 2486 4284 et
2516 4228 2634 4285 dux
2689 4227 2750 4284 in
2798 4229 3145 4299 Jerusalem,
3176 4249 3245 4288 ex
3293 4239 3576 4307 praecepto
3625 4235 3773 4292 Julii

2121 4316 2743 4375 CaesariszAntiochus
2780 4335 2912 4375 vero
2942 4320 3013 4375 de
3058 4319 3169 4376 hoc
3216 4321 3327 4377 fuit
3355 4322 3520 4380 valde
3568 4326 3775 4381 turba-

2118 4408 2237 4474 tus,
2262 4410 2319 4461 et
2350 4407 2640 4480 cogitabat
2669 4407 2824 4463 intra
2867 4424 2927 4464 se
2958 4407 3208 4481 qualiter
3238 4415 3435 4482 posset
3464 4411 3778 4471 honestius

364 4480 764 4581 apostolorum
792 4484 986 4556 precia
1005 4486 1320 4558 ponebant,
1341 4504 1713 4546 communem
1737 4507 1872 4545 eum
1894 4489 2011 4545 illis
2043 4514 2089 4581 ι)
2112 4494 2415 4566 justiciam
2437 4495 2772 4552 ministrare
2788 4497 2857 4552 de
2880 4480 3029 4553 furto
3052 4480 3407 4570 supradicto.
3422 4501 3491 4557 Et
3511 4503 3778 4560 secunda

362 4567 541 4625 vitam
572 4570 868 4629 ducentes.

432 4656 820 4729 Verum,cum
833 4660 1173 4718 Christianae
1203 4663 1337 4720 ﬁdei
1359 4664 1661 4723 devotione
1691 4673 2005 4737 crescente,

361 4744 542 4818 hujus
583 4765 760 4805 sacrae
791 4750 1004 4807 domus
1033 4750 1340 4808 facultates
1391 4752 1561 4827 longe
1610 4755 2009 4831 multiplicatis

359 4839 576 4903 essent,
592 4836 692 4908 qui
717 4853 816 4893 eas
837 4841 1159 4907 tuerentur,
1175 4840 1448 4896 conducti
1466 4842 1683 4899 milites
1705 4846 2008 4902 constituti

361 4928 520 4991 sunt,
559 4929 623 4979 ut
652 4931 707 4979 et
735 4925 1043 4982 facultates
1073 4926 1390 4999 Hospitalis
1429 4929 1660 5000 domus,
1691 4935 1800 4990 sub
1832 4935 2009 4993 fratre

362 5011 728 5085 Raymundo,
753 5030 787 5068 a
808 5031 922 5085 quo
946 5013 1165 5087 Regula
1194 5021 1386 5087 pottea
1405 5020 1724 5078 constituta
1748 5028 1855 5090 est,
1880 5028 2006 5081 tue-

360 5104 582 5169 rentur,
605 5106 780 5173 atque
806 5116 1068 5174 paganos
1100 5103 1478 5177 repellerent:
1505 5109 1615 5181 ipsi
1648 5128 1900 5185 namque
1921 5132 2008 5170 sa-

359 5190 621 5246 cerdotes
638 5189 820 5245 sacris
842 5191 1135 5263 mysteriis
1155 5197 1213 5248 et
1234 5194 1742 5266 pradicationibus
1766 5217 2007 5276 occupa-

356 5278 423 5346 ti,
442 5294 512 5334 ea
531 5293 656 5349 quae
679 5277 896 5335 milites
917 5280 1262 5338 factitabant
1281 5299 1542 5341 exercere
1565 5304 1680 5343 non
1706 5294 2001 5361 poterant;

355 5382 555 5422 verum
590 5382 725 5421 cum
756 5366 817 5423 in
847 5370 1071 5424 tantam
1100 5372 1419 5440 vesaniam,
1447 5374 1783 5447 impellente
1813 5380 2003 5435 avari-

357 5453 469 5521 cia,
492 5453 709 5511 milites
738 5454 873 5512 elati
904 5462 1120 5529 essent,
1145 5464 1211 5517 ut
1251 5478 1313 5517 se
1356 5462 1699 5521 facultatum
1730 5467 2002 5542 Hospita-

351 5542 429 5607 lis
454 5542 813 5621 professores
855 5545 1297 5623 constituerent,
1321 5553 1767 5632 sacerdotesque
1819 5560 2002 5637 negli-

2120 4588 2285 4640 nocte
2317 4585 2603 4657 sequenti,
2620 4585 2871 4657 jacendo
2903 4586 2963 4641 in
2995 4585 3164 4657 lecto,
3189 4589 3482 4662 cogitabat
3512 4592 3774 4649 multum

2117 4673 2255 4746 quid
2291 4674 2504 4731 iaceret
2530 4675 2601 4730 de
2632 4673 2733 4730 tali
2764 4692 2824 4731 re
2847 4692 2859 4730 :
2886 4679 2943 4731 et
2972 4680 3284 4749 postquam
3308 4679 3450 4735 satis
3470 4681 3774 4753 cogitavit,

2117 4764 2395 4836 ohrcptus
2450 4763 2562 4819 fuit
2617 4781 2651 4820 a
2706 4780 2972 4837 sompno,
3005 4770 3061 4820 et
3115 4770 3255 4822 tunc
3311 4767 3555 4841 angelus
3614 4771 3777 4843 cepit

2118 4854 2245 4925 ejus
2278 4853 2572 4925 spiritum,
2598 4857 2655 4909 et
2684 4854 2935 4909 eundem
2985 4856 3235 4928 portavit
3281 4873 3456 4929 super
3503 4863 3773 4915 montem

2118 4942 2383 4998 Calvarii.
2417 4943 2518 4997 Cui
2552 4946 2665 4998 Rex
2709 4959 2954 5015 regnum
2985 4943 3277 5016 apparuit,
3308 4948 3367 5001 et
3395 4944 3557 5002 dixit.
3583 4970 3612 4997 α
3648 4950 3775 5003 An-

2116 5030 2327 5100 tioche,
2360 5048 2476 5087 non
2525 5048 2708 5104 ponas
2748 5047 2989 5087 manum
3037 5048 3215 5106 super
3260 5033 3444 5090 istum
3493 5041 3773 5093 sanetum

2115 5120 2543 5194 presbyterum,
2565 5123 2622 5175 et
2647 5136 2761 5175 non
2785 5121 3051 5177 eii‘undas
3072 5122 3200 5194 ejus
3224 5123 3605 5196 sanguinem;
3633 5143 3779 5199 quo-

2115 5209 2274 5264 niam
2308 5208 2364 5263 in
2399 5208 2509 5264 ista
2531 5207 2863 5281 loco,quem
2888 5209 2991 5264 tibi
3015 5215 3435 5279 monstravere,
3460 5216 3521 5267 tu
3555 5218 3612 5269 et
3644 5214 3775 5287 ipse

2115 5297 2337 5354 debetis
2368 5297 2556 5353 facere
2595 5314 2772 5353 unam
2805 5299 3045 5354 domum
3081 5298 3317 5371 pietatis
3346 5304 3403 5356 et
3434 5300 3777 5360 misericor-

2114 5384 2242 5449 diae,
2276 5403 2649 5442 communem
2682 5385 2957 5443 omnibus
3001 5388 3360 5461 pauperibus
3408 5388 3627 5446 ibidem
3661 5392 3776 5448 ad-

2111 5475 2500 5532 venientibus.
2536 5477 2605 5531 Et
2652 5492 2757 5549 ego
2806 5476 3077 5549 praecipio
3125 5477 3253 5548 tibi,
3282 5477 3577 5547 Melchiar,
3611 5481 3774 5555 quod

2110 5568 2302 5624 totum
2335 5564 2503 5622 illum
2533 5563 2898 5639 thesaurum,
2930 5566 3032 5642 qui
3083 5566 3193 5626 fuit
3239 5571 3535 5628 extractus
3566 5568 3642 5629 de
3675 5587 3778 5631 se-
