3994 6070
171 319 322 379 1101

960 317 1062 378 DE
1103 315 1563 379 PRIMORDIIS
1609 314 1881 379 SACRJE
1926 315 2368 380 RELIGIONIS
2413 317 2780 382 JEROSOL.

3420 325 3573 387 1102

169 450 418 523 pulchro
470 449 721 520 Davidis,
786 454 1038 522 ponatur
1083 450 1142 505 in
1210 450 1450 506 aediﬁcio
1498 450 1825 507 mansionis
1851 448 1907 515 Α
1937 455 2201 521 portatus
2232 450 2580 523 benigniter,
2620 453 2691 508 Et
2720 454 2954 525 quando
2991 454 3264 511 Julianus
3300 456 3445 512 vidit
3486 457 3573 513 in-

170 556 519 613 pauperum;
555 538 835 611 quoniam
866 539 1119 612 Spiritus
1149 544 1386 596 sanctus
1416 541 1516 596 ubi
1548 540 1669 595 vult
1699 540 1816 614 spi-

173 634 283 684 rat.
311 651 338 678 η
356 628 574 684 Eadem
598 632 784 697 nocte,
805 629 931 702 ipse
960 629 1353 684 manifestavit
1375 646 1435 685 se
1456 635 1657 685 saneto
1689 647 1820 702 pre—

170 718 403 791 sbytero
426 716 724 785 Melchiar,
750 722 807 774 et
826 718 970 773 dixit
991 718 1179 774 eidem
1206 736 1218 773 :
1242 742 1269 769 ‹‹
1292 718 1485 774 Vadas
1509 724 1642 774 ante
1662 736 1821 774 mon-

168 812 290 862 tem
324 804 671 875 Calvarium,
704 811 761 863 et
802 807 901 863 ubi
951 811 1014 863 tu
1064 807 1322 864 invenies
1370 808 1818 865 fundamentum

168 895 546 963 mdiﬁcatum,
572 894 788 951 ibidem
824 895 995 951 facite
1026 895 1166 951 mihi
1202 914 1381 952 unam
1428 898 1668 953 domum
1701 896 1818 951 for-

168 989 290 1040 tem
322 988 379 1039 et
408 985 662 1049 ﬁrmam,
709 984 990 1056 quoniam
1040 984 1099 1040 in
1148 987 1350 1042 eadem
1400 986 1575 1059 recipi
1621 986 1818 1042 multae

167 1073 511 1129 mansiones
543 1073 833 1146 gentium,
864 1074 1003 1145 quia
1032 1073 1133 1145 qui
1163 1091 1446 1146 pauperes
1477 1075 1699 1147 recipit,
1725 1091 1819 1130 me

168 1161 396 1235 recipit,
434 1186 455 1215 ι
493 1163 563 1217 Et
593 1162 827 1234 quando
847 1162 918 1217 de
947 1179 1118 1218 mane
1136 1163 1193 1217 in
1216 1181 1425 1220 aurora
1442 1164 1555 1220 diei
1579 1164 1675 1219 ille
1698 1182 1824 1237 pre-

167 1251 368 1324 sbyter
398 1250 699 1307 descendit
729 1251 801 1306 de
849 1255 1046 1306 monte
1098 1252 1376 1324 Calvario,
1427 1253 1619 1309 obviat
1667 1255 1820 1328 prin-

167 1338 308 1412 cipi,
341 1344 400 1396 et
428 1340 794 1413 incmperunt
815 1339 1137 1396 adinvieem
1170 1340 1352 1414 loqui,
1385 1345 1676 1415 quomodo
1705 1345 1818 1400 Do-

167 1429 371 1485 minus
402 1433 603 1485 noster
629 1430 807 1486 Jesus
835 1428 1099 1485 Christus
1131 1430 1451 1502 unicuique
1484 1434 1820 1489 ostenderat

164 1518 387 1573 bonam
417 1517 594 1587 viam,
628 1522 685 1574 et
715 1517 860 1573 illud
892 1519 1049 1590 quod
1079 1518 1363 1576 Dominus
1388 1526 1588 1577 noster
1617 1527 1818 1577 osten-

163 1607 334 1663 derat
364 1607 650 1663 ambobus
680 1606 934 1662 multum
961 1607 1179 1679 placuit
1208 1613 1265 1663 et
1294 1626 1494 1665 eorum
1538 1615 1661 1666 toto
1687 1628 1819 1667 con-

167 1694 340 1763 cilio;
375 1699 434 1751 et
465 1695 621 1767 quod
650 1695 745 1751 ille
778 1700 1019 1752 sanctus
1049 1697 1351 1769 presbyter
1382 1697 1632 1754 rtonabat
1661 1716 1722 1754 se
1764 1703 1821 1755 et

162 1788 381 1887 totum‘
393 1782 537 1885 illud
582 1785 737 1857 quod
786 1785 1086 1884 invenerat
1132 1786 1202 1841 de
1231 1785 1505 1887 thesauro
1528 1787 1586 1842 in
1620 1788 1818 1862 sepul-
1850 1821 1898 1887 Β

165 1872 310 1930 chro
339 1873 521 1929 David
553 1875 626 1930 ad
658 1874 1158 1939 constructionem
1192 1875 1360 1932 dictae
1394 1894 1571 1933 sacrae
1610 1877 1822 1934 domus

164 1979 349 2019 causa
368 1963 655 2018 serviendi
678 1964 1033 2036 pauperibus
1056 1968 1172 2019 toto
1197 1969 1479 2037 tempore,
1501 1965 1653 2022 sieut
1675 1966 1822 2023 scri-

165 2056 339 2124 ptum
370 2050 658 2124 reperitur
687 2051 746 2106 in
776 2050 927 2107 libro
958 2053 1030 2108 de
1060 2052 1427 2123 Maehabaeis.

239 2140 487 2206 Quando
506 2140 537 2196 J
545 2141 692 2196 udas
716 2140 1085 2197 Machabaeus
1106 2140 1250 2198 vidit
1272 2146 1329 2198 et
1360 2145 1631 2216 cognovit
1650 2145 1820 2212 bene,

166 2231 327 2302 quod
361 2230 515 2285 bona
545 2247 638 2286 res
668 2234 791 2285 erat
823 2247 988 2286 orare
1018 2248 1124 2302 pro
1145 2231 1660 2299 mortuis,misitin
1690 2234 1823 2291 Jhe-

166 2318 430 2374 rusalem
457 2319 560 2374 XII
592 2320 868 2393 dragmas
898 2319 1145 2391 argenti,
1199 2325 1256 2375 et
1301 2322 1456 2393 quod
1503 2323 1823 2379 oﬂerantur

166 2409 350 2481 Hosp.
383 2424 709 2481 pauperum
741 2408 895 2481 qued
928 2407 1041 2480 ipsi
1072 2415 1345 2482 rogarent
1392 2427 1496 2482 pro
1551 2413 1817 2482 mortuis,

165 2503 229 2554 et
257 2496 513 2570 placeret
533 2496 811 2552 Melchiar
826 2496 1088 2553 stabilire
1110 2498 1316 2555 fratres
1342 2501 1414 2555 ad
1452 2502 1819 2557 serviendum

170 2586 529 2661 pauperibus
541 2585 956 2643 mansionis.1n
973 2585 1071 2642 illa
1087 2604 1252 2642 sacra
1270 2588 1464 2658 domo,
1486 2607 1662 2662 quam
1681 2590 1823 2645 dixi-

168 2693 330 2744 mus,
362 2680 644 2733 venerunt
672 2676 742 2732 de
771 2675 1057 2732 omnibus'
1076 2677 1343 2749 partibus
1393 2680 1600 2734 mundi
1650 2679 1820 2737 multi

166 2782 460 2838 pauperes
489 2770 547 2823 et
572 2766 813 2834 infirmi,
846 2767 946 2839 qui
981 2767 1196 2822 fuerint
1228 2770 1438 2841 recepti
1473 2774 1530 2825 et
1560 2770 1822 2844 benigni-

166 2861 259 2910 ter
282 2855 624 2927 pertractati
642 2860 879 2929 propter
899 2856 1360 2912 misericordiam
1385 2858 1612 2914 Domini
1639 2861 1821 2916 nostri

166 2944 311 2999 Jesu
384 2943 618 3000 Christi.
687 2944 959 3018 Princeps
1019 2945 1414 3002 Antiochenus
1484 2949 1816 3020 prtedietus,

169 3033 411 3105 quando
438 3032 603 3102 obiit,
634 3033 871 3089 donavit
898 3051 1075 3090 sacrae
1107 3036 1307 3091 domui
1339 3037 1624 3108 praedictae
1653 3039 1821 3094 Jero-

171 3121 522 3178 solimitanaa
554 3140 829 3196 magnam
860 3128 1085 3195 partem
1114 3124 1400 3180 bonorum
1432 3143 1695 3182 suorum.

1929 538 2253 595 fortunium
2285 541 2441 611 quod
2481 547 2767 609 evenerat,
2809 542 3188 616 interregavit
3233 543 3570 612 Dominum,

1929 652 1957 678 ‹‹
1991 628 2129 694 Quis
2161 629 2303 684 estis
2333 647 2433 685 vos
2475 632 2574 702 qui
2622 631 2954 687 extraxistis
3002 648 3094 687 me
3143 633 3213 687 de
3259 632 3371 688 isto
3420 633 3571 705 peri-

1929 717 2060 772 culo
2079 718 2107 772 ‘2
2137 739 2164 767 »
2197 720 2265 773 Et
2282 718 2556 774 dominus
2575 724 2771 776 noster
2788 721 3088 793 respondit
3118 726 3173 776 et
3204 721 3377 781 dixit:
3399 746 3426 772 «
3451 723 3569 795 Ego

1929 824 2061 861 sum
2096 808 2280 863 Filius
2310 809 2433 877 Dei,
2469 808 2567 881 qui
2595 809 2855 864 ordinavi
2894 815 2950 865 te
2990 810 3442 882 Hospitalarium
3474 812 3573 867 do-

1929 912 2062 951 mus
2111 914 2432 969 pauperum
2472 898 2818 965 Jerusalem,
2852 903 2909 955 et
2938 899 2997 954 in
3029 900 3291 955 futurum
3339 900 3570 956 veniam

1928 986 2303 1057 corporaliter
2333 988 2391 1042 in
2432 987 2534 1043 illa
2583 989 2796 1058 domo;
2837 1008 2858 1037 α
2901 993 2959 1044 et
3005 989 3296 1045 benedixit
3345 990 3416 1046 ei.
3471 989 3571 1046 Ille

1926 1073 2202 1130 Julianus
2259 1078 2475 1149 recepit
2503 1078 2573 1132 ad
2625 1078 2906 1151 gaudium
2958 1078 3419 1135 benedictionem
3467 1079 3573 1135 Do-

1929 1163 2074 1219 mini
2126 1166 2349 1235 nostri;
2384 1171 2441 1221 et
2486 1166 2641 1221 venit
2698 1167 2757 1221 in
2808 1167 3127 1223 Jerusalem
3179 1168 3251 1224 ad
3299 1172 3570 1224 sanctum

1926 1254 2288 1323 Zachariam,
2332 1256 2429 1310 ubi
2480 1256 2603 1328 ipse
2651 1256 2959 1313 Zacharias
2989 1261 3045 1313 et
3085 1256 3183 1312 alii
3233 1257 3443 1313 fratres
3482 1274 3571 1314 re-

1928 1348 2207 1414 ceperunt
2237 1360 2373 1400 eum
2421 1362 2525 1417 pro
2575 1350 2757 1417 patre.
2821 1347 3278 1418 Subsequenter,
3337 1347 3573 1418 quando

1929 1431 2215 1488 Dominus
2249 1438 2448 1489 noster
2495 1434 2653 1489 venit
2696 1434 2755 1489 in
2786 1439 3023 1504 terram,
3074 1453 3177 1508 pro
3225 1435 3414 1491 salute
3462 1435 3573 1491 hu-

1931 1523 2089 1576 mani
2122 1522 2373 1594 generis,
2407 1510 2468 1578 et'
2498 1522 2683 1578 voluit
2714 1523 3084 1580 manifestare
3115 1524 3363 1597 gloriam
3405 1541 3573 1581 suam

1930 1610 2165 1682 populo,
2228 1613 2452 1667 vocavit
2491 1612 2787 1684 apostolos
2827 1630 2966 1669 suos
3015 1618 3071 1669 et
3123 1612 3472 1686 discipulos;
3521 1617 3578 1670 et

1928 1698 2084 1754 venit
2114 1699 2171 1754 in
2203 1700 2552 1768 Jerusalem,
2586 1701 2741 1756 sicut
2783 1702 3124 1774 praedixerat
3161 1720 3264 1776 per
3303 1707 3575 1759 sanctum

1929 1788 2188 1860 Spritum
2208 1789 2605 1861 provisoribus
2628 1791 2953 1847 mansionis
2991 1791 3331 1863 Hospitalis.
3352 1792 3421 1847 Et
3466 1790 3578 1847 cxi-

1932 1881 2093 1932 stens
2123 1877 2296 1933 homo
2329 1878 2643 1951 corporalis
2661 1880 2729 1935 de
2746 1878 3038 1952 praesenti,
3074 1879 3207 1935 fecit
3224 1879 3575 1936 miraculum

1930 1966 2317 2038 praesentibus
2347 1968 2472 2024 suis
2514 1967 2839 2040 discipulis,
2898 1972 2954 2023 et
3002 1968 3283 2041 apostolis
3330 1968 3579 2025 faciebat

1931 2054 2183 2111 salutem
2205 2055 2558 2112 animarum.
2577 2057 2730 2112 Deus
2752 2057 2852 2129 qui
2881 2056 3012 2113 fecit
3029 2073 3243 2131 magna
3262 2057 3416 2113 bona
3439 2057 3576 2112 huic
3662 2086 3669 2097 κ

1931 2144 2152 2213 domui,
2179 2145 2335 2217 quod
2368 2146 2614 2217 ipsemet
2631 2144 2815 2201 voluit
2836 2162 2897 2201 se
2926 2146 3229 2203 ostendere
3251 2145 3355 2216 eis,
3379 2149 3577 2202 exten-

1932 2233 2019 2288 dit
2048 2250 2261 2289 manus
2293 2251 2431 2289 suas
2464 2251 2641 2306 supra
2671 2251 2809 2290 suos
2857 2234 3151 2307 apostolos
3195 2238 3253 2290 et
3293 2250 3579 2308 pauperes

1932 2322 2255 2378 mansionis
2284 2321 2588 2394 praedictae;
2637 2328 2693 2378 et
2731 2326 2870 2378 tunc
2910 2322 3081 2378 dixit:
3117 2345 3145 2373 ››
3183 2322 3290 2389 Qui
3332 2340 3434 2379 vos
3476 2322 3583 2378 ho-

1932 2412 2182 2479 norabit,
2240 2429 2331 2467 me
2402 2412 2730 2479 honorabit,
2782 2417 2839 2468 et
2885 2412 2986 2484 qui
3033 2428 3133 2468 vos
3182 2411 3440 2485 recipiet,
3491 2428 3585 2468 me

1929 2501 2188 2574 recipiet.
2224 2500 2605 2557 Maledicatur
2632 2500 2808 2558 homo
2850 2502 2951 2573 qui
3002 2504 3235 2574 spernet
3279 2517 3463 2557 unum
3512 2502 3583 2558 de

1928 2590 2067 2646 illis.
2103 2613 2130 2639 ››
2164 2591 2376 2646 Notum
2410 2591 2657 2646 facimus
2686 2591 2842 2662 quod
2873 2590 2988 2648 ista
3017 2594 3104 2646 est
3129 2590 3355 2647 mansio
3376 2590 3435 2645 iu
3462 2607 3581 2663 qua

1930 2679 2215 2735 Dominus
2263 2683 2459 2735 noster
2505 2679 2651 2733 dixit
2698 2678 2783 2734 iili
2832 2679 3077 2751 sapienti
3129 2679 3382 2735 homini:
3419 2703 3447 2729 «
3489 2679 3574 2735 Tu

1931 2768 2157 2823 amabis
2203 2768 2386 2823 Deum
2433 2784 2500 2823 ex
2546 2772 2664 2823 toto
2715 2772 2814 2823 tuo
2867 2768 3057 2837 corde,
3103 2772 3160 2823 et
3206 2784 3275 2823 ex
3304 2771 3426 2824 toto
3472 2770 3574 2824 tuo

1931 2856 2302 2929 cogitamine,
2348 2879 2375 2907 ››
2429 2861 2485 2911 et
2547 2856 2659 2911 alia
2706 2856 2892 2911 multa
2934 2857 3259 2912 secundum
3310 2857 3466 2927 quod
3511 2857 3571 2911 in

1928 2945 2239 3017 Evangelio
2289 2945 2596 3017 reperitur.
2654 2946 2796 3001 Item
2836 2946 2947 3001 ista
2982 2948 3069 3002 est
3110 2946 3321 3001 domus
3359 2946 3418 3001 in
3456 2962 3573 3017 qua

1928 3033 2421 3091 obseondiderunt
2455 3051 2516 3089 se
2542 3033 2810 3106 apostoli,
2860 3038 2917 3090 et
2964 3032 3304 3090 clauserunt
3350 3040 3569 3106 portas,

1932 3124 2142 3180 timore
2169 3123 2526 3190 Judaeorum,
2560 3124 2792 3195 quando
2833 3123 3117 3179 Dominus
3164 3126 3361 3179 noster
3407 3123 3580 3179 Jesus

244 3211 365 3267 Nos
399 3190 839 3268 facimus'vobis
870 3217 1075 3268 notum
1108 3231 1293 3270 unum
1333 3232 1613 3289 magnum
1656 3216 1825 3272 mira—
1853 3190 1896 3257 C
1938 3213 2204 3269 Christus
2222 3212 2347 3275 fuit
2376 3211 2709 3267 cruciﬁxus.
2745 3213 2808 3267 In
2839 3210 2952 3267 ista
2981 3214 3183 3267 sancta
3200 3212 3395 3267 domo.
3423 3210 3582 3267 venit

172 3299 398 3369 culum,
420 3302 575 3373 quod
611 3301 943 3358 auscultare
960 3302 1173 3358 debent
1202 3304 1479 3360 omnesin
1492 3305 1674 3361 Deum
1697 3323 1823 3362 cre-

174 3390 405 3446 dentes.
445 3390 732 3447 Dominus
772 3395 971 3447 noster
1006 3391 1222 3448 Jhesus
1260 3393 1523 3450 Christus
1554 3396 1827 3468 apparuit

173 3477 468 3534 Zacharias
499 3478 793 3552 propheta:
816 3496 933 3535 una
959 3480 1072 3547 die,
1105 3483 1340 3554 quando
1370 3484 1617 3540 faciebat
1646 3486 1824 3541 sacri-

174 3566 381 3622 ﬁcium
410 3566 547 3635 Deo,
580 3571 637 3623 et
663 3566 724 3622 in
753 3565 855 3622 illa
883 3567 1026 3624 hora
1057 3568 1237 3626 Filius
1267 3570 1365 3626 Dei
1399 3572 1822 3644 apparuitsibi,

173 3659 235 3712 et
266 3655 440 3711 dixit:
477 3676 505 3705 ‹‹
537 3654 835 3723 Melchiar,
884 3656 1063 3712 frater
1104 3661 1243 3714 tuus
1286 3660 1558 3716 transivit
1594 3662 1664 3717 de
1717 3662 1827 3718 hoc

173 3742 398 3812 seculo,
431 3749 487 3800 et
516 3743 714 3801 anima
743 3745 871 3817 ejus
901 3749 988 3801 est
1035 3746 1094 3801 in
1134 3747 1426 3819 paradiso,
1469 3766 1537 3805 ex
1568 3767 1681 3822 quo
1721 3768 1826 3824 ego

170 3833 449 3906 praecipio
478 3833 606 3902 tibi,
639 3838 695 3889 et
724 3833 844 3889 ﬁlio
876 3838 996 3903 tuo,
1042 3839 1098 3891 et
1145 3836 1307 3890 uxori
1361 3840 1469 3892 tuae
1521 3840 1674 3911 quod
1725 3857 1826 3896 vos

168 3921 425 3978 veniatis
473 3922 534 3978 in
589 3922 937 3991 Jerusalem,
992 3927 1049 3979 et
1097 3924 1359 3981 servietis
1392 3926 1535 3981 mihi
1585 3932 1641 3984 et
1688 3946 1830 4001 pau-

171 4011 416 4083 peribus
461 4012 610 4068 meis
657 4012 841 4068 donec
889 4013 1162 4069 Julianus
1214 4015 1284 4069 de
1333 4015 1520 4072 Roma
1548 4017 1739 4074 veniat
1768 4018 1829 4074 in

171 4099 528 4157 Jerusalem.
561 4124 583 4150 ι»
629 4102 872 4168 Quando
910 4102 1218 4159 Zacharias
1258 4104 1568 4177 complevit
1607 4107 1826 4163 sacriﬁ-

173 4189 355 4259 cium,
390 4191 546 4262 quod
577 4191 703 4264 ipse
733 4191 981 4247 faciebat
1012 4192 1152 4262 Deo,
1184 4192 1243 4247 in
1269 4199 1433 4265 parte
1451 4194 1829 4253 fuitmultum

175 4278 365 4348 laetus,
386 4284 444 4336 et
461 4280 517 4335 in
538 4285 703 4353 parte
723 4280 831 4337 fuit
850 4281 1105 4336 multum
1119 4283 1578 4354 stupefactus.Et
1594 4287 1829 4358 quando

171 4369 332 4424 venit
362 4369 422 4424 in
454 4370 697 4425 domum
730 4387 918 4439 suam,
952 4370 1098 4426 dixit
1131 4371 1293 4427 uxori
1318 4389 1437 4428 suae
1466 4377 1523 4428 et
1554 4372 1672 4430 ﬁlio
1703 4374 1827 4447 plo-

177 4459 367 4514 rando
427 4457 572 4514 illnd
625 4460 781 4531 quod
843 4458 1126 4516 Dominus
1182 4459 1298 4514 illis
1342 4466 1710 4535 prmeeperat.
1763 4466 1832 4520 Et

1932 3303 2094 3375 virgo
2125 3301 2307 3356 Maria
2339 3304 2395 3357 et
2425 3304 2660 3356 sanctus
2690 3299 2989 3357 Johannes
3009 3299 3366 3374 evangelista
3386 3300 3457 3356 ad
3482 3299 3580 3357 do-

1934 3392 2160 3446 minum
2193 3390 2722 3461 nostrum,quando
2752 3389 2875 3461 ipse
2904 3389 3106 3446 eratin
3138 3406 3305 3446 cruce
3334 3406 3439 3462 pro
3471 3405 3575 3445 no-

1932 3480 2022 3535 bis
2044 3478 2464 3552 peccatoribus,
2489 3481 2547 3534 et
2564 3478 2710 3533 dixit
2725 3482 2924 3535 sancto
2944 3477 3252 3548 Johanni,;
3276 3477 3466 3535 «Vide
3485 3477 3579 3534 hic

1935 3573 2183 3626 matrem
2220 3573 2403 3624 tuam.
2439 3589 2467 3619 ››
2500 3568 2570 3623 Et
2606 3572 2808 3640 postea
2838 3567 2981 3624 dixit
3023 3567 3195 3624 matri
3228 3584 3384 3623 suae:
3435 3567 3579 3623 Vide

1934 3659 2030 3714 hic
2061 3658 2248 3729 ﬁlium
2279 3661 2470 3713 tuum.
2504 3680 2531 3708 »
3318 3650 3327 3657 “

2005 3747 2210 3803 Adhuc
2240 3751 2328 3803 est
2360 3748 2473 3802 ista
2521 3747 2731 3802 domus
2788 3746 3120 3819 llospitalis,
3171 3746 3232 3802 in
3280 3764 3397 3820 qua
3422 3745 3583 3803 venit

1935 3837 2152 3893 Jhesus
2198 3836 2256 3891 in
2301 3840 2502 3892 octavo
2540 3835 2634 3890 die
2691 3853 2809 3892 suae
2869 3835 3333 3904 resurrectionis,
3396 3834 3580 3908 portis

1936 3925 2173 3992 elansis,
2205 3929 2263 3981 et
2289 3925 2525 3980 intravit
2553 3925 2613 3979 in
2644 3925 2836 3980 medio
2866 3942 3109 3982 suorum
3131 3924 3576 3997 discipulorum,

1940 4020 1997 4072 et
2025 4014 2165 4071 dixil
2186 4015 2303 4070 eis:
2338 4037 2365 4063 ‹‹
2393 4013 2507 4069 Pax
2523 4013 2709 4068 vobis.
2738 4035 2765 4062 ››
2787 4014 2859 4068 Et
2880 4013 3135 4070 ostendit
3157 4015 3241 4070 eis
3276 4030 3507 4069 manus
3526 4016 3583 4068 et

1937 4107 2161 4176 pectus,
2194 4102 2294 4158 sed
2326 4101 2583 4157 Thomas
2607 4118 2722 4157 non
2754 4105 2878 4157 erat
2903 4118 3037 4158 cum
3060 4101 3197 4168 illis,
3223 4102 3457 4175 quando
3486 4101 3581 4158 Je-

1938 4209 2040 4248 sus
2068 4191 2244 4247 venit.
2278 4192 2346 4245 Et
2376 4189 2649 4261 discipuli
2679 4193 2965 4245 venerunt
3004 4192 3072 4246 ad
3117 4195 3385 4247 sanctum
3428 4190 3580 4247 Tho-

1938 4297 2117 4348 mam,
2150 4284 2207 4336 et
2236 4278 2508 4334 dixerunt
2537 4277 2588 4333 ei
2612 4295 2624 4333 :
2664 4300 2685 4326 α
2718 4278 2835 4334 Nos
2864 4278 3119 4334 vidimus
3141 4279 3454 4335 Dominum
3477 4295 3582 4333 no-

1939 4374 2145 4427 strum.
2182 4390 2210 4419 ››
2251 4369 2321 4423 Et
2351 4366 2608 4422 Thomas
2640 4366 2940 4438 respondit
2970 4372 3026 4423 et
3054 4367 3219 4422 dixit.
3253 4391 3280 4418 ‹‹
3312 4369 3431 4441 Ego
3465 4384 3582 4422 non

1938 4459 2127 4515 credo.
2162 4474 2266 4531 ego
2299 4474 2415 4512 non
2445 4460 2644 4528 tango,
2677 4460 2735 4510 et
2758 4455 2923 4511 video
2972 4456 3253 4512 foramem
3284 4455 3583 4512 clavorum

176 4563 386 4603 omnes
416 4550 534 4604 tres
568 4549 678 4604 Deo
708 4547 930 4620 gratias
980 4553 1245 4622 egerunt,
1288 4555 1344 4604 et
1393 4556 1612 4622 quanto
1665 4552 1839 4613 citius
1868 4566 1914 4629 D
1947 4564 2228 4604 manuum
2246 4562 2487 4603 suarum
2501 4550 2558 4600 et
2574 4545 2883 4618 pedum,et
2904 4544 3116 4601 misero
3132 4561 3375 4601 manum
3392 4560 3584 4600 meam

175 4639 517 4706 potuerunt,
553 4636 780 4692 iverunt
811 4636 1157 4706 Jerusalem,
1193 4642 1249 4693 et
1281 4639 1659 4697 reddiderunt
1689 4659 1750 4698 se
1780 4648 1839 4701 et

176 4740 288 4779 sua
317 4723 435 4780 Deo
467 4729 523 4781 et
560 4724 847 4799 HOSpitali
878 4743 1228 4799 pauperum,
1271 4732 1328 4783 et
1359 4730 1651 4785 servirunt
1680 4732 1836 4788 mul—

174 4815 306 4868 tum
382 4813 631 4887 benigne
700 4819 758 4870 et
820 4814 995 4888 longo
1042 4819 1304 4888 tempore
1359 4816 1639 4889 Hospitali
1691 4837 1836 4893 prae-

176 4900 360 4957 dicto.

256 4989 466 5047 Adhuc
497 4992 687 5048 evenit
736 4992 894 5049 aliud
948 4994 1168 5066 grande
1218 4993 1590 5064 miraculum,
1638 4996 1838 5053 videli-

194 5083 306 5147 cet,
368 5081 524 5152 quod
568 5082 938 5138 Accamanus
983 5081 1303 5155 imperator
1341 5084 1658 5153 Romanus,
1703 5104 1838 5143 cum

180 5168 544 5239 quibusdam
587 5169 719 5226 aliis
766 5170 1028 5226 honestis
1074 5170 1240 5240 viris,
1297 5188 1474 5227 causa
1523 5173 1838 5247 recipiendi

179 5256 493 5331 omagium
528 5275 561 5313 a
587 5258 828 5327 Judzeis;
852 5259 1064 5315 accidit
1093 5261 1329 5332 quando
1345 5261 1579 5317 fuerunt
1598 5262 1656 5317 in
1681 5280 1842 5319 mare

178 5362 367 5419 prope
399 5363 579 5403 unam
630 5346 890 5404 insulam
939 5348 1178 5417 Crethii,
1229 5366 1355 5421 qua:
1401 5354 1641 5405 vocatur
1688 5351 1840 5407 Rho-

190 5433 359 5502 chas,
402 5436 622 5509 puppis
670 5453 874 5493 eorum
924 5438 1087 5493 navis
1139 5438 1324 5493 fracta
1372 5442 1479 5504 est,
1530 5443 1587 5494 et
1641 5457 1844 5498 omnes

179 5524 285 5596 qui
334 5530 688 5597 supererant
734 5526 973 5583 fuerunt
1028 5526 1262 5599 perditi,
1319 5530 1555 5599 excepto
1612 5528 1844 5585 Juliano

177 5612 474 5685 Romano,
510 5613 613 5690 qui
644 5630 748 5693 per
797 5614 1011 5675 Filium
1060 5614 1163 5673 Dei
1221 5615 1293 5673 ad
1344 5617 1558 5676 terram
1598 5615 1708 5676 fuit
1748 5633 1843 5679 ex-

1946 4638 2005 4691 in
2032 4640 2259 4708 pectore
2281 4652 2408 4691 suo.
2444 4656 2472 4684 ›>
2506 4634 2687 4705 Prope
2718 4633 2863 4691 istos
2892 4638 3020 4689 octo
3047 4634 3195 4701 dies,
3245 4632 3398 4689 sicut
3445 4650 3586 4689 san-

1945 4731 2074 4781 ctus
2104 4725 2401 4781 Johannes
2430 4721 2789 4795 evangelista
2826 4726 3091 4790 testatur,
3133 4723 3367 4794 quando
3417 4719 3589 4778 disci-

1946 4813 2068 4888 puli
2096 4813 2340 4870 erantin
2374 4813 2487 4868 ista
2517 4815 2719 4869 saneta
2751 4812 2946 4880 domo,
2978 4815 3036 4868 et
3064 4815 3302 4867 ssnctus
3332 4811 3590 4867 Thomas

1947 4920 2080 4959 eum
2098 4903 2200 4970 eis,
2232 4901 2386 4957 venit
2405 4900 2640 4968 Jhcsus,
2665 4898 3119 4971 clausisjanuis,
3142 4902 3199 4955 et
3221 4899 3393 4956 dixit:
3427 4921 3455 4951 «
3476 4899 3593 4956 Pax

1946 4991 2129 5059 vobis,
2158 5013 2184 5040 »
2218 4991 2284 5046 Et
2305 4990 2450 5045 dixit
2470 4990 2739 5045 Thomae:
2768 5011 2795 5039 »
2824 4989 2984 5044 Mitte
3006 4988 3122 5046 huc
3144 4989 3395 5063 digitum
3417 4993 3590 5046 tuum

1946 5081 2007 5136 in
2039 5081 2295 5137 foramen
2329 5095 2614 5134 manuum
2648 5095 2911 5134 mearum
2943 5082 3000 5134 et
3046 5079 3161 5135 mei
3208 5082 3487 5148 costatus,
3536 5082 3594 5135 et

1951 5169 2069 5226 noli
2097 5185 2225 5226 esse
2254 5167 2612 5235 incredulus,
2643 5167 2741 5222 sed
2774 5165 2984 5223 ﬁdelis.
3020 5190 3047 5216 n
3075 5168 3145 5223 Et
3177 5168 3237 5223 in
3262 5167 3363 5223 illa
3389 5171 3596 5224 sancta

1950 5261 2125 5315 domo
2139 5256 2472 5330 recognovit
2489 5258 2727 5311 sanctus
2751 5256 3009 5312 Thomas
3040 5273 3215 5312 suum
3238 5260 3588 5313 Creatorem.

1950 5348 2054 5404 Cni
2088 5347 2367 5402 Dominus
2398 5348 2598 5400 noster
2627 5344 2805 5400 dixit:
2858 5369 2885 5396 ι(
2930 5346 3076 5412 Quia
3120 5349 3184 5401 tu
3232 5361 3326 5401 me
3373 5343 3593 5412 vidisti,

1952 5436 2272 5494 credidisti.
2314 5433 2472 5491 Beati
2522 5436 2680 5503 sunt,
2718 5433 2817 5506 qui
2868 5450 2986 5491 non
3030 5434 3299 5513 viderunt
3327 5436 3384 5490 et
3409 5432 3596 5489 credi-

1951 5528 2180 5583 derunt.
2216 5546 2244 5574 ››

2022 5615 2235 5676 Eodem
2266 5618 2526 5690 tempore
2552 5610 2811 5673 Ananias
2860 5616 2919 5672 et
2967 5610 3219 5688 Saphira
3248 5608 3603 5669 dimiserunt
