3992 6090
458 311 614 376 M03
974 310 1078 371 AD
1123 307 1633 374 GODEFRIDU'M
1679 303 2016 368 APPEND.
2063 301 2139 363 ΙΙ.
2165 333 2244 347 -—
2271 299 2584 364 MONUM.
2633 300 2734 362 DE
2777 300 3023 362 BELLO
3067 297 3338 361 SACRO.
3551 363 3572 376 _
3697 298 3828 359 M04

462 444 750 512 scculum,
781 447 840 500 et
868 443 1226 500 donaverunt
1266 460 1327 500 se
1367 441 1628 504 societati
1651 439 1860 496 Christi
1909 442 1966 494 et
2015 436 2105 492 di-
2137 436 2191 504 Α
2221 451 2322 507 per
2343 435 2662 490 Saracenos
2685 434 2784 506 qui
2806 432 3211 489 custodiebant
3234 447 3453 487 muros.
3480 431 3547 485 Et
3571 430 3832 489 Soldanus

466 515 855 606 scipulorum:
889 536 944 588 et
976 532 1115 604 quia
1144 549 1259 588 non
1291 531 1671 588 reddiderunt
1700 529 1815 585 Deo
1843 531 1899 584 et
1931 543 2107 582 sacrae
2220 523 2493 596 praecepit
2522 522 2844 590 Saracenis,
2895 521 2991 594 qui
3043 525 3463 577 accusaverunt
3517 537 3668 590 eum,
3699 523 3831 593 quod

461 623 669 680 domui
699 621 1016 694 Hospitalis
1037 625 1094 676 et
1113 620 1485 694 pauperibus,
1506 624 1562 674 et
1581 637 1697 674 non
1735 618 2112 690 portaverant
2223 613 2454 684 quando
2496 613 2801 684 projiceret
2835 628 3044 683 panem
3071 609 3650 681 Cbristianis,ipsum
3695 627 3835 683 cape-

471 714 542 770 ad
566 712 739 785 pedes
770 710 1190 783 discipulorum
1217 709 1360 764 illud
1384 710 1538 780 quod
1578 703 2113 771 habebant,mortui

2247 715 2350 766 ient
2381 715 2435 764 et
2467 711 2746 764 ducerent
2778 726 2911 764 eum
2945 709 3079 776 sibi,
3115 725 3249 762 cum
3279 711 3398 763 toto
3431 724 3596 779 pane,
3625 712 3678 762 et
3697 707 3836 763 aliter

473 806 614 858 sunt
650 800 957 856 subitanea
986 805 1200 866 morte;
1226 804 1284 854 et
1314 803 1554 855 sanctus
1583 799 1786 852 Petrus
1837 812 1952 851 non
1985 811 2112 866 per-

475 890 634 946 misit
665 889 800 960 poni
830 906 1032 945 eorum
1067 905 1310 960 corpora
1341 888 1400 942 in
1426 886 1730 954 cimiterio,
1758 902 1954 958 ymmo
1983 883 2117 940 fecit

474 996 572 1035 eos
621 977 840 1051 sepiliri
888 982 1067 1046 extra,
1119 982 1400 1049 tanquam
1434 974 1986 1031 excommunicatos.
2049 973 2119 1027 Et

474 1073 736 1140 tempore
771 1084 884 1140 quo
915 1067 1070 1123 Deus
1102 1065 1264 1121 misit
1296 1065 1463 1121 nobis
1496 1064 1791 1137 apostolos
1841 1067 1896 1117 et
1945 1061 2118 1116 disci-

475 1156 646 1230 pulos
677 1173 816 1212 suos
838 1156 911 1212 ad
946 1156 1402 1228 praedicandum,
1438 1157 1493 1210 et
1536 1153 1616 1208 illi
1659 1157 1823 1208 erant
1872 1151 2117 1222 antiqui,

476 1246 628 1302 sicut
657 1250 896 1301 sanctus
924 1243 1279 1317 Stephanus.
1323 1244 1422 1315 qui
1467 1243 1575 1298 fuit
1613 1241 1840 1314 primus
1881 1245 2120 1312 martyr,

476 1340 534 1392 et
555 1333 860 1406 Philippus
889 1332 1726 1407 prothomartyr,Niehauome,
1747 1329 2122 1402 Thymocenn

478 1422 1176 1496 Permanan,Nycholaus
1218 1421 1634 1477 Antiochenus.
1687 1420 1788 1476 Isti
1835 1419 2122 1474 custodie-

478 1514 623 1570 bant
645 1513 856 1568 domus
887 1511 1204 1584 Hospitalis
1230 1515 1286 1566 et
1316 1511 1644 1566 serviebant
1673 1509 2030 1582 pauperibus
2058 1524 2126 1562 ex

480 1606 766 1677 pracepto
797 1600 1027 1656 Domini
1059 1601 1241 1656 nostri
1272 1600 1410 1656 Jesu
1445 1598 1676 1654 Christi.
1721 1598 1781 1652 In
1815 1599 1927 1653 isto
1979 1602 2124 1652 tem-

479 1707 620 1766 pore
649 1695 816 1747 erant
844 1690 906 1746 in
935 1690 1138 1745 eodem
1169 1688 1294 1744 loco
1326 1687 1521 1744 multae
1543 1691 1600 1743 et
1632 1686 1869 1742 diversae
1891 1703 2128 1759 genera-

479 1781 670 1836 tiones
699 1779 1036 1848 hominum;
1070 1778 1384 1850 aliquando
1415 1777 1614 1844 Graeci,
1659 1775 1974 1848 aliquando
2023 1775 2127 1830 Ca-

479 1868 694 1943 ryseni,
723 1869 823 1942 qui
851 1868 1128 1924 tenebant
1157 1866 1444 1923 civitatem
1463 1865 1788 1922 Jerusalem
1828 1869 1885 1922 et
1908 1869 2123 1921 terram

478 1957 925 2032 promissionis;
955 1956 1164 2023 ethoc,
1201 1973 1316 2012 non
1350 1957 1617 2012 obstante
1649 1956 1804 2027 quod
1836 1955 1992 2010 dicta
2022 1954 2125 2009 do-

480 2065 614 2104 mus
645 2051 799 2104 esset
838 2046 898 2102 in
931 2063 1145 2119 magna
1173 2049 1532 2118 paupertate,
1558 2050 1754 2100 tamen
1773 2044 2129 2116 recipiebant

481 2151 768 2210 pauperes
789 2141 847 2191 et
865 2135 1154 2190 inﬁrmos.
1180 2135 1250 2189 Et
1272 2135 1506 2205 quando
1523 2134 1681 2189 venit
1700 2132 1952 2189 ﬁnaliter
1972 2132 2126 2204 quod

481 2225 754 2282 Saraceni
800 2224 1130 2280 habuerunt
1175 2223 1414 2278 domum
1465 2221 1814 2289 Jerusalem,
1846 2225 1902 2278 et
1949 2220 2130 2277 Grzeci

485 2314 895 2386 perdiderunt;
929 2330 1084 2368 unus
1116 2311 1383 2368 servulus
1410 2313 1550 2368 Jesu
1573 2311 1805 2379 Christi,
1839 2311 1937 2383 qui
1970 2328 2132 2366 voca-

485 2403 658 2459 batur
677 2402 995 2468 Conradus,
1023 2401 1387 2458 custodiebat
1407 2404 1670 2457 sanctam
1685 2401 1922 2456 domum
1941 2399 2136 2472 hospi-

485 2490 642 2558 talis,
677 2495 734 2548 et
763 2485 1135 2559 elemosinas,
1169 2507 1297 2563 quae
1337 2490 1628 2546 dabantur
1667 2489 1776 2545 sibi
1823 2505 1857 2545 a
1899 2489 2134 2544 Sarace-

484 2580 600 2650 nis,
633 2579 760 2654 ipse
783 2580 1040 2636 donabat
1064 2579 1442 2653 pauperibus,
1469 2584 1526 2636 et
1555 2578 1840 2634 serviebat
1860 2578 1946 2634 eis
1981 2578 2138 2632 beni-

493 2667 702 2742 gniter.

564 2758 780 2814 Eodem
813 2762 1093 2830 tempore,
1129 2759 1362 2830 quando
1396 2757 1509 2812 Deo
1541 2757 1763 2813 Placuit
1791 2757 1946 2828 quod
1976 2756 2136 2811 Chri-

493 2846 968 2903 stianihaberent
993 2852 1205 2902 terram
1237 2846 1665 2919 promissionis,
1715 2846 2027 2902 Godfridus
2069 2846 2139 2902 de

493 2934 730 3010 Boylon,
765 2939 824 2992 et
855 2953 1068 3008 magna
1091 2935 1405 2991 multitudo
1429 2936 1781 2991 barenorum
1804 2940 1860 2989 et
1883 2935 2138 3007 peregri-

2224 817 2358 855 eum
2391 817 2505 854 non
2538 800 2827 854 credebat.
2863 798 3076 854 Deinde
3109 799 3266 853 venit
3292 814 3410 852 una
3429 797 3552 851 dies
3573 797 3838 852 Conradus

2225 888 2312 944 vel
2333 889 2545 944 Gerard
2558 907 2624 942 us
2647 887 2891 943 faciebat
2909 889 2990 942 uti
3018 887 3260 956 solebat,
3281 885 3638 959 projieiendo
3660 902 3837 957 panem

2228 977 2607 1042 Christianis;
2640 981 2695 1030 et
2728 977 3021 1044 Saraceni,
3053 993 3184 1031 cum
3228 993 3378 1048 pane
3426 991 3597 1046 quem
3628 975 3841 1030 habebat

2229 1067 2289 1122 in
2312 1066 2556 1140 gremio,
2581 1066 2776 1137 ipsum
2807 1069 3108 1138 ceperunt,
3143 1070 3200 1122 ct
3219 1065 3512 1121 duxerunt
3535 1081 3662 1118 eum
3679 1079 3840 1118 coram

2231 1154 2516 1210 Soldano:
2551 1159 2607 1209 et
2638 1154 2872 1226 quando
2913 1152 3185 1209 Saraceni
3231 1153 3636 1208 monstrabant
3665 1168 3838 1224 panem

2232 1243 2504 1312 Soldano,
2563 1247 2702 1298 tunc
2735 1243 2832 1299 ille
2879 1243 3070 1316 panis,
3100 1243 3319 1315 :virtute
3353 1242 3475 1310 Dei,
3518 1243 3838 1296 efﬁciebatur

2232 1333 2403 1405 lapis.
2437 1334 2505 1387 Et
2536 1333 2768 1404 quando
2800 1331 3088 1388 Soldanus
3117 1331 3263 1387 vidit
3305 1331 3597 1386 maliciam
3644 1331 3839 1386 Sarace-

2234 1439 2464 1488 norum,
2499 1420 2722 1476 dimisit
2743 1426 2896 1478 stare
2921 1421 3249 1477 Conradum
3273 1425 3329 1476 et
3349 1420 3622 1492 praecepit
3651 1418 3767 1484 sibi,
3792 1423 3840 1472 ut

2236 1511 2362 1566 sine
2389 1511 2598 1566 timore
2625 1511 3008 1577 Christianos,
3041 1516 3102 1566 ut
3123 1514 3518 1576 consueverat,
3544 1507 3840 1564 debellaret.

2235 1601 2304 1655 Et
2334 1600 2566 1671 quando
2597 1600 2915 1668 Conradus,
2949 1600 3035 1656 vel
3079 1599 3389 1666 Gcrardus,
3425 1598 3645 1654 audivit
3687 1597 3838 1665 tstud,

2237 1689 2498 1761 quolibet
2528 1689 2619 1745 die
2651 1688 2994 1761 projiciebat
3025 1705 3234 1762 panem
3257 1687 3608 1744 Christianis
3637 1685 3744 1742 Dei.

2309 1779 2375 1833 Et
2407 1778 2722 1834 Godfridus
2755 1779 2824 1833 de
2855 1777 3061 1851 Boylen
3095 1778 3255 1834 stetit
3283 1781 3534 1832 tantum.
3563 1794 3688 1832 cum
3717 1792 3844 1830 exer-

2235 1867 2352 1922 citu
2384 1884 2510 1935 suo,
2555 1871 2688 1922 ante
2736 1866 3086 1933 Jerusalem,
3123 1868 3276 1940 quod
3311 1867 3436 1939 ipse
3483 1867 3636 1939 cepit
3681 1865 3844 1920 civita-

2235 1961 2349 2012 tem
2383 1962 2438 2012 et
2468 1957 2756 2012 interfecit
2786 1955 3002 2012 multos
3031 1957 3371 2024 Saracenos,
3402 1961 3454 2011 et
3495 1955 3720 2011 habetat
3753 1971 3848 2008 ma-

2237 2063 2419 2119 gnum
2453 2045 2732 2119 gaudium
2765 2045 2834 2100 de
2863 2044 3104 2100 victoria
3136 2045 3354 2112 habita,
3389 2061 3569 2117 quam
3600 2045 3741 2101 Deus
3773 2043 3848 2096 de-

2242 2136 2405 2190 derat
2436 2135 2540 2202 eis,
2576 2140 2631 2189 et
2659 2138 2944 2190 venerunt
2975 2134 3047 2189 ad
3080 2139 3348 2190 sanctum
3382 2133 3744 2206 sepulchrum
3771 2131 3849 2186 Do-

2240 2223 2386 2279 mini
2416 2223 2620 2292 nostri,
2672 2228 2986 2294 cantando,
3049 2227 3105 2279 et
3147 2223 3368 2295 gratias
3419 2224 3534 2278 Deo
3576 2221 3848 2277 reddendo.

2241 2312 2459 2368 Deinde
2488 2313 2719 2368 iverunt
2746 2313 2815 2367 ad
2850 2312 3047 2368 omnia
3077 2311 3189 2368 alia
3209 2311 3354 2368 loca.
3384 2313 3453 2367 Et
3481 2312 3687 2368 deinde
3717 2310 3852 2365 baro.

2243 2419 2348 2458 nes
2407 2401 2732 2458 diviserunt
2788 2401 3189 2474 possessiones
3217 2401 3533 2470 Jerualem,
3568 2405 3623 2456 et
3647 2401 3854 2457 donave-

2245 2495 2384 2547 runt
2413 2491 2566 2546 dicto
2621 2491 2904 2559 Conrado,
2965 2491 3052 2546 vel
3102 2491 3376 2559 Gerardo,
3425 2489 3701 2564 magistro
3741 2486 3854 2543 dicti

2246 2579 2559 2652 Hespitalis
2591 2579 2939 2648 Jerusalem,
2985 2596 3258 2652 magnam
3300 2585 3520 2649 partem
3575 2578 3856 2653 possessio.

2247 2685 2410 2737 num,
2430 2670 2499 2724 ad
2531 2669 2807 2725 honorem
2834 2669 3022 2727 sanoli
3039 2669 3328 2726 Johannis
3350 2669 3644 2744 Baptistae,
3665 2665 3858 2742 patroni

2246 2759 2509 2830 ejusdem
2543 2758 2877 2830 Hospitalis.
2912 2759 3150 2825 Deinde,
3175 2765 3434 2832 tempore
3466 2759 3608 2815 dicti
3632 2756 3857 2830 magistri

2248 2846 2514 2904 Conradi.
2543 2847 2631 2902 vel
2683 2847 2943 2914 Gcrardi,
2993 2853 3145 2904 Deus
3202 2847 3614 2920 multiplicavit
3643 2846 3856 2902 multum

2250 2937 2464 2992 dictam
2483 2936 2845 2992 mansionem
2869 2937 3184 3009 Hospitalis
3206 2937 3276 2993 de
3303 2937 3650 3009 redditibus,
3674 2951 3860 3009 posses-

494 3042 727 3093 norum,
760 3024 860 3097 qni
890 3025 1110 3082 fuerint
1139 3023 1409 3080 instructi
1456 3042 1558 3097 per
1601 3025 1857 3080 divinam
1890 3024 2140 3096 gratiam
2251 3025 2516 3082 sionibus
2545 3029 2602 3080 et
2632 3025 3132 3082 dominationibus
3153 3044 3255 3099 per
3278 3043 3525 3100 regnum
3542 3023 3859 3082 Jerosolimi-

493 3119 551 3171 et
580 3115 1072 3188 praedicationem,
1107 3117 1391 3170 venerunt
1421 3131 1524 3186 per
1552 3113 1758 3187 longas
1787 3118 1992 3182 terras,
2040 3130 2142 3185 per
2251 3119 2478 3170 tanum.
2511 3116 2582 3170 Et
2613 3115 2846 3186 quando
2877 3116 3178 3172 Conradus
3211 3115 3318 3171 fuit
3359 3121 3652 3184 mortuus,
3702 3115 3862 3170 anima

496 3208 723 3260 montes
752 3207 810 3260 et
836 3203 1036 3275 valles,
1071 3208 1129 3260 et
1159 3220 1258 3274 per
1289 3208 1504 3259 terram
1547 3203 1863 3267 Romaniae,
1911 3201 1970 3256 in
2020 3207 2139 3256 An-
2171 3206 2212 3271 ρ
2253 3205 2381 3274 ejus
2430 3203 2529 3259 ivit
2569 3204 2630 3258 in
2679 3204 3038 3276 paradisum.
3092 3206 3160 3260 Et
3202 3205 3381 3261 frater
3419 3205 3786 3280 Raymundus
3811 3201 3863 3255 de

493 3293 773 3360 tiocham;
838 3297 896 3349 et
945 3293 1302 3348 obsederunt
1331 3309 1479 3359 eam,
1513 3296 1570 3347 et
1599 3292 1813 3347 virtute
1843 3290 1945 3345 Dei
1977 3307 2142 3362 cepe-

495 3385 634 3436 runt
661 3398 808 3437 eam.
865 3381 929 3437 In
962 3381 1083 3448 illa,
1135 3380 1489 3453 perﬁdorum
1540 3380 1961 3436 Saracenorum
2020 3397 2143 3434 ma-

2255 3293 2375 3364 Puy
2423 3292 2533 3347 fuit
2580 3293 2937 3366 subrogatus
2987 3293 3274 3365 ejusdem,
3337 3293 3464 3350 loco
3515 3297 3676 3368 ejus;
3721 3298 3770 3350 et
3809 3291 3862 3346 ad

2250 3380 2486 3437 laudem
2519 3381 2620 3438 Dei
2652 3382 2956 3438 aedificavit
2977 3383 3212 3452 casalia,
3242 3384 3584 3440 mansiones
3606 3389 3661 3440 et
3687 3385 3860 3446 castra;

493 3487 669 3543 gnam
703 3469 1143 3526 multitudinem
1187 3469 1573 3541 pcrimerunt.
1624 3469 1704 3524 De
1755 3486 1870 3541 qua
1917 3469 2144 3524 iverunt

495 3559 648 3614 ultra
679 3558 752 3614 ad
783 3558 1072 3614 civitatem
1103 3559 1174 3616 de
1205 3558 1475 3631 Trypoly,
1509 3562 1566 3613 et
1595 3562 1872 3630 ceperunt
1893 3575 2040 3624 eam.
2075 3559 2144 3613 Et

493 3646 700 3703 exinde
730 3652 1009 3719 ceperunt
1035 3649 1242 3718 Acrys:
1295 3651 1352 3701 et
1379 3647 1515 3701 inde
1547 3646 1776 3702 iverunt
1805 3647 1876 3702 ad
1925 3652 2140 3703 terram

494 3735 840 3792 Jerusalem.
877 3736 943 3791 Et
969 3735 1026 3792 in
1059 3751 1262 3791 eorum
1295 3735 1546 3790 exercitu
1576 3734 1868 3799 habebant
1882 3740 2002 3792 tam
2025 3754 2144 3792 ma-

494 3840 671 3898 gnam
706 3824 939 3894 famem,
973 3825 1127 3897 quod
1159 3825 1325 3896 quasi
1360 3841 1471 3878 non
1507 3824 1798 3880 habebant
1827 3842 2036 3897 panem
2069 3826 2140 3881 ad

495 3913 941 3970 comedendum.
986 3914 1150 3968 Tunc
1197 3912 1292 3968 ille
1338 3914 1655 3982 Conradus,
1708 3913 1806 3984 qui
1857 3914 2142 3970 serviebat

495 4002 856 4076 pauperibus
882 4001 1201 4076 Hospitalis
1233 4003 1712 4072 Jerosolimitani,
1738 4003 1998 4074 quolibet
2046 4004 2140 4059 die

493 4095 584 4147 ter
609 4090 696 4148 vel
729 4095 954 4164 quater,
989 4092 1241 4164 ponebat
1266 4091 1337 4148 de
1369 4109 1519 4164 pane
1549 4091 1608 4146 in
1641 4109 1746 4148 suo
1790 4092 2033 4165 gremio,
2085 4097 2140 4147 et

496 4179 747 4254 desuper
767 4197 966 4237 muros
992 4185 1156 4238 terrae
1175 4180 1516 4254 projiciehat
1538 4198 1748 4254 panem
1771 4180 2140 4249 Christianis,

495 4267 619 4325 loco
661 4268 944 4343 lapidum;
995 4275 1054 4327 et
1101 4270 1206 4327 iste
1252 4271 1572 4338 Conradus,
1621 4270 1722 4342 qui
1778 4271 2140 4326 custodiebat

494 4374 781 4433 pauperes
806 4359 1126 4434 Hospitalis
1157 4359 1265 4416 fuit
1297 4364 1607 4417 accusatus
1638 4375 1833 4415 coram
1865 4359 2134 4416 Soldano.

2251 3475 2307 3526 et
2338 3470 2660 3526 melioravit
2691 3471 2943 3527 multum
2977 3472 3339 3529 mansionem
3373 3473 3444 3529 de
3493 3473 3718 3547 magnis
3759 3487 3863 3544 pos-

2252 3559 2634 3617 sessionibus.

2325 3693 2423 3750 Illc
2465 3693 2640 3750 frater
2689 3695 3071 3768 Raymundus
3117 3696 3250 3752 fecit
3297 3697 3696 3754 stabilimenta
3737 3710 3864 3751 man-

2251 3782 2432 3838 sionis
2472 3783 2808 3856 Hospitalis,
2861 3802 2987 3856 quae
3018 3784 3079 3839 in
3121 3786 3326 3841 eadem
3380 3787 3557 3842 domo
3602 3789 3866 3842 servantur

2251 3872 2462 3941 adhuc;
2495 3877 2552 3928 et
2582 3873 2866 3945 regulam;
2899 3879 2956 3929 et
2999 3891 3032 3928 a
3089 3891 3241 3947 papa
3282 3875 3620 3932 iunocentio
3651 3872 3866 3932 secundo

2250 3959 2385 4014 fecit
2415 3959 2603 4032 ipsam
2637 3961 2992 4030 confirmari,
3015 3965 3123 4017 etc.

2321 4093 2474 4150 Deus
2515 4093 2751 4151 Greator
2800 4094 3064 4150 omnium
3095 4094 3304 4152 liberet
3344 4096 3560 4153 fratres
3595 4089 3869 4167 Hospitalis

2249 4183 2321 4238 ab
2352 4182 2630 4239 omnibus
2659 4183 2918 4240 malis'et
2946 4201 3145 4240 eorum
3178 4185 3452 4257 peccatis,
3488 4192 3548 4242 et
3591 4186 3673 4242 eis
3702 4195 3868 4238 cence-

2249 4271 2350 4326 dat
2375 4272 2623 4342 gratiam
2643 4271 2907 4328 veniendi
2925 4273 2996 4328 ad
3020 4273 3306 4338 caelestem
3329 4273 3582 4347 gloriam
3617 4290 3745 4330 cum
3772 4284 3868 4325 om-

2249 4359 2424 4416 nibus
2453 4376 2656 4417 eorum
2686 4361 3174 4431 benefactoribus,
3205 4365 3409 4418 Amen.
