  <div class='ocr_page' id='page_1' title='image "/cluster/home/n/w/nwhite01/storage/ocr_20150623/155/hvd.32044054760137/559.png"; bbox 0 0 3992 6090; ppageno 0'>
   <div class='ocr_carea' id='block_1_1' title="bbox 401 361 3795 434">
    <p class='ocr_par' dir='ltr' id='par_1_1' title="bbox 401 361 3795 434">
     <span class='ocr_line' id='line_1_1' title="bbox 401 361 3795 434; baseline 0.001 -5"><span class='ocrx_word' id='word_1_1' title='bbox 401 368 555 430; x_wconf 70' lang='lat' dir='ltr'>illi</span> <span class='ocrx_word' id='word_1_2' title='bbox 924 372 1027 430; x_wconf 82' lang='lat' dir='ltr'>AD</span> <span class='ocrx_word' id='word_1_3' title='bbox 1073 371 1585 434; x_wconf 83' lang='lat' dir='ltr'>GODEFRIDUM</span> <span class='ocrx_word' id='word_1_4' title='bbox 1627 372 1958 433; x_wconf 86' lang='lat' dir='ltr'>APPEND.</span> <span class='ocrx_word' id='word_1_5' title='bbox 2005 367 2516 433; x_wconf 87' lang='lat' dir='ltr'>II.—MONUM.</span> <span class='ocrx_word' id='word_1_6' title='bbox 2563 370 2667 431; x_wconf 89' lang='lat' dir='ltr'><strong>DE</strong></span> <span class='ocrx_word' id='word_1_7' title='bbox 2709 369 2958 431; x_wconf 84' lang='lat' dir='ltr'><strong>BELLO</strong></span> <span class='ocrx_word' id='word_1_8' title='bbox 3004 367 3282 431; x_wconf 80' lang='lat' dir='ltr'>SACRO.</span> <span class='ocrx_word' id='word_1_9' title='bbox 3645 361 3795 431; x_wconf 69' lang='lat' dir='ltr'>Nl!</span> 
     </span>
    </p>
   </div>
   <div class='ocr_carea' id='block_1_2' title="bbox 402 513 3800 596">
    <p class='ocr_par' dir='ltr' id='par_1_2' title="bbox 402 513 3800 596">
     <span class='ocr_line' id='line_1_2' title="bbox 402 513 3800 596; baseline 0.001 -20"><span class='ocrx_word' id='word_1_10' title='bbox 402 519 735 592; x_wconf 76' lang='lat' dir='ltr'>bliotheque</span> <span class='ocrx_word' id='word_1_11' title='bbox 771 521 850 576; x_wconf 89' lang='lat' dir='ltr'>du</span> <span class='ocrx_word' id='word_1_12' title='bbox 885 520 1149 577; x_wconf 73' lang='lat' dir='ltr'>Vatican.</span> <span class='ocrx_word' id='word_1_13' title='bbox 1184 523 1334 578; x_wconf 92' lang='lat' dir='ltr'>Leur</span> <span class='ocrx_word' id='word_1_14' title='bbox 1381 524 1632 578; x_wconf 79' lang='lat' dir='ltr'>extreme</span> <span class='ocrx_word' id='word_1_15' title='bbox 1663 523 2000 596; x_wconf 90' lang='lat' dir='ltr'>obligeance</span> <span class='ocrx_word' id='word_1_16' title='bbox 2024 522 2137 578; x_wconf 90' lang='lat' dir='ltr'>m’a</span> <span class='ocrx_word' id='word_1_17' title='bbox 2169 521 2388 595; x_wconf 89' lang='lat' dir='ltr'>permis</span> <span class='ocrx_word' id='word_1_18' title='bbox 2420 523 2490 578; x_wconf 89' lang='lat' dir='ltr'>de</span> <span class='ocrx_word' id='word_1_19' title='bbox 2521 521 2802 578; x_wconf 90' lang='lat' dir='ltr'>terminer</span> <span class='ocrx_word' id='word_1_20' title='bbox 2829 537 2901 578; x_wconf 89' lang='lat' dir='ltr'>en</span> <span class='ocrx_word' id='word_1_21' title='bbox 2933 537 3046 594; x_wconf 89' lang='lat' dir='ltr'>peu</span> <span class='ocrx_word' id='word_1_22' title='bbox 3077 521 3148 576; x_wconf 91' lang='lat' dir='ltr'>de</span> <span class='ocrx_word' id='word_1_23' title='bbox 3175 523 3366 592; x_wconf 88' lang='lat' dir='ltr'>temps</span> <span class='ocrx_word' id='word_1_24' title='bbox 3397 517 3479 575; x_wconf 85' lang='lat' dir='ltr'>les</span> <span class='ocrx_word' id='word_1_25' title='bbox 3509 513 3800 578; x_wconf 74' lang='lat' dir='ltr'>diﬁ‘érents</span> 
     </span>
    </p>
   </div>
   <div class='ocr_carea' id='block_1_3' title="bbox 403 607 3800 683">
    <p class='ocr_par' dir='ltr' id='par_1_3' title="bbox 403 607 3800 683">
     <span class='ocr_line' id='line_1_3' title="bbox 403 607 3800 683; baseline 0.001 -19"><span class='ocrx_word' id='word_1_26' title='bbox 403 613 642 665; x_wconf 80' lang='lat' dir='ltr'>travaux</span> <span class='ocrx_word' id='word_1_27' title='bbox 671 609 771 681; x_wconf 87' lang='lat' dir='ltr'>qui</span> <span class='ocrx_word' id='word_1_28' title='bbox 803 609 1109 666; x_wconf 82' lang='lat' dir='ltr'>m’avaient</span> <span class='ocrx_word' id='word_1_29' title='bbox 1141 611 1342 683; x_wconf 86' lang='lat' dir='ltr'>appelé</span> <span class='ocrx_word' id='word_1_30' title='bbox 1364 615 1396 666; x_wconf 74' lang='grc' dir='ltr'>ὸ.</span> <span class='ocrx_word' id='word_1_31' title='bbox 1428 612 1635 679; x_wconf 79' lang='lat' dir='ltr'>Rome;</span> <span class='ocrx_word' id='word_1_32' title='bbox 1661 629 1733 667; x_wconf 91' lang='lat' dir='ltr'>on</span> <span class='ocrx_word' id='word_1_33' title='bbox 1757 612 1855 667; x_wconf 71' lang='lat' dir='ltr'>ent</span> <span class='ocrx_word' id='word_1_34' title='bbox 1881 612 1966 666; x_wconf 91' lang='lat' dir='ltr'>dit</span> <span class='ocrx_word' id='word_1_35' title='bbox 1999 610 2170 683; x_wconf 86' lang='lat' dir='ltr'>qu’ils</span> <span class='ocrx_word' id='word_1_36' title='bbox 2201 610 2492 666; x_wconf 76' lang='lat' dir='ltr'>voulaient</span> <span class='ocrx_word' id='word_1_37' title='bbox 2523 613 2813 682; x_wconf 87' lang='lat' dir='ltr'>protester</span> <span class='ocrx_word' id='word_1_38' title='bbox 2841 626 2946 680; x_wconf 90' lang='lat' dir='ltr'>par</span> <span class='ocrx_word' id='word_1_39' title='bbox 2977 607 3104 664; x_wconf 88' lang='lat' dir='ltr'>leur</span> <span class='ocrx_word' id='word_1_40' title='bbox 3131 611 3594 680; x_wconf 89' lang='lat' dir='ltr'>empressement</span> <span class='ocrx_word' id='word_1_41' title='bbox 3612 613 3800 666; x_wconf 90' lang='lat' dir='ltr'>contre</span> 
     </span>
    </p>
   </div>
   <div class='ocr_carea' id='block_1_4' title="bbox 402 695 3798 771">
    <p class='ocr_par' dir='ltr' id='par_1_4' title="bbox 402 695 3798 771">
     <span class='ocr_line' id='line_1_4' title="bbox 402 695 3798 771; baseline 0 -17"><span class='ocrx_word' id='word_1_42' title='bbox 402 697 488 754; x_wconf 88' lang='lat' dir='ltr'>les</span> <span class='ocrx_word' id='word_1_43' title='bbox 519 698 826 771; x_wconf 89' lang='lat' dir='ltr'>reproches</span> <span class='ocrx_word' id='word_1_44' title='bbox 873 698 923 754; x_wconf 92' lang='lat' dir='ltr'>si</span> <span class='ocrx_word' id='word_1_45' title='bbox 972 705 1214 754; x_wconf 78' lang='lat' dir='ltr'>souvent</span> <span class='ocrx_word' id='word_1_46' title='bbox 1262 701 1526 755; x_wconf 89' lang='lat' dir='ltr'>adressés</span> <span class='ocrx_word' id='word_1_47' title='bbox 1575 717 1688 756; x_wconf 85' lang='lat' dir='ltr'>aux</span> <span class='ocrx_word' id='word_1_48' title='bbox 1745 699 2215 756; x_wconf 83' lang='lat' dir='ltr'>bibliothécaires</span> <span class='ocrx_word' id='word_1_49' title='bbox 2270 698 2520 756; x_wconf 88' lang='lat' dir='ltr'>italiens.</span> <span class='ocrx_word' id='word_1_50' title='bbox 2553 699 2621 754; x_wconf 90' lang='lat' dir='ltr'>Je</span> <span class='ocrx_word' id='word_1_51' title='bbox 2651 697 2838 753; x_wconf 89' lang='lat' dir='ltr'>désire</span> <span class='ocrx_word' id='word_1_52' title='bbox 2869 696 3157 751; x_wconf 83' lang='lat' dir='ltr'>vivement</span> <span class='ocrx_word' id='word_1_53' title='bbox 3187 712 3300 768; x_wconf 89' lang='lat' dir='ltr'>que</span> <span class='ocrx_word' id='word_1_54' title='bbox 3329 695 3703 768; x_wconf 83' lang='lat' dir='ltr'>l’expression</span> <span class='ocrx_word' id='word_1_55' title='bbox 3734 699 3798 754; x_wconf 89' lang='lat' dir='ltr'>de</span> 
     </span>
    </p>
   </div>
   <div class='ocr_carea' id='block_1_5' title="bbox 407 783 3799 861">
    <p class='ocr_par' dir='ltr' id='par_1_5' title="bbox 407 783 3799 861">
     <span class='ocr_line' id='line_1_5' title="bbox 407 783 3799 861; baseline -0.001 -18"><span class='ocrx_word' id='word_1_56' title='bbox 407 799 505 843; x_wconf 87' lang='lat' dir='ltr'>ma</span> <span class='ocrx_word' id='word_1_57' title='bbox 534 788 825 861; x_wconf 80' lang='lat' dir='ltr'>gratitude</span> <span class='ocrx_word' id='word_1_58' title='bbox 855 787 1167 860; x_wconf 90' lang='lat' dir='ltr'>parvienne</span> <span class='ocrx_word' id='word_1_59' title='bbox 1199 788 1439 860; x_wconf 80' lang='lat' dir='ltr'>jusqu’a</span> <span class='ocrx_word' id='word_1_60' title='bbox 1471 806 1580 845; x_wconf 83' lang='lat' dir='ltr'>eux</span> <span class='ocrx_word' id='word_1_61' title='bbox 1597 790 1744 846; x_wconf 88' lang='lat' dir='ltr'>dans</span> <span class='ocrx_word' id='word_1_62' title='bbox 1776 787 1959 845; x_wconf 86' lang='lat' dir='ltr'>l’asile</span> <span class='ocrx_word' id='word_1_63' title='bbox 1991 792 2066 845; x_wconf 80' lang='lat' dir='ltr'>ou</span> <span class='ocrx_word' id='word_1_64' title='bbox 2097 787 2185 844; x_wconf 89' lang='lat' dir='ltr'>les</span> <span class='ocrx_word' id='word_1_65' title='bbox 2211 787 2568 843; x_wconf 90' lang='lat' dir='ltr'>révolutions</span> <span class='ocrx_word' id='word_1_66' title='bbox 2597 786 2683 842; x_wconf 87' lang='lat' dir='ltr'>les</span> <span class='ocrx_word' id='word_1_67' title='bbox 2714 789 2815 842; x_wconf 85' lang='lat' dir='ltr'>ont</span> <span class='ocrx_word' id='word_1_68' title='bbox 2847 786 3136 857; x_wconf 74' lang='lat' dir='ltr'>peut-etre</span> <span class='ocrx_word' id='word_1_69' title='bbox 3165 785 3490 841; x_wconf 89' lang='lat' dir='ltr'>contraints</span> <span class='ocrx_word' id='word_1_70' title='bbox 3523 783 3592 841; x_wconf 93' lang='lat' dir='ltr'>de</span> <span class='ocrx_word' id='word_1_71' title='bbox 3622 801 3681 841; x_wconf 91' lang='lat' dir='ltr'>se</span> <span class='ocrx_word' id='word_1_72' title='bbox 3716 787 3799 841; x_wconf 84' lang='lat' dir='ltr'>ré-</span> 
     </span>
    </p>
   </div>
   <div class='ocr_carea' id='block_1_6' title="bbox 405 875 616 950">
    <p class='ocr_par' dir='ltr' id='par_1_6' title="bbox 405 875 616 950">
     <span class='ocr_line' id='line_1_6' title="bbox 405 875 616 950; baseline -0.005 -18"><span class='ocrx_word' id='word_1_73' title='bbox 405 875 616 950; x_wconf 83' lang='lat' dir='ltr'>fngier.</span> 
     </span>
    </p>
   </div>
   <div class='ocr_carea' id='block_1_7' title="bbox 622 990 954 1048">
    <p class='ocr_par' dir='ltr' id='par_1_7' title="bbox 622 990 954 1048">
     <span class='ocr_line' id='line_1_7' title="bbox 622 990 954 1048; baseline -0.009 0"><span class='ocrx_word' id='word_1_74' title='bbox 622 991 760 1048; x_wconf 91' lang='lat' dir='ltr'>Juin</span> <span class='ocrx_word' id='word_1_75' title='bbox 795 990 954 1046; x_wconf 82' lang='grc'>1849.</span> 
     </span>
    </p>
   </div>
   <div class='ocr_carea' id='block_1_8' title="bbox 1590 1389 2619 1500">
    <p class='ocr_par' dir='ltr' id='par_1_8' title="bbox 1590 1389 2619 1500">
     <span class='ocr_line' id='line_1_8' title="bbox 1590 1389 2619 1500; baseline -0.004 -5"><span class='ocrx_word' id='word_1_76' title='bbox 1590 1389 2619 1500; x_wconf 79' lang='lat' dir='ltr'>PRIVILEGIA</span> 
     </span>
    </p>
   </div>
   <div class='ocr_carea' id='block_1_9' title="bbox 685 1653 3553 1817">
    <p class='ocr_par' dir='ltr' id='par_1_9' title="bbox 685 1653 3553 1817">
     <span class='ocr_line' id='line_1_9' title="bbox 685 1653 3553 1817; baseline -0 -7"><span class='ocrx_word' id='word_1_77' title='bbox 685 1654 1655 1817; x_wconf 72' lang='lat' dir='ltr'>ECCLESl/E</span> <span class='ocrx_word' id='word_1_78' title='bbox 1808 1656 2488 1816; x_wconf 84' lang='lat' dir='ltr'>SANCTI</span> <span class='ocrx_word' id='word_1_79' title='bbox 2651 1653 3553 1815; x_wconf 80' lang='lat' dir='ltr'>SEPULCRI</span> 
     </span>
    </p>
   </div>
   <div class='ocr_carea' id='block_1_10' title="bbox 1761 1976 2498 2066">
    <p class='ocr_par' dir='ltr' id='par_1_10' title="bbox 1761 1976 2498 2066">
     <span class='ocr_line' id='line_1_10' title="bbox 1761 1976 2498 2066; baseline 0.003 -2"><span class='ocrx_word' id='word_1_80' title='bbox 1761 1976 2498 2066; x_wconf 82' lang='lat' dir='ltr'>IHERUSALEM</span> 
     </span>
    </p>
   </div>
   <div class='ocr_carea' id='block_1_11' title="bbox 1445 2234 2724 2280">
    <p class='ocr_par' dir='ltr' id='par_1_11' title="bbox 1445 2234 2724 2280">
     <span class='ocr_line' id='line_1_11' title="bbox 1445 2234 2724 2280; baseline -0.005 -3"><span class='ocrx_word' id='word_1_81' title='bbox 1445 2234 2724 2280; x_wconf 60' lang='grc' dir='ltr'>ψ</span> 
     </span>
    </p>
   </div>
   <div class='ocr_carea' id='block_1_12' title="bbox 1214 2489 3816 2564">
    <p class='ocr_par' dir='ltr' id='par_1_12' title="bbox 1214 2489 3816 2564">
     <span class='ocr_line' id='line_1_12' title="bbox 1214 2489 3816 2564; baseline -0.003 -10"><span class='ocrx_word' id='word_1_82' title='bbox 1214 2497 1279 2554; x_wconf 83' lang='grc' dir='ltr'>Ι¹.</span> <span class='ocrx_word' id='word_1_83' title='bbox 2101 2497 2158 2563; x_wconf 85' lang='grc' dir='ltr'><strong>Α</strong></span> <span class='ocrx_word' id='word_1_84' title='bbox 2186 2497 2443 2552; x_wconf 86' lang='lat' dir='ltr'>sinceras</span> <span class='ocrx_word' id='word_1_85' title='bbox 2473 2495 2763 2552; x_wconf 88' lang='lat' dir='ltr'>orationes</span> <span class='ocrx_word' id='word_1_86' title='bbox 2796 2495 2852 2550; x_wconf 92' lang='lat' dir='ltr'>in</span> <span class='ocrx_word' id='word_1_87' title='bbox 2880 2494 3128 2551; x_wconf 85' lang='lat' dir='ltr'>Christo.</span> <span class='ocrx_word' id='word_1_88' title='bbox 3146 2493 3350 2550; x_wconf 89' lang='lat' dir='ltr'>Vestre</span> <span class='ocrx_word' id='word_1_89' title='bbox 3383 2496 3650 2549; x_wconf 79' lang='lat' dir='ltr'>constare</span> <span class='ocrx_word' id='word_1_90' title='bbox 3669 2489 3816 2564; x_wconf 86' lang='lat' dir='ltr'>cupi-</span> 
     </span>
    </p>
   </div>
   <div class='ocr_carea' id='block_1_13' title="bbox 1047 2585 1471 2660">
    <p class='ocr_par' dir='ltr' id='par_1_13' title="bbox 1047 2585 1471 2660">
     <span class='ocr_line' id='line_1_13' title="bbox 1047 2585 1471 2660; baseline -0.005 -17"><span class='ocrx_word' id='word_1_91' title='bbox 1047 2585 1202 2660; x_wconf 83' lang='lat' dir='ltr'>[Sz&#39;ne</span> <span class='ocrx_word' id='word_1_92' title='bbox 1232 2587 1471 2643; x_wconf 78' lang='lat' dir='ltr'>rubrica.</span> 
     </span>
    </p>
   </div>
   <div class='ocr_carea' id='block_1_14' title="bbox 507 2675 2080 2748">
    <p class='ocr_par' dir='ltr' id='par_1_14' title="bbox 507 2675 2080 2748">
     <span class='ocr_line' id='line_1_14' title="bbox 507 2675 2080 2748; baseline -0.001 -16"><span class='ocrx_word' id='word_1_93' title='bbox 507 2675 626 2748; x_wconf 88' lang='lat' dir='ltr'>Ego</span> <span class='ocrx_word' id='word_1_94' title='bbox 656 2675 1025 2748; x_wconf 81' lang='lat' dir='ltr'>Peregrinus,</span> <span class='ocrx_word' id='word_1_95' title='bbox 1052 2677 1234 2732; x_wconf 84' lang='lat' dir='ltr'>abbas</span> <span class='ocrx_word' id='word_1_96' title='bbox 1247 2677 1455 2732; x_wconf 89' lang='lat' dir='ltr'>Sancte</span> <span class='ocrx_word' id='word_1_97' title='bbox 1490 2675 1666 2732; x_wconf 86' lang='lat' dir='ltr'>Marie</span> <span class='ocrx_word' id='word_1_98' title='bbox 1679 2677 1747 2732; x_wconf 86' lang='lat' dir='ltr'>de</span> <span class='ocrx_word' id='word_1_99' title='bbox 1762 2676 1986 2744; x_wconf 85' lang='lat' dir='ltr'>Latina,</span> <span class='ocrx_word' id='word_1_100' title='bbox 2009 2676 2080 2730; x_wconf 89' lang='lat' dir='ltr'>ab</span> 
     </span>
    </p>
   </div>
   <div class='ocr_carea' id='block_1_15' title="bbox 440 2763 2083 2822">
    <p class='ocr_par' dir='ltr' id='par_1_15' title="bbox 440 2763 2083 2822">
     <span class='ocr_line' id='line_1_15' title="bbox 440 2763 2083 2822; baseline 0 -2"><span class='ocrx_word' id='word_1_101' title='bbox 440 2763 550 2821; x_wconf 89' lang='lat' dir='ltr'>hac</span> <span class='ocrx_word' id='word_1_102' title='bbox 575 2764 720 2821; x_wconf 89' lang='lat' dir='ltr'>hora</span> <span class='ocrx_word' id='word_1_103' title='bbox 748 2765 807 2820; x_wconf 90' lang='lat' dir='ltr'>in</span> <span class='ocrx_word' id='word_1_104' title='bbox 840 2772 1010 2822; x_wconf 88' lang='lat' dir='ltr'>antea</span> <span class='ocrx_word' id='word_1_105' title='bbox 1037 2765 1224 2821; x_wconf 87' lang='lat' dir='ltr'>ﬁdelis</span> <span class='ocrx_word' id='word_1_106' title='bbox 1256 2783 1351 2821; x_wconf 88' lang='lat' dir='ltr'>ero</span> <span class='ocrx_word' id='word_1_107' title='bbox 1393 2770 1591 2822; x_wconf 81' lang='lat' dir='ltr'>sancte</span> <span class='ocrx_word' id='word_1_108' title='bbox 1625 2765 2083 2821; x_wconf 87' lang='lat' dir='ltr'>Ierosolimitane</span> 
     </span>
    </p>
   </div>
   <div class='ocr_carea' id='block_1_16' title="bbox 443 2852 2083 2928">
    <p class='ocr_par' dir='ltr' id='par_1_16' title="bbox 443 2852 2083 2928">
     <span class='ocr_line' id='line_1_16' title="bbox 443 2852 2083 2928; baseline 0 -19"><span class='ocrx_word' id='word_1_109' title='bbox 443 2852 682 2911; x_wconf 89' lang='lat' dir='ltr'>ecclesie</span> <span class='ocrx_word' id='word_1_110' title='bbox 715 2856 1044 2928; x_wconf 91' lang='lat' dir='ltr'>domnoque</span> <span class='ocrx_word' id='word_1_111' title='bbox 1077 2855 1343 2923; x_wconf 82' lang='lat' dir='ltr'>Roberto,</span> <span class='ocrx_word' id='word_1_112' title='bbox 1365 2853 1692 2927; x_wconf 89' lang='lat' dir='ltr'>patriarche</span> <span class='ocrx_word' id='word_1_113' title='bbox 1723 2855 1983 2924; x_wconf 81' lang='lat' dir='ltr'>ejusdem</span> <span class='ocrx_word' id='word_1_114' title='bbox 1999 2871 2083 2909; x_wconf 85' lang='lat' dir='ltr'>ec-</span> 
     </span>
    </p>
   </div>
   <div class='ocr_carea' id='block_1_17' title="bbox 443 2942 2080 3015">
    <p class='ocr_par' dir='ltr' id='par_1_17' title="bbox 443 2942 2080 3015">
     <span class='ocr_line' id='line_1_17' title="bbox 443 2942 2080 3015; baseline -0.001 -16"><span class='ocrx_word' id='word_1_115' title='bbox 443 2942 635 3011; x_wconf 89' lang='lat' dir='ltr'>clesie,</span> <span class='ocrx_word' id='word_1_116' title='bbox 669 2949 725 3000; x_wconf 90' lang='lat' dir='ltr'>et</span> <span class='ocrx_word' id='word_1_117' title='bbox 753 2944 1347 3015; x_wconf 87' lang='lat' dir='ltr'>suecessoribus&#39;ejus</span> <span class='ocrx_word' id='word_1_118' title='bbox 1387 2943 1662 2998; x_wconf 88' lang='lat' dir='ltr'>canonice</span> <span class='ocrx_word' id='word_1_119' title='bbox 1704 2943 2080 2998; x_wconf 80' lang='lat' dir='ltr'>intrantibus.</span> 
     </span>
    </p>
   </div>
   <div class='ocr_carea' id='block_1_18' title="bbox 442 3031 2088 3104">
    <p class='ocr_par' dir='ltr' id='par_1_18' title="bbox 442 3031 2088 3104">
     <span class='ocr_line' id='line_1_18' title="bbox 442 3031 2088 3104; baseline -0.002 -16"><span class='ocrx_word' id='word_1_120' title='bbox 442 3033 566 3088; x_wconf 91' lang='lat' dir='ltr'>Non</span> <span class='ocrx_word' id='word_1_121' title='bbox 598 3049 695 3088; x_wconf 90' lang='lat' dir='ltr'>ero</span> <span class='ocrx_word' id='word_1_122' title='bbox 725 3033 785 3088; x_wconf 91' lang='lat' dir='ltr'>in</span> <span class='ocrx_word' id='word_1_123' title='bbox 818 3033 1059 3089; x_wconf 91' lang='lat' dir='ltr'>consilio</span> <span class='ocrx_word' id='word_1_124' title='bbox 1087 3049 1274 3104; x_wconf 89' lang='lat' dir='ltr'>neque</span> <span class='ocrx_word' id='word_1_125' title='bbox 1306 3033 1364 3086; x_wconf 92' lang='lat' dir='ltr'>in</span> <span class='ocrx_word' id='word_1_126' title='bbox 1395 3033 1544 3088; x_wconf 85' lang='lat' dir='ltr'>facto</span> <span class='ocrx_word' id='word_1_127' title='bbox 1565 3037 1630 3087; x_wconf 93' lang='lat' dir='ltr'>ut</span> <span class='ocrx_word' id='word_1_128' title='bbox 1646 3031 1821 3086; x_wconf 83' lang='lat' dir='ltr'>vitam</span> <span class='ocrx_word' id='word_1_129' title='bbox 1843 3031 2088 3104; x_wconf 84' lang='lat' dir='ltr'>perdant</span> 
     </span>
    </p>
   </div>
   <div class='ocr_carea' id='block_1_19' title="bbox 443 3119 2087 3194">
    <p class='ocr_par' dir='ltr' id='par_1_19' title="bbox 443 3119 2087 3194">
     <span class='ocr_line' id='line_1_19' title="bbox 443 3119 2087 3194; baseline -0.002 -17"><span class='ocrx_word' id='word_1_130' title='bbox 443 3125 545 3178; x_wconf 87' lang='lat' dir='ltr'>aut</span> <span class='ocrx_word' id='word_1_131' title='bbox 573 3123 925 3189; x_wconf 89' lang='lat' dir='ltr'>membrum,</span> <span class='ocrx_word' id='word_1_132' title='bbox 949 3123 1033 3177; x_wconf 88' lang='lat' dir='ltr'>vel</span> <span class='ocrx_word' id='word_1_133' title='bbox 1069 3122 1375 3194; x_wconf 88' lang='lat' dir='ltr'>capiantur</span> <span class='ocrx_word' id='word_1_134' title='bbox 1404 3120 1560 3178; x_wconf 88' lang='lat' dir='ltr'>mala</span> <span class='ocrx_word' id='word_1_135' title='bbox 1589 3120 1874 3192; x_wconf 89' lang='lat' dir='ltr'>captione.</span> <span class='ocrx_word' id='word_1_136' title='bbox 1894 3119 2087 3175; x_wconf 90' lang='lat' dir='ltr'>Consi-</span> 
     </span>
    </p>
   </div>
   <div class='ocr_carea' id='block_1_20' title="bbox 445 3209 2088 3283">
    <p class='ocr_par' dir='ltr' id='par_1_20' title="bbox 445 3209 2088 3283">
     <span class='ocr_line' id='line_1_20' title="bbox 445 3209 2088 3283; baseline -0.002 -18"><span class='ocrx_word' id='word_1_137' title='bbox 445 3211 612 3276; x_wconf 90' lang='lat' dir='ltr'>lium,</span> <span class='ocrx_word' id='word_1_138' title='bbox 643 3211 806 3283; x_wconf 46' lang='lat' dir='ltr'>quod.</span> <span class='ocrx_word' id='word_1_139' title='bbox 829 3211 1004 3266; x_wconf 86' lang='lat' dir='ltr'>michi</span> <span class='ocrx_word' id='word_1_140' title='bbox 1037 3214 1142 3266; x_wconf 87' lang='lat' dir='ltr'>aut</span> <span class='ocrx_word' id='word_1_141' title='bbox 1168 3228 1271 3283; x_wconf 90' lang='lat' dir='ltr'>per</span> <span class='ocrx_word' id='word_1_142' title='bbox 1301 3226 1361 3266; x_wconf 87' lang='lat' dir='ltr'>se</span> <span class='ocrx_word' id='word_1_143' title='bbox 1393 3213 1496 3265; x_wconf 89' lang='lat' dir='ltr'>aut</span> <span class='ocrx_word' id='word_1_144' title='bbox 1525 3225 1627 3280; x_wconf 90' lang='lat' dir='ltr'>per</span> <span class='ocrx_word' id='word_1_145' title='bbox 1657 3209 1936 3264; x_wconf 89' lang='lat' dir='ltr'>nuncium</span> <span class='ocrx_word' id='word_1_146' title='bbox 1985 3213 2088 3263; x_wconf 89' lang='lat' dir='ltr'>aut</span> 
     </span>
    </p>
   </div>
   <div class='ocr_carea' id='block_1_21' title="bbox 443 3298 2086 3372">
    <p class='ocr_par' dir='ltr' id='par_1_21' title="bbox 443 3298 2086 3372">
     <span class='ocr_line' id='line_1_21' title="bbox 443 3298 2086 3372; baseline -0.002 -18"><span class='ocrx_word' id='word_1_147' title='bbox 443 3317 548 3372; x_wconf 85' lang='lat' dir='ltr'>per</span> <span class='ocrx_word' id='word_1_148' title='bbox 585 3299 810 3356; x_wconf 86' lang='lat' dir='ltr'>litteras</span> <span class='ocrx_word' id='word_1_149' title='bbox 860 3299 1342 3368; x_wconf 80' lang='lat' dir='ltr'>manifestabunt,</span> <span class='ocrx_word' id='word_1_150' title='bbox 1393 3299 1464 3353; x_wconf 86' lang='lat' dir='ltr'>ad</span> <span class='ocrx_word' id='word_1_151' title='bbox 1509 3315 1710 3354; x_wconf 86' lang='lat' dir='ltr'>eorum</span> <span class='ocrx_word' id='word_1_152' title='bbox 1762 3298 2086 3368; x_wconf 88' lang='lat' dir='ltr'>dampnum</span> 
     </span>
    </p>
   </div>
   <div class='ocr_carea' id='block_1_22' title="bbox 445 3385 2087 3460">
    <p class='ocr_par' dir='ltr' id='par_1_22' title="bbox 445 3385 2087 3460">
     <span class='ocr_line' id='line_1_22' title="bbox 445 3385 2087 3460; baseline -0.001 -16"><span class='ocrx_word' id='word_1_153' title='bbox 445 3388 587 3444; x_wconf 88' lang='lat' dir='ltr'>nulli</span> <span class='ocrx_word' id='word_1_154' title='bbox 603 3390 879 3460; x_wconf 87' lang='lat' dir='ltr'>pandam.</span> <span class='ocrx_word' id='word_1_155' title='bbox 898 3387 1353 3444; x_wconf 88' lang='lat' dir='ltr'>lerosolimitane</span> <span class='ocrx_word' id='word_1_156' title='bbox 1373 3386 1612 3442; x_wconf 89' lang='lat' dir='ltr'>ecclesie</span> <span class='ocrx_word' id='word_1_157' title='bbox 1630 3385 2087 3457; x_wconf 86' lang='lat' dir='ltr'>patriarchatum</span> 
     </span>
    </p>
   </div>
   <div class='ocr_carea' id='block_1_23' title="bbox 443 3475 2086 3548">
    <p class='ocr_par' dir='ltr' id='par_1_23' title="bbox 443 3475 2086 3548">
     <span class='ocr_line' id='line_1_23' title="bbox 443 3475 2086 3548; baseline -0.001 -16"><span class='ocrx_word' id='word_1_158' title='bbox 443 3480 502 3532; x_wconf 88' lang='lat' dir='ltr'>et</span> <span class='ocrx_word' id='word_1_159' title='bbox 531 3477 764 3548; x_wconf 89' lang='lat' dir='ltr'>regulas</span> <span class='ocrx_word' id='word_1_160' title='bbox 795 3481 1131 3532; x_wconf 89' lang='lat' dir='ltr'>sanctorum</span> <span class='ocrx_word' id='word_1_161' title='bbox 1164 3479 1398 3548; x_wconf 89' lang='lat' dir='ltr'>patrum</span> <span class='ocrx_word' id='word_1_162' title='bbox 1423 3475 1658 3530; x_wconf 85' lang='lat' dir='ltr'>adiutor</span> <span class='ocrx_word' id='word_1_163' title='bbox 1678 3491 1774 3530; x_wconf 91' lang='lat' dir='ltr'>ero</span> <span class='ocrx_word' id='word_1_164' title='bbox 1798 3476 1868 3529; x_wconf 92' lang='lat' dir='ltr'>ad</span> <span class='ocrx_word' id='word_1_165' title='bbox 1891 3476 2086 3531; x_wconf 80' lang='lat' dir='ltr'>defen-</span> 
     </span>
    </p>
   </div>
   <div class='ocr_carea' id='block_1_24' title="bbox 447 3564 2088 3632">
    <p class='ocr_par' dir='ltr' id='par_1_24' title="bbox 447 3564 2088 3632">
     <span class='ocr_line' id='line_1_24' title="bbox 447 3564 2088 3632; baseline -0.001 -11"><span class='ocrx_word' id='word_1_166' title='bbox 447 3565 702 3621; x_wconf 90' lang='lat' dir='ltr'>dendum</span> <span class='ocrx_word' id='word_1_167' title='bbox 715 3569 772 3621; x_wconf 90' lang='lat' dir='ltr'>et</span> <span class='ocrx_word' id='word_1_168' title='bbox 802 3564 1168 3620; x_wconf 88' lang='lat' dir='ltr'>retinendum</span> <span class='ocrx_word' id='word_1_169' title='bbox 1185 3567 1382 3620; x_wconf 86' lang='lat' dir='ltr'>contra</span> <span class='ocrx_word' id='word_1_170' title='bbox 1396 3580 1598 3619; x_wconf 90' lang='lat' dir='ltr'>omnes</span> <span class='ocrx_word' id='word_1_171' title='bbox 1621 3564 1908 3632; x_wconf 87' lang='lat' dir='ltr'>homines,</span> <span class='ocrx_word' id='word_1_172' title='bbox 1929 3565 2088 3620; x_wconf 89' lang='lat' dir='ltr'>salvo</span> 
     </span>
    </p>
   </div>
   <div class='ocr_carea' id='block_1_25' title="bbox 448 3651 2090 3725">
    <p class='ocr_par' dir='ltr' id='par_1_25' title="bbox 448 3651 2090 3725">
     <span class='ocr_line' id='line_1_25' title="bbox 448 3651 2090 3725; baseline -0.002 -15"><span class='ocrx_word' id='word_1_173' title='bbox 448 3654 651 3710; x_wconf 89' lang='lat' dir='ltr'>ordine</span> <span class='ocrx_word' id='word_1_174' title='bbox 682 3653 1006 3709; x_wconf 88' lang='lat' dir='ltr'>meo.Bona</span> <span class='ocrx_word' id='word_1_175' title='bbox 1036 3653 1276 3708; x_wconf 90' lang='lat' dir='ltr'>ecclesie</span> <span class='ocrx_word' id='word_1_176' title='bbox 1308 3670 1433 3708; x_wconf 90' lang='lat' dir='ltr'>mee</span> <span class='ocrx_word' id='word_1_177' title='bbox 1465 3671 1580 3707; x_wconf 90' lang='lat' dir='ltr'>non</span> <span class='ocrx_word' id='word_1_178' title='bbox 1613 3651 1878 3707; x_wconf 85' lang='lat' dir='ltr'>alienabo</span> <span class='ocrx_word' id='word_1_179' title='bbox 1903 3670 2090 3725; x_wconf 89' lang='lat' dir='ltr'>neque</span> 
     </span>
    </p>
   </div>
   <div class='ocr_carea' id='block_1_26' title="bbox 449 3741 2088 3798">
    <p class='ocr_par' dir='ltr' id='par_1_26' title="bbox 449 3741 2088 3798">
     <span class='ocr_line' id='line_1_26' title="bbox 449 3741 2088 3798; baseline -0.001 0"><span class='ocrx_word' id='word_1_180' title='bbox 449 3745 520 3798; x_wconf 90' lang='lat' dir='ltr'>de</span> <span class='ocrx_word' id='word_1_181' title='bbox 551 3759 696 3798; x_wconf 89' lang='lat' dir='ltr'>novo</span> <span class='ocrx_word' id='word_1_182' title='bbox 728 3742 900 3798; x_wconf 89' lang='lat' dir='ltr'>alicui</span> <span class='ocrx_word' id='word_1_183' title='bbox 933 3742 1267 3798; x_wconf 84' lang='lat' dir='ltr'>infeudabo.</span> <span class='ocrx_word' id='word_1_184' title='bbox 1301 3741 1552 3796; x_wconf 85' lang='lat' dir='ltr'>Vocatus</span> <span class='ocrx_word' id='word_1_185' title='bbox 1583 3743 1652 3796; x_wconf 89' lang='lat' dir='ltr'>ad</span> <span class='ocrx_word' id='word_1_186' title='bbox 1687 3741 1958 3796; x_wconf 88' lang='lat' dir='ltr'>sinodum</span> <span class='ocrx_word' id='word_1_187' title='bbox 1991 3760 2088 3798; x_wconf 84' lang='lat' dir='ltr'>ve-</span> 
     </span>
    </p>
   </div>
   <div class='ocr_carea' id='block_1_27' title="bbox 450 3829 2169 3931">
    <p class='ocr_par' dir='ltr' id='par_1_27' title="bbox 450 3829 2169 3931">
     <span class='ocr_line' id='line_1_27' title="bbox 450 3829 2169 3931; baseline -0.001 -43"><span class='ocrx_word' id='word_1_188' title='bbox 450 3831 629 3898; x_wconf 88' lang='lat' dir='ltr'>niam,</span> <span class='ocrx_word' id='word_1_189' title='bbox 653 3831 764 3886; x_wconf 89' lang='lat' dir='ltr'>nisi</span> <span class='ocrx_word' id='word_1_190' title='bbox 799 3829 1138 3902; x_wconf 88' lang='lat' dir='ltr'>prepeditus</span> <span class='ocrx_word' id='word_1_191' title='bbox 1171 3830 1330 3885; x_wconf 77' lang='lat' dir='ltr'>fuero</span> <span class='ocrx_word' id='word_1_192' title='bbox 1364 3830 1644 3886; x_wconf 88' lang='lat' dir='ltr'>canonica</span> <span class='ocrx_word' id='word_1_193' title='bbox 1669 3830 2087 3902; x_wconf 85' lang='lat' dir='ltr'>prepeditione.</span> <span class='ocrx_word' id='word_1_194' title='bbox 2121 3867 2169 3931; x_wconf 77' lang='grc' dir='ltr'><strong>Β</strong></span> 
     </span>
    </p>
   </div>
   <div class='ocr_carea' id='block_1_28' title="bbox 448 3917 2090 3992">
    <p class='ocr_par' dir='ltr' id='par_1_28' title="bbox 448 3917 2090 3992">
     <span class='ocr_line' id='line_1_28' title="bbox 448 3917 2090 3992; baseline -0.001 -16"><span class='ocrx_word' id='word_1_195' title='bbox 448 3919 742 3978; x_wconf 66' lang='grc' dir='ltr'>Νυῐιοὶιιςῐῐι</span> <span class='ocrx_word' id='word_1_196' title='bbox 773 3919 793 3953; x_wconf 84' lang='grc'>²</span> <span class='ocrx_word' id='word_1_197' title='bbox 823 3917 1064 3974; x_wconf 87' lang='lat' dir='ltr'>ecclesie</span> <span class='ocrx_word' id='word_1_198' title='bbox 1114 3917 1570 3974; x_wconf 86' lang='lat' dir='ltr'>Ierosolimitane</span> <span class='ocrx_word' id='word_1_199' title='bbox 1616 3923 1674 3973; x_wconf 89' lang='lat' dir='ltr'>et</span> <span class='ocrx_word' id='word_1_200' title='bbox 1721 3919 1944 3974; x_wconf 87' lang='lat' dir='ltr'>domini</span> <span class='ocrx_word' id='word_1_201' title='bbox 1984 3937 2090 3992; x_wconf 90' lang='lat' dir='ltr'>pa-</span> 
     </span>
    </p>
   </div>
   <div class='ocr_carea' id='block_1_29' title="bbox 452 4007 2094 4079">
    <p class='ocr_par' dir='ltr' id='par_1_29' title="bbox 452 4007 2094 4079">
     <span class='ocr_line' id='line_1_29' title="bbox 452 4007 2094 4079; baseline -0.001 -15"><span class='ocrx_word' id='word_1_202' title='bbox 452 4007 724 4074; x_wconf 79' lang='lat' dir='ltr'>triarche,</span> <span class='ocrx_word' id='word_1_203' title='bbox 766 4024 914 4079; x_wconf 89' lang='lat' dir='ltr'>quos</span> <span class='ocrx_word' id='word_1_204' title='bbox 947 4010 1137 4063; x_wconf 88' lang='lat' dir='ltr'>certos</span> <span class='ocrx_word' id='word_1_205' title='bbox 1167 4023 1294 4062; x_wconf 90' lang='lat' dir='ltr'>esse</span> <span class='ocrx_word' id='word_1_206' title='bbox 1324 4023 1663 4078; x_wconf 83' lang='lat' dir='ltr'>cognovero,</span> <span class='ocrx_word' id='word_1_207' title='bbox 1694 4007 1751 4062; x_wconf 90' lang='lat' dir='ltr'>in</span> <span class='ocrx_word' id='word_1_208' title='bbox 1797 4009 1988 4062; x_wconf 89' lang='lat' dir='ltr'>eundo</span> <span class='ocrx_word' id='word_1_209' title='bbox 2038 4013 2094 4064; x_wconf 90' lang='lat' dir='ltr'>et</span> 
     </span>
    </p>
   </div>
   <div class='ocr_carea' id='block_1_30' title="bbox 451 4094 2094 4153">
    <p class='ocr_par' dir='ltr' id='par_1_30' title="bbox 451 4094 2094 4153">
     <span class='ocr_line' id='line_1_30' title="bbox 451 4094 2094 4153; baseline 0 -1"><span class='ocrx_word' id='word_1_210' title='bbox 451 4096 750 4153; x_wconf 87' lang='lat' dir='ltr'>redeundo</span> <span class='ocrx_word' id='word_1_211' title='bbox 781 4095 1057 4151; x_wconf 89' lang='lat' dir='ltr'>honoriee</span> <span class='ocrx_word' id='word_1_212' title='bbox 1087 4096 1351 4151; x_wconf 88' lang='lat' dir='ltr'>tractabo</span> <span class='ocrx_word' id='word_1_213' title='bbox 1379 4100 1436 4150; x_wconf 91' lang='lat' dir='ltr'>et</span> <span class='ocrx_word' id='word_1_214' title='bbox 1465 4095 1526 4150; x_wconf 91' lang='lat' dir='ltr'>in</span> <span class='ocrx_word' id='word_1_215' title='bbox 1559 4094 1684 4151; x_wconf 89' lang='lat' dir='ltr'>suis</span> <span class='ocrx_word' id='word_1_216' title='bbox 1731 4097 2094 4152; x_wconf 88' lang='lat' dir='ltr'>necessitati-</span> 
     </span>
    </p>
   </div>
   <div class='ocr_carea' id='block_1_31' title="bbox 451 4183 2094 4258">
    <p class='ocr_par' dir='ltr' id='par_1_31' title="bbox 451 4183 2094 4258">
     <span class='ocr_line' id='line_1_31' title="bbox 451 4183 2094 4258; baseline 0.001 -18"><span class='ocrx_word' id='word_1_217' title='bbox 451 4185 564 4241; x_wconf 88' lang='lat' dir='ltr'>bus</span> <span class='ocrx_word' id='word_1_218' title='bbox 577 4183 881 4242; x_wconf 82' lang='lat' dir='ltr'>adiuvabo.</span> <span class='ocrx_word' id='word_1_219' title='bbox 899 4183 1354 4240; x_wconf 86' lang='lat' dir='ltr'>Ierosolimitade</span> <span class='ocrx_word' id='word_1_220' title='bbox 1367 4184 1606 4241; x_wconf 88' lang='lat' dir='ltr'>ecclesie</span> <span class='ocrx_word' id='word_1_221' title='bbox 1621 4184 1824 4239; x_wconf 89' lang='lat' dir='ltr'>limina</span> <span class='ocrx_word' id='word_1_222' title='bbox 1845 4185 2094 4258; x_wconf 84' lang='lat' dir='ltr'>singulis</span> 
     </span>
    </p>
   </div>
   <div class='ocr_carea' id='block_1_32' title="bbox 453 4271 2089 4346">
    <p class='ocr_par' dir='ltr' id='par_1_32' title="bbox 453 4271 2089 4346">
     <span class='ocr_line' id='line_1_32' title="bbox 453 4271 2089 4346; baseline 0.001 -17"><span class='ocrx_word' id='word_1_223' title='bbox 453 4271 621 4330; x_wconf 88' lang='lat' dir='ltr'>annis</span> <span class='ocrx_word' id='word_1_224' title='bbox 651 4277 752 4329; x_wconf 91' lang='lat' dir='ltr'>aut</span> <span class='ocrx_word' id='word_1_225' title='bbox 782 4289 883 4346; x_wconf 91' lang='lat' dir='ltr'>per</span> <span class='ocrx_word' id='word_1_226' title='bbox 908 4289 1000 4328; x_wconf 91' lang='lat' dir='ltr'>me</span> <span class='ocrx_word' id='word_1_227' title='bbox 1020 4277 1122 4328; x_wconf 90' lang='lat' dir='ltr'>aut</span> <span class='ocrx_word' id='word_1_228' title='bbox 1153 4289 1252 4346; x_wconf 86' lang='lat' dir='ltr'>per</span> <span class='ocrx_word' id='word_1_229' title='bbox 1273 4277 1495 4328; x_wconf 88' lang='lat' dir='ltr'>certum</span> <span class='ocrx_word' id='word_1_230' title='bbox 1518 4273 1797 4329; x_wconf 89' lang='lat' dir='ltr'>nuncium</span> <span class='ocrx_word' id='word_1_231' title='bbox 1820 4274 2089 4342; x_wconf 90' lang='lat' dir='ltr'>visitabo,</span> 
     </span>
    </p>
   </div>
   <div class='ocr_carea' id='block_1_33' title="bbox 452 4361 2092 4434">
    <p class='ocr_par' dir='ltr' id='par_1_33' title="bbox 452 4361 2092 4434">
     <span class='ocr_line' id='line_1_33' title="bbox 452 4361 2092 4434; baseline 0 -16"><span class='ocrx_word' id='word_1_232' title='bbox 452 4361 567 4419; x_wconf 85' lang='lat' dir='ltr'>nisi</span> <span class='ocrx_word' id='word_1_233' title='bbox 597 4378 799 4418; x_wconf 90' lang='lat' dir='ltr'>eorum</span> <span class='ocrx_word' id='word_1_234' title='bbox 831 4361 1097 4418; x_wconf 85' lang='lat' dir='ltr'>absolvar</span> <span class='ocrx_word' id='word_1_235' title='bbox 1123 4361 1460 4418; x_wconf 86' lang='lat' dir='ltr'>licentia.Et</span> <span class='ocrx_word' id='word_1_236' title='bbox 1476 4362 1582 4418; x_wconf 91' lang='lat' dir='ltr'>hec</span> <span class='ocrx_word' id='word_1_237' title='bbox 1605 4362 1876 4434; x_wconf 89' lang='lat' dir='ltr'>promitto</span> <span class='ocrx_word' id='word_1_238' title='bbox 1899 4379 2092 4418; x_wconf 90' lang='lat' dir='ltr'>coram</span> 
     </span>
    </p>
   </div>
   <div class='ocr_carea' id='block_1_34' title="bbox 451 4449 2094 4523">
    <p class='ocr_par' dir='ltr' id='par_1_34' title="bbox 451 4449 2094 4523">
     <span class='ocr_line' id='line_1_34' title="bbox 451 4449 2094 4523; baseline -0.001 -15"><span class='ocrx_word' id='word_1_239' title='bbox 451 4451 617 4508; x_wconf 71' lang='lat' dir='ltr'>vobis</span> <span class='ocrx_word' id='word_1_240' title='bbox 645 4451 882 4508; x_wconf 90' lang='lat' dir='ltr'>domino</span> <span class='ocrx_word' id='word_1_241' title='bbox 911 4449 1190 4517; x_wconf 82' lang='lat' dir='ltr'>Arualdo,</span> <span class='ocrx_word' id='word_1_242' title='bbox 1227 4451 1506 4506; x_wconf 89' lang='lat' dir='ltr'>Liddensi</span> <span class='ocrx_word' id='word_1_243' title='bbox 1552 4451 1848 4523; x_wconf 89' lang='lat' dir='ltr'>episcopo,</span> <span class='ocrx_word' id='word_1_244' title='bbox 1877 4451 2094 4508; x_wconf 88' lang='lat' dir='ltr'>vicario</span> 
     </span>
    </p>
   </div>
   <div class='ocr_carea' id='block_1_35' title="bbox 457 4539 2095 4614">
    <p class='ocr_par' dir='ltr' id='par_1_35' title="bbox 457 4539 2095 4614">
     <span class='ocr_line' id='line_1_35' title="bbox 457 4539 2095 4614; baseline 0 -18"><span class='ocrx_word' id='word_1_245' title='bbox 457 4541 698 4614; x_wconf 88' lang='lat' dir='ltr'>predicti</span> <span class='ocrx_word' id='word_1_246' title='bbox 728 4540 948 4596; x_wconf 88' lang='lat' dir='ltr'>domini</span> <span class='ocrx_word' id='word_1_247' title='bbox 981 4539 1329 4612; x_wconf 90' lang='lat' dir='ltr'>patriarehe,</span> <span class='ocrx_word' id='word_1_248' title='bbox 1364 4539 1600 4594; x_wconf 89' lang='lat' dir='ltr'>nomine</span> <span class='ocrx_word' id='word_1_249' title='bbox 1628 4541 1758 4610; x_wconf 86' lang='lat' dir='ltr'>ejus</span> <span class='ocrx_word' id='word_1_250' title='bbox 1791 4544 1848 4594; x_wconf 88' lang='lat' dir='ltr'>et</span> <span class='ocrx_word' id='word_1_251' title='bbox 1897 4545 2095 4596; x_wconf 82' lang='lat' dir='ltr'>sancte</span> 
     </span>
    </p>
   </div>
   <div class='ocr_carea' id='block_1_36' title="bbox 453 4627 2097 4688">
    <p class='ocr_par' dir='ltr' id='par_1_36' title="bbox 453 4627 2097 4688">
     <span class='ocr_line' id='line_1_36' title="bbox 453 4627 2097 4688; baseline -0.001 0"><span class='ocrx_word' id='word_1_252' title='bbox 453 4628 926 4688; x_wconf 89' lang='lat' dir='ltr'>Ierosolomitane</span> <span class='ocrx_word' id='word_1_253' title='bbox 953 4627 1212 4684; x_wconf 90' lang='lat' dir='ltr'>ecclesie.</span> <span class='ocrx_word' id='word_1_254' title='bbox 1238 4627 1331 4684; x_wconf 92' lang='lat' dir='ltr'>Sic</span> <span class='ocrx_word' id='word_1_255' title='bbox 1359 4627 1512 4684; x_wconf 91' lang='lat' dir='ltr'>Deus</span> <span class='ocrx_word' id='word_1_256' title='bbox 1544 4644 1637 4684; x_wconf 90' lang='lat' dir='ltr'>me</span> <span class='ocrx_word' id='word_1_257' title='bbox 1670 4628 1902 4684; x_wconf 86' lang='lat' dir='ltr'>adiuvet</span> <span class='ocrx_word' id='word_1_258' title='bbox 1921 4633 1976 4685; x_wconf 88' lang='lat' dir='ltr'>et</span> <span class='ocrx_word' id='word_1_259' title='bbox 1992 4629 2097 4686; x_wconf 89' lang='lat' dir='ltr'>hec</span> 
     </span>
    </p>
   </div>
   <div class='ocr_carea' id='block_1_37' title="bbox 455 4716 1123 4790">
    <p class='ocr_par' dir='ltr' id='par_1_37' title="bbox 455 4716 1123 4790">
     <span class='ocr_line' id='line_1_37' title="bbox 455 4716 1123 4790; baseline -0.009 -12"><span class='ocrx_word' id='word_1_260' title='bbox 455 4722 660 4778; x_wconf 82' lang='lat' dir='ltr'>saneta</span> <span class='ocrx_word' id='word_1_261' title='bbox 687 4718 790 4777; x_wconf 88' lang='lat' dir='ltr'>Dei</span> <span class='ocrx_word' id='word_1_262' title='bbox 807 4716 1123 4790; x_wconf 85' lang='lat' dir='ltr'>evangelia.</span> 
     </span>
    </p>
   </div>
   <div class='ocr_carea' id='block_1_38' title="bbox 1221 4805 1316 4861">
    <p class='ocr_par' dir='ltr' id='par_1_38' title="bbox 1221 4805 1316 4861">
     <span class='ocr_line' id='line_1_38' title="bbox 1221 4805 1316 4861; baseline -0.011 0"><span class='ocrx_word' id='word_1_263' title='bbox 1221 4805 1316 4861; x_wconf 77' lang='lat'>113.</span> 
     </span>
    </p>
   </div>
   <div class='ocr_carea' id='block_1_39' title="bbox 1046 4894 1494 4967">
    <p class='ocr_par' dir='ltr' id='par_1_39' title="bbox 1046 4894 1494 4967">
     <span class='ocr_line' id='line_1_39' title="bbox 1046 4894 1494 4967; baseline -0.004 -16"><span class='ocrx_word' id='word_1_264' title='bbox 1046 4894 1198 4967; x_wconf 81' lang='lat' dir='ltr'>[Sine</span> <span class='ocrx_word' id='word_1_265' title='bbox 1227 4895 1494 4966; x_wconf 54' lang='lat' dir='ltr'>rubrica]</span> 
     </span>
    </p>
   </div>
   <div class='ocr_carea' id='block_1_40' title="bbox 525 4982 2096 5057">
    <p class='ocr_par' dir='ltr' id='par_1_40' title="bbox 525 4982 2096 5057">
     <span class='ocr_line' id='line_1_40' title="bbox 525 4982 2096 5057; baseline -0.001 -15"><span class='ocrx_word' id='word_1_266' title='bbox 525 4983 1310 5057; x_wconf 88' lang='lat' dir='ltr'>Archiepiscopis,episcopis</span> <span class='ocrx_word' id='word_1_267' title='bbox 1342 4982 1590 5056; x_wconf 85' lang='lat' dir='ltr'>aliisque</span> <span class='ocrx_word' id='word_1_268' title='bbox 1613 4984 1874 5056; x_wconf 88' lang='lat' dir='ltr'>prelatis,</span> <span class='ocrx_word' id='word_1_269' title='bbox 1907 4987 2096 5042; x_wconf 90' lang='lat' dir='ltr'>omni-</span> 
     </span>
    </p>
   </div>
   <div class='ocr_carea' id='block_1_41' title="bbox 455 5071 2096 5148">
    <p class='ocr_par' dir='ltr' id='par_1_41' title="bbox 455 5071 2096 5148">
     <span class='ocr_line' id='line_1_41' title="bbox 455 5071 2096 5148; baseline -0.001 -14"><span class='ocrx_word' id='word_1_270' title='bbox 455 5077 688 5148; x_wconf 87' lang='lat' dir='ltr'>busque</span> <span class='ocrx_word' id='word_1_271' title='bbox 719 5073 932 5128; x_wconf 79' lang='lat' dir='ltr'>Christi</span> <span class='ocrx_word' id='word_1_272' title='bbox 963 5071 1236 5126; x_wconf 87' lang='lat' dir='ltr'>ﬁdelibus</span> <span class='ocrx_word' id='word_1_273' title='bbox 1284 5072 1343 5126; x_wconf 89' lang='lat' dir='ltr'>in</span> <span class='ocrx_word' id='word_1_274' title='bbox 1398 5088 1576 5144; x_wconf 88' lang='lat' dir='ltr'>regno</span> <span class='ocrx_word' id='word_1_275' title='bbox 1625 5073 2096 5133; x_wconf 88' lang='lat' dir='ltr'>Thesalonieensi</span> 
     </span>
    </p>
   </div>
   <div class='ocr_carea' id='block_1_42' title="bbox 456 5153 2097 5232">
    <p class='ocr_par' dir='ltr' id='par_1_42' title="bbox 456 5153 2097 5232">
     <span class='ocr_line' id='line_1_42' title="bbox 456 5153 2097 5232; baseline -0.001 -12"><span class='ocrx_word' id='word_1_276' title='bbox 456 5161 814 5228; x_wconf 86' lang='lat' dir='ltr'>constitutis,</span> <span class='ocrx_word' id='word_1_277' title='bbox 848 5162 918 5216; x_wconf 89' lang='lat' dir='ltr'>ad</span> <span class='ocrx_word' id='word_1_278' title='bbox 942 5177 1090 5231; x_wconf 89' lang='lat' dir='ltr'>quos</span> <span class='ocrx_word' id='word_1_279' title='bbox 1120 5159 1309 5216; x_wconf 89' lang='lat' dir='ltr'>littere</span> <span class='ocrx_word' id='word_1_280' title='bbox 1340 5161 1449 5216; x_wconf 90' lang='lat' dir='ltr'>iste</span> <span class='ocrx_word' id='word_1_281' title='bbox 1480 5153 2097 5232; x_wconf 66' lang='lat' dir='ltr'>perveherint,\Villel-</span> 
     </span>
    </p>
   </div>
   <div class='ocr_carea' id='block_1_43' title="bbox 2191 2581 3817 2657">
    <p class='ocr_par' dir='ltr' id='par_1_43' title="bbox 2191 2581 3817 2657">
     <span class='ocr_line' id='line_1_43' title="bbox 2191 2581 3817 2657; baseline -0.004 -16"><span class='ocrx_word' id='word_1_282' title='bbox 2191 2603 2324 2641; x_wconf 91' lang='lat' dir='ltr'>mus</span> <span class='ocrx_word' id='word_1_283' title='bbox 2338 2585 2700 2641; x_wconf 84' lang='lat' dir='ltr'>universitati</span> <span class='ocrx_word' id='word_1_284' title='bbox 2715 2585 2868 2657; x_wconf 91' lang='lat' dir='ltr'>quod</span> <span class='ocrx_word' id='word_1_285' title='bbox 2885 2601 3012 2656; x_wconf 89' lang='lat' dir='ltr'>nos,</span> <span class='ocrx_word' id='word_1_286' title='bbox 3027 2586 3445 2657; x_wconf 85' lang='lat' dir='ltr'>cognoscentes</span> <span class='ocrx_word' id='word_1_287' title='bbox 3461 2581 3817 2654; x_wconf 87' lang='lat' dir='ltr'>prudentiam</span> 
     </span>
    </p>
   </div>
   <div class='ocr_carea' id='block_1_44' title="bbox 2191 2669 3818 2746">
    <p class='ocr_par' dir='ltr' id='par_1_44' title="bbox 2191 2669 3818 2746">
     <span class='ocr_line' id='line_1_44' title="bbox 2191 2669 3818 2746; baseline -0.003 -16"><span class='ocrx_word' id='word_1_288' title='bbox 2191 2679 2245 2730; x_wconf 91' lang='lat' dir='ltr'>et</span> <span class='ocrx_word' id='word_1_289' title='bbox 2276 2675 2640 2730; x_wconf 85' lang='lat' dir='ltr'>honestatem</span> <span class='ocrx_word' id='word_1_290' title='bbox 2673 2673 2918 2730; x_wconf 88' lang='lat' dir='ltr'>latorem</span> <span class='ocrx_word' id='word_1_291' title='bbox 2952 2675 2973 2707; x_wconf 80' lang='grc'><strong>⁴</strong></span> <span class='ocrx_word' id='word_1_292' title='bbox 3001 2672 3376 2746; x_wconf 71' lang='lat' dir='ltr'>prazsentium</span> <span class='ocrx_word' id='word_1_293' title='bbox 3408 2669 3606 2726; x_wconf 87' lang='lat' dir='ltr'>dilecti</span> <span class='ocrx_word' id='word_1_294' title='bbox 3663 2686 3818 2726; x_wconf 91' lang='lat' dir='ltr'>cano-</span> 
     </span>
    </p>
   </div>
   <div class='ocr_carea' id='block_1_45' title="bbox 2191 2760 3822 2836">
    <p class='ocr_par' dir='ltr' id='par_1_45' title="bbox 2191 2760 3822 2836">
     <span class='ocr_line' id='line_1_45' title="bbox 2191 2760 3822 2836; baseline -0.002 -19"><span class='ocrx_word' id='word_1_295' title='bbox 2191 2764 2304 2818; x_wconf 90' lang='lat' dir='ltr'>nici</span> <span class='ocrx_word' id='word_1_296' title='bbox 2332 2763 2515 2819; x_wconf 88' lang='lat' dir='ltr'>nostri</span> <span class='ocrx_word' id='word_1_297' title='bbox 2549 2763 2638 2831; x_wconf 88' lang='lat' dir='ltr'>N.,</span> <span class='ocrx_word' id='word_1_298' title='bbox 2660 2762 2856 2836; x_wconf 89' lang='lat' dir='ltr'>ipsum</span> <span class='ocrx_word' id='word_1_299' title='bbox 2889 2761 3307 2818; x_wconf 89' lang='lat' dir='ltr'>constituimus</span> <span class='ocrx_word' id='word_1_300' title='bbox 3339 2760 3596 2833; x_wconf 88' lang='lat' dir='ltr'>priorem</span> <span class='ocrx_word' id='word_1_301' title='bbox 3627 2763 3683 2816; x_wconf 84' lang='lat' dir='ltr'>et</span> <span class='ocrx_word' id='word_1_302' title='bbox 3710 2775 3822 2831; x_wconf 88' lang='lat' dir='ltr'>pro-</span> 
     </span>
    </p>
   </div>
   <div class='ocr_carea' id='block_1_46' title="bbox 2191 2849 3824 2924">
    <p class='ocr_par' dir='ltr' id='par_1_46' title="bbox 2191 2849 3824 2924">
     <span class='ocr_line' id='line_1_46' title="bbox 2191 2849 3824 2924; baseline -0.002 -18"><span class='ocrx_word' id='word_1_303' title='bbox 2191 2852 2439 2908; x_wconf 88' lang='lat' dir='ltr'>visorem</span> <span class='ocrx_word' id='word_1_304' title='bbox 2471 2851 2733 2907; x_wconf 90' lang='lat' dir='ltr'>omnium</span> <span class='ocrx_word' id='word_1_305' title='bbox 2759 2853 3066 2908; x_wconf 89' lang='lat' dir='ltr'>domorum</span> <span class='ocrx_word' id='word_1_306' title='bbox 3090 2855 3145 2906; x_wconf 83' lang='lat' dir='ltr'>et</span> <span class='ocrx_word' id='word_1_307' title='bbox 3157 2849 3601 2924; x_wconf 90' lang='lat' dir='ltr'>possessionum</span> <span class='ocrx_word' id='word_1_308' title='bbox 3622 2853 3824 2906; x_wconf 86' lang='lat' dir='ltr'>nostra-</span> 
     </span>
    </p>
   </div>
   <div class='ocr_carea' id='block_1_47' title="bbox 2197 2937 3824 3013">
    <p class='ocr_par' dir='ltr' id='par_1_47' title="bbox 2197 2937 3824 3013">
     <span class='ocr_line' id='line_1_47' title="bbox 2197 2937 3824 3013; baseline -0.004 -18"><span class='ocrx_word' id='word_1_309' title='bbox 2197 2959 2347 3010; x_wconf 82' lang='lat' dir='ltr'>rum,</span> <span class='ocrx_word' id='word_1_310' title='bbox 2398 2959 2544 3013; x_wconf 91' lang='lat' dir='ltr'>quas</span> <span class='ocrx_word' id='word_1_311' title='bbox 2600 2940 2657 2996; x_wconf 90' lang='lat' dir='ltr'>in</span> <span class='ocrx_word' id='word_1_312' title='bbox 2711 2957 2886 3013; x_wconf 89' lang='lat' dir='ltr'>regno</span> <span class='ocrx_word' id='word_1_313' title='bbox 2935 2937 3418 2996; x_wconf 89' lang='lat' dir='ltr'>Thesalonieensi</span> <span class='ocrx_word' id='word_1_314' title='bbox 3459 2943 3748 3003; x_wconf 83' lang='lat' dir='ltr'>tenemus.</span> <span class='ocrx_word' id='word_1_315' title='bbox 3777 2938 3824 2990; x_wconf 87' lang='lat' dir='ltr'>et</span> 
     </span>
    </p>
   </div>
   <div class='ocr_carea' id='block_1_48' title="bbox 2193 3027 3825 3100">
    <p class='ocr_par' dir='ltr' id='par_1_48' title="bbox 2193 3027 3825 3100">
     <span class='ocr_line' id='line_1_48' title="bbox 2193 3027 3825 3100; baseline -0.005 -14"><span class='ocrx_word' id='word_1_316' title='bbox 2193 3031 2440 3086; x_wconf 89' lang='lat' dir='ltr'>aliarum</span> <span class='ocrx_word' id='word_1_317' title='bbox 2473 3030 2531 3086; x_wconf 90' lang='lat' dir='ltr'>in</span> <span class='ocrx_word' id='word_1_318' title='bbox 2566 3029 2916 3100; x_wconf 77' lang='lat' dir='ltr'>Roman[i]a,</span> <span class='ocrx_word' id='word_1_319' title='bbox 2937 3045 3050 3099; x_wconf 92' lang='lat' dir='ltr'>que</span> <span class='ocrx_word' id='word_1_320' title='bbox 3071 3027 3330 3083; x_wconf 90' lang='lat' dir='ltr'>subiecte</span> <span class='ocrx_word' id='word_1_321' title='bbox 3354 3043 3469 3082; x_wconf 90' lang='lat' dir='ltr'>non</span> <span class='ocrx_word' id='word_1_322' title='bbox 3490 3031 3632 3082; x_wconf 88' lang='lat' dir='ltr'>sunt</span> <span class='ocrx_word' id='word_1_323' title='bbox 3650 3029 3825 3081; x_wconf 87' lang='lat' dir='ltr'>nostre</span> 
     </span>
    </p>
   </div>
   <div class='ocr_carea' id='block_1_49' title="bbox 2194 3116 3822 3190">
    <p class='ocr_par' dir='ltr' id='par_1_49' title="bbox 2194 3116 3822 3190">
     <span class='ocr_line' id='line_1_49' title="bbox 2194 3116 3822 3190; baseline -0.004 -16"><span class='ocrx_word' id='word_1_324' title='bbox 2194 3120 2392 3176; x_wconf 88' lang='lat' dir='ltr'>domui</span> <span class='ocrx_word' id='word_1_325' title='bbox 2426 3117 3063 3190; x_wconf 89' lang='lat' dir='ltr'>Constantinopolitane</span> <span class='ocrx_word' id='word_1_326' title='bbox 3083 3135 3096 3183; x_wconf 92' lang='lat'><strong>;</strong></span> <span class='ocrx_word' id='word_1_327' title='bbox 3119 3116 3229 3172; x_wconf 93' lang='lat' dir='ltr'>hoc</span> <span class='ocrx_word' id='word_1_328' title='bbox 3252 3121 3448 3172; x_wconf 89' lang='lat' dir='ltr'>tamen</span> <span class='ocrx_word' id='word_1_329' title='bbox 3478 3119 3822 3188; x_wconf 87' lang='lat' dir='ltr'>apponentes</span> 
     </span>
    </p>
   </div>
   <div class='ocr_carea' id='block_1_50' title="bbox 2195 3205 3819 3280">
    <p class='ocr_par' dir='ltr' id='par_1_50' title="bbox 2195 3205 3819 3280">
     <span class='ocr_line' id='line_1_50' title="bbox 2195 3205 3819 3280; baseline -0.004 -16"><span class='ocrx_word' id='word_1_330' title='bbox 2195 3208 2350 3280; x_wconf 91' lang='lat' dir='ltr'>quod</span> <span class='ocrx_word' id='word_1_331' title='bbox 2384 3213 2506 3263; x_wconf 90' lang='lat' dir='ltr'>tam</span> <span class='ocrx_word' id='word_1_332' title='bbox 2539 3207 2662 3280; x_wconf 89' lang='lat' dir='ltr'>ipse</span> <span class='ocrx_word' id='word_1_333' title='bbox 2699 3223 2874 3278; x_wconf 90' lang='lat' dir='ltr'>quam</span> <span class='ocrx_word' id='word_1_334' title='bbox 2925 3206 3023 3261; x_wconf 90' lang='lat' dir='ltr'>alii</span> <span class='ocrx_word' id='word_1_335' title='bbox 3078 3209 3484 3277; x_wconf 84' lang='lat' dir='ltr'>procuratores</span> <span class='ocrx_word' id='word_1_336' title='bbox 3527 3205 3819 3260; x_wconf 87' lang='lat' dir='ltr'>domorum</span> 
     </span>
    </p>
   </div>
   <div class='ocr_carea' id='block_1_51' title="bbox 2195 3288 3822 3366">
    <p class='ocr_par' dir='ltr' id='par_1_51' title="bbox 2195 3288 3822 3366">
     <span class='ocr_line' id='line_1_51' title="bbox 2195 3288 3822 3366; baseline -0.006 -13"><span class='ocrx_word' id='word_1_337' title='bbox 2195 3302 2530 3353; x_wconf 90' lang='lat' dir='ltr'>nostrarum</span> <span class='ocrx_word' id='word_1_338' title='bbox 2559 3313 2674 3352; x_wconf 90' lang='lat' dir='ltr'>non</span> <span class='ocrx_word' id='word_1_339' title='bbox 2705 3295 2959 3351; x_wconf 81' lang='lat' dir='ltr'>habeant</span> <span class='ocrx_word' id='word_1_340' title='bbox 2988 3297 3336 3366; x_wconf 85' lang='lat' dir='ltr'>potestatem</span> <span class='ocrx_word' id='word_1_341' title='bbox 3365 3293 3679 3362; x_wconf 81' lang='lat' dir='ltr'>vendendi,</span> <span class='ocrx_word' id='word_1_342' title='bbox 3699 3288 3822 3348; x_wconf 84' lang='lat' dir='ltr'>obli-</span> 
     </span>
    </p>
   </div>
   <div class='ocr_carea' id='block_1_52' title="bbox 2196 3379 3826 3459">
    <p class='ocr_par' dir='ltr' id='par_1_52' title="bbox 2196 3379 3826 3459">
     <span class='ocr_line' id='line_1_52' title="bbox 2196 3379 3826 3459; baseline -0.004 -18"><span class='ocrx_word' id='word_1_343' title='bbox 2196 3387 2370 3459; x_wconf 87' lang='lat' dir='ltr'>gandi</span> <span class='ocrx_word' id='word_1_344' title='bbox 2388 3385 2474 3441; x_wconf 88' lang='lat' dir='ltr'>vel</span> <span class='ocrx_word' id='word_1_345' title='bbox 2491 3384 2776 3440; x_wconf 88' lang='lat' dir='ltr'>inutiliter</span> <span class='ocrx_word' id='word_1_346' title='bbox 2788 3384 3080 3439; x_wconf 82' lang='lat' dir='ltr'>alienandi</span> <span class='ocrx_word' id='word_1_347' title='bbox 3093 3399 3311 3448; x_wconf 84' lang='lat' dir='ltr'>servos,</span> <span class='ocrx_word' id='word_1_348' title='bbox 3327 3380 3575 3438; x_wconf 86' lang='lat' dir='ltr'>ancillas</span> <span class='ocrx_word' id='word_1_349' title='bbox 3585 3379 3826 3438; x_wconf 70' lang='lat' dir='ltr'>autalias</span> 
     </span>
    </p>
   </div>
   <div class='ocr_carea' id='block_1_53' title="bbox 2197 3469 3825 3546">
    <p class='ocr_par' dir='ltr' id='par_1_53' title="bbox 2197 3469 3825 3546">
     <span class='ocr_line' id='line_1_53' title="bbox 2197 3469 3825 3546; baseline -0.005 -14"><span class='ocrx_word' id='word_1_350' title='bbox 2197 3474 2435 3532; x_wconf 90' lang='lat' dir='ltr'>ecclesie</span> <span class='ocrx_word' id='word_1_351' title='bbox 2462 3473 2860 3546; x_wconf 88' lang='lat' dir='ltr'>possessiones</span> <span class='ocrx_word' id='word_1_352' title='bbox 2883 3490 2895 3540; x_wconf 90' lang='lat'><strong>;</strong></span> <span class='ocrx_word' id='word_1_353' title='bbox 2921 3472 3093 3539; x_wconf 89' lang='lat' dir='ltr'>unde,</span> <span class='ocrx_word' id='word_1_354' title='bbox 3107 3471 3156 3527; x_wconf 90' lang='lat' dir='ltr'>si</span> <span class='ocrx_word' id='word_1_355' title='bbox 3175 3469 3536 3544; x_wconf 85' lang='lat' dir='ltr'>quidtalium</span> <span class='ocrx_word' id='word_1_356' title='bbox 3557 3471 3633 3528; x_wconf 90' lang='lat' dir='ltr'>ab</span> <span class='ocrx_word' id='word_1_357' title='bbox 3651 3469 3825 3542; x_wconf 88' lang='lat' dir='ltr'>aliquo</span> 
     </span>
    </p>
   </div>
   <div class='ocr_carea' id='block_1_54' title="bbox 2197 3559 3816 3634">
    <p class='ocr_par' dir='ltr' id='par_1_54' title="bbox 2197 3559 3816 3634">
     <span class='ocr_line' id='line_1_54' title="bbox 2197 3559 3816 3634; baseline -0.005 -14"><span class='ocrx_word' id='word_1_358' title='bbox 2197 3568 2464 3620; x_wconf 89' lang='lat' dir='ltr'>nostrum</span> <span class='ocrx_word' id='word_1_359' title='bbox 2497 3563 2622 3618; x_wconf 90' lang='lat' dir='ltr'>sine</span> <span class='ocrx_word' id='word_1_360' title='bbox 2654 3579 2944 3618; x_wconf 88' lang='lat' dir='ltr'>consensu</span> <span class='ocrx_word' id='word_1_361' title='bbox 2975 3559 3214 3634; x_wconf 87' lang='lat' dir='ltr'>capituli</span> <span class='ocrx_word' id='word_1_362' title='bbox 3245 3560 3464 3617; x_wconf 81' lang='lat' dir='ltr'>factum</span> <span class='ocrx_word' id='word_1_363' title='bbox 3496 3559 3696 3626; x_wconf 81' lang='lat' dir='ltr'>fuerit,</span> <span class='ocrx_word' id='word_1_364' title='bbox 3715 3574 3816 3613; x_wconf 93' lang='lat' dir='ltr'>non</span> 
     </span>
    </p>
   </div>
   <div class='ocr_carea' id='block_1_55' title="bbox 2197 3644 3827 3723">
    <p class='ocr_par' dir='ltr' id='par_1_55' title="bbox 2197 3644 3827 3723">
     <span class='ocr_line' id='line_1_55' title="bbox 2197 3644 3827 3723; baseline -0.006 -14"><span class='ocrx_word' id='word_1_365' title='bbox 2197 3654 2411 3708; x_wconf 87' lang='lat' dir='ltr'>habeat</span> <span class='ocrx_word' id='word_1_366' title='bbox 2439 3651 2698 3723; x_wconf 86' lang='lat' dir='ltr'>aliquam</span> <span class='ocrx_word' id='word_1_367' title='bbox 2731 3650 3098 3718; x_wconf 86' lang='lat' dir='ltr'>ﬁrmitatem;</span> <span class='ocrx_word' id='word_1_368' title='bbox 3123 3666 3399 3722; x_wconf 86' lang='lat' dir='ltr'>rogamus</span> <span class='ocrx_word' id='word_1_369' title='bbox 3427 3649 3612 3721; x_wconf 82' lang='lat' dir='ltr'>igitur</span> <span class='ocrx_word' id='word_1_370' title='bbox 3634 3653 3696 3704; x_wconf 91' lang='lat' dir='ltr'>ut</span> <span class='ocrx_word' id='word_1_371' title='bbox 3720 3644 3827 3720; x_wconf 86' lang='lat' dir='ltr'>qui-</span> 
     </span>
    </p>
   </div>
   <div class='ocr_carea' id='block_1_56' title="bbox 2198 3735 3822 3812">
    <p class='ocr_par' dir='ltr' id='par_1_56' title="bbox 2198 3735 3822 3812">
     <span class='ocr_line' id='line_1_56' title="bbox 2198 3735 3822 3812; baseline -0.004 -17"><span class='ocrx_word' id='word_1_372' title='bbox 2198 3742 2339 3797; x_wconf 88' lang='lat' dir='ltr'>libet</span> <span class='ocrx_word' id='word_1_373' title='bbox 2366 3745 2623 3796; x_wconf 87' lang='lat' dir='ltr'>vestrum</span> <span class='ocrx_word' id='word_1_374' title='bbox 2658 3757 2834 3812; x_wconf 89' lang='lat' dir='ltr'>super</span> <span class='ocrx_word' id='word_1_375' title='bbox 2861 3739 3083 3794; x_wconf 86' lang='lat' dir='ltr'>talibus</span> <span class='ocrx_word' id='word_1_376' title='bbox 3115 3755 3228 3793; x_wconf 91' lang='lat' dir='ltr'>non</span> <span class='ocrx_word' id='word_1_377' title='bbox 3261 3737 3480 3809; x_wconf 89' lang='lat' dir='ltr'>scripta</span> <span class='ocrx_word' id='word_1_378' title='bbox 3510 3754 3626 3793; x_wconf 79' lang='lat' dir='ltr'>sua</span> <span class='ocrx_word' id='word_1_379' title='bbox 3653 3735 3822 3793; x_wconf 83' lang='lat' dir='ltr'>confe-</span> 
     </span>
    </p>
   </div>
   <div class='ocr_carea' id='block_1_57' title="bbox 2199 3823 3820 3899">
    <p class='ocr_par' dir='ltr' id='par_1_57' title="bbox 2199 3823 3820 3899">
     <span class='ocr_line' id='line_1_57' title="bbox 2199 3823 3820 3899; baseline -0.004 -15"><span class='ocrx_word' id='word_1_380' title='bbox 2199 3835 2288 3886; x_wconf 89' lang='lat' dir='ltr'>rat</span> <span class='ocrx_word' id='word_1_381' title='bbox 2317 3848 2421 3884; x_wconf 87' lang='lat' dir='ltr'>nee</span> <span class='ocrx_word' id='word_1_382' title='bbox 2453 3829 2694 3884; x_wconf 91' lang='lat' dir='ltr'>bullam.</span> <span class='ocrx_word' id='word_1_383' title='bbox 2729 3828 3009 3883; x_wconf 88' lang='lat' dir='ltr'>Dedimus</span> <span class='ocrx_word' id='word_1_384' title='bbox 3041 3833 3238 3882; x_wconf 89' lang='lat' dir='ltr'>autem</span> <span class='ocrx_word' id='word_1_385' title='bbox 3263 3825 3312 3881; x_wconf 92' lang='lat' dir='ltr'>ei</span> <span class='ocrx_word' id='word_1_386' title='bbox 3353 3830 3705 3899; x_wconf 89' lang='lat' dir='ltr'>potestatem</span> <span class='ocrx_word' id='word_1_387' title='bbox 3753 3823 3820 3879; x_wconf 78' lang='lat' dir='ltr'>fa-</span> 
     </span>
    </p>
   </div>
   <div class='ocr_carea' id='block_1_58' title="bbox 2201 3911 3827 3990">
    <p class='ocr_par' dir='ltr' id='par_1_58' title="bbox 2201 3911 3827 3990">
     <span class='ocr_line' id='line_1_58' title="bbox 2201 3911 3827 3990; baseline -0.006 -16"><span class='ocrx_word' id='word_1_388' title='bbox 2201 3919 2391 3975; x_wconf 89' lang='lat' dir='ltr'>ciendi</span> <span class='ocrx_word' id='word_1_389' title='bbox 2424 3919 2629 3974; x_wconf 79' lang='lat' dir='ltr'>fratres</span> <span class='ocrx_word' id='word_1_390' title='bbox 2660 3923 2717 3972; x_wconf 88' lang='lat' dir='ltr'>et</span> <span class='ocrx_word' id='word_1_391' title='bbox 2747 3933 2994 3984; x_wconf 88' lang='lat' dir='ltr'>sorores,</span> <span class='ocrx_word' id='word_1_392' title='bbox 3029 3933 3176 3990; x_wconf 91' lang='lat' dir='ltr'>quos</span> <span class='ocrx_word' id='word_1_393' title='bbox 3201 3913 3378 3972; x_wconf 87' lang='lat' dir='ltr'>utiles</span> <span class='ocrx_word' id='word_1_394' title='bbox 3408 3919 3465 3970; x_wconf 90' lang='lat' dir='ltr'>et</span> <span class='ocrx_word' id='word_1_395' title='bbox 3485 3913 3729 3972; x_wconf 85' lang='lat' dir='ltr'>ecclesie</span> <span class='ocrx_word' id='word_1_396' title='bbox 3755 3911 3827 3965; x_wconf 85' lang='lat' dir='ltr'>vi-</span> 
     </span>
    </p>
   </div>
   <div class='ocr_carea' id='block_1_59' title="bbox 2201 3999 3830 4079">
    <p class='ocr_par' dir='ltr' id='par_1_59' title="bbox 2201 3999 3830 4079">
     <span class='ocr_line' id='line_1_59' title="bbox 2201 3999 3830 4079; baseline -0.005 -16"><span class='ocrx_word' id='word_1_397' title='bbox 2201 4008 2354 4063; x_wconf 88' lang='lat' dir='ltr'>derit</span> <span class='ocrx_word' id='word_1_398' title='bbox 2381 4007 2668 4079; x_wconf 88' lang='lat' dir='ltr'>expedire.</span> <span class='ocrx_word' id='word_1_399' title='bbox 2694 4007 2898 4061; x_wconf 76' lang='lat' dir='ltr'>Vestra</span> <span class='ocrx_word' id='word_1_400' title='bbox 2927 4004 3179 4076; x_wconf 87' lang='lat' dir='ltr'>denique</span> <span class='ocrx_word' id='word_1_401' title='bbox 3209 4001 3619 4076; x_wconf 82' lang='lat' dir='ltr'>supplicamus</span> <span class='ocrx_word' id='word_1_402' title='bbox 3649 3999 3830 4075; x_wconf 80' lang='lat' dir='ltr'>pietati</span> 
     </span>
    </p>
   </div>
   <div class='ocr_carea' id='block_1_60' title="bbox 2203 4089 3828 4168">
    <p class='ocr_par' dir='ltr' id='par_1_60' title="bbox 2203 4089 3828 4168">
     <span class='ocr_line' id='line_1_60' title="bbox 2203 4089 3828 4168; baseline -0.006 -16"><span class='ocrx_word' id='word_1_403' title='bbox 2203 4101 2494 4168; x_wconf 88' lang='lat' dir='ltr'>quatenus</span> <span class='ocrx_word' id='word_1_404' title='bbox 2524 4111 2722 4150; x_wconf 87' lang='lat' dir='ltr'>amore</span> <span class='ocrx_word' id='word_1_405' title='bbox 2751 4093 3020 4149; x_wconf 82' lang='lat' dir='ltr'>Cruciﬁxi</span> <span class='ocrx_word' id='word_1_406' title='bbox 3051 4092 3311 4166; x_wconf 73' lang='lat' dir='ltr'>predicto</span> <span class='ocrx_word' id='word_1_407' title='bbox 3341 4092 3410 4147; x_wconf 84' lang='lat' dir='ltr'>N.</span> <span class='ocrx_word' id='word_1_408' title='bbox 3445 4090 3631 4164; x_wconf 83' lang='lat' dir='ltr'>priori</span> <span class='ocrx_word' id='word_1_409' title='bbox 3659 4089 3828 4148; x_wconf 62' lang='lat' dir='ltr'>censio</span> 
     </span>
    </p>
   </div>
   <div class='ocr_carea' id='block_1_61' title="bbox 2203 4178 3830 4254">
    <p class='ocr_par' dir='ltr' id='par_1_61' title="bbox 2203 4178 3830 4254">
     <span class='ocr_line' id='line_1_61' title="bbox 2203 4178 3830 4254; baseline -0.004 -14"><span class='ocrx_word' id='word_1_410' title='bbox 2203 4184 2346 4240; x_wconf 90' lang='lat' dir='ltr'>lium</span> <span class='ocrx_word' id='word_1_411' title='bbox 2377 4188 2635 4240; x_wconf 86' lang='lat' dir='ltr'>vestrum</span> <span class='ocrx_word' id='word_1_412' title='bbox 2668 4187 2725 4238; x_wconf 91' lang='lat' dir='ltr'>et</span> <span class='ocrx_word' id='word_1_413' title='bbox 2754 4182 3060 4249; x_wconf 83' lang='lat' dir='ltr'>auxilium,</span> <span class='ocrx_word' id='word_1_414' title='bbox 3094 4181 3152 4236; x_wconf 91' lang='lat' dir='ltr'>in</span> <span class='ocrx_word' id='word_1_415' title='bbox 3203 4180 3420 4254; x_wconf 87' lang='lat' dir='ltr'>quibus</span> <span class='ocrx_word' id='word_1_416' title='bbox 3470 4195 3711 4236; x_wconf 87' lang='lat' dir='ltr'>necesse</span> <span class='ocrx_word' id='word_1_417' title='bbox 3738 4178 3830 4234; x_wconf 76' lang='lat' dir='ltr'>ha-</span> 
     </span>
    </p>
   </div>
   <div class='ocr_carea' id='block_1_62' title="bbox 2204 4265 3830 4344">
    <p class='ocr_par' dir='ltr' id='par_1_62' title="bbox 2204 4265 3830 4344">
     <span class='ocr_line' id='line_1_62' title="bbox 2204 4265 3830 4344; baseline -0.006 -15"><span class='ocrx_word' id='word_1_418' title='bbox 2204 4273 2414 4342; x_wconf 89' lang='lat' dir='ltr'>buerit,</span> <span class='ocrx_word' id='word_1_419' title='bbox 2447 4272 2759 4344; x_wconf 89' lang='lat' dir='ltr'>inpendere</span> <span class='ocrx_word' id='word_1_420' title='bbox 2787 4269 3378 4338; x_wconf 86' lang='lat' dir='ltr'>velitis,attendentes</span> <span class='ocrx_word' id='word_1_421' title='bbox 3400 4267 3559 4341; x_wconf 88' lang='lat' dir='ltr'>quod</span> <span class='ocrx_word' id='word_1_422' title='bbox 3592 4285 3699 4324; x_wconf 84' lang='lat' dir='ltr'>nos</span> <span class='ocrx_word' id='word_1_423' title='bbox 3721 4265 3830 4339; x_wconf 90' lang='lat' dir='ltr'>qui-</span> 
     </span>
    </p>
   </div>
   <div class='ocr_carea' id='block_1_63' title="bbox 2203 4356 3831 4434">
    <p class='ocr_par' dir='ltr' id='par_1_63' title="bbox 2203 4356 3831 4434">
     <span class='ocr_line' id='line_1_63' title="bbox 2203 4356 3831 4434; baseline -0.005 -16"><span class='ocrx_word' id='word_1_424' title='bbox 2203 4363 2334 4418; x_wconf 84' lang='lat' dir='ltr'>dem</span> <span class='ocrx_word' id='word_1_425' title='bbox 2368 4379 2472 4434; x_wconf 89' lang='lat' dir='ltr'>pro</span> <span class='ocrx_word' id='word_1_426' title='bbox 2502 4359 2777 4416; x_wconf 87' lang='lat' dir='ltr'>omnibus</span> <span class='ocrx_word' id='word_1_427' title='bbox 2809 4359 3100 4414; x_wconf 87' lang='lat' dir='ltr'>ﬁdelibus.</span> <span class='ocrx_word' id='word_1_428' title='bbox 3135 4356 3464 4430; x_wconf 86' lang='lat' dir='ltr'>specialiter</span> <span class='ocrx_word' id='word_1_429' title='bbox 3494 4361 3694 4413; x_wconf 85' lang='lat' dir='ltr'>autem</span> <span class='ocrx_word' id='word_1_430' title='bbox 3745 4369 3831 4426; x_wconf 84' lang='lat' dir='ltr'>pro</span> 
     </span>
    </p>
   </div>
   <div class='ocr_carea' id='block_1_64' title="bbox 2205 4445 3828 4521">
    <p class='ocr_par' dir='ltr' id='par_1_64' title="bbox 2205 4445 3828 4521">
     <span class='ocr_line' id='line_1_64' title="bbox 2205 4445 3828 4521; baseline -0.007 -15"><span class='ocrx_word' id='word_1_431' title='bbox 2205 4451 2422 4507; x_wconf 86' lang='lat' dir='ltr'>nostris</span> <span class='ocrx_word' id='word_1_432' title='bbox 2453 4449 2940 4516; x_wconf 83' lang='lat' dir='ltr'>benefactoribu-s,</span> <span class='ocrx_word' id='word_1_433' title='bbox 2965 4448 3182 4521; x_wconf 72' lang='lat' dir='ltr'>iugiter</span> <span class='ocrx_word' id='word_1_434' title='bbox 3201 4446 3448 4502; x_wconf 88' lang='lat' dir='ltr'>Domino</span> <span class='ocrx_word' id='word_1_435' title='bbox 3463 4445 3828 4519; x_wconf 75' lang='lat' dir='ltr'>suplioamus.</span> 
     </span>
    </p>
   </div>
   <div class='ocr_carea' id='block_1_65' title="bbox 2951 4555 3072 4612">
    <p class='ocr_par' dir='ltr' id='par_1_65' title="bbox 2951 4555 3072 4612">
     <span class='ocr_line' id='line_1_65' title="bbox 2951 4555 3072 4612; baseline -0.025 0"><span class='ocrx_word' id='word_1_436' title='bbox 2951 4555 3072 4612; x_wconf 78' lang='grc'>111⁵.</span> 
     </span>
    </p>
   </div>
   <div class='ocr_carea' id='block_1_66' title="bbox 2206 4655 3830 4702">
    <p class='ocr_par' dir='ltr' id='par_1_66' title="bbox 2206 4655 3830 4702">
     <span class='ocr_line' id='line_1_66' title="bbox 2206 4655 3830 4702; baseline -0.004 0"><span class='ocrx_word' id='word_1_437' title='bbox 2206 4663 2436 4702; x_wconf 73' lang='grc' dir='ltr'>ιῙἸἿῈΒΕ</span> <span class='ocrx_word' id='word_1_438' title='bbox 2479 4662 2762 4701; x_wconf 79' lang='lat' dir='ltr'>WILLELMI</span> <span class='ocrx_word' id='word_1_439' title='bbox 2815 4660 3043 4701; x_wconf 80' lang='lat' dir='ltr'>PBIORIS</span> <span class='ocrx_word' id='word_1_440' title='bbox 3080 4661 3147 4699; x_wconf 72' lang='lat' dir='ltr'>ET</span> <span class='ocrx_word' id='word_1_441' title='bbox 3184 4657 3445 4698; x_wconf 74' lang='lat' dir='ltr'>GAPITULI</span> <span class='ocrx_word' id='word_1_442' title='bbox 3501 4658 3703 4698; x_wconf 74' lang='lat' dir='ltr'>SANCTI</span> <span class='ocrx_word' id='word_1_443' title='bbox 3751 4655 3830 4694; x_wconf 73' lang='lat' dir='ltr'>SE‘</span> 
     </span>
    </p>
   </div>
   <div class='ocr_carea' id='block_1_67' title="bbox 2916 4731 3135 4772">
    <p class='ocr_par' dir='ltr' id='par_1_67' title="bbox 2916 4731 3135 4772">
     <span class='ocr_line' id='line_1_67' title="bbox 2916 4731 3135 4772; baseline -0.005 0"><span class='ocrx_word' id='word_1_444' title='bbox 2916 4731 3113 4772; x_wconf 77' lang='lat' dir='ltr'>PULCRI</span> <span class='ocrx_word' id='word_1_445' title='bbox 3121 4757 3135 4771; x_wconf 86' lang='lat'>.</span> 
     </span>
    </p>
   </div>
   <div class='ocr_carea' id='block_1_68' title="bbox 2275 4793 3836 4873">
    <p class='ocr_par' dir='ltr' id='par_1_68' title="bbox 2275 4793 3836 4873">
     <span class='ocr_line' id='line_1_68' title="bbox 2275 4793 3836 4873; baseline -0.007 -11"><span class='ocrx_word' id='word_1_446' title='bbox 2275 4806 2630 4872; x_wconf 89' lang='lat' dir='ltr'>Willelmus,</span> <span class='ocrx_word' id='word_1_447' title='bbox 2677 4804 2779 4862; x_wconf 90' lang='lat' dir='ltr'>Dei</span> <span class='ocrx_word' id='word_1_448' title='bbox 2829 4803 3206 4861; x_wconf 89' lang='lat' dir='ltr'>miseratione</span> <span class='ocrx_word' id='word_1_449' title='bbox 3253 4801 3546 4860; x_wconf 87' lang='lat' dir='ltr'>Dominici</span> <span class='ocrx_word' id='word_1_450' title='bbox 3595 4793 3836 4873; x_wconf 85' lang='lat' dir='ltr'>Sepulcri</span> 
     </span>
    </p>
   </div>
   <div class='ocr_carea' id='block_1_69' title="bbox 2207 4885 3834 4968">
    <p class='ocr_par' dir='ltr' id='par_1_69' title="bbox 2207 4885 3834 4968">
     <span class='ocr_line' id='line_1_69' title="bbox 2207 4885 3834 4968; baseline -0.006 -17"><span class='ocrx_word' id='word_1_451' title='bbox 2207 4897 2364 4968; x_wconf 90' lang='lat' dir='ltr'>prior</span> <span class='ocrx_word' id='word_1_452' title='bbox 2391 4895 2806 4962; x_wconf 89' lang='lat' dir='ltr'>humilis,cum</span> <span class='ocrx_word' id='word_1_453' title='bbox 2837 4895 3040 4949; x_wconf 89' lang='lat' dir='ltr'>eodem</span> <span class='ocrx_word' id='word_1_454' title='bbox 3073 4890 3332 4965; x_wconf 89' lang='lat' dir='ltr'>capitulo</span> <span class='ocrx_word' id='word_1_455' title='bbox 3361 4889 3652 4948; x_wconf 82' lang='lat' dir='ltr'>universis</span> <span class='ocrx_word' id='word_1_456' title='bbox 3669 4885 3834 4943; x_wconf 77' lang='lat' dir='ltr'>fratri-</span> 
     </span>
    </p>
   </div>
   <div class='ocr_carea' id='block_1_70' title="bbox 2205 4975 3836 5054">
    <p class='ocr_par' dir='ltr' id='par_1_70' title="bbox 2205 4975 3836 5054">
     <span class='ocr_line' id='line_1_70' title="bbox 2205 4975 3836 5054; baseline -0.007 -12"><span class='ocrx_word' id='word_1_457' title='bbox 2205 4985 2316 5042; x_wconf 90' lang='lat' dir='ltr'>bus</span> <span class='ocrx_word' id='word_1_458' title='bbox 2346 4984 2404 5039; x_wconf 90' lang='lat' dir='ltr'>in</span> <span class='ocrx_word' id='word_1_459' title='bbox 2423 4982 2776 5040; x_wconf 89' lang='lat' dir='ltr'>obedieneiis</span> <span class='ocrx_word' id='word_1_460' title='bbox 2799 4979 3088 5038; x_wconf 89' lang='lat' dir='ltr'>Dominici</span> <span class='ocrx_word' id='word_1_461' title='bbox 3112 4979 3378 5054; x_wconf 86' lang='lat' dir='ltr'>Sepulcri</span> <span class='ocrx_word' id='word_1_462' title='bbox 3399 4980 3458 5036; x_wconf 92' lang='lat' dir='ltr'>in</span> <span class='ocrx_word' id='word_1_463' title='bbox 3488 4979 3558 5036; x_wconf 87' lang='lat' dir='ltr'>N.</span> <span class='ocrx_word' id='word_1_464' title='bbox 3575 4975 3836 5034; x_wconf 82' lang='lat' dir='ltr'>constitu-</span> 
     </span>
    </p>
   </div>
   <div class='ocr_carea' id='block_1_71' title="bbox 2206 5067 3834 5140">
    <p class='ocr_par' dir='ltr' id='par_1_71' title="bbox 2206 5067 3834 5140">
     <span class='ocr_line' id='line_1_71' title="bbox 2206 5067 3834 5140; baseline -0.009 -10"><span class='ocrx_word' id='word_1_465' title='bbox 2206 5075 2280 5130; x_wconf 91' lang='lat' dir='ltr'>tis</span> <span class='ocrx_word' id='word_1_466' title='bbox 2312 5073 2627 5129; x_wconf 82' lang='lat' dir='ltr'>fraternam</span> <span class='ocrx_word' id='word_1_467' title='bbox 2657 5072 2717 5127; x_wconf 91' lang='lat' dir='ltr'>in</span> <span class='ocrx_word' id='word_1_468' title='bbox 2749 5071 2995 5127; x_wconf 88' lang='lat' dir='ltr'>Domino</span> <span class='ocrx_word' id='word_1_469' title='bbox 3019 5067 3834 5140; x_wconf 82' lang='lat' dir='ltr'>dilectionem.Cognoscentes</span> 
     </span>
    </p>
   </div>
   <div class='ocr_carea' id='block_1_72' title="bbox 2206 5150 3835 5230">
    <p class='ocr_par' dir='ltr' id='par_1_72' title="bbox 2206 5150 3835 5230">
     <span class='ocr_line' id='line_1_72' title="bbox 2206 5150 3835 5230; baseline -0.008 -12"><span class='ocrx_word' id='word_1_470' title='bbox 2206 5161 2546 5218; x_wconf 87' lang='lat' dir='ltr'>ﬁdelitatem</span> <span class='ocrx_word' id='word_1_471' title='bbox 2578 5166 2634 5216; x_wconf 89' lang='lat' dir='ltr'>et</span> <span class='ocrx_word' id='word_1_472' title='bbox 2660 5159 3071 5216; x_wconf 81' lang='lat' dir='ltr'>discretionem</span> <span class='ocrx_word' id='word_1_473' title='bbox 3117 5157 3321 5214; x_wconf 86' lang='lat' dir='ltr'>latoris</span> <span class='ocrx_word' id='word_1_474' title='bbox 3360 5155 3728 5230; x_wconf 82' lang='lat' dir='ltr'>presencium</span> <span class='ocrx_word' id='word_1_475' title='bbox 3755 5150 3835 5206; x_wconf 53' lang='lat' dir='ltr'>dia-</span> 
     </span>
    </p>
   </div>
   <div class='ocr_carea' id='block_1_73' title="bbox 455 5229 3832 5326">
    <p class='ocr_par' dir='ltr' id='par_1_73' title="bbox 455 5229 3832 5326">
     <span class='ocr_line' id='line_1_73' title="bbox 455 5229 3832 5326; baseline -0.004 -17"><span class='ocrx_word' id='word_1_476' title='bbox 455 5270 609 5320; x_wconf 91' lang='lat' dir='ltr'>mus,</span> <span class='ocrx_word' id='word_1_477' title='bbox 643 5250 744 5306; x_wconf 89' lang='lat' dir='ltr'>Dei</span> <span class='ocrx_word' id='word_1_478' title='bbox 793 5248 1166 5305; x_wconf 87' lang='lat' dir='ltr'>miseratione</span> <span class='ocrx_word' id='word_1_479' title='bbox 1222 5249 1464 5306; x_wconf 90' lang='lat' dir='ltr'>ecclesie</span> <span class='ocrx_word' id='word_1_480' title='bbox 1534 5250 1819 5306; x_wconf 90' lang='lat' dir='ltr'>Dominici</span> <span class='ocrx_word' id='word_1_481' title='bbox 1887 5253 2090 5326; x_wconf 84' lang='lat' dir='ltr'>Sepul-</span> <span class='ocrx_word' id='word_1_482' title='bbox 2123 5229 2165 5294; x_wconf 78' lang='lat' dir='ltr'>C</span> <span class='ocrx_word' id='word_1_483' title='bbox 2203 5252 2334 5308; x_wconf 89' lang='lat' dir='ltr'>lecti</span> <span class='ocrx_word' id='word_1_484' title='bbox 2367 5249 2630 5307; x_wconf 87' lang='lat' dir='ltr'>canonici</span> <span class='ocrx_word' id='word_1_485' title='bbox 2662 5250 2845 5304; x_wconf 90' lang='lat' dir='ltr'>nostri</span> <span class='ocrx_word' id='word_1_486' title='bbox 2877 5249 2970 5316; x_wconf 93' lang='lat' dir='ltr'>N.,</span> <span class='ocrx_word' id='word_1_487' title='bbox 3003 5248 3200 5320; x_wconf 88' lang='lat' dir='ltr'>ipsum</span> <span class='ocrx_word' id='word_1_488' title='bbox 3233 5229 3552 5304; x_wconf 85' lang='lat' dir='ltr'>statuimus</span> <span class='ocrx_word' id='word_1_489' title='bbox 3602 5243 3832 5318; x_wconf 77' lang='lat' dir='ltr'>priorem</span> 
     </span>
    </p>
   </div>
   <div class='ocr_carea' id='block_1_74' title="bbox 452 5336 2092 5414">
    <p class='ocr_par' dir='ltr' id='par_1_74' title="bbox 452 5336 2092 5414">
     <span class='ocr_line' id='line_1_74' title="bbox 452 5336 2092 5414; baseline 0.001 -18"><span class='ocrx_word' id='word_1_490' title='bbox 452 5342 535 5396; x_wconf 91' lang='lat' dir='ltr'>cri</span> <span class='ocrx_word' id='word_1_491' title='bbox 589 5339 753 5413; x_wconf 92' lang='lat' dir='ltr'>paior</span> <span class='ocrx_word' id='word_1_492' title='bbox 781 5336 1044 5403; x_wconf 91' lang='lat' dir='ltr'>humilis,</span> <span class='ocrx_word' id='word_1_493' title='bbox 1077 5353 1210 5392; x_wconf 89' lang='lat' dir='ltr'>cum</span> <span class='ocrx_word' id='word_1_494' title='bbox 1244 5339 1510 5409; x_wconf 89' lang='lat' dir='ltr'>ejusdem</span> <span class='ocrx_word' id='word_1_495' title='bbox 1550 5339 1792 5396; x_wconf 89' lang='lat' dir='ltr'>ecclesie</span> <span class='ocrx_word' id='word_1_496' title='bbox 1839 5343 2092 5414; x_wconf 90' lang='lat' dir='ltr'>capitulo</span> 
     </span>
    </p>
   </div>
   <div class='ocr_carea' id='block_1_75' title="bbox 2205 5330 3834 5410">
    <p class='ocr_par' dir='ltr' id='par_1_75' title="bbox 2205 5330 3834 5410">
     <span class='ocr_line' id='line_1_75' title="bbox 2205 5330 3834 5410; baseline -0.008 -13"><span class='ocrx_word' id='word_1_497' title='bbox 2205 5343 2531 5406; x_wconf 89' lang='lat' dir='ltr'>domorum,</span> <span class='ocrx_word' id='word_1_498' title='bbox 2567 5336 3005 5410; x_wconf 87' lang='lat' dir='ltr'>possessionum</span> <span class='ocrx_word' id='word_1_499' title='bbox 3037 5341 3092 5392; x_wconf 91' lang='lat' dir='ltr'>et</span> <span class='ocrx_word' id='word_1_500' title='bbox 3120 5335 3408 5402; x_wconf 89' lang='lat' dir='ltr'>omnium,</span> <span class='ocrx_word' id='word_1_501' title='bbox 3440 5349 3553 5406; x_wconf 89' lang='lat' dir='ltr'>que</span> <span class='ocrx_word' id='word_1_502' title='bbox 3586 5334 3645 5388; x_wconf 89' lang='lat' dir='ltr'>in</span> <span class='ocrx_word' id='word_1_503' title='bbox 3675 5330 3738 5387; x_wconf 84' lang='lat' dir='ltr'>N.</span> <span class='ocrx_word' id='word_1_504' title='bbox 3769 5333 3834 5382; x_wconf 82' lang='lat' dir='ltr'>te-</span> 
     </span>
    </p>
   </div>
   <div class='ocr_carea' id='block_1_76' title="bbox 524 5501 3830 5579">
    <p class='ocr_par' dir='ltr' id='par_1_76' title="bbox 524 5501 3830 5579">
     <span class='ocr_line' id='line_1_76' title="bbox 524 5501 3830 5579; baseline -0.004 -15"><span class='ocrx_word' id='word_1_505' title='bbox 524 5510 540 5544; x_wconf 86' lang='grc'>¹</span> <span class='ocrx_word' id='word_1_506' title='bbox 573 5508 731 5564; x_wconf 89' lang='lat' dir='ltr'>Cette</span> <span class='ocrx_word' id='word_1_507' title='bbox 759 5505 1459 5579; x_wconf 49' lang='lat' dir='ltr'>charte&#39;:se;trouve;dans</span> <span class='ocrx_word' id='word_1_508' title='bbox 1490 5506 1542 5562; x_wconf 89' lang='lat' dir='ltr'>le</span> <span class='ocrx_word' id='word_1_509' title='bbox 1572 5511 1894 5567; x_wconf 86' lang='lat' dir='ltr'>manuscrit</span> <span class='ocrx_word' id='word_1_510' title='bbox 1920 5513 1985 5579; x_wconf 87' lang='lat' dir='ltr'>A,</span> <span class='ocrx_word' id='word_1_511' title='bbox 2019 5529 2094 5566; x_wconf 91' lang='lat' dir='ltr'>au</span> <span class='ocrx_word' id='word_1_512' title='bbox 2123 5528 2288 5566; x_wconf 91' lang='lat' dir='ltr'>verso</span> <span class='ocrx_word' id='word_1_513' title='bbox 2311 5510 2389 5565; x_wconf 93' lang='lat' dir='ltr'>du</span> <span class='ocrx_word' id='word_1_514' title='bbox 2423 5506 2642 5563; x_wconf 83' lang='lat' dir='ltr'>feuillet</span> <span class='ocrx_word' id='word_1_515' title='bbox 2675 5507 2746 5579; x_wconf 84' lang='lat' dir='ltr'>de</span> <span class='ocrx_word' id='word_1_516' title='bbox 2775 5506 2954 5579; x_wconf 83' lang='lat' dir='ltr'>garde</span> <span class='ocrx_word' id='word_1_517' title='bbox 2980 5505 3136 5579; x_wconf 86' lang='lat' dir='ltr'>;elle</span> <span class='ocrx_word' id='word_1_518' title='bbox 3165 5521 3424 5579; x_wconf 78' lang='lat' dir='ltr'>manque</span> <span class='ocrx_word' id='word_1_519' title='bbox 3452 5503 3601 5560; x_wconf 75' lang='lat' dir='ltr'>dans</span> <span class='ocrx_word' id='word_1_520' title='bbox 3631 5501 3684 5556; x_wconf 88' lang='lat' dir='ltr'>le</span> <span class='ocrx_word' id='word_1_521' title='bbox 3720 5511 3830 5554; x_wconf 80' lang='lat' dir='ltr'>ma-</span> 
     </span>
    </p>
   </div>
   <div class='ocr_carea' id='block_1_77' title="bbox 449 5576 3544 5654">
    <p class='ocr_par' dir='ltr' id='par_1_77' title="bbox 449 5576 3544 5654">
     <span class='ocr_line' id='line_1_77' title="bbox 449 5576 3544 5654; baseline -0.001 -21"><span class='ocrx_word' id='word_1_522' title='bbox 449 5581 675 5654; x_wconf 71' lang='lat' dir='ltr'>nuscrit</span> <span class='ocrx_word' id='word_1_523' title='bbox 716 5581 778 5636; x_wconf 94' lang='lat' dir='ltr'>B.</span> <span class='ocrx_word' id='word_1_524' title='bbox 821 5576 1128 5650; x_wconf 74' lang='lat' dir='ltr'>’Corrigez</span> <span class='ocrx_word' id='word_1_525' title='bbox 1176 5576 1426 5635; x_wconf 59' lang='lat' dir='ltr'>nuncios.</span> <span class='ocrx_word' id='word_1_526' title='bbox 1455 5579 1550 5645; x_wconf 77' lang='lat' dir='ltr'>3A,</span> <span class='ocrx_word' id='word_1_527' title='bbox 1585 5580 1630 5633; x_wconf 73' lang='lat' dir='ltr'>f0</span> <span class='ocrx_word' id='word_1_528' title='bbox 1673 5582 1722 5647; x_wconf 91' lang='grc'>1,</span> <span class='ocrx_word' id='word_1_529' title='bbox 1776 5589 1864 5650; x_wconf 83' lang='lat' dir='ltr'>r&#39;;</span> <span class='ocrx_word' id='word_1_530' title='bbox 1898 5576 2153 5654; x_wconf 83' lang='lat' dir='ltr'>marique</span> <span class='ocrx_word' id='word_1_531' title='bbox 2211 5582 2358 5638; x_wconf 89' lang='lat' dir='ltr'>dans</span> <span class='ocrx_word' id='word_1_532' title='bbox 2400 5580 2462 5633; x_wconf 91' lang='lat' dir='ltr'>B.</span> <span class='ocrx_word' id='word_1_533' title='bbox 2497 5576 2810 5650; x_wconf 68' lang='lat' dir='ltr'>‘Corrigei</span> <span class='ocrx_word' id='word_1_534' title='bbox 2855 5578 3066 5635; x_wconf 75' lang='lat' dir='ltr'>latoris.</span> <span class='ocrx_word' id='word_1_535' title='bbox 3097 5578 3202 5644; x_wconf 69' lang='lat' dir='ltr'>5A,</span> <span class='ocrx_word' id='word_1_536' title='bbox 3254 5577 3299 5633; x_wconf 69' lang='grc' dir='ltr'><strong>Ρ</strong></span> <span class='ocrx_word' id='word_1_537' title='bbox 3327 5576 3398 5644; x_wconf 66' lang='grc' dir='ltr'>Ἰ,</span> <span class='ocrx_word' id='word_1_538' title='bbox 3451 5582 3544 5642; x_wconf 83' lang='lat' dir='ltr'>r&#39;;</span> 
     </span>
    </p>
   </div>
   <div class='ocr_carea' id='block_1_78' title="bbox 447 5648 689 5708">
    <p class='ocr_par' dir='ltr' id='par_1_78' title="bbox 447 5648 689 5708">
     <span class='ocr_line' id='line_1_78' title="bbox 447 5648 689 5708; baseline 0.025 -6"><span class='ocrx_word' id='word_1_539' title='bbox 447 5648 597 5707; x_wconf 87' lang='lat' dir='ltr'>dans</span> <span class='ocrx_word' id='word_1_540' title='bbox 629 5651 689 5708; x_wconf 88' lang='grc' dir='ltr'><strong>Β.</strong></span> 
     </span>
    </p>
   </div>
   <div class='ocr_carea' id='block_1_79' title="bbox 3593 5580 3828 5640">
    <p class='ocr_par' dir='ltr' id='par_1_79' title="bbox 3593 5580 3828 5640">
     <span class='ocr_line' id='line_1_79' title="bbox 3593 5580 3828 5640; baseline -0.021 -11"><span class='ocrx_word' id='word_1_541' title='bbox 3593 5580 3828 5640; x_wconf 78' lang='lat' dir='ltr'>manqne</span> 
     </span>
    </p>
   </div>
  </div>
