3994 6070
1086 414 1203 470 ΧΧ.

327 518 571 558 EIUSDEM
610 518 680 557 DE
719 513 1178 561 CONFIRMATIONE
1228 521 1656 561 POSSESSIONUM
1714 520 1970 561 ECCLESIE

882 593 1081 632 SANCTI
1120 593 1149 631 S
1159 593 1417 632 EPULCRI.

880 664 1040 733 (Vide
1079 665 1181 721 ubi
1207 665 1421 737 supra,)

1086 762 1225 817 XXI.

719 867 1092 906 PRIVILEGIUM
1134 868 1281 907 LUCII
1340 868 1479 908 PAPE
1516 869 1577 907 II.

683 938 834 1005 (Vide
863 940 923 993 in
944 940 1106 995 Lucio
1136 941 1187 995 ιι
1209 941 1279 995 ad
1305 958 1398 996 an.
1434 927 1613 1013 1145.)

1067 1039 1231 1094 ΧΧΙΙ.

435 1138 809 1181 PBIVILEGIUM
850 1144 981 1183 PAPE
1021 1145 1162 1185 LUCII
1202 1147 1243 1184 II
1282 1146 1353 1185 DE
1389 1146 1862 1186 CONFIBMATIONE.

967 1218 1118 1287 (Vide
1174 1219 1335 1287 ibid.)

1080 1315 1227 1373 XIII.

364 1419 737 1460 PRIVILCGIL’M
780 1423 1015 1462 LUUBNII
1055 1424 1114 1462 III
1168 1424 1306 1464 ΡΔΡΕ
1346 1424 1416 1463 ΒΕ
1452 1424 1932 1465 CONFIRMATIONE.

418 1490 432 1503 ‘
612 1496 762 1567 (Vide
803 1498 862 1551 in
893 1498 1136 1567 Eugenio
1173 1497 1254 1553 ιη
1279 1496 1348 1552 ad
1378 1514 1470 1552 an.
1506 1498 1686 1569 1153.)

1054 1594 1244 1650 XXIV.

327 1699 397 1739 DE
435 1699 897 1740 CONFIRMATIONE
952 1701 1318 1740 OBLATIONUM
1373 1703 1544 1742 ALIUD
1592 1702 1968 1742 PRIVILEGIUM

877 1773 1106 1812 EUGBNII
1146 1775 1208 1812 III
1252 1774 1413 1812 ΡΑΡΕ.

888 1845 1036 1917 (Vide
1065 1847 1165 1902 ubi
1199 1850 1414 1918 supra.)

1037 1935 1175 1991 XXV
1198 1938 1259 1992 ιδ.

612 2040 984 2081 PRIVILEGIUM
1035 2042 1278 2082 ARNULFI
1317 2043 1685 2083 PATRIARCHE.

402 2115 797 2169 Transmutatio
825 2117 1214 2171 canonicorum
1240 2117 1574 2172 secularium
1585 2119 1646 2172 in
1672 2124 1970 2188 regulares.

329 2218 520 2273 quam-
549 2203 689 2271 gecit
743 2203 1019 2275 Amulfus
1069 2205 1407 2276 patriarcha,
1475 2208 1796 2262 assentiente
1848 2222 1975 2275 rege

331 2290 606 2347 Balduino
629 2292 831 2363 primo,
863 2301 916 2348 et
942 2292 1007 2348 de
1036 2294 1122 2349 his
1150 2310 1251 2366 que
1278 2296 1357 2350 eis
1386 2297 1667 2351 constituit
1693 2296 1976 2352 advictum

328 2385 381 2434 et
404 2380 657 2434 vestitum
684 2396 871 2436 eorum
901 2401 919 2436 :
962 2381 1212 2438 videlicet
1254 2383 1594 2439 medietatem
1639 2384 1977 2441 oblationum

330 2466 519 2523 Sancti
572 2467 841 2540 Sepulcri,
895 2485 1079 2526 omnes
1152 2472 1443 2527 oblationes
1498 2481 1682 2528 sancte
1765 2474 1973 2544 Crueis,

282 2611 299 2623 ,
328 2557 443 2611 nisi
472 2558 533 2612 in
558 2573 868 2629 parasceve,
929 2567 980 2615 et
1034 2559 1271 2615 decimas
1300 2577 1483 2617 omnes
1529 2562 1824 2618 Ierusalem
1849 2578 1973 2633 per-

331 2645 581 2712 tinentes,
608 2649 844 2719 exceptis
873 2647 1097 2703 decimis
1136 2649 1324 2719 funde,
1373 2657 1426 2705 et
1469 2650 1751 2706 ecclesiam
1788 2650 1977 2706 Sancti

331 2734 485 2789 Petri
514 2735 574 2789 in
602 2734 762 2806 Ioppe
788 2752 913 2791 cum
940 2738 1095 2792 omni
1121 2738 1323 2793 honore
1350 2754 1449 2793 suo
1496 2747 1551 2794 et
1589 2738 1878 2808 dignitate,
1925 2746 1976 2795 et

329 2823 611 2879 ecclesiam
640 2826 796 2879 Beati
824 2826 1022 2880 Lazari
1048 2842 1173 2881 cum
1223 2827 1474 2883 omnibus
1520 2828 1898 2900 appendiciis;
1927 2835 1978 2883 et

326 2911 423 2966 hec
450 2913 638 2968 omnia
665 2912 898 2969 habeant
929 2914 1099 2971 libere
1125 2922 1177 2971 et
1203 2914 1273 2970 ad
1301 2916 1632 2981 voluntazem
1660 2932 1847 2973 eorum
1884 2932 1975 2973 or-

326 2998 517 3056 dinent
537 3001 598 3056 ¹⁴.

400 3089 464 3144 In
496 3088 734 3146 nomine
763 3095 962 3147 sancte
993 3094 1049 3147 et
1079 3091 1379 3149 individua
1400 3092 1723 3148 Trinitatis.

398 3178 517 3252 Ego
545 3178 844 3248 Arnult‘us,
879 3180 980 3236 Dei
1012 3180 1198 3254 gratia
1214 3182 1545 3253 patriarcha
1563 3180 1975 3238 Ierosolimita-
2006 3157 2049 3223 C

329 3284 443 3323 nus
465 3268 526 3334 ‘5,
560 3284 760 3323 servus
794 3285 1092 3324 servorum
1124 3269 1447 3327 divinitatis
1476 3270 1977 3326 eiusdem“mini-

330 3356 793 3424 mus.Ba1duino,
826 3358 927 3413 Dei
958 3361 1104 3413 nutu
1137 3358 1664 3415 Ierosolimorum”
1695 3359 1829 3415 rehe
1859 3359 1977 3432 glo-

241 3492 253 3513 ,
328 3444 678 3513 riosissimo,
710 3445 1034 3517 imperante
1086 3451 1144 3502 et
1192 3448 1501 3503 nobiscum
1532 3447 1592 3502 in
1632 3448 1791 3504 omni
1822 3449 1974 3503 bono

326 3537 450 3588 tota
478 3532 688 3588 virtute
718 3534 899 3589 animi
933 3535 1350 3602 consentiente,
1385 3537 1614 3593 cunctis
1644 3554 1746 3608 per
1774 3538 1973 3593 orbem

328 3620 630 3677 Christum
660 3620 987 3679 colentibus
1003 3623 1236 3680 notifico
1255 3624 1805 3698 privilegium,quod
1821 3643 1974 3680 anno

328 3708 749 3765 incarnationis
778 3711 1070 3768 dominice
1097 3730 1291 3780 MCXIV,
1327 3714 1513 3769 nostri
1543 3730 1676 3769 vero
1722 3715 1973 3786 patriar-

330 3797 537 3853 chatus
567 3800 818 3873 m,regni
849 3803 1045 3857 autem
1075 3800 1319 3873 predicti
1347 3802 1500 3874 regis
1528 3802 1975 3865 xuv,indictione

329 3903 428 3953 vn,
488 3891 694 3961 epacta
746 3905 847 3955 xu,
906 3890 977 3945 de
1030 3890 1406 3946 renovatione
1470 3890 1711 3947 ecclesia
1776 3893 1974 3948 Sancti

331 3975 593 4048 Sepulcri
624 3976 811 4049 ipsius
843 3977 996 4050 regis
1025 3978 1268 4035 consilio
1281 3979 1449 4035 nobis
1461 3978 1902 4035 estinstitutum
1921 3984 1978 4036 et

331 4065 916 4122 conﬁrmatum.Cum
949 4067 1232 4124 Dominus
1259 4071 1456 4124 noster
1472 4068 1973 4136 IhesusChristus,

330 4153 432 4208 Dei
464 4153 574 4209 vivi
605 4153 782 4221 filius,
816 4155 1123 4212 ecclesiam
1155 4174 1324 4212 suam
1357 4157 1415 4212 in
1447 4161 1673 4213 tantum
1688 4157 1972 4227 dilexerit,

331 4246 395 4297 ut
425 4260 527 4315 pro
552 4260 620 4298 ea
649 4243 820 4300 homo
852 4245 1040 4301 factus
1075 4248 1317 4302 eandem
1350 4247 1783 4319 preciosissimo
1841 4264 1974 4302 san-

331 4331 507 4405 guine
539 4348 644 4388 suo
676 4333 961 4389 redimere
983 4335 1258 4408 dignatus
1290 4335 1384 4390 sit.
1422 4335 1712 4407 passionis
1742 4353 1808 4391 ac
1852 4335 1976 4408 glo-

333 4419 634 4476 riosissine
666 4422 1109 4478 resurrectionis
1153 4440 1257 4478 sue
1304 4424 1497 4480 locum
1546 4424 1603 4478 in
1650 4425 1825 4480 finem
1870 4442 1978 4481 sua

847 278 952 342 AD
997 276 1510 345 GODEFRIDUM
1552 280 1886 343 APPEND.
1931 279 2010 343 II.
2043 313 2118 328 —
2148 279 2462 347 MONUM.
2507 282 2610 346 DE
2653 282 2902 347 BELLO
2948 283 3226 371 SACRO.

3519 277 3731 373 γωδ

1996 416 2054 483 Α
2086 416 2338 474 corditer
2367 417 2693 485 collocaret,
2727 417 2839 475 nisi
2863 417 3040 475 etiam
3061 415 3729 490 nosindignos,paganis

2082 507 2334 574 abolitis,
2366 508 2706 565 hereditatis
2735 526 2838 565 sue
2871 507 3308 565 misericordius
3339 506 3579 564 heredes
3607 508 3731 563 effi-

2081 602 2253 654 ceret.
2287 598 2395 654 Sed
2430 598 2653 671 antiqui
2683 599 2869 654 hostis
2913 598 3364 670 nectriquitia”,
3411 596 3612 653 dolens
3661 613 3730 651 se

2078 704 2218 743 vasa
2248 688 2331 742 ire
2379 687 2721 760 perdidisse,
2777 687 2878 758 qui
2928 686 3073 743 ovile
3120 684 3501 753 dominicum,
3542 688 3607 740 ut
3636 685 3726 740 leo

2081 777 2339 850 rugiens,
2374 775 2631 832 millenis
2661 777 2887 832 artibus
2903 774 3730 847 moliturirrumpere,machi-

2080 866 2206 921 nari
2239 867 2390 939 cepit
2419 866 2671 938 qualiter
2714 883 2854 921 vasa
2901 865 3262 937 disperderet
3307 862 3725 919 misericordia.

2081 955 2270 1010 Novos
2300 955 2516 1028 quippe
2546 956 2765 1011 incolas
2796 954 3071 1016 dominici
3103 953 3313 1009 oblitos
3364 951 3615 1025 precepti
3652 952 3730 1006 de

2081 1044 2176 1099 die
2224 1046 2282 1100 in
2331 1046 2486 1101 diem
2536 1045 2668 1118 plus
2716 1050 2772 1100 et
2800 1044 2934 1117 plus
2964 1043 3260 1116 corrupit;
3311 1043 3434 1114 qui,
3468 1041 3729 1097 minores

2081 1133 2283 1190 nichili
2315 1139 2611 1207 reputans,
2646 1135 2718 1190 ad
2749 1133 2969 1190 clerum
3015 1133 3191 1189 etiam
3236 1131 3619 1188 transcendit.
3669 1134 3730 1185 et

2082 1223 2207 1280 suis
2236 1240 2371 1279 eum
2404 1224 2700 1298 prestigiis
2731 1224 2982 1296 agitans,
3016 1221 3128 1278 sibi
3159 1220 3729 1292 mancipavit;quc-m

2022 1388 2025 1391 Α
2080 1313 2236 1368 enim
2269 1313 2511 1368 decebat
2540 1317 2605 1368 ut
2633 1312 2892 1369 devotior
2919 1313 3033 1369 Deo
3064 1312 3334 1368 existeret
3352 1313 3409 1365 et
3421 1310 3639 1365 bonum
3653 1310 3730 1364 de

2082 1419 2144 1457 se
2207 1401 2538 1474 exemplum
2604 1402 2931 1457 minoribus
2990 1401 3274 1474 preberet,
3320 1397 3465 1471 proh
3520 1396 3725 1454 dolor!

2077 1490 2357 1563 voluptati
2389 1491 2581 1546 carnis
2611 1491 2801 1564 magis
2824 1489 3055 1547 servivit
3073 1492 3137 1557 ²⁰,
3170 1492 3229 1544 et
3254 1487 3533 1544 honorem
3549 1503 3728 1543 suum

2081 1580 2271 1635 modis
2302 1579 2747 1636 incredibilibus
2778 1579 3037 1653 polluere
3059 1594 3174 1634 non
3197 1576 3728 1647 dubitavit.Etpius

2078 1668 2803 1741 Dominus,quisepu1ture
2823 1685 2927 1724 sue
2940 1668 3132 1724 locum
3147 1666 3314 1722 oculo
3328 1665 3729 1723 misericordis

2001 1790 2049 1854 Β
2081 1756 2328 1830 benigne
2360 1758 2619 1830 respicit,
2638 1758 2857 1814 nostris
2884 1757 3249 1830 temporibus
3278 1754 3511 1811 illorum
3525 1754 3730 1826 nequi-

2084 1846 2197 1902 tias
2228 1864 2338 1903 sua
2365 1847 2668 1903 severitate
2696 1846 2960 1902 correxit.
2994 1846 3276 1902 Defuncto
3321 1844 3476 1901 enim
3523 1844 3730 1916 prede-

2084 1953 2312 1993 cessors
2380 1941 2599 2003 nostro,
2660 1937 2875 1992 domno
2932 1934 3204 2002 Gibilino,
3264 1951 3369 2007 ego
3423 1932 3728 1990 Arnult‘us.

2083 2026 2350 2082 omnium
2378 2025 2982 2083 Ierosolimitanorum
3012 2025 3055 2059 ’ί
3104 2022 3479 2080 humillimus
3511 2040 3546 2077 a
3577 2038 3733 2095 rege,

2083 2115 2235 2171 clero
2267 2118 2323 2171 et
2352 2113 2567 2187 populo
2596 2114 2657 2169 in
2689 2118 2982 2188 pastorem
3013 2113 3233 2170 electus
3263 2117 3321 2168 et
3357 2111 3737 2185 patriarchaii

2083 2205 2302 2261 honore
2334 2204 2709 2270 sublimatus,
2739 2203 2933 2263 anime
2967 2220 3094 2259 mee
3124 2202 3451 2276 periculum
3470 2205 3741 2256 metuens

2084 2308 2403 2366 eorumque
2442 2294 2756 2349 animabus
2807 2292 3028 2348 mederi
3079 2292 3342 2364 cupiens.
3394 2289 3742 2346 criminibus

2084 2400 2285 2439 eorum
2319 2382 2521 2439 diutus
2578 2382 2904 2438 csnsentire
2953 2380 3135 2449 nolui,
3189 2397 3336 2454 quos
3382 2377 3740 2435 correctione

2083 2474 2377 2543 paterna,-
2406 2475 2473 2527 ut
2517 2470 2698 2527 vitam
2750 2487 2919 2527 suam
2970 2469 3348 2543 corrigerent,
3384 2467 3738 2523 multociens

2084 2560 2405 2616 ammonui.
2440 2560 2751 2615 Monebam
2785 2559 2942 2616 enim
2974 2564 3041 2615 ut
3069 2558 3462 2615 communiter
3479 2556 3736 2612 viventes

2083 2649 2259 2704 vitam
2292 2648 2672 2721 apostolicam
2716 2652 3119 2722 sequerentur,
3170 2652 3228 2703 et
3271 2648 3419 2719 [pro]
3438 2648 3485 2681 ’³
3531 2644 3737 2716 regula

2083 2737 2235 2794 beati
2266 2738 2576 2811 Augustini
2608 2738 2726 2793 vita
2757 2754 2957 2794 eorum
2988 2737 3266 2792 canonice
3318 2738 3634 2809 regeretur,
3670 2736 3737 2789 ut

2084 2826 2329 2883 Domino
2359 2826 2535 2884 Ihesu
2565 2827 2793 2884 Christo
2822 2843 3024 2883 eorum
3055 2824 3319 2882 devotius
3348 2824 3734 2897 placeretser—

2081 2916 2312 2986 vitium,
2341 2918 2398 2973 et
2427 2933 2534 2973 nos
2565 2933 2700 2972 cum
2730 2916 2816 2972 eis
2847 2916 2907 2971 in
2930 2919 3130 2972 eterna
3143 2912 3733 2988 gloriareciperemus

2085 3006 2399 3078 premium.
2433 3005 2577 3061 Cum
2609 3010 2804 3061 autem
2837 3004 3080 3077 quidam
3114 3019 3337 3069 eorum,
3388 3002 3504 3058 Deo
3547 3000 3735 3073 inspi-

2085 3097 2272 3161 rante,
2304 3094 2607 3150 salutifera
2653 3092 3144 3166 amplecterentur
3192 3091 3434 3158 monita,
3492 3090 3736 3162 quidam

2085 3199 2218 3239 vero
2267 3183 2607 3239 abdicarent
2675 3181 3052 3255 instigatione
3118 3180 3425 3246 diabolica,
3496 3179 3605 3235 hos
3670 3183 3739 3234 ut

2085 3271 2300 3327 Christi
2331 3269 2584 3327 famulos
2613 3270 2672 3325 in
2704 3269 2902 3327 Sancti
2933 3267 3741 3342 Sepulcriecclesiadccenter

2084 3358 2367 3426 ordinavi,
2399 3358 2532 3415 illos
2563 3364 2760 3415 autem
2792 3363 2859 3414 ut
2880 3357 3280 3414 inobedientes
3296 3355 3739 3429 etregularibus

2085 3448 2371 3520 preceptis
2402 3447 2737 3503 obsidentes
2767 3447 2839 3502 ab
2871 3447 3073 3503 eadem
3106 3446 3353 3502 ecclesia
3373 3443 3607 3518 penitus
3635 3442 3741 3499 eli-

2084 3536 2323 3591 minavi.
2356 3535 2721 3591 Presentium
2752 3535 3145 3608 igitursancte
3166 3532 3740 3590 conversationicon-

2084 3624 2284 3680 sulens
2316 3628 2372 3679 et
2402 3624 2735 3679 futurorum
2767 3625 2918 3681 bono
2935 3624 3255 3697 propositio
3272 3622 3738 3695 providenscon—

2084 3711 2215 3768 silio
2246 3712 2399 3785 regis
2425 3711 2606 3769 incliti
2637 3712 2907 3768 Balduini
2931 3716 2989 3769 et
3017 3710 3413 3768 assensucleri
3445 3714 3501 3765 et
3530 3708 3735 3781 populi

2085 3800 2515 3873 patriarchatus
2549 3801 2752 3864 nostri.
2813 3802 2897 3857 eis
2945 3806 3169 3874 partem
3221 3798 3516 3864 constitui,
3565 3801 3624 3853 et
3665 3801 3737 3852 ut

2085 3890 2444 3946 sufﬁcienter
2471 3889 2690 3946 victum
2737 3894 2794 3946 et
2833 3890 3112 3946 vestitum
3164 3889 3418 3945 habeant
3464 3887 3585 3944 zelo
3628 3885 3735 3941 Dei

2085 3978 2369 4034 ordinavi.
2403 3979 2483 4033 De
2513 3977 2740 4033 cunctis
2772 3995 3026 4050 namque
3068 3977 3482 4044 oblationibus,
3514 3991 3626 4048 que
3656 3975 3733 4029 ad

2085 4066 2432 4140 Sepulcrum
2465 4067 2697 4122 Domini
2724 4066 3041 4137 venient,in
3056 4066 3330 4122 omnibus
3356 4064 3736 4120 medietatem

2085 4156 2370 4228 accipient
2395 4174 2408 4224 ;
2444 4156 2514 4211 de
2543 4173 2675 4212 cera
2693 4172 2825 4212 vero
2856 4155 3100 4211 ecclesia
3115 4155 3263 4211 duas
3275 4158 3467 4227 partes
3481 4153 3551 4208 ad
3565 4150 3740 4207 lumi-

2086 4244 2269 4310 naria,
2302 4244 2546 4300 tcrciam
2577 4243 2815 4300 habebit
2845 4243 3206 4316 patriarcha;
3246 4244 3317 4298 de
3367 4245 3546 4297 Cruce
3602 4257 3739 4296 vero

2086 4332 2338 4401 Domini,
2373 4349 2550 4405 quam
2583 4331 2846 4388 canonici
2877 4333 3238 4397 custodiunt,
3285 4330 3445 4387 omni
3474 4334 3740 4402 tempore

2086 4420 2408 4477 oblationes
2455 4421 2776 4487 habebunt,
2822 4421 2933 4476 nisi
2988 4421 3048 4475 in
3099 4420 3227 4476 sola
3274 4421 3368 4475 die
3416 4418 3602 4475 sancti
3633 4434 3738 4490 pa-

334 4508 611 4565 inetl‘abili
644 4510 1045 4567 misericordia
1073 4512 1216 4567 adeo
1248 4512 1524 4585 dignatus
1537 4513 1980 4585 estdiligere,ut
2007 4523 2055 4587 D
2086 4527 2318 4567 rasceve
2338 4512 2401 4576 ’³,
2435 4514 2536 4566 aut
2577 4510 2627 4565 si
2658 4510 2992 4582 patriarcha
3039 4526 3168 4565 eam
3220 4525 3419 4565 secum
3463 4506 3739 4564 detulerit

332 4613 463 4652 eam
496 4598 567 4654 de
599 4615 780 4654 manu
810 4600 1134 4656 Turcorum
1166 4605 1223 4657 et
1271 4602 1726 4658 Sarracenorum
1758 4601 1978 4676 eripere

335 4703 403 4741 ac
432 4682 781 4744 Christianis
807 4688 1079 4747 fidelibus
1107 4690 1232 4746 suis
1261 4688 1589 4746 innumeris
1630 4691 1851 4747 affectis
1875 4708 1978 4764 pro

334 4774 596 4832 eiusdem
621 4775 731 4833 loci
763 4777 1180 4836 deliberatione
1208 4778 1332 4835 sola
1372 4796 1479 4835 sua
1525 4779 1721 4835 divina
1768 4779 1979 4835 virtute

336 4862 617 4936 placuerit
645 4866 1094 4923 tradere.Nichil
1125 4866 1279 4923 enim
1293 4867 1554 4924 humana
1590 4866 1979 4934 virtus,nichil

336 4953 643 5024 sapientia,
678 4953 856 5009 nichil
887 4956 1173 5011 exercitus
1221 4957 1404 5012 nostri
1458 4955 1773 5012 multitudo
1802 4956 1980 5028 protl-

337 5045 508 5107 ceret,
543 5041 657 5097 nisi
690 5040 884 5098 divina
908 5043 1094 5098 virtus
1124 5044 1653 5117 inexpugnabiliter
1695 5048 1982 5118 pugnaret

338 5146 442 5200 pro
473 5130 641 5186 nobis
659 5130 722 5199 ιθ,
756 5130 868 5186 nisi
900 5135 957 5186 et
986 5148 1093 5189 nos
1123 5132 1182 5187 in
1214 5132 1340 5189 loco
1368 5150 1584 5205 pascue
1615 5150 1719 5189 sue
1750 5134 1979 5189 miseri-

410 5363 578 5418 ¹³Α1δ
604 5364 694 5440 23,
727 5376 799 5429 r°,
835 5364 898 5430 B,
931 5365 994 5431 θ’,
1026 5369 1116 5440 22,
1151 5378 1221 5421 r°.
1290 5367 1345 5401 ’³⁸
1375 5367 1449 5423 Ce
1480 5367 1795 5424 sommaire
1852 5384 1976 5423 mar

2085 5383 2107 5423 Β
2154 5367 2302 5440 dans
2332 5372 2396 5440 Β,
2429 5370 2487 5422 et
2543 5366 2604 5440 la
2628 5365 2908 5440 rubrique

339 5436 787 5509 transmutatione
840 5438 1227 5493 canonicorum
1281 5439 1615 5494 s‘ecularium
1667 5441 1727 5493 in
1778 5436 2078 5509 regularés,

1911 5512 1954 5545 ¹⁹
1975 5509 2038 5578 Β,
2068 5510 2336 5582 nequitia.

1667 5582 1713 5617 ²⁴
1736 5585 1798 5649 Β,
1830 5581 2184 5640 (malem.

340 5507 381 5540 ¹⁷
414 5506 475 5574 Β,
511 5507 719 5562 Iheroso
727 5506 1006 5564 (imorum.

1084 5509 1125 5582 ii
1149 5508 1206 5582 Β,
1231 5525 1332 5580 pro
1361 5509 1518 5582 nobis
1542 5518 1833 5582 pugnaret.

339 5578 384 5613 ²²
404 5577 655 5652 Suppleé
684 5578 912 5651 d’apres
939 5579 1002 5636 B.

1080 5580 1124 5615 ³³
1154 5580 1217 5650 Β,
1244 5580 1591 5652 parascheve.

2087 4616 2191 4672 pro
2223 4599 2422 4672 aliqua
2452 4597 2818 4655 necessitate.
2850 4597 2995 4653 Dedi
3024 4598 3200 4653 etiam
3241 4596 3498 4653 decimas
3544 4595 3739 4651 tocius

2090 4693 2288 4745 sancte
2319 4686 2571 4744 civitatis
2601 4686 2918 4744 Ierusalem
2943 4686 3326 4742 "etlocorum
3349 4685 3457 4740 sibi
3472 4683 3741 4739 adiacen-

2088 4776 2256 4845 tium,
2289 4776 2544 4849 exceptis
2574 4774 2817 4832 decimis
2848 4774 3165 4847 funde,que
3195 4778 3336 4829 sunt
3364 4770 3693 4845 patriarcha
3718 4788 3735 4839 ;

2088 4865 2393 4921 dimidiam
2426 4881 2658 4938 quoque
2684 4868 2907 4937 partem
2939 4862 3099 4918 iliius
3129 4861 3415 4930 beneficii,
3450 4860 3605 4933 quod
3638 4876 3738 4915 rex

2089 4953 2367 5026 Sepulcro
2397 4952 2639 5009 tradidit
2654 4968 2760 5025 pro
2778 4950 3104 5009 excambitu
3118 4951 3489 5024 episcopatus
3512 4947 3739 5005 Bethle-

2087 5042 2326 5099 emitici.
2360 5042 2627 5099 Concessi
2658 5041 2833 5098 etiam
2864 5041 2948 5096 eis
2979 5040 3288 5113 inloppem
3318 5039 3548 5095 civitate
3560 5034 3741 5094 eccle-

2088 5131 2234 5189 siam
2267 5130 2425 5189 Beati
2457 5131 2607 5187 Petri
2637 5147 2771 5187 cum
2804 5146 2911 5186 suo
2941 5129 3160 5186 honore
3189 5132 3247 5185 et
3266 5124 3740 5198 cumtotadigni-

3056 5366 3146 5419 est
3177 5361 3329 5418 ainsi
3360 5376 3579 5428 conque
3639 5377 3656 5412 :
3696 5360 3741 5414 ι)

2157 5381 2302 5423 uans
2333 5381 2396 5434 Β,
2429 5381 2487 5422 et
2544 5381 2601 5421 1a
2628 5381 2908 5437 rubrique
2964 5381 3000 5470 ξι
3056 5381 3146 5419 es:
3177 5381 3329 5418 ainsi
3360 5381 3590 5443 conque.
3639 5381 3656 5412 :
3684 5381 3739 5442 ,υ

2157 5439 2283 5503 ίδΒ,
2344 5437 2867 5494 Iherosolimitanus.
2947 5436 2961 5470 ¹
3024 5436 3082 5505 Β,
3135 5433 3378 5505 eiusdem
3408 5431 3739 5487 divinitatis.

2413 5510 2458 5544 ³ο
2480 5507 2542 5575 Β,
2576 5508 2878 5563 inservivit.
2954 5508 2996 5542 ²¹
3020 5504 3080 5575 Β,
3125 5504 3739 5563 Iherosolimitanorum.
