3994 6070
268 278 425 343 1117

1266 276 1762 343 CARTULAIRE
1803 280 1911 343 DU
1957 279 2187 343 SAINT
2232 278 2664 344 SEPULCRE.

3520 276 3675 345 1118

258 415 403 484 tate,
436 428 549 486 que
595 410 846 484 pertinet
893 408 1067 467 matri
1114 410 1375 467 ecclesie.
1415 409 1687 468 Concessi
1733 410 1909 468 etiam
1939 412 1992 480 Α
2022 411 2373 482 deferentur,
2390 413 2555 471 vobis
2572 412 2941 470 medietatem
2963 412 3364 480 concedimus,
3380 411 3462 470 ita
3476 416 3673 472 tamen

260 500 567 557 ecclesiam
612 499 771 557 Beati
818 499 1016 555 Lazari
1048 516 1181 556 cum
1214 500 1488 557 omnibus
1531 500 1913 573 appendiciis,

259 606 377 662 que
398 589 664 645 adiacent
680 588 756 657 ei,
779 592 834 645 et
857 588 1055 644 omnia
1074 605 1444 661 quecumque
1467 593 1637 644 antea
1656 589 1917 661 possedit

259 677 525 735 ecclesia.
557 679 628 734 Et
658 694 748 735 res
778 695 939 744 suas,
972 694 1373 750 quascumque
1390 677 1705 733 habentvel
1727 678 1917 750 possi-

257 766 401 823 dent
427 770 515 823 vel
550 768 699 823 Deus
744 767 991 822 daturus
1021 770 1109 822 est
1157 765 1261 833 eis,
1302 765 1483 821 libere
1532 765 1831 821 habebunt
1860 770 1917 823 et

254 860 437 928 prout
462 855 753 911 voluerint
780 855 1155 911 ordinabunt.
1192 855 1250 910 Si
1284 854 1418 927 quis
1440 859 1633 910 autem
1656 854 1765 910 hoc
1796 855 1914 927 pri-

252 943 536 1017 vilegium
586 948 854 1000 nostrum
901 943 1116 1000 violare
1162 943 1604 1015 presumpserit,
1652 942 1737 998 illi
1768 960 1914 1017 pene

253 1033 581 1100 subiaceat,
613 1051 791 1107 quam
820 1034 1103 1089 Dominus
1133 1031 1407 1088 omnibus
1425 1031 1754 1089 maledictis
1780 1050 1913 1105 pro-

254 1121 440 1191 misit,
475 1123 588 1179 nisi
620 1121 967 1195 resipuerit;
1017 1122 1206 1195 gratia
1243 1125 1440 1177 autem
1471 1125 1529 1176 et
1562 1138 1669 1194 pax
1718 1139 1752 1177 a
1795 1122 1911 1178 Deo

253 1210 425 1267 Patre
455 1217 511 1268 et
534 1211 778 1268 Domino
808 1211 976 1268 Ihesu
1000 1210 1228 1267 Christo
1247 1210 1323 1266 sit
1346 1210 1461 1265 ista
1485 1211 1833 1268 custodienti
1857 1215 1912 1268 et

252 1305 455 1357 sancte
486 1300 726 1359 ecclesie
760 1301 889 1357 iura
917 1301 1125 1357 tuenti.
1162 1303 1363 1356 Amen.

957 1407 1126 1464 XXVI
1142 1408 1206 1462 ³⁵.

252 1513 628 1554 PRIVILEGIUM
639 1499 683 1533 ³⁸
694 1515 981 1554 W’ILLELMI
999 1513 1351 1553 PATRIARCHE
1367 1514 1439 1552 DE
1453 1513 1911 1553 CONFIRMATIONE

715 1576 950 1627 omnm
998 1585 1442 1624 posssssrouum.

323 1657 389 1714 In
421 1658 658 1716 nomine
688 1663 887 1716 sancte
918 1662 976 1715 et
1002 1656 1301 1713 individua
1322 1656 1625 1713 Trinitatis
1642 1657 1831 1714 Patris
1853 1661 1910 1714 et

249 1745 382 1803 Filii
414 1751 472 1804 et
499 1748 756 1821 Spiritus
787 1747 995 1814 sancti,
1028 1763 1220 1803 amen.
1554 1794 1564 1801 .

324 1836 675 1928 Gulielmus,
725 1838 829 1928 Dei
879 1837 1069 1928 gratia
1135 1833 1506 1928 Ierusalem”
1545 1832 1911 1928 patriarcha,

246 1925 582 1983 karissimis
613 1927 673 1983 in
705 1927 933 1985 Christo
965 1926 1103 1984 filiis
1135 1929 1319 1994 Petro,
1352 1924 1594 1981 ecclesie
1649 1924 1912 2004 Sepulcri

247 2014 483 2070 Domini
501 2015 703 2088 priori,
727 2017 1052 2089 ceterisque
1070 2020 1348 2079 fratribus
1366 2022 1425 2078 in
1443 2025 1645 2081 eadem
1667 2027 1913 2084 ecclesia

244 2103 428 2160 vitam
459 2104 739 2177 professis
774 2107 1137 2177 canonicam,
1170 2114 1291 2165 tam
1325 2115 1699 2184 presentibus
1730 2133 1907 2188 quam

248 2192 486 2258 futuris,
518 2191 789 2250 salutem.
824 2194 1011 2250 Officii
1046 2197 1230 2253 nostri
1262 2216 1368 2255 nos
1390 2202 1687 2275 compellit
1717 2210 1911 2261 aucto-

247 2280 394 2337 ritas
456 2282 910 2339 commissarum
959 2286 1130 2342 nobis
1189 2288 1521 2346 animarum
1581 2298 1905 2350 vestrarum

245 2368 431 2426 lucris
459 2375 517 2427 et
541 2372 899 2443 profectibus
919 2375 1216 2445 insudare,
1248 2382 1306 2436 et
1336 2380 1408 2435 ad
1430 2383 1764 2439 communis
1794 2383 1906 2439 vite

245 2463 439 2515 vestre
467 2461 963 2518 sustentacionem
997 2470 1236 2537 paterae
1265 2468 1431 2524 vobis
1461 2486 1601 2525 cura
1630 2471 1907 2528 sollicitu-

247 2547 408 2604 dinis
434 2548 759 2621 providere.
794 2550 854 2607 Si
876 2552 1034 2609 enim
1065 2556 1369 2614 commissi
1401 2558 1571 2615 nobis
1600 2561 1904 2634 regiminis

244 2636 442 2693 debito
470 2637 747 2695 ecclesias
768 2640 922 2697 intra
952 2643 1384 2714 patriarchatus
1405 2648 1589 2704 nostri
1620 2650 1903 2708 terminos

244 2726 599 2784 constitutas
618 2731 676 2783 et
703 2744 906 2786 earum
929 2730 1081 2788 filios
1096 2733 1244 2788 tueri
1271 2735 1553 2793 debemus
1574 2742 1747 2811 atque
1768 2738 1901 2795 dili-

242 2831 399 2888 gere,
433 2832 556 2885 vos,
589 2816 689 2889 qui
726 2822 788 2873 ut
817 2819 968 2891 speti
992 2818 1069 2893 [a]
1085 2820 1257 2879 liores
1275 2825 1318 2859 ³⁸
1340 2823 1445 2880 ﬁlii
1465 2826 1635 2882 nobis
1654 2826 1901 2885 vicinius

243 2903 536 2960 adheretis
565 2908 623 2960 et
667 2921 918 2977 quorum
970 2908 1140 2966 nobis
1188 2911 1547 2971 omnimodis
1588 2932 1729 2972 cura
1758 2932 1899 2973 con-

243 2991 429 3049 missa
473 2997 581 3065 est,
627 2993 838 3067 equius
895 2996 1227 3055 iudicamus
1274 3001 1334 3057 in
1389 3003 1657 3060 tuitionis
1703 3009 1900 3062 nostre

240 3081 467 3155 gremio
497 3083 818 3153 confovere,
843 3089 910 3141 ut
928 3089 1090 3144 tanto
1110 3087 1353 3146 liberius
1372 3091 1433 3147 in
1453 3092 1699 3149 ecclesia
1717 3111 1895 3166 quam

2026 506 2091 557 ut
2120 504 2189 559 de
2220 521 2351 559 cera
2380 503 2566 559 solum
2600 504 2671 558 ad
2720 501 3035 559 luminaria
3086 502 3489 559 concinnanda
3526 504 3675 560 duas

2024 591 2270 649 ecclesia
2317 596 2512 666 partes
2566 592 2845 661 obtineat,
2900 591 3081 648 tercia
3126 608 3259 647 vero
3287 595 3408 647 tam
3457 592 3675 649 nostris

2025 697 2202 752 quam
2235 698 2638 738 successorum
2662 686 2993 738 nostrorum
3017 680 3225 738 usibus
3246 685 3304 736 et
3320 679 3675 737 utilitatibus

2024 771 2210 826 cedat.
2257 770 2590 827 Ohlationes
2633 788 2764 827 vero
2810 775 3011 827 sancte
3053 769 3274 837 Crucis,
3327 787 3439 843 que
3487 774 3676 826 vestre

2023 860 2286 915 custodie
2316 861 2644 931 deputatur,
2665 861 2825 916 omni
2847 865 2962 915 tem
2972 876 3107 932 pore
3129 858 3491 932 recipiendas
3512 859 3676 915 vobis

2022 953 2079 1004 et
2125 949 2424 1005 habendas
2475 949 2863 1020 sancimus”,
2925 953 3163 1021 excepta
3212 947 3483 1004 videlicet
3531 948 3677 1005 feria

2022 1037 2207 1093 sancti
2232 1038 2709 1109 parascheve,aut
2730 1055 2863 1093 cum
2887 1054 2979 1093 me
3003 1041 3105 1093 aut
3123 1052 3489 1092 successores
3511 1053 3672 1095 meos

2020 1127 2339 1183 necessitas
2361 1126 2559 1199 aliqua
2579 1126 2925 1199 compulerit
2944 1143 3072 1182 eam
3093 1126 3325 1198 uspiam
3346 1125 3670 1196 deportare.

2021 1215 2289 1271 Decimas
2317 1215 2494 1272 etiam
2512 1216 2700 1272 tocius
2720 1200 2927 1271 sancte
2952 1215 3201 1270 civitatis
3222 1212 3535 1270 Ierusalem
3552 1213 3599 1249 ³³
3616 1215 3675 1268 et

2019 1303 2281 1360 locorum
2313 1304 2423 1361 sibi
2475 1303 2869 1361 adiacentium
2897 1303 3063 1360 vobis
3094 1320 3209 1359 non
3241 1302 3437 1358 minus
3469 1318 3672 1358 conce-

2019 1393 2237 1460 dimus,
2263 1394 2518 1466 exceptis
2551 1394 2794 1449 decimis
2825 1395 3023 1460 funde,
3059 1409 3170 1465 quc
3193 1393 3263 1448 ad
3286 1395 3553 1448 nostrum
3581 1390 3674 1447 ius

2018 1484 2308 1554 pertinere
2364 1487 2708 1540 noscuntur.
2769 1482 3083 1539 Dimidiam
3154 1498 3388 1553 quoque
3446 1482 3672 1554 partem

2018 1572 2282 1627 omnium
2306 1571 2541 1628 illorum
2563 1589 2674 1644 que
2696 1572 2843 1628 bone
2865 1571 3143 1628 memorie
3158 1588 3257 1627 rex
3272 1569 3587 1627 Ierusalem
3603 1571 3669 1641 3‘,

2017 1659 2260 1715 Balduin
2270 1678 2338 1717 us
2356 1660 2695 1717 Latinorum
2712 1661 2941 1734 primus
2959 1677 3062 1734 pro
3080 1657 3418 1716 concambio
3438 1658 3673 1715 Bethle-

2017 1748 2234 1804 emitici
2264 1749 2635 1823 episcopatus
2675 1748 2913 1806 ecclesie
2942 1748 3226 1805 Dominici
3259 1747 3521 1820 Sepulcri
3550 1752 3672 1805 tra-

2021 1837 2190 1906 didit,
2226 1838 2404 1894 simili
2435 1840 2608 1895 modo
2629 1838 2793 1895 vobis
2812 1838 3081 1894 habenda
3110 1836 3508 1905 sanctimus”,
3533 1841 3590 1893 et
3608 1837 3669 1894 in

2021 1925 2248 1983 civitate
2278 1928 2450 2001 Ioppe
2496 1927 2800 1984 ecclesiam
2834 1927 2991 1982 Beati
3024 1927 3173 1982 Petri
3205 1942 3339 1981 cum
3387 1925 3670 1998 dignitate

2021 2034 2131 2073 sua
2159 2021 2215 2073 et
2244 2018 2402 2073 omni
2450 2017 2689 2074 honoris
2738 2015 3118 2089 plenitudine,
3170 2015 3270 2087 qui
3303 2015 3374 2070 ad
3419 2015 3665 2071 eandem

2020 2111 2268 2163 matrem
2316 2105 2621 2162 ecclesiam
2678 2105 2940 2162 noscitur
2996 2103 3304 2178 pertinere.
3349 2102 3667 2160 Ecclesiam

2019 2200 2280 2268 preterea
2330 2196 2487 2257 Beati
2522 2195 2719 2252 Lazari
2751 2212 2882 2250 cum
2916 2192 3190 2249 omnibus
3224 2191 3392 2266 [suis]
3412 2194 3457 2228 ³⁸
3485 2191 3666 2265 perti-

2016 2285 2231 2340 nentiis
2261 2289 2317 2360 et
2366 2290 2615 2357 quatuor
2662 2283 2976 2348 casalibus,
3026 2280 3359 2349 Benahatie,
3408 2280 3666 2337 Beneha-

2014 2373 2171 2439 beth,
2209 2374 2526 2447 Ragabam,
2551 2374 2754 2441 Roma,
2780 2389 2891 2444 que
2913 2372 2984 2427 ab
3002 2371 3203 2427 eodem
3228 2385 3359 2442 rege
3381 2369 3664 2426 Balduino

2014 2461 2334 2534 Sepulchro
2372 2462 2602 2518 Domini
2636 2462 2817 2517 fuisse
2847 2460 3061 2516 tradita
3092 2477 3160 2516 ex
3187 2459 3315 2515 eius
3364 2458 3664 2532 privilegio

2012 2551 2488 2622 comprobantur,
2520 2551 2645 2623 pari
2684 2549 2846 2605 vobis
2873 2550 3046 2604 modo
3094 2545 3489 2614 concedimus,
3535 2551 3592 2603 et
3619 2548 3664 2584 ³⁷

2008 2639 2257 2696 villanos
2286 2658 2420 2697 cum
2452 2639 2577 2696 suis
2608 2638 2868 2705 familiis,
2900 2638 2996 2707 qui
3033 2636 3295 2693 eiusdem
3327 2637 3480 2710 regis
3510 2637 3662 2694 dono

2008 2730 2173 2787 vobis
2193 2746 2297 2802 per
2316 2730 2560 2785 eandem
2583 2728 2782 2800 scripti
2805 2728 2897 2783 sui
2918 2726 3194 2800 paginam
3216 2726 3659 2783 contraduntur.

2010 2818 2090 2873 De
2120 2819 2351 2890 proprio
2382 2833 2613 2890 quoque
2659 2822 2859 2873 nostro
2899 2815 3205 2872 ecclesiam
3235 2817 3597 2881 Quarentcne
3616 2815 3661 2851 ³⁸

2006 2905 2171 2962 vobis
2200 2907 2474 2979 deinceps
2524 2905 2940 2978 possidendam
2973 2902 3298 2972 adicimus;
3341 2918 3662 2976 omnesque

2007 2995 2211 3051 furnos
2257 2994 2573 3050 Ierusalem
2592 2995 2657 3064 3°,
2691 3010 2841 3066 quos
2882 3011 2951 3049 ex
3004 2992 3332 3048 venerande
3380 2991 3662 3049 memorie

2008 3084 2174 3140 ducis
2206 3083 2501 3141 Godofridi
2525 3084 2570 3118 ⁴⁰
2591 3084 2742 3138 dono
2763 3082 3009 3150 habetis,
3032 3085 3226 3137 vestro
3255 3080 3366 3136 iuri
3384 3080 3660 3154 deinceps

242 3147 598 3244 Bedemptor
617 3147 815 3229 noster
835 3175 1125 3246 passionis
1149 3195 1253 3235 sue
1273 3147 1895 3240 humilitate

2013 3173 2437 3245 mancipamus,
2471 3171 2725 3244 exceptis
2754 3171 2963 3239 tribus,
2993 3187 3244 3242 quorum
3267 3170 3382 3226 duo
3404 3169 3658 3226 necessi-

242 3259 519 3316 rectionis
551 3260 739 3334 gloria
767 3261 1103 3333 illustravit,
1138 3266 1408 3324 exhibere
1440 3270 1677 3341 possitis
1710 3272 1900 3328 eidem

243 3349 620 3422 Redemptori
667 3350 1043 3410 devotissimo
1060 3355 1105 3389 ²⁹
1153 3355 1473 3414 famulatus
1527 3359 1895 3432 obsequium,

243 3442 462 3509 quanto
491 3436 553 3493 in
601 3439 1110 3499 administratione
1159 3446 1571 3518 temporalium
1631 3452 1897 3505 nostrum

240 3525 519 3582 filialitati
562 3531 751 3584 vestre
795 3529 1058 3586 videritis
1108 3550 1221 3589 non
1279 3534 1478 3591 deesse
1526 3537 1893 3610 suffragium.

239 3614 672 3673 Predecessoris
722 3616 922 3690 itaque
969 3619 1152 3675 nostri
1193 3622 1285 3695 pie
1342 3625 1641 3694 memorie,
1694 3625 1896 3682 domni

236 3702 463 3759 Arnulfi
492 3704 844 3775 patriarche,
878 3705 1167 3778 instituta,
1202 3727 1316 3782 que
1345 3715 1402 3768 et
1421 3713 1736 3785 apostolice
1756 3732 1895 3772 auc-

232 3791 489 3848 toritatis
516 3792 817 3868 privilegio
848 3800 987 3853 sunt
1015 3803 1073 3854 et
1093 3800 1535 3857 confirmatione
1558 3804 1812 3860 sanctita
1824 3805 1889 3875 ³ο,

231 3880 332 3953 pia
361 3879 635 3938 aviditate
664 3888 999 3956 sequentes,
1033 3902 1403 3961 quecumque
1431 3890 1492 3944 in
1513 3890 1760 3948 ecclesia
1789 3893 1889 3949 Se-

228 3967 419 4041 pulcri
438 3968 694 4040 Domini,
725 3971 820 4027 cui
842 3977 1078 4030 auctore
1106 3978 1222 4031 Deo
1247 3994 1406 4033 nunc
1426 3993 1659 4048 preesse
1690 3979 1890 4036 dinos-

226 4057 421 4114 cimur
437 4058 501 4127 δί,
535 4059 606 4115 de
639 4060 996 4133 regularium
1037 4065 1457 4121 canonicorum
1490 4082 1596 4122 suo
1627 4071 1891 4140 tempore

225 4146 679 4204 constitutorum
711 4154 812 4205 aut
840 4151 1384 4209 constituendorum
1410 4154 1565 4210 victu
1597 4160 1654 4211 et
1673 4158 1888 4213 vestitu

224 4234 346 4291 zelo
376 4235 482 4292 Dei
513 4239 572 4292 et
598 4236 924 4295 honestatis
954 4241 1144 4313 gratia
1164 4241 1473 4309 ordinavit,
1507 4246 1563 4297 et
1592 4242 1651 4298 in
1684 4260 1887 4318 perpe-

224 4327 397 4379 tuum
426 4324 698 4381 habenda
745 4327 1029 4401 privilegii
1061 4328 1154 4385 sui
1197 4329 1580 4402 inscriptione
1609 4333 1883 4404 firmavit,

225 4428 335 4469 nos
365 4429 600 4486 quoque
647 4415 775 4483 tibi,
810 4416 893 4471 fili
942 4418 1128 4485 Petre,
1162 4436 1229 4474 ac
1273 4419 1557 4476 fratribus
1588 4421 1730 4488 tuis,
1763 4426 1883 4479 tam

2006 3261 2112 3317 tati
2142 3278 2466 3335 pauperum
2489 3259 2808 3332 Hospitalis
2837 3258 3169 3316 deserviunt
3188 3262 3245 3313 et
3263 3257 3655 3327 subiciuntur,

2008 3351 2225 3406 tercius
2254 3367 2388 3406 vero
2409 3349 2648 3406 ecclesie
2670 3349 2880 3405 Sancte
2902 3347 3082 3403 Marie
3109 3347 3310 3402 Latine
3330 3346 3537 3402 usibus
3557 3347 3657 3403 de-

2007 3443 2265 3512 putatur.
2301 3437 2510 3495 Omnia
2538 3438 2712 3494 etiam
2735 3436 2971 3503 casalia,
3004 3453 3117 3508 que
3141 3435 3296 3491 idem
3312 3434 3658 3492 venerabilis

2006 3528 2124 3582 dux
2170 3527 2519 3583 Godofridus
2540 3528 2579 3561 ⁴¹
2620 3524 2860 3581 ecclesie
2907 3523 3207 3579 Dominice
3257 3522 3655 3579 Resurrextio-

2006 3616 2159 3673 nis"
2206 3616 2511 3681 concessit,
2543 3615 2705 3671 vobis
2757 3614 2938 3669 libere
2965 3613 3025 3668 in
3070 3616 3415 3685 perpetuum
3468 3611 3657 3683 possi-

2004 3706 2195 3761 denda
2240 3705 2634 3770 decernimus,
2685 3703 2837 3760 sicut
2870 3703 2927 3757 in
2960 3701 3169 3775 pretati
3200 3699 3354 3773 regis
3384 3700 3655 3756 Balduini

2002 3794 2302 3868 privilegio
2353 3794 2746 3851 continentur.
2806 3791 2951 3847 Huic
3008 3793 3205 3845 nostre
3260 3789 3654 3846 concessionis

2002 3884 2232 3939 muneri
2264 3888 2517 3956 quatuor
2546 3880 2783 3961 casalia,
2826 3879 2971 3937 Gath
2990 3880 3056 3949 ⁸³,
3105 3877 3468 3951 Capharruth
3519 3877 3653 3934 Cre-

1999 3971 2213 4038 fesilta,
2246 3971 2567 4044 Porphiria,
2624 3987 2758 4025 cum
2786 3969 2910 4025 suis
2955 3965 3317 4040 appendiciis
3347 3981 3654 4022 censemus

1998 4061 2335 4133 adiungere,
2389 4077 2501 4132 que
2554 4076 2623 4114 ex
2672 4058 2822 4113 dono
2852 4060 2911 4113 et
2947 4054 3324 4112 concessione
3370 4052 3566 4110 fratris
3595 4058 3654 4109 et

1998 4147 2323 4221 coepiscOpi
2376 4147 2562 4203 nostri
2620 4145 2871 4216 Rogerii,
2925 4143 3339 4200 Ramathensis
3397 4141 3652 4215 episcopi

1996 4237 2148 4293 iuste
2178 4236 2237 4291 in
2268 4234 2695 4308 presentiarum
2729 4232 3135 4288 disnoscimini
3157 4233 3203 4267 “
3231 4231 3548 4304 possidere.
3581 4231 3652 4286 Et

1995 4330 2060 4381 ut
2088 4329 2299 4382 cuncta
2326 4322 2576 4380 breviter
2604 4321 3046 4390 concludamus,
3079 4338 3194 4375 non
3227 4320 3418 4376 solum
3442 4337 3510 4375 ea
3538 4335 3651 4392 que

1992 4415 2145 4471 infra
2175 4413 2608 4487 patriarchatus
2630 4411 2813 4466 nostri
2845 4413 3032 4465 metas
3053 4408 3216 4464 vobis
3239 4408 3425 4482 gratia
3452 4408 3651 4463 divina

223 4502 597 4573 presentibus
644 4520 823 4576 quam
883 4505 1119 4572 futuris,
1173 4506 1352 4563 libere
1409 4507 1470 4564 in
1534 4514 1885 4582 perpetuum
1915 4513 1962 4576 D
1992 4503 2301 4569 concessit,
2333 4518 2534 4559 verum
2571 4500 2745 4557 etiam
2784 4514 3153 4572 quecumque
3186 4498 3331 4553 citra
3362 4513 3522 4552 mare
3552 4501 3654 4552 aut

224 4589 581 4662 possidenda
591 4594 1140 4666 concedimus,et,ut
1151 4597 1540 4653 sufficientius
1554 4599 1883 4656 necessaria

223 4678 512 4746 habeatis,
545 4679 630 4737 eis
661 4681 948 4754 ampliora
979 4684 1286 4741 adicimus.
1324 4685 1573 4758 Dignum
1605 4691 1695 4743 est
1724 4688 1879 4743 enim

222 4771 310 4835 ut,
336 4765 438 4839 qui
468 4772 672 4825 nostra
689 4769 961 4827 volumus
983 4772 1252 4829 instituta
1270 4773 1509 4846 servari,
1532 4775 1662 4847 pios
1683 4776 1883 4848 prede-

222 4871 525 4912 cessorum
538 4862 875 4915 nostrorum
889 4864 1056 4916 actus
1069 4860 1543 4934 etdispositiones
1557 4880 1674 4920 non
1688 4864 1879 4921 solum

223 4961 341 5001 non
372 4944 710 5019 infringere,
742 4949 843 5005 sed
890 4948 1087 5018 etiam,
1122 4949 1182 5005 in
1214 4967 1329 5023 quo
1360 4968 1701 5024 possumus,
1752 4956 1883 5009 stu-

221 5034 472 5091 deamus
500 5036 858 5093 omnimodis
886 5037 1126 5095 imitari.
1160 5038 1438 5095 Omnium
1468 5057 1605 5113 ergo
1638 5040 1879 5097 oblatio-

222 5140 392 5193 num,
426 5141 539 5197 que
571 5125 643 5181 ad
676 5125 1019 5199 Sepulcrum
1074 5128 1306 5183 Domini
1355 5128 1732 5201 pertinebunt
1780 5133 1883 5186 aut

293 5276 517 5344 ²⁸Α,1δ
562 5280 782 5346 25,ῐ·ο;
835 5279 1197 5345 Β,1⁷ο25,ι·ο.

1275 5281 1413 5354 ²⁶Β,
1447 5281 1603 5354 ιερωᾲ
1625 5282 2000 5354 privilegium.

1993 4591 2147 4647 ultra
2178 4608 2339 4647 mare
2371 4589 2709 4663 possidetis,
2756 4592 2856 4644 aut
2888 4587 2945 4642 in
2979 4587 3244 4643 futurum
3274 4584 3649 4641 concessione

1988 4680 2356 4752 pontificum,
2381 4680 2533 4735 dono
2560 4694 2764 4752 regum
2789 4693 2855 4733 ac
2877 4675 3233 4749 principum,
3268 4674 3386 4730 sive
3410 4671 3649 4729 oblatio-

1988 4771 2163 4826 nibus
2196 4767 2457 4825 ﬁdelium
2490 4769 2643 4824 iuste
2672 4764 2938 4840 poteritis
2969 4762 3234 4837 adipisci,
3267 4762 3426 4819 salva
3455 4762 3649 4818 dioce-

1989 4874 2268 4915 sanorum
2318 4858 2725 4930 episcoporum
2772 4853 3111 4922 reverentia,
3147 4852 3260 4908 iuri
3289 4856 3479 4908 vestro
3511 4867 3645 4924 per-

1988 4945 2299 5021 petualiter
2315 4945 2649 5013 subdimus,
2674 4944 2757 5000 ita
2779 4947 2844 4998 ut
2865 4943 2924 4998 in
2942 4942 3217 4999 omnibus
3238 4939 3644 5014 patriarchalis

1988 5035 2312 5110 dignitatis,
2346 5035 2438 5090 ius
2465 5050 2696 5107 quoque
2722 5048 2788 5088 ac
2817 5031 3138 5088 reverentia
3156 5034 3544 5086 conservetur.
3572 5028 3645 5085 Ut

1988 5134 2183 5182 autem
2209 5124 2316 5180 hec
2348 5124 2547 5180 omnia
2572 5121 2737 5179 vobis
2766 5121 2995 5194 integra
3036 5119 3379 5191 illibataque
3409 5135 3637 5174 serven-

2077 5281 2119 5315 ³⁷
2149 5279 2211 5341 Β,
2256 5275 2609 5337 Iherusalcm,
2687 5273 2731 5308 ’3
2761 5273 2822 5337 Β,
2855 5272 3220 5343 specialiores.
3295 5271 3345 5343 ’9_
3377 5268 3642 5343 Corrigez

224 5340 590 5414 devotislsimi;
621 5340 684 5413 Β,
717 5340 910 5425 devoti.
987 5352 1034 5425 39
1061 5340 1123 5415 B,
1155 5340 1417 5425 sanctita,
1492 5352 1536 5385 ³⁸
1571 5340 1730 5408 Cétte
1762 5340 1973 5425 pbvrase
2004 5356 2093 5409 est
2123 5340 2351 5425 redigée
2384 5346 2531 5425 da_ns
2554 5346 2600 5398 A
2629 5340 2997 5425 d‘unefag‘on
3028 5340 3633 5425 incompréhcen‘sibl‘e:

221 5411 797 5524 quecumquepreesse
826 5411 1164 5478 disnocimar
1192 5424 1253 5477 in
1277 5411 1501 5478 ecclesia
1532 5411 1793 5494 δερμα*ίί
1823 5427 2044 5481 Domini
2070 5424 2164 5477 cui
2192 5411 2411 5475 ααῖιονθ
2440 5418 2544 5472 Deo
2574 5431 2738 5469 nunc.
2814 5414 2859 5496 f3
2889 5414 2931 5468 B
2956 5411 3285 5468 sanccz‘mu's.
3361 5412 3405 5445 ³³
3427 5411 3491 5477 Β,
3520 5411 3637 5467 Ihe-

222 5489 462 5524 mnnlm
562 5490 585 5524 8
638 5494 679 5524 ι)
741 5492 1063 5524 Πικηηιιω..
1162 5494 1208 5524 35
1234 5498 1275 5524 ι)
1331 5495 1640 5524 ,ηηηηεηηρ
1740 5496 1785 5524 se
1815 5495 2065 5524 cunnus
2096 5492 2321 5524 ιιήηηὶια
2358 5489 2398 5524 R
2495 5487 2537 5520 37
2568 5486 2723 5524 hanc
2758 5486 2790 5524 Δ
2818 5484 2854 5524 ιι
2888 5502 2922 5524 v
2952 5501 2979 5524 ει
3013 5492 3075 5524 ut
3169 5485 3214 5518 33
3241 5483 3282 5524 Π
3336 5484 3637 5524 nunt-ante-

222 5489 485 5545 malem.

221 5575 311 5617 ne.
388 5560 509 5629 δοΒ,
537 5560 890 5619 Iherusalem.
966 5565 1086 5629 ws,
1123 5564 1417 5636 Godcfridi.

636 5494 700 5556 B,
732 5492 1086 5550 Iherusalem.
1162 5494 1208 5528 ³⁵
1233 5498 1295 5559 Β,
1325 5484 1661 5549 sanecimzis.
1740 5496 1785 5531 3°
1815 5497 1893 5551 Su

636 5564 890 5619 rusalem.
966 5565 1086 5629 WB,
1123 5564 1417 5636 Godcfridi.
1498 5565 1537 5599 ⁸³
1556 5565 1619 5633 Β,
1648 5566 1899 5636 ϐοάθίνίά

2013 5497 2066 5551 éé
2095 5492 2323 5563 d’apres
2357 5489 2420 5543 B.
2495 5487 2537 5568 δῖ
2567 5486 2723 5567 Dans
2751 5486 2799 5540 A
2818 5484 2858 5540 il
2888 5502 2922 5556 y

2068 5564 2189 5633 "B,
2220 5564 2666 5619 Resurrectwms.
2742 5556 2861 5625 “B,
2894 5555 2922 5610 6

2951 5501 2986 5539 a
3013 5492 3093 5543 ut.
3169 5485 3214 5518 ³⁸
3240 5483 3302 5549 Β,
3336 5484 3639 5550 Quarante-

2068 5553 2666 5633 "B,-Resurrectionis.
2742 5556 2861 5625 “B,
2892 5553 3038 5610 Gith.
3116 5556 3160 5589 “
3172 5554 3232 5623 Β,
3264 5553 3633 5609 dinoscimini.
