3994 6070
366 286 528 352 illi)

894 288 997 350 AD
1042 288 1552 354 GODEFRIDUM
1596 290 1929 354 APPEND.
1976 289 2156 350 II.—
2185 289 2498 354 MONUM.
2543 291 2644 352 DE
2688 291 2936 355 BELLO
2979 291 3251 353 SACRO.

3617 293 3784 356 1120

368 426 484 491 tur,
521 425 850 496 presentem
898 423 1172 497 paginam
1215 423 1392 496 sigilli
1423 425 1606 480 nostri
1652 423 2015 496 appositione
2045 425 2097 492 Α
2129 430 2242 481 tur.
2280 424 2546 480 Liberam
2565 423 2739 480 etiam
2763 427 3107 497 potestatem
3129 423 3322 480 locum
3345 417 3782 498 multiplicandi

363 512 703 568 sanccimus
721 512 765 546 ⁸⁵
795 516 1099 580 eteorum,
1125 514 1224 585 qui
1258 513 1570 585 subscripti
1595 518 1754 581 sunt,
1780 517 2016 568 attesta-

367 600 629 660 tionibus
661 601 1024 658 roboramus.
1059 603 1453 659 Interfuerunt
1485 601 1638 657 enim
1663 602 1800 656 huic
1824 605 2019 657 nostre

365 688 729 745 concessioni
754 707 767 744 :

511 777 872 836 Gaudentius
895 781 958 846 ‘6,
993 781 1349 836 Cesariensis
1377 780 1874 854 archiepiscopus.

513 867 818 940 Rogerius,
852 869 1220 924 Ramatensis
1252 869 1578 942 episcopus.

511 955 842 1023 Anselmus,
879 957 1166 1012 Bethleem
1200 959 1530 1031 episcopus.

513 1043 820 1110 Robertus,
856 1044 1170 1101 Ierusalem
1194 1048 1234 1079 ‘7
1267 1045 1734 1101 archidiaconus.

511 1131 848 1198 Gaufridus,
876 1135 1058 1189 abbas
1091 1134 1329 1190 ecclcsic
1361 1134 1588 1206 Templi
1623 1133 1876 1190 Domini.

510 1220 804 1278 Arnoldus
827 1224 889 1291 ‘3,
923 1223 1084 1295 prior
1113 1225 1327 1279 Montis
1362 1224 1534 1295 Syon.

514 1309 816 1376 Henricus,
851 1312 1008 1382 prior
1039 1313 1256 1368 Montis
1288 1312 1510 1368 Oliveti.

514 1397 820 1469 Robertus,
871 1402 1055 1457 abbas
1105 1401 1343 1458 ccclesie
1396 1403 1602 1457 Sancte
1634 1399 1812 1456 Mario
1841 1399 2023 1456 Vallis

587 1486 880 1561 Iosaphat.

513 1574 894 1647 Soibrandus,
927 1580 1111 1636 abbas
1143 1581 1352 1636 Sancte
1387 1580 1565 1636 Marie
1589 1579 1811 1647 Latine,
1847 1584 1904 1634 et
1926 1577 2025 1633 alii

587 1682 700 1721 non
733 1669 924 1740 pauci.

444 1754 503 1812 Si
529 1756 664 1828 quis
693 1757 872 1830 igitur
897 1759 1186 1830 prodictas
1216 1760 1618 1834 possessiones
1654 1761 1917 1818 minuere
1936 1759 2022 1816 vel
2060 1799 2105 1865 B

362 1845 620 1913 auferre,
655 1851 758 1902 aut
804 1848 1028 1905 ablatas
1075 1851 1322 1907 retinere
1353 1851 1740 1924 temptaverit,
1773 1856 1829 1907 et
1877 1850 2028 1906 hanc

376 1939 575 1990 nostre
605 1937 974 1993 difﬁnitionis
1005 1939 1280 2012 paginam
1313 1941 1523 2009 sciens,
1550 1947 1753 2002 contra
1783 1958 1911 1996 eam
1941 1942 2026 1996 in-

375 2039 612 2095 surgere
639 2024 728 2080 vel
753 2025 1051 2083 inﬁrmare
1083 2031 1525 2102 presumpserit,
1551 2036 1683 2103 post
1708 2031 2028 2086 secundam

375 2115 436 2168 et
459 2111 702 2169 terciam
736 2115 1250 2173 commonitionem
1272 2117 1319 2173 si
1343 2137 1458 2173 non
1491 2120 1563 2175 ad
1586 2136 1904 2192 congruam
1932 2137 2030 2175 sa-

375 2199 764 2260 tisfactionem
793 2204 1032 2275 venerit,
1075 2208 1662 2264 excommunicationi
1711 2210 2028 2274 subiaceat,

376 2293 584 2360 atque,
622 2309 656 2348 a
704 2309 870 2349 sacra
919 2295 1286 2366 perceptione
1333 2297 1592 2368 corporis
1619 2302 1674 2352 et
1723 2297 2031 2371 sanguinis

375 2378 592 2436 Christi
641 2381 870 2437 Domini
904 2383 1150 2452 alienus,
1189 2385 1436 2440 districti
1486 2385 1771 2442 examinis
1821 2385 2026 2444 ultioni

377 2467 714 2537 Subiaoeat;
763 2472 995 2526 cunctis
1045 2477 1242 2528 autem
1288 2473 1569 2546 privilegii
1605 2474 1780 2530 huius
1812 2479 2033 2530 statuta

376 2557 747 2614 servantibus
777 2576 889 2631 pax
918 2561 1142 2616 Domini
1178 2563 1362 2617 nostri
1394 2563 1812 2619 lhesu-Ghristi
1845 2568 1902 2618 et
1933 2565 2032 2619 be-

378 2647 720 2704 neﬁciorum
742 2653 1070 2706 nostrorum
1089 2650 1455 2723 participatis
1478 2651 1536 2706 in
1560 2652 1814 2724 presenti
1835 2652 2030 2708 seculo

376 2737 750 2805 concedatur,
786 2742 851 2794 ut
880 2756 982 2810 per
1010 2739 1115 2795 hec
1144 2741 1216 2796 ad
1248 2725 1850 2797 eterne‘beatitudinis
1880 2758 2032 2814 gau-

379 2824 479 2880 dia
505 2826 742 2897 provehi
771 2831 1125 2884 mereantur.
1152 2831 1355 2885 Amen.

451 2914 626 2973 Facta
669 2919 758 2971 est
805 2933 1035 2989 quoque
1083 2917 1291 2991 pagine
1339 2919 1626 2990 presentis
1647 2921 1690 2954 ἰθ
1728 2919 2031 2993 inscriptio

382 3017 534 3060 anno
569 3002 856 3060 dominice
902 3005 1323 3064 incarnationis
1372 3025 1661 3076 mcxxxvu,
1715 3008 2031 3064 indictione

382 3090 592 3162 prima,
623 3098 826 3164 cpacta
855 3112 953 3163 vn,
988 3100 1266 3169 regnante
1295 3097 1509 3154 domno
1539 3098 1745 3153 eodem
1766 3099 1810 3132 ⁵ο
1832 3102 2030 3153 nostro

2129 521 2186 571 et
2215 516 2421 570 fratres
2452 513 2805 588 aggregandi
2840 518 2896 569 et
2918 513 3230 586 recipiendi
3263 513 3373 570 sibi
3405 519 3461 568 et
3493 513 3615 570 suis
3647 532 3785 570 suc-

2128 604 2456 661 cessoribus
2488 604 2700 674 pariter
2729 607 3162 659 concesserunt.

2199 699 2312 749 Ilec
2365 693 2655 748 institutio
2707 693 2857 748 facta
2887 696 2976 748 est
3010 710 3162 748 anno
3195 691 3484 747 dominice
3515 692 3786 748 incarna-

2129 784 2304 839 tionis
2335 801 2604 850 Mcxxxw,
2642 782 2959 837 indictione
2991 799 3090 837 xu.
3121 781 3300 837 Cuius
3321 783 3362 816 ⁵⁷
3395 781 3784 838 institutionis

2131 879 2398 929 auctores
2423 876 2479 928 et
2509 876 2688 927 testes
2720 875 2860 927 sunt
2885 888 2897 925 :

2308 963 2570 1018 Domnus
2611 959 2940 1016 Willelmus
2961 961 3026 1027 ⁵⁸,
3057 959 3410 1033 patriarcha,
3444 964 3500 1014 et
3531 961 3786 1016 domnus

2380 1053 2606 1117 Petrus,
2633 1049 2806 1123 prior.
2833 1051 3058 1118 Petrus,
3092 1049 3383 1122 subprior.
3409 1048 3784 1106 Gillebertus.

2377 1140 2709 1205 Anselmus,
2745 1143 3066 1212 precentor.
3092 1139 3296 1194 Petrus
3318 1139 3616 1194 Bernardi.
3642 1139 3784 1194 Gof-

2381 1231 2588 1297 fridus,
2640 1227 3062 1285 thesaurarius.
3112 1228 3476 1284 Fulcherius.
3512 1228 3789 1302 Magister

2382 1320 2688 1374 Robertus.
2717 1317 3050 1373 Willelmus
3072 1318 3134 1372 ⁵9.
3171 1317 3285 1373 Osh
3297 1335 3347 1372 ei
3363 1322 3457 1372 tus
3477 1318 3540 1372 ⁵ο.
3562 1317 3790 1373 Haime-

2383 1407 2538 1464 ricus
2559 1409 2621 1462 ⁸⁷.
2659 1407 3007 1486 Βᾶιᾱυὶηυες

2312 1497 2390 1552 De
2421 1497 2763 1552 diaconibus
2791 1513 2925 1551 vero
2949 1514 2961 1549 :
2989 1495 3280 1552 Valterius
3299 1497 3361 1550 ⁶².
3389 1496 3632 1570 Moyses.
3669 1495 3786 1551 Ro-

2383 1586 2596 1660 gerius.
2634 1586 2856 1642 Petrus.
2894 1584 3200 1676 Geraldui
3234 1585 3335 1657 qui
3360 1589 3578 1640 cartam
3610 1584 3784 1640 istam

2386 1675 2733 1748 composuit.
3176 1675 3183 1676 “
3456 1681 3471 1690 ’

2314 1765 2393 1821 De
2411 1764 2886 1820 subdiaconibus:
2912 1763 3210 1820 Geraldus.
3230 1763 3434 1820 Petrus
3451 1761 3785 1819 Clementis.

2385 1855 2703 1909 Eurardus.
2736 1853 3065 1911 Gervasius.

2206 1944 2288 1999 Ad
2318 1943 2424 1998 hec
2456 1943 2885 1998 corroboranda
2931 1943 3188 1998 domnus
3238 1940 3630 1997 Willelmus63
3678 1958 3788 2014 pa-

2138 2033 2414 2100 triarcha,
2451 2030 2707 2105 sigillum
2741 2048 2913 2086 suum
2937 2035 2990 2086 et
3022 2030 3284 2087 canonici
3310 2048 3483 2086 suum
3509 2045 3791 2103 apposue-

2140 2126 2278 2177 runt
2298 2122 2362 2176 5‘.

2809 2209 3028 2266 XXVIII
3049 2210 3113 2264 ⁵⁵.

2139 2299 2310 2337 ALIUD
2333 2283 2378 2318 ⁸⁸
2412 2295 3453 2388 PRIVILEGIUM“’ILLEL1\3PATRIARCHE
3476 2296 3545 2336 ns
3562 2296 3791 2336 nscxms

2833 2369 3018 2388 πεπυ-η

2833 2369 3018 2408 IERICO
3039 2369 3060 2387 "
3070 2369 3079 2388 ‘
3091 2395 3104 2407 .

2214 2445 2274 2500 ln
2309 2442 2544 2498 nomine
2563 2441 2750 2498 Patris
2769 2447 2826 2498 et
2858 2441 2983 2497 Filii
3005 2445 3060 2496 et
3082 2441 3336 2513 Spiritus
3358 2442 3575 2510 Sancti,
3598 2457 3794 2496 amen.

2213 2534 2367 2588 Bone
2393 2533 2472 2588 rei
2507 2532 2645 2587 dare
2677 2530 2988 2587 consilium
3007 2532 3051 2566 ⁸⁸
3079 2529 3365 2602 presentis
3403 2530 3651 2585 habetur
3676 2531 3795 2586 vite

2142 2621 2470 2678 subsidium
2494 2625 2756 2676 eteterne
2773 2618 3264 2675 remunerationis
3285 2623 3583 2691 expectare
3606 2619 3796 2673 cerni-

2139 2716 2236 2766 tur
2251 2711 2558 2783 premium.
2578 2710 2902 2781 Cognoscat
2921 2708 3102 2781 igitur
3116 2708 3518 2763 uniVersorum
3533 2712 3652 2762 tam
3672 2706 3798 2763 oles

2141 2800 2395 2855 ricorum
2418 2815 2593 2872 quam
2609 2798 2893 2854 laicorum
2921 2796 3133 2853 caritas
3147 2798 3297 2868 quod
3313 2812 3418 2869 ego
3432 2795 3792 2863 Willelmus,

2141 2888 2241 2945 Dei
2262 2889 2452 2961 gratia
2478 2887 2810 2960 patriarcha
2839 2885 3335 2942 Ierosolimitanus
3353 2887 3419 2956 ⁸⁸,
3453 2902 3586 2941 cum
3616 2885 3793 2941 liceat

2141 2978 2411 3050 episcopo
2461 2976 2697 3033 cuilibet
2745 2974 3048 3032 ecclesiam
3079 2974 3139 3030 in
3171 2974 3476 3048 parrochia
3504 2991 3611 3030 sua
3641 2991 3792 3046 pau-

2141 3071 2361 3139 pertate
2381 3067 2719 3122 destitutam
2743 3065 2922 3131 rebus
2941 3063 3204 3132 ecclesie,
3227 3065 3322 3119 cui
3353 3063 3625 3136 presidet,
3647 3066 3796 3117 tem-

383 3150 556 3236 Ihesu
571 3150 820 3251 Christo,
848 3150 1098 3240 FuIcode
1121 3150 1934 3259 autemrege
2064 3168 2106 3234 (ἶ
2146 3155 2413 3259 Rem“?
2435 3160 2630 3259 ίδξῃίῗῖι
2652 3154 2906 3259 civitate
2927 3157 3171 3259 gentm"
3195 3153 3399 3259 δίψη
3424 3153 3517 3224 pie
3538 3150 3797 3259 9“???

383 3283 498 3340 gno
545 3269 860 3327 Ierusalem
882 3273 922 3307 δι
969 3272 1317 3344 presidente,
1369 3274 1798 3346 patriarchatus
1839 3279 2034 3331 autem

382 3356 570 3416 nostri
599 3375 752 3415 anno
780 3377 878 3416 v11.

1070 3451 1271 3508 XXVII
1295 3454 1357 3506 ⁵³.

386 3533 558 3572 ALIUD
607 3535 977 3577 PRIVILEGIUM
1025 3540 1312 3579 \VILLELMI
1363 3540 1716 3578 PATRIARCHE
1763 3541 1832 3579 DE
1890 3539 2036 3578 DONO

989 3597 1432 3655 QUAREN’I‘ENE“.

460 3678 523 3732 In
551 3680 786 3735 nomine
817 3687 1014 3737 sancte
1045 3688 1101 3738 et
1121 3684 1418 3740 individue
1440 3684 1741 3740 Trinitatis
1775 3685 1960 3740 Patris
1981 3690 2038 3740 et

388 3768 518 3823 Filii
549 3774 606 3824 et
637 3771 888 3842 Spiritus
918 3773 1134 3842 Sancti,
1169 3791 1362 3830 amen.

459 3858 674 3915 Notum
696 3860 772 3916 sit
792 3863 1067 3919 omnibus
1088 3867 1206 3918 tam
1232 3865 1445 3919 futuris
1469 3879 1643 3936 quam
1670 3863 2037 3936 presentibus

389 3949 546 4019 quod
578 3949 830 4005 domnus
862 3951 1188 4008 Willelmus
1213 3955 1276 4020 ⁸⁵,
1311 3953 1408 4008 Dei
1441 3952 1626 4026 gratia
1659 3953 1973 4008 Ierusalem
1995 3953 2038 3986 5“

391 4037 740 4110 patriarcha,
776 4039 985 4096 Sancte
1023 4043 1387 4108 Quarantene
1417 4043 1610 4098 locum
1642 4058 1777 4098 cum
1807 4043 2038 4096 univer-

390 4125 493 4193 sis,
527 4143 640 4198 que
670 4128 742 4182 ad
791 4146 924 4185 eum
965 4131 1276 4204 pertinent,
1328 4131 1620 4188 canonicis
1669 4130 2039 4190 Sanctissimi

390 4213 651 4287 Sepulcri
684 4223 962 4290 perpetuo
1016 4221 1435 4292 possidendum
1476 4221 1728 4278 donavit.
1762 4219 1877 4292 Ipsi
1908 4235 2038 4274 vero

389 4305 653 4362 canonici
699 4323 802 4379 pro
851 4308 1134 4380 dignitate
1165 4315 1220 4366 et
1263 4313 1581 4367 reverentia
1610 4311 1871 4366 eiusdem
1904 4308 2037 4373 loci,

390 4411 495 4466 pro
545 4412 653 4452 sua
700 4397 874 4452 etiam
923 4399 1129 4470 salute,
1176 4400 1364 4472 ipsius
1396 4400 1597 4456 domni
1626 4397 1953 4472 patriarcha
1984 4402 2041 4452 et

390 4483 592 4540 domni
640 4485 790 4541 Petri
840 4486 1049 4560 prioris
1100 4489 1342 4545 consilio
1373 4494 1430 4545 et
1457 4507 1724 4558 assensu,
1756 4503 1939 4542 unum
1971 4486 2040 4540 de

391 4573 783 4632 confratribus
832 4577 978 4645 suis,
1028 4577 1295 4634 videlicet
1339 4578 1711 4643 Rainaldum,
1743 4577 1804 4632 in
1836 4576 2039 4632 eodem

389 4659 514 4719 loco
537 4662 790 4736 priorem
811 4665 1100 4734 fecerunt;
1123 4671 1199 4734 et,
1225 4671 1288 4722 ut
1304 4667 1596 4739 prioratus
1617 4667 1674 4721 in
1696 4671 2040 4738 perpetuum

394 4750 609 4808 ibidem
634 4754 800 4826 foret,
823 4754 925 4810 tali
949 4756 1121 4812 modo
1143 4757 1573 4812 constituerunt
1594 4761 1658 4811 ut
1675 4755 1802 4828 ipse
1823 4754 2045 4811 scilicet

394 4840 551 4910 prior
581 4843 747 4914 quasi
772 4861 926 4900 unus
947 4861 1016 4900 ex
1036 4844 1178 4917 ipsis
1200 4845 1496 4901 canonicis
1517 4845 1744 4911 existat,
1769 4851 1827 4900 et
1847 4841 2044 4899 Sancti

395 4927 658 4999 Sepulcri
707 4931 886 5004 priori
919 4937 975 4988 et
1023 4935 1287 4990 eiusdem
1318 4934 1612 4990 canonicis
1643 4949 1875 5006 semper
1903 4933 2044 4987 obe-

395 5015 551 5085 diat;
584 5035 950 5077 successores
981 5027 1175 5078 autem
1204 5024 1328 5077 eius
1359 5024 1428 5078 de
1474 5021 1824 5095 supradictis
1872 5037 2044 5076 cano-

399 5105 546 5161 nicis
577 5107 874 5162 communi
905 5126 1107 5165 eorum
1131 5111 1372 5167 consilio
1395 5117 1670 5185 perpetuo
1692 5111 2048 5166 constituan-

469 5231 512 5264 ⁸⁵
553 5234 610 5298 Β,
660 5233 978 5287 sanctimus.
1056 5236 1099 5268 ⁴⁶
1136 5235 1195 5297 Β,
1250 5235 1608 5290 Gaudencius.

399 5301 581 5358 eodem
631 5303 846 5358 domno.
923 5303 964 5338 δι
997 5305 1061 5368 Β,
1115 5307 1462 5362 lherzasalcm.
1541 5308 1570 5341 ⁵⁵

400 5373 444 5409 ⁸⁵
486 5376 548 5440 Β,
599 5375 940 5431 Guillelmus.
1019 5377 1062 5410 ⁵⁸
1104 5376 1164 5443 Β,
1218 5379 1570 5433 Hierusalem.

400 5443 441 5477 ⁶¹
488 5451 549 5510 Β,
598 5447 920 5501 Aimericus.
997 5448 1042 5482 ⁶²
1084 5449 1142 5514 Β,
1197 5448 1485 5503 Gallerius.

402 5515 446 5590 ff
481 5518 731 5590 Manque
778 5519 926 5573 dans
953 5518 1010 5573 Β.
1086 5520 1128 5554 ⁸⁷
1164 5519 1502 5590 ΒλΙΙιθνίσο,

403 5587 448 5622 ⁷³
485 5587 736 5662 Mancine
765 5591 912 5646 dans
943 5590 1001 5646 Β.
1078 5591 1122 5626 ⁷³
1152 5587 1404 5664 Suppléé
1435 5591 1663 5662 d’aprés
1698 5592 1755 5647 Β.

1688 5236 1729 5269 ⁴⁷
1760 5235 1821 5302 Β,
1873 5235 2230 5290 Ihcrusalcm.

1541 5308 1584 5341 ⁵³
1609 5308 1674 5369 Α,
1727 5307 1771 5360 t'b
1815 5308 1905 5373 26,
1954 5313 2042 5374 vd;
2077 5307 2137 5372 B,
2184 5306 2230 5360 f0
2277 5305 2367 5370 24,
2414 5315 2466 5356 r0
2539 5303 2582 5337 ⁵³
2613 5302 2863 5406 Manque
2913 5302 3058 5356 dans
3112 5303 3172 5357 B.

1541 5396 1548 5406 .
1649 5379 1691 5406 ετ
1731 5377 1772 5406 n
1853 5379 2022 5406 ιι...·....
2123 5378 2165 5406 ss
2211 5376 2250 5406 n
2326 5373 2648 5406 ρυίιιοιηηιο
2745 5374 2765 5406 5
2821 5374 2856 5406 Ιὶ
2932 5373 3172 5406 naniam

1649 5379 1691 5411 ⁵⁷
1731 5377 1794 5442 Β,
1845 5373 2054 5433 Huius;
2123 5378 2165 5411 ⁵⁸
2211 5376 2272 5444 Β,
2325 5373 2667 5431 Guillelnms.
2745 5374 2765 5406 ⁵

1563 5450 1608 5483 (⁵³
1647 5453 1711 5515 Β,
1775 5450 2118 5505 Guillclmus.
2196 5448 2240 5483 δ”
2281 5449 2342 5514 Β,

1581 5520 1623 5555 ⁸⁸
1674 5521 1736 5586 Β,
1779 5521 2109 5577 consultum.

2143 3245 2300 3300 tione
2325 3244 2644 3300 voluntatis
2675 3243 2928 3298 filiorum
2972 3257 3236 3297 meorum
3267 3245 3322 3297 et
3353 3241 3794 3305 canonicorum,

2147 3334 2324 3389 totius
2349 3334 2394 3368 ⁷ο
2440 3332 2708 3388 videlicet
2755 3329 3124 3387 Sanctissimi
3165 3329 3428 3402 Sepulcri
3475 3334 3797 3385 conventus

2146 3427 2348 3495 rogatu
2368 3427 2423 3476 et
2445 3419 2706 3488 consilio,
2725 3421 3110 3484 Quarantene,
3135 3419 3192 3474 id
3215 3423 3303 3475 est
3326 3419 3450 3474 loco
3467 3418 3651 3491 glorio
3669 3417 3798 3489 [si]-

2147 3511 2348 3578 ssimo,
2381 3511 2439 3564 in
2463 3527 2577 3581 quo
2600 3509 2952 3580 Redemptor
2972 3512 3186 3575 noster,
3207 3507 3524 3562 ieiunasset
3548 3507 3800 3578 quadra-

2146 3601 2307 3673 ginta
2337 3600 2542 3655 diebus
2575 3603 2629 3651 et
2679 3596 3067 3669 quadraginta
3100 3597 3390 3664 noctibus,
3423 3599 3623 3668 postea
3653 3612 3795 3650 esu-

2147 3691 2265 3755 riit,
2290 3689 2566 3760 quoniam
2586 3687 2743 3742 hunc
2765 3685 2957 3741 locum
2981 3690 3250 3740 sanctum
3275 3686 3391 3741 iam
3414 3685 3630 3740 eisdem
3657 3684 3797 3738 {iliis

2147 3778 2293 3833 meis
2326 3782 2383 3832 et
2415 3775 2710 3832 canonicis
2730 3775 2788 3829 in
2813 3775 3181 3846 possessione
3210 3775 3504 3839 dederam,
3538 3777 3715 3845 atque
3734 3771 3802 3827 li-

2147 3869 2346 3922 beram
2373 3867 2457 3920 eis
2489 3869 2543 3919 et
2563 3863 2892 3919 absolutam
2926 3863 2984 3917 in
3014 3880 3080 3918 eo
3110 3862 3234 3918 loco
3256 3863 3511 3934 ponendi
3543 3863 3797 3934 priorem

2148 3955 2465 4028 quemlibet
2494 3958 2550 4008 et
2569 3951 2896 4025 deponendi
2923 3951 3200 4007 canonice
3218 3955 3562 4024 potestatem
3584 3951 3642 4005 in
3668 3967 3800 4022 per-

2149 4049 2389 4118 petuum
2421 4057 2842 4108 concesseram,
2894 4056 3028 4096 cum
3076 4039 3323 4097 facultas
3370 4038 3628 4112 predicto
3659 4055 3802 4094 c-on-

2146 4133 2345 4189 ventui
2377 4149 2492 4187 non
2533 4133 2824 4202 suppetat,
2857 4145 2974 4200 qua
3026 4129 3135 4184 loci
3187 4127 3348 4184 illius
3395 4132 3803 4201 paupertatem

2150 4221 2400 4278 relevare
2431 4218 2634 4294 possit,
2658 4219 2782 4273 eius
2803 4217 3039 4290 quidem
3065 4217 3456 4290 postulatione
3478 4221 3535 4272 et
3559 4215 3805 4272 conlau-

2151 4310 2402 4375 datione,
2436 4308 2692 4364 decimas
2727 4307 2903 4362 Ierico
2925 4308 2966 4342 ⁷⁸
2999 4308 3057 4361 in
3097 4311 3442 4382 perpetuum
3494 4305 3806 4377 possiden-

2151 4401 2255 4456 das
2287 4398 2505 4471 prefale
2553 4395 2935 4452 Sanctissime
2978 4399 3364 4463 Quarantene,
3398 4400 3462 4448 ut
3491 4395 3550 4449 in
3584 4393 3807 4449 nostris

2151 4504 2344 4544 coram
2376 4487 2491 4542 Deo
2513 4483 2836 4540 rationibus
2856 4484 3201 4557 imputetur,
3225 4485 3377 4540 dono
3407 4487 3465 4539 et
3483 4485 3529 4519 ⁷³
3550 4483 3807 4538 concedo

2153 4579 2231 4650 [et
2250 4578 2338 4648 ⁷³],
2373 4579 2438 4630 ut
2467 4573 2694 4629 firmius
2725 4578 2782 4628 et
2825 4574 3013 4646 magis
3044 4578 3234 4628 ratum
3267 4573 3363 4638 sit,
3396 4572 3658 4628 eiusdem
3694 4571 3806 4627 loci

2153 4666 2335 4722 altare
2365 4678 2731 4730 consecrans,
2757 4679 2933 4734 super
2953 4661 3148 4734 ipsum
3181 4661 3364 4718 altare
3393 4665 3807 4716 consecratum

2152 4771 2375 4827 ponens
2400 4753 2596 4809 oti'ero.

2224 4847 2342 4898 Hoc
2372 4844 2566 4897 autem
2600 4840 2824 4897 donum
2858 4840 3075 4895 factum
3107 4843 3197 4895 est
3225 4843 3282 4895 et
3312 4853 3658 4896 concessum
3683 4835 3814 4892 Βειί-

2155 4932 2350 4998 naldo,
2386 4932 2752 4996 Quarantene
2777 4929 2976 5001 priori,
3009 4933 3065 4984 et
3089 4928 3529 4985 successoribus
3558 4926 3687 4983 eius
3709 4942 3815 4998 per

2156 5023 2501 5078 conventum
2559 5018 2754 5073 Sancti
2812 5017 3071 5092 Sepulcri
3117 5017 3392 5074 canonice
3422 5015 3812 5080 intronizatis,

2156 5108 2515 5182 presentium
2540 5112 2872 5163 nostrorum
2909 5106 3233 5181 sigillorum
3261 5105 3702 5163 confirmatione
3733 5109 3820 5159 t0-

2310 5233 2350 5266 ⁴⁸
2385 5232 2447 5298 Β,
2497 5231 2792 5295 Arnaldus,
2868 5231 2913 5265 ‘9
2956 5231 3016 5296 B,
3064 5234 3328 5302 presentst
3372 5231 3590 5302 pagine,
3670 5229 3714 5262 5°
3749 5226 3813 5283 B-

2320 5305 2341 5336 I.
2414 5315 2466 5336 νιο
2539 5303 2582 5336 158
2613 5302 2863 5336 Mnnnnn
2913 5302 3056 5336 Αοηο
3113 5303 3152 5336 Π
3251 5304 3294 5336 55
3327 5302 3367 5336 Π
3442 5303 3812 5336 Πιιιηνιυιοληρ-

2821 5318 2863 5356 Ie
2913 5302 3058 5356 dans
3112 5303 3172 5357 B.
3251 5304 3294 5336 ⁵⁵
3327 5302 3389 5368 Β,
3442 5303 3812 5369 Quarantene-

2821 5374 2878 5440 Β,
2932 5373 3272 5428 Guz‘llelmus.
3347 5373 3391 5408 ⁶⁰
3422 5373 3486 5440 Β,
3537 5371 3814 5428 Οεὺενιω.

2439 5452 2720 5501 osa-erunt.
2798 5444 2842 5478 (⁵⁵
2883 5445 2948 5514 Α,
3003 5445 3048 5498 Β)
3089 5447 3181 5514 27,
3230 5457 3329 5513 v0;
3389 5443 3452 5511 B,
3506 5443 3551 5498 Ib
3594 5443 3686 5510 24,
3736 5453 3810 5496 v0.

2186 5519 2231 5554 5°
2261 5521 2318 5574 Β.
2373 5515 2877 5573 Hierosotimitatus.
2956 5516 3000 5551 ⁷ο
3029 5519 3092 5585 Β,
3139 5518 3327 5572 tocius.
3405 5515 3444 5550 ⁷¹
3477 5515 3538 5583 Β,
3586 5515 3812 5571 Hierico.
