3994 6070
350 279 501 340 1223

865 276 968 338 AD
1015 275 1526 340 GODEFRIDUM
1573 273 1911 337 APPEND.
1960 275 2466 339 II.-—-MONUM.
2515 279 2615 339 DE
2659 277 2907 341 BELLO
2953 279 3226 342 SACBO.

3594 280 3754 342 1124

558 411 640 484 [S]
677 409 953 466 Willelmi
985 410 1054 466 de
1084 411 1295 466 Sancto
1326 409 1578 466 Bertino.
1614 410 1671 465 S.
1721 408 1989 475 Sadonis,
2020 410 2076 477 Α
2107 408 2228 464 solo
2255 409 2467 466 intuitu
2490 411 2724 484 pietatis
2745 413 2996 468 concedo
3021 411 3752 487 ecclesieSanctiSepulcri

553 500 899 556 marescalli.

414 593 558 648 Data
595 595 685 646 est
731 591 789 644 in
837 589 1048 661 palatio
1094 567 1246 661 regis
1297 590 1450 660 apud
1473 590 1516 622 99
1547 589 1782 661 Tyrum,
1835 605 1986 644 anno

341 680 628 738 dominice
652 677 1068 734 incarnationis
1096 696 1304 744 mcxxv,
1332 676 1643 733 indictione
1674 695 1753 732 Ill.

1026 784 1188 839 XXXI
1222 786 1305 838 ¹⁰⁰.

339 891 493 933 PRIVI
507 890 716 930 LEGIUM
748 890 818 928 ευ
831 887 1024 928 LCONIS
1042 888 1204 927 REGIS
1219 889 1403 927 TERCII
1430 889 1499 926 DE
1522 889 1748 928 DUABUS
1771 889 1985 928 CARRU-

370 965 525 1003 εδει-ιε.
553 963 737 1001 TERRE
764 962 876 1007 oua
905 960 1054 999 sum
1082 961 1140 998 IN
1160 961 1502 998 renarroan
1523 962 1832 1000 ACCONENSI
1861 946 1944 999 ‘0'.

405 1037 466 1092 In
500 1035 734 1092 nomine
766 1038 962 1089 sancte
983 1038 1039 1087 et
1070 1032 1366 1088 individue
1393 1032 1698 1089 Trinitatis
1718 1033 1902 1089 Patris
1925 1039 1981 1088 et

335 1125 462 1181 Filii
493 1129 549 1180 et
577 1122 829 1195 Spiritus
860 1120 1081 1186 Sancti,
1115 1138 1285 1175 amen
1322 1122 1403 1175 '0’.

400 1215 516 1286 Ego
549 1212 742 1279 Fulco,
779 1229 879 1282 per
911 1211 1003 1265 Dei
1037 1210 1285 1283 gratiam
1325 1211 1539 1265 tercius
1572 1227 1668 1265 rex
1719 1211 1976 1266 lerosoli-

327 1319 557 1360 morum
587 1303 672 1369 ‘03,
706 1318 842 1356 cum
888 1315 1176 1354 consensu
1229 1298 1421 1370 regine
1467 1299 1792 1355 Milesensis
1827 1301 1890 1334 ‘0‘
1918 1305 1975 1356 et

326 1390 593 1447 Balduini
629 1389 730 1443 ﬁlii
765 1387 898 1452 mei,
923 1387 1184 1442 concessi
1213 1392 1268 1442 et
1301 1387 1406 1442 hoc
1439 1387 1736 1460 privilegio
1755 1391 1969 1444 confir-

324 1479 476 1535 mavi
509 1478 746 1535 ecclesie
769 1477 962 1532 Sancti
989 1475 1251 1547 Sepulcri
1281 1482 1338 1531 et
1368 1477 1532 1531 Petro
1555 1477 1728 1547 priori
1762 1482 1820 1533 et
1851 1479 1969 1533 fra-

321 1569 510 1624 tribus
543 1568 760 1623 ibidem
804 1567 917 1621 Deo
969 1565 1393 1621 famulantibus
1444 1566 1592 1621 duas
1637 1572 1968 1622 carrucatas

322 1658 445 1729 agri
477 1659 732 1729 integras
762 1660 819 1712 et
851 1655 1132 1727 perfectas
1160 1656 1315 1725 apud
1351 1654 1558 1710 Mimas
1587 1656 1794 1721 casale,
1821 1673 1966 1728 quas

2099 503 2156 554 et
2188 498 2352 555 Petro
2383 499 2558 571 priori
2591 505 2648 556 et
2698 501 2966 557 universo
3017 500 3323 556 conventui
3355 501 3600 557 fratrum
3635 503 3750 559 sub

2098 587 2351 660 regulari
2383 588 2686 644 devotione
2713 590 2988 644 canonice
3018 590 3129 645 vite
3161 589 3376 646 ibidem
3410 591 3525 646 Deo
3555 592 3750 647 famu-

2097 675 2366 744 lantium,
2401 681 2520 732 tam
2553 676 2911 750 presentium
2943 695 3121 750 quam
3155 679 3506 746 futurorum,
3538 677 3752 736 domos

2097 763 2239 820 istas
2272 765 2654 838 subscriptus,
2690 783 2802 838 que
2835 771 2972 821 sunt
3000 766 3152 822 intra
3184 783 3384 822 muros
3427 767 3747 824 Ierusalem

2097 854 2179 920 ίεθ,
2205 853 2426 909 scilicet
2456 855 2696 910 domum
2725 855 2876 910 Petri
2900 855 3166 910 Bernaroi
3195 855 3478 924 canonici,
3499 857 3745 912 domum

2093 942 2338 998 Eurardi
2397 943 2680 1013 canonici,
2715 944 2852 1000 item
2911 945 3152 999 domum
3201 943 3438 1000 alterius
3495 945 3744 1001 Eurardi

2091 1031 2376 1101 canonici,
2405 1033 2646 1087 domum
2709 1033 3095 1099 Meinardi‘“,
3130 1034 3370 1088 domum
3417 1033 3742 1101 Garsionis,

2088 1119 2329 1176 domum
2388 1121 2623 1176 Galterii
2693 1122 3142 1190 Lentornior‘”,
3173 1123 3412 1177 domum
3463 1123 3741 1179 Bernardi

2087 1210 2620 1278 Bursarii,domum
2650 1209 3184 1279 Herluini,domum
3217 1210 3464 1279 Mabilie,
3491 1213 3738 1268 domum

2085 1297 2335 1370 Rogerii,
2371 1298 2564 1354 fratris
2595 1301 2934 1354 eorumdem
2965 1300 3398 1368 canonicorum,
3431 1306 3488 1356 et
3527 1301 3737 1357 statio-

2082 1403 2215 1442 nem
2251 1387 2544 1444 Guillelmi
2581 1390 2644 1422 ¹²³
2676 1388 2960 1455 Bastardi,
2995 1406 3241 1460 eamque
3273 1395 3518 1462 partem,
3550 1407 3730 1462 quam

2080 1474 2235 1531 idem
2268 1476 2618 1532 Guillelmus
2649 1477 2706 1532 in
2737 1478 2958 1534 mensis
2991 1478 3520 1533 nummulariorum
3542 1481 3605 1513 ‘3‘
3631 1479 3731 1535 ha-

2078 1564 2271 1620 bebat.
2310 1567 2422 1621 llas
2453 1565 2650 1638 itaque
2672 1567 2877 1622 domos
2908 1565 3123 1622 liberas
3153 1571 3210 1622 et
3241 1567 3468 1638 quietas
3499 1584 3604 1641 ego
3629 1585 3728 1624 rex

2078 1653 2252 1709 Fulco
2276 1657 2526 1711 concedo
2550 1661 2606 1711 et
2626 1657 2906 1711 confirmo
2949 1655 3246 1712 habendas
3279 1660 3332 1712 et
3365 1655 3731 1730 pos{sesjsio-

319 1748 506 1802 eidem
526 1745 766 1802 ecclesie
787 1750 844 1798 et
874 1743 1092 1798 eisdem
1125 1743 1405 1798 fratribus
1431 1745 1775 1800 Lambertus
1792 1745 1965 1800 Alsus
1995 1779 2044 1844 Β
2077 1759 2180 1797 nes
2209 1744 2274 1778 ¹²⁵
2303 1745 2688 1816 possidendas
2720 1744 2843 1800 iure
2878 1750 3155 1817 perpetuo
3185 1745 3440 1817 predicte
3485 1746 3726 1803 ecclesie

320 1835 621 1907 Neapolim
654 1835 713 1888 in
745 1831 1036 1905 presentia
1069 1832 1289 1887 domini
1324 1831 1614 1888 Guillelmi
1642 1833 1968 1904 patriarcbe

318 1929 375 1980 et.
405 1941 534 1980 mea
562 1929 618 1978 et
647 1923 843 1995 regine
867 1921 1203 1976 Milesendis
1237 1922 1492 1989 dederat,
1519 1928 1576 1977 et
1607 1921 1713 1978 hoc
1746 1924 1965 1979 donum

317 2013 374 2068 in
410 2030 586 2068 manu
607 2011 810 2083 prefati
844 2010 1050 2082 prioris
1081 2015 1352 2080 posuerat
1405 2011 1463 2064 in
1511 2011 1871 2067 helemosina
1901 2013 1966 2046 ¹⁰⁵

317 2119 419 2174 pro
452 2101 648 2156 anima
683 2099 875 2154 uxoris
907 2115 1010 2154 sue
1040 2097 1277 2171 Agnetis
1326 2103 1382 2154 et
1431 2116 1538 2154 sua
1568 2105 1622 2153 et
1654 2105 1962 2172 parentum

315 2206 578 2246 suorum.

386 2280 560 2334 Facta
589 2284 677 2333 est
709 2282 902 2332 autem
930 2276 1034 2332 hec
1067 2277 1366 2332 concessio
1396 2278 1551 2350 apud
1588 2281 1773 2333 Accon
1800 2280 1884 2346 ὀδ,
1918 2295 1959 2336 ιι

313 2383 497 2422 nonas
545 2365 892 2431 decembris,
939 2383 1090 2422 anno
1139 2366 1209 2420 ab
1270 2365 1667 2422 incarnatione
1726 2368 1957 2424 Domini

313 2473 624 2521 mcxxxvm,
654 2454 985 2510 videntibus
1015 2459 1072 2509 et
1103 2455 1478 2510 audientibus
1510 2456 1636 2511 istis
1673 2475 1684 2511 :

455 2545 678 2600 Prefato
701 2542 1501 2609 Guillelmo,lerosolimilano
1517 2547 1578 2580 ¹⁰⁷
1602 2547 1951 2617 patriarcha.

521 2634 795 2698 Iohanne,
830 2633 1016 2704 ipsius
1046 2634 1201 2688 Acon
1253 2633 1316 2668 ¹⁰⁸
1355 2633 1643 2706 episcopo.
1682 2636 1953 2703 Itoberto,

519 2722 945 2788 archidiacono.
999 2721 1301 2788 Balduino,
1354 2723 1716 2778 cancellario.
1766 2725 1950 2792 Petro,

519 2812 714 2884 regine
771 2809 1088 2882 capellano.
1124 2811 1430 2879 Hodierna,
1479 2812 1730 2884 Tripolis
1778 2816 1950 2869 comi-

516 2902 680 2957 tissa.
715 2899 955 2954 Ilaluisa
974 2902 1055 2954 10°.
1089 2900 1361 2955 Anselmo
1396 2902 1459 2934 ¹¹⁰
1489 2901 1559 2956 de
1594 2903 1744 2957 Bria.
1797 2905 1950 2958 Sada

516 2993 599 3058 1“,
634 2989 978 3045 marascallo
1011 2990 1094 3042 “3.
1133 2989 1406 3056 Iohanne,
1443 2991 1778 3047 camerario.
1812 2997 1947 3046 (lcr-

514 3081 670 3134 vasio
718 3079 1000 3150 Burguin.
1045 3080 1328 3134 Gunfrido
1377 3081 1448 3134 de
1492 3081 1764 3136 li‘reisnel.
1797 3084 1944 3137 Ade-

513 3169 674 3224 lardo
723 3169 794 3223 de
845 3149 1060 3222 Detest.
1109 3168 1432 3232 Goscelino,
1485 3171 1824 3238 camerario,
1861 3172 1944 3226 Si-
1973 3149 2016 3214 (ἶ

513 3275 684 3313 mone
709 3259 772 3291 ¹¹³
801 3257 872 3312 de
892 3256 1140 3328 Capella.
1192 3313 1205 3321 κ

370 3348 486 3419 Ego
520 3351 714 3402 autem
749 3344 959 3410 IIelias,
993 3345 1373 3401 cancellarius
1411 3347 1584 3418 regis,
1619 3347 1726 3403 hoc
1776 3349 1944 3422 privi-

296 3434 516 3507 legium
555 3434 788 3489 dictavi.

985 3523 1179 3579 XXXII
1202 3525 1266 3558 ¹¹⁶

363 3627 533 3667 ALIUD
575 3627 950 3667 Palvmmmu
991 3628 1265 3667 FULcoms
1305 3627 1468 3668 REGIS
1505 3631 1686 3672 τεηομ
1711 3617 1774 3650 ¹¹³
1799 3636 1870 3672 DE

701 3729 710 3733 -
755 3699 1011 3737 DOMIBUS
1051 3686 1484 3739 massam-mm.

363 3789 426 3844 In
459 3788 694 3843 nomine
725 3791 925 3843 sancte
969 3792 1024 3842 et
1072 3788 1366 3845 individue
1418 3790 1721 3849 Trinitatis
1754 3795 1937 3851 Patris

289 3882 347 3932 et
378 3877 504 3932 Filii
538 3881 594 3932 et
624 3877 879 3949 Spiritus
905 3876 1122 3943 Sancti,
1156 3894 1347 3934 amen.

358 3967 442 4021 Ad
476 3966 880 4021 removendam
931 3965 988 4020 in
1040 3971 1384 4038 perpetuum
1433 3986 1665 4027 omnem
1714 3972 1936 4030 calum-

288 4057 447 4110 niam
471 4057 532 4089 ¹¹⁷
562 4054 647 4110 vel
682 4054 1199 4110 contradictionem
1232 4073 1331 4112 seu
1363 4059 1687 4128 quamlibet
1715 4061 1938 4134 inquie-

285 4145 564 4202 tationem
589 4144 851 4199 omnium
885 4161 1310 4216 perversorum,
1333 4163 1436 4219 ego
1472 4149 1665 4216 Fulco,
1691 4169 1794 4222 per
1835 4153 1933 4209 Dei

283 4234 532 4306 gratiam
578 4250 676 4288 rex
725 4234 1059 4289 Latinorum
1108 4235 1325 4290 tercius
1357 4237 1670 4295 Ierusalem
1701 4242 1782 4308 ηδ,
1820 4260 1934 4299 una

283 4340 417 4378 cum
453 4340 697 4378 assensu
721 4322 1077 4378 Milisscndis
1109 4323 1303 4395 regine
1336 4325 1531 4382 uxoris
1563 4345 1687 4384 mee
1718 4336 1774 4386 et
1811 4331 1935 4386 Bal-

282 4409 447 4465 duini
481 4409 582 4464 filii
612 4409 746 4478 mei,
781 4416 985 4466 notum
1017 4415 1072 4465 et
1117 4417 1310 4466 ratum
1362 4414 1484 4468 ﬁeri
1537 4417 1756 4472 decrevi
1809 4424 1928 4474 tam

2077 1836 2132 1886 et
2162 1832 2425 1889 eiusdem
2457 1833 2752 1889 canonicis
2781 1834 2934 1889 etab
2966 1834 3122 1890 omni
3173 1835 3591 1891 consuetudine
3637 1854 3727 1892 so-

2075 1918 2248 1986 lutas,
2281 1922 2442 1977 salva
2463 1922 2698 1978 iustieia
2727 1922 2929 1994 regali,
2963 1939 3143 1994 quam
3173 1941 3270 1979 rex
3299 1925 3470 1980 debet
3509 1924 3724 1982 habere

2075 2009 2131 2063 in
2165 2010 2526 2067 helcmosina
2559 2013 2643 2069 ⁸³⁵.
2668 2029 2846 2084 quam
2878 2011 3002 2083 ipse
3027 2013 3126 2066 dat
3147 2017 3347 2068 sancte
3374 2012 3632 2070 ecclesia.
3656 2015 3722 2070 Et

2071 2103 2136 2153 ut
2163 2099 2265 2154 hec
2298 2101 2593 2156 concessio
2626 2100 2795 2155 firma
2824 2104 2877 2155 et
2908 2099 3250 2156 inconvulsa
3279 2101 3337 2156 in
3370 2107 3719 2174 perpetuum

2070 2189 2371 2257 consistat,
2403 2189 2687 2244 cartalam
2718 2189 2894 2245 istam
2926 2187 3143 2261 placuit
3176 2190 3331 2262 regio
3363 2189 3554 2263 sigillo
3587 2208 3718 2247 meo

2071 2277 2298 2331 munire
2326 2281 2383 2332 et
2413 2277 2880 2350 supscriptorum
2906 2279 2967 2311 ¹²τ
3000 2277 3237 2333 testium
3270 2278 3518 2334 veridico
3550 2281 3716 2336 testi-

2069 2365 2263 2420 monio
2294 2367 2684 2434 corroborare,
2718 2383 2967 2436 quorum
3002 2366 3240 2422 nomina
3271 2366 3377 2421 hec
3417 2372 3555 2422 sunt
3591 2385 3602 2424 :

2207 2454 2571 2523 Guillelmus,
2594 2455 2907 2511 Ierusalem
2927 2455 2989 2488 ¹²⁸
3023 2454 3372 2528 patriarcha.
3402 2456 3710 2525 Robertus,

2278 2544 2558 2600 Nazareth
2591 2544 2828 2600 electus.
2865 2544 3201 2612 Gaufridus,
3237 2545 3418 2601 abbas
3457 2545 3712 2617 Templi,

2275 2632 2621 2688 Guillelmus
2652 2634 2721 2688 de
2754 2633 2937 2689 Buris.
2974 2633 3260 2688 Rainerus
3309 2633 3517 2688 Bruns.
3555 2635 3711 2690 Bari-

2275 2739 2473 2776 sanus.
2511 2721 2833 2777 Balduinus
2863 2723 3190 2777 Ramcnsis.
3231 2722 3513 2789 Roardus,
3551 2728 3712 2779 Ieru-

2273 2809 2456 2865 salem
2482 2813 2546 2845 ¹²⁹
2575 2811 2913 2878 vicecomes,
2946 2810 3260 2866 Anselmus
3291 2811 3360 2867 de
3394 2812 3542 2868 Bria.
3569 2815 3711 2868 Ger-

2269 2898 2466 2955 vasius
2497 2900 2980 2972 Burgundiensis.
3017 2899 3264 2968 Ulricus,
3301 2901 3572 2974 Neapolis
3621 2901 3708 2956 vi-

2268 3005 2548 3043 cccomes.
2572 2989 2817 3044 Bernard
2831 3007 2897 3044 us
2919 2989 3148 3044 Vacers.
3188 2991 3492 3058 Iohannes,
3519 3007 3710 3046 came-

2266 3078 2475 3134 rarius.
2510 3079 2841 3133 Meinardus
2870 3079 2934 3112 ¹³⁰
2964 3079 3034 3133 de
3065 3079 3259 3134 Portu.
3292 3079 3554 3136 Niebola.

2131 3167 2298 3222 Facta
2318 3172 2406 3223 est
2436 3174 2630 3224 autem
2663 3167 2767 3223 hec
2799 3167 3096 3222 concessio
3128 3167 3388 3239 Neapoli,
3423 3186 3574 3224 anno
3626 3170 3700 3225 ab

2052 3255 2447 3312 incarnatione
2479 3256 2707 3312 Domini
2739 3274 3030 3312 mcxxxvm
3062 3261 3119 3310 et
3151 3273 3302 3312 anno
3334 3257 3700 3316 liberationis

2051 3351 2248 3401 sancte
2280 3346 2527 3402 civitatis
2559 3346 2873 3402 Ierusalem
2901 3347 2961 3382 ¹³¹
2991 3361 3183 3416 xxxix,
3215 3345 3530 3404 indictione
3582 3351 3701 3422 pri-

2049 3451 2166 3490 ma.

2121 3525 2186 3580 Et
2215 3525 2324 3581 hoc
2356 3525 2723 3599 privilegium
2755 3527 2956 3582 datum
2985 3530 3073 3582 est
3102 3543 3205 3599 per
3235 3543 3477 3584 manum
3516 3526 3699 3595 Helie,

2047 3615 2164 3688 regi
2177 3614 2244 3688 [s]
2278 3615 2627 3672 cancellarii.

2706 3704 2931 3760 XXXIII
2962 3706 3047 3760 ‘3’.

2116 3810 2254 3848 ITEM
2291 3811 2462 3849 ALIUD
2502 3810 2872 3850 PRIVILEGIUM
2912 3811 3188 3851 FULCONIS
3231 3812 3394 3851 REGIS
3431 3813 3612 3851 TERCII

2383 3882 2454 3920 DE
2491 3881 2844 3921 CAMBITIONE
2875 3866 2939 3899 ³³³
2974 3883 3238 3922 THECUHE
3269 3869 3354 3921 ‘3‘.

2118 3971 2181 4026 1n
2211 3971 2446 4027 nomine
2477 3977 2676 4028 sancte
2698 3977 2754 4028 et
2785 3973 3083 4028 individue
3106 3973 3410 4029 Trinitatis
3435 3972 3621 4028 Patris
3642 3977 3703 4028 et

2047 4059 2173 4114 Filii
2207 4065 2265 4114 et
2295 4059 2547 4131 Spiritus
2579 4061 2798 4130 Sancti,
2833 4077 3024 4118 amen.

2116 4151 2292 4222 Regio
2309 4151 2599 4207 unctionis
2621 4151 2904 4224 professio
2917 4152 3188 4224 regieque
3205 4153 3527 4208 maiestatis
3541 4151 3698 4225 equi-

2044 4243 2134 4294 tas
2157 4240 2333 4312 exigit
2364 4245 2421 4295 et
2450 4240 2726 4297 honestas
2767 4246 2830 4296 ut
2861 4242 2932 4310 is,
2967 4241 3066 4313 qui
3100 4241 3157 4295 in
3190 4246 3356 4297 trono
3388 4243 3544 4316 regio
3577 4258 3700 4296 me-

2044 4333 2203 4383 retur
2228 4329 2510 4384 divinitus
2542 4329 3256 4396 sublimari,ecclesiarum
3272 4331 3505 4387 studeat
3533 4329 3698 4386 deie-

2043 4418 2292 4472 ctionem
2344 4417 2570 4490 exigere
2602 4419 2664 4452 ¹³³
2697 4424 2750 4474 ct
2801 4435 2963 4474 sacre
3009 4419 3306 4491 religionis
3355 4418 3597 4485 cultum,
3634 4419 3696 4474 in

283 4499 654 4570 presentibus
685 4516 864 4570 quam
899 4499 1110 4555 futuris
1143 4503 1296 4571 quod
1329 4519 1432 4573 pro
1465 4503 1773 4562 animabus
1805 4525 1930 4578 pre-
1962 4517 2008 4581 D
2042 4506 2258 4577 quibus
2320 4506 2494 4579 digne
2545 4507 2777 4578 poterit,
2811 4507 3110 4580 ampliare.
3166 4508 3354 4563 Iluius
3395 4506 3696 4579 religionis

281 4586 652 4644 decessorum
686 4593 1018 4644 nostrorum
1047 4606 1251 4661 regum
1275 4607 1498 4646 necnon
1517 4598 1572 4647 et
1595 4595 1843 4666 propriis
1866 4599 1933 4632 “9

277 4675 493 4732 nostris
517 4681 574 4732 et
597 4682 904 4748 parentum
930 4681 1265 4732 nostrorum
1306 4679 1425 4734 sive
1457 4681 1631 4737 etiam
1664 4685 1928 4741 omnium

279 4763 540 4819 ﬁdelium
573 4766 978 4822 defunctorum
1011 4771 1068 4821 et
1099 4767 1350 4824 maxime
1389 4767 1644 4839 illorum,
1669 4775 1767 4844 qui
1801 4791 1928 4830 san-

275 4852 514 4924 guinem
549 4871 722 4909 suum
754 4854 840 4910 vel
876 4855 1149 4910 sudorem
1183 4873 1357 4911 suum
1391 4875 1493 4929 pro
1537 4860 1928 4932 adquisitione

279 4942 490 4998 Sancte
511 4947 681 4999 Terre
705 4945 1168 5012 dederunt,bona
1201 4945 1494 5003 voluntate
1522 4953 1577 5004 et
1597 4951 1852 5021 gratuita
1871 4959 1928 5010 et

340 5067 662 5140 “NVBLaput.
699 5067 764 5140 “_’°
791 5069 856 5134 A,
893 5067 937 5121 f0
955 5067 1044 5135 29,
1079 5082 1166 5135 νος
1204 5075 1266 5136 Β,
1300 5071 1340 5125 1"
1369 5072 1458 5140 39,
1489 5087 1567 5126 vo.

273 5137 338 5211 ’9‘
370 5138 430 5211 Β,
460 5111 810 5211 λιὶίιῗδδεηςιίίς.
843 5111 960 5211 Ἀ¹⁰⁵ᾉ
985 5111 1048 5206 Β,
1078 5113 1389 5197 elelnosina.
1446 5115 1534 5178 ’³0⁸
1564 5146 1621 5211 Β,
1649 5111 1848 5204 Αεὴΐῆιί

269 5208 573 5263 Anselmus.
664 5209 725 5241 ¹¹¹
761 5209 822 5275 Β,
856 5208 1014 5264 Sado.
1094 5212 1158 5245 ¹¹²
1190 5212 1251 5278 Β,
1280 5208 1658 5271 τηανεδεαὶειιζς.

271 5279 328 5332 Β.
393 5279 472 5355 ff“
513 5279 968 5355 B,[_her_usu_tem.
1047 5282 1109 5317 “7
1143 5283 1618 5355 B,calumpniam.

267 5348 449 5403 nardi.
509 5351 594 5419 ν¹²²
617 5351 677 5419 Β,
719 5352 786 5406 L0
823 5352 1074 5408 Tornaor.
1157 5355 1222 5388 ¹²³
1254 5355 1316 5419 Β,
1356 5348 1639 5414 Willelmi.

267 5420 331 5494 {’7
351 5418 623 5494 porriges
650 5418 1103 5494 subscriptorum.
1185 5426 1246 5460 ’³⁸
1264 5418 1617 5484 ΙΙιενιιδαιεηι.

267 5491 430 5565 I13},
468 5491 550 5559 r°;
585 5493 646 5558 B,
683 5494 726 5547 f0
754 5493 840 5561 41,
868 5491 935 5548 r°.
1015 5497 1080 5529 ³³³
1112 5496 1172 5565 Β,
1205 5497 1536 5554 concambio.

1648 5076 1709 5110 101
1740 5077 1778 5110 ῐὶ
1851 5080 1872 5110 Δ
1885 5079 2139 5110 ηιηηςωιιέ

1739 5077 1802 5141 Β,
1837 5079 2158 5135 Achonensi.
2263 5078 2333 5112 ¹⁰²
2365 5077 2613 5148 Manque

1739 5150 1848 5204 ton.
1928 5153 1992 5186 ¹⁰⁷
2027 5152 2090 5218 Β,
2124 5149 2613 5205 Iherosolimz'tano.

1739 5219 1803 5253 113
1836 5222 1897 5288 Β,
1932 5224 1948 5277 ἔ

2080 5238 2186 5276 me.
2250 5221 2403 5294 ΝΑ,
2441 5221 2485 5273 f0
2513 5221 2604 5287 30,
2638 5221 2898 5294 r°;ﬂB,ﬂIb
2924 5221 3016 5294 40,
3051 5228 3119 5274 r°.
3148 5220 3247 5294 _“5
3263 5219 3516 5294 Manque
3533 5219 3680 5294 dans

1699 5290 1762 5324 ¹¹⁸
1796 5292 1858 5358 Β,
1893 5290 2241 5350 lhérusalem.

1723 5361 1786 5394 "3"
1820 5364 1875 5430 Β,
1908 5366 2376 5420 numulariorum.

1696 5431 1761 5466 ¹²⁰
1791 5434 1851 5499 Β,
1886 5437 2237 5492 Iherusalem.

573 5501 646 5574 OB,
683 5501 726 5574 [ἓν
754 5501 811 5548 41
827 5537 848 5574 ,⁸
858 5502 969 5574 5°;
1015 5501 1080 5529 ³³³
1112 5501 1173 5574 Β,
1205 5501 1536 5574 οοηραηψςό.
1618 5501 1686 5574 {3‘
1718 5503 1780 5570 Β,
1820 5506 2038 5564 Thecue.

266 5562 330 5603 138
363 5562 428 5636 Β,
460 5565 757 5643 aspirante.
837 5567 902 5604 ¹³⁹
931 5567 994 5637 Β,
1024 5562 1199 5642 patris
1227 5570 1338 5626 sui.
1415 5571 1484 5606 “0
1509 5574 1571 5641 Β,
1604 5562 1956 5640 ΙΙιθναξςαιεὴι.

2044 4595 2453 4668 amplificando
2482 4595 2720 4664 intuitu,
2763 4613 2868 4670 ego
2900 4596 3115 4652 Fulcho
3139 4598 3224 4662 ³³⁵,
3249 4597 3346 4652 Dei
3378 4595 3565 4670 gratia
3598 4614 3696 4652 rex

2041 4683 2357 4739 Ierusalem
2391 4686 2454 4718 13"
2488 4685 2828 4741 Latinorum
2885 4687 3121 4754 tercius,
3157 4686 3492 4758 adspirante
3524 4686 3588 4719 ¹³³
3617 4685 3689 4740 ad

2040 4773 2147 4829 hoc
2179 4773 2481 4829 Milcsendi
2514 4774 2714 4847 regina
2737 4791 2912 4830 uxore
2934 4791 3194 4847 mea,pro
3215 4775 3471 4830 remedio
3497 4773 3693 4829 anime

2039 4864 2128 4918 sui
2190 4862 2373 4934 patris
2407 4864 2470 4897 ¹⁸⁹
2515 4863 2782 4919 Balduini
2839 4863 3012 4936 regis,
3068 4861 3492 4936 predecessoris
3550 4862 3685 4930 mei,

2036 4953 2244 5026 pieque
2302 4951 2583 5007 memorie
2614 4951 2904 5018 Balduini,
2937 4951 3109 5024 primi
3162 4951 3222 5008 in
3273 4950 3587 5008 Ierusalem
3622 4952 3689 4986 ¹⁴⁰

2263 5078 2333 5112 ¹⁰²
2365 5077 2615 5148 Manque
2648 5079 2795 5133 dans
2827 5078 2889 5132 B.

2263 5149 2613 5204 isolimz'tano.
2695 5150 2763 5183 ¹⁰⁸
2787 5151 2896 5204 Ach

2833 5166 2966 5205 σηοη
2975 5191 2987 5202 .

2989 5078 3054 5117 ὀδ
3084 5077 3148 5141 Β,
3183 5077 3680 5133 Iherosolz'morum.

3068 5150 3133 5183 ¹⁰⁹
3165 5148 3226 5213 Β,
3263 5149 3440 5204 Λιοὶε.
3520 5149 3585 5182 ¹¹⁰
3616 5153 3678 5215 Β,

2321 5292 2386 5325 ¹¹⁹
2418 5296 2628 5372 B‘,__pw_'o.
2725 5293 2790 5326 ¹²⁰
2819 5293 2880 5372 Β,
2914 5291 3305 5372 lher_usalqp_z._
3362 5289 3437 5372 “fl
3458 5290 3521 5357 Β,
3545 5289 3678 5372 alai-

2457 5363 2521 5396 ¹²⁵
2554 5363 2804 5434 Manque
2835 5363 2983 5418 dans
3006 5363 3066 5417 B.
3174 5363 3239 5396 ¹¹⁶
3265 5362 3328 5430 Β,
3361 5362 3678 5418 elemosina.

2461 5474 2474 5498 ,
2507 5433 2843 5489 Mainardus.
2921 5436 2982 5468 ¹³¹
3015 5435 3077 5502 Β,
3111 5433 3464 5489 Iherusalem.
3524 5434 3592 5467 ¹³²
3611 5435 3676 5504 Α,

2317 5435 2381 5468 ¹³⁰
2413 5435 2474 5498 Β,
2507 5433 2843 5489 Mainafdus.
2921 5436 2982 5468 ¹³¹
3015 5435 3077 5502 Β,
3111 5433 3464 5489 Iherusalem.
3524 5434 3653 5487 ¹³²Α

2317 5508 2546 5563 erigere.
2649 5506 2712 5540 ¹³⁶
2744 5505 2806 5563 Β.
2839 5507 3028 5563 Falco.
3134 5505 3195 5539 ¹³⁷
3227 5505 3292 5563 Β.
3324 5505 3653 5563 Hierusalem

2142 5507 2206 5541 ³³⁵
2227 5510 2290 5575 Β,
2317 5508 2546 5577 erigere.
2649 5506 2712 5540 ¹³⁶
2744 5505 2806 5574 Β,
2839 5507 3028 5564 Falco.
