3994 6070
373 257 526 317 ΗῗΠ

888 256 991 317 AD
1036 255 1544 319 GODEFRIDUM
1590 256 1925 318 APPEND.
1973 256 2049 316 ll.
2077 256 2492 320 -—MONUM.
2540 256 2640 318 DE
2683 255 2932 317 BELLO
2975 254 3250 316 SACBO.

3615 254 3780 317 “38

583 388 732 445 eius.
762 387 1051 446 Iohannes
1080 388 1307 446 Dunda.
1341 388 1686 446 Godel'ridns
1720 389 1792 446 de
1822 389 2011 446 Bursi.
2045 390 2101 457 Α
2130 388 2266 445 licet
2295 388 2603 447 ecclesiam
2634 388 2798 445 beate
2828 387 3108 445 memorie
3128 385 3455 445 Celestinus
3476 404 3649 464 papa,
3681 405 3787 463 ρει

587 477 881 534 Galterius
927 476 1200 535 Maldunz
1240 481 1323 533 ‘7’.
1356 478 1632 535 Arnulfus
1678 479 1751 534 de
1781 478 2014 535 Hames.

590 566 923 622 Barnardns
954 568 1019 603 ¹⁸⁰
1047 566 1279 623 Vacers.
1313 567 1648 624 Thebaldus
1678 568 1739 603 ¹⁸¹
1774 567 2016 623 Nazare-

592 673 723 711 nus.
756 654 1109 722 Willelmus,
1133 672 1314 729 nepos
1344 656 1692 729 patriarche.
1723 655 2019 713 Tebaldus

588 746 653 780 ¹⁸²
683 746 753 800 de
796 744 1163 801 Herlebecke.
1196 746 1367 815 Sado,
1402 746 1758 803 marescalus
1806 747 1870 781 ¹⁸³
1918 746 2016 802 Gi-

585 832 784 888 raldns
817 832 1129 895 Passerels.
1160 833 1511 890 Eustachius
1541 834 1613 890 de
1645 834 1885 891 Roitest.

511 922 593 978 De
636 921 950 978 Ierusalem
982 922 1047 957 ³⁸⁸
1081 938 1094 977 :
1127 922 1397 991 Alardus',
1440 922 1631 979 miles.
1683 922 2013 981 Hildredus.

582 1010 864 1087 Sigerius.
896 1010 1252 1069 Humbertus
1282 1028 1415 1068 cum
1448 1012 2017 1080 barba.l\lilo,eame-

581 1099 791 1155 rarius.
828 1098 1163 1157 Bakelarius
1194 1101 1280 1155 ηδ.

509 1188 589 1244 De
618 1189 807 1245 Accon
849 1189 913 1224 ¹⁸⁶
946 1205 959 1244 :
996 1188 1331 1246 Meinardus
1381 1191 1445 1225 “7
1494 1192 1564 1246 de
1604 1190 1796 1246 Portu.
1847 1190 2016 1246 Nico-

580 1274 709 1333 laus
750 1278 814 1312 ¹⁸⁸
845 1277 1046 1334 Dorez.
1086 1278 1379 1337 Albricus.
1408 1281 1740 1337 Aurentius.
1777 1280 2015 1336 Rotlan-

579 1366 690 1423 dus
717 1368 783 1402 “'9
814 1366 1112 1424 Lueensis.

509 1456 590 1511 De
620 1455 943 1529 peregrinis
965 1462 1157 1513 autem
1187 1475 1199 1513 :
1225 1458 1328 1513 -Ivo
1354 1458 1425 1515 de
1446 1458 1688 1531 Nigella.
1711 1458 2012 1529 Arnull‘us,

581 1546 971 1601 Teruanensis
993 1547 1328 1603 advocatus.
1354 1548 1720 1621 Ingelramus
1753 1549 1823 1604 de
1845 1550 2010 1605 Bova.

580 1631 906 1689 Richardus
954 1633 1024 1689 de
1068 1634 1416 1691 Herecurch.
1465 1635 1788 1692 Anskcrins
1836 1638 1901 1673 ¹⁹⁰
1943 1637 2016 1692 de

579 1722 781 1790 Encre,
805 1727 862 1777 et
890 1720 988 1777 alii
1021 1723 1420 1796 quamplures.

437 1810 497 1867 Si
517 1810 650 1882 quis
671 1809 991 1883 igitur,tam
1016 1812 1247 1869 ﬁrmam
1269 1812 1445 1869 huius
1465 1814 1544 1870 rei
1568 1814 2010 1888 inscriptionem

364 1899 576 1967 sciens,
608 1903 813 1955 contra
841 1915 970 1954 eam
1001 1914 1149 1955 ausu
1180 1904 1333 1956 teme
1363 1901 1471 1973 (ra)
1502 1900 1585 1957 rio
1612 1902 1807 1958 venire
1827 1901 2013 1958 autin

365 1987 562 2060 aliquo
590 1987 889 2045 inﬁrmare
920 1988 1525 2062 presumpserit,sicut
1552 1996 1748 2046 nostre
1777 1990 2011 2048 institu-

364 2076 542 2132 tionis
572 2081 630 2133 et
658 2076 989 2133 communis
1018 2078 1231 2132 decreti
1262 2082 1662 2151 transgressor
1681 2084 1877 2136 nostro
1896 2097 2013 2136 ma-

362 2163 692 2222 ledictionis
720 2168 775 2220 et
805 2163 1002 2220 anima
1031 2165 1106 2237 (d)
1140 2165 1421 2223 versionis
1436 2167 1726 2223 sententia
1746 2168 2007 2237 feriatur,

363 2257 421 2310 et
449 2262 645 2310 eterno
674 2253 1046 2310 anathemate
1070 2270 1406 2326 percussus,
1439 2255 1488 2310 si
1519 2272 1632 2311 non
1675 2257 2007 2329 resipuerit,

364 2358 432 2397 ex
459 2343 914 2415 prescriptarum
964 2342 1178 2397 indicio
1228 2360 1611 2414 personarum
1655 2344 2008 2418 inextingui-

362 2429 580 2486 bilibus
608 2430 869 2504 gehenne
889 2430 1125 2504 ignibus
1145 2432 1434 2501 tradatur,
1457 2432 1582 2489 sine
1603 2435 2008 2490 retractatione

362 2524 642 2593 perpetuo
673 2520 1027 2593 puniendus.
1059 2522 1263 2576 Amen.

435 2609 579 2666 Data
627 2608 1002 2677 Ierosolimis,
1045 2609 1217 2665 nonis
1264 2610 1562 2681 februarii,
1617 2628 1718 2683 per
1766 2629 2005 2667 manum

363 2698 542 2769 Belis,
569 2699 724 2773 regis
751 2697 1105 2765 cancellarii,
1138 2716 1291 2754 anno
1322 2699 1613 2756 dominice
1654 2699 2006 2756 incarnatio-

365 2787 456 2846 nis
484 2805 799 2854 Mcxxxvui,
828 2786 1143 2845 indictione
1175 2788 1368 2860 prima
1398 2789 1461 2824 ¹⁹¹

1018 2903 1236 2960 XXXIV
1266 2905 1350 2960 ¹⁹².

364 3006 517 3054 PBTVI
530 3012 741 3053 μεριοΜ
784 3010 1071 3063 ΒΔῙιΒυΙΝΙ,
1105 3011 1268 3050 REGIS
1310 3012 1640 3052 LATINORUM
1672 3014 1900 3063 QUARTI,
1932 3014 2005 3053 AD

433 3084 742 3124 CANONICOS
783 3084 853 3123 DE
890 3083 1267 3123 CON'CESSIONE
1302 3084 1530 3124 CASALIS
1558 3085 1711 3131 QUOD
1747 3086 2008 3125 VOCA'I‘UR

428 3156 666 3203 THEGUE.

433 3243 499 3294 In
530 3236 770 3296 nomine
799 3241 998 3294 sancte
1027 3241 1084 3293 et
1103 3235 1400 3294 individne
1422 3237 1724 3296 Trinitatis
1744 3238 1931 3295 Patris
1952 3244 2009 3295 et

364 3328 492 3384 Filii
520 3332 577 3384 et
605 3324 858 3399 Spiritus
888 3325 1107 3393 Sancti,
1138 3342 1331 3381 amen.

433 3418 553 3483 Qne
585 3433 688 3489 pro
719 3415 871 3470 bono
918 3414 1077 3487 pacis
1129 3414 1280 3471 facta
1306 3415 1394 3471 vel
1423 3416 1523 3490 pia
1559 3416 1795 3473 fuerunt
1824 3418 1889 3452 ¹⁰³
1919 3416 2006 3471 in-

362 3505 622 3560 tentione
651 3508 930 3572 statuta,a
981 3504 1227 3571 cunctis,
1263 3503 1515 3561 maxime
1556 3511 1754 3562 autem
1786 3523 1821 3562 a
1851 3505 2011 3579 regia

363 3592 819 3665 magniﬁcentia,
855 3608 988 3648 cum
1020 3592 1179 3647 omni
1210 3598 1349 3649 sunt
1376 3592 1772 3650 sollicitudine
1809 3595 2006 3650 obser-

360 3681 572 3750 vanda,
606 3697 678 3736 ne
708 3685 810 3735 aut
840 3681 1166 3736 mutatione
1186 3684 1515 3754 temporum
1541 3700 1573 3738 a
1594 3684 1893 3756 sequentis
1916 3700 2010 3755 po-

364 3768 647 3826 steritatis
674 3768 957 3825 memoria
987 3767 1312 3837 deleantur,
1345 3775 1447 3825 aut
1472 3787 1875 3842 perversorum
1908 3772 2011 3828 ho-

364 3858 594 3915 minum
623 3856 864 3914 sinistra
892 3857 1329 3929 perturbatione
1358 3856 1653 3931 aliquibus
1692 3860 2009 3917 dissensio-

364 3964 510 4005 num
534 3945 828 4019 scrupulis
865 3946 1237 4020 postmodum
1287 3952 1710 4020 pervertantnr.
1760 3950 2011 4007 Proinde

363 4053 469 4110 ego
500 4035 844 4104 Balduinus,
870 4034 973 4091 Dei
1020 4035 1211 4108 gratia
1241 4040 1442 4093 sancte
1472 4036 1784 4095 Ierusalem
1816 4040 1882 4075 ¹⁰⁴
1911 4055 2012 4096 rex

366 4124 707 4182 Latinorum
737 4127 1005 4197 quartus,
1037 4128 1235 4181 nostre
1265 4128 1324 4182 et
1368 4124 1748 4184 ecclesiarum
1788 4128 1917 4201 paci
1947 4130 2009 4184 in

363 4217 664 4289 posterum
693 4213 1025 4286 providens,
1056 4212 1240 4282 illam,
1275 4231 1451 4286 quam
1482 4219 1646 4288 pater
1689 4232 1856 4273 meus
1886 4218 2013 4273 Ful-

364 4304 472 4361 cho
503 4304 569 4339 ¹⁹⁶
597 4301 690 4376 pie
720 4303 1020 4374 memorie,
1054 4301 1304 4360 illustris
1333 4320 1430 4359 rex
1463 4304 1775 4361 Ierusalem
1805 4308 1871 4343 ¹⁰⁶
1903 4309 2009 4363 La-

364 4393 621 4450 tinorum
651 4392 888 4459 tercius,
921 4396 979 4448 et
1010 4397 1196 4448 mater
1217 4409 1347 4449 mea
1368 4393 1705 4451 Milesendis
1726 4396 1789 4432 ¹⁹⁷
1811 4395 2012 4469 regina

362 4499 469 4555 pro
500 4499 609 4539 sua
638 4482 1230 4555 predecessorumque
1256 4498 1498 4538 suorum
1530 4482 1719 4539 salute
1750 4500 1884 4539 cum
1916 4502 2010 4541 ca-
2040 4500 2086 4566 Β

365 4571 589 4628 nonicis
639 4571 868 4627 Domini
920 4571 1185 4644 Sepulcri
1236 4572 1300 4606 ¹⁹⁸
1343 4572 1414 4627 de
1460 4572 1882 4644 temporalibus
1913 4574 2007 4630 he.

364 4660 593 4717 neﬁciis
618 4662 691 4718 ad
712 4659 1020 4718 ecclesiam
1060 4660 1254 4717 Sancti
1287 4660 1505 4730 Lazari,
1540 4678 1652 4733 quo
1699 4661 1759 4718 in
1802 4662 2009 4718 Betha-

324 4800 329 4807 .
365 4748 463 4804 nia
492 4750 608 4805 sita
637 4754 744 4819 est,
777 4750 1209 4822 pertinentibus
1248 4749 1454 4818 fecere,
1486 4750 2005 4807 commutationem

363 4837 716 4904 collaudo,et
742 4855 844 4910 per
872 4843 1202 4910 presentem
1232 4838 1508 4911 paginam
1538 4840 1912 4908 conﬁrmans,
1946 4840 2008 4897 in

362 4931 710 5000 perpetuum
739 4926 1027 4983 illibatam
1056 4926 1339 4982 custodiri
1367 4927 1826 4995 decerno.Quam
1856 4930 2010 4987 vide-

2042 1761 2091 1827 B

2125 483 2280 535 tente
2309 483 2367 535 et
2396 477 2751 536 assentiente
2780 475 3090 533 Guillelmo
3116 477 3200 545 η’,
3226 475 3687 535 Ierosolimitano
3708 478 3782 513 ²⁰⁰

2125 567 2479 641 patriarcha,
2510 571 2568 623 et
2596 566 3052 624 concedentibus
3081 564 3366 622 universis
3395 564 3636 623 ecclesie
3664 572 3779 623 Do-

2125 655 2327 712 minici
2359 656 2620 729 Sepulcri
2673 655 2999 723 canonicis,
3028 654 3089 710 in
3142 654 3372 711 abbatie
3410 654 3651 711 titulum
3680 672 3781 713 sn-

2124 744 2410 811 blimavit,
2441 749 2498 801 et
2526 761 2642 800 non
2675 743 2873 800 minus
2903 742 3228 816 predictam
3258 744 3779 801 commutationem

2124 838 2316 891 ratam
2367 839 2425 890 et
2471 833 2811 890 inviolatam
2860 849 3096 889 manere
3143 832 3466 901 constituit,
3509 832 3782 890 videlicet

2125 924 2280 995 qubd
2311 922 2578 980 canonici
2600 922 2889 978 Dominici
2912 920 3219 994 Sepulchri
3238 920 3430 979 casale
3450 922 3777 994 quoddam,

2124 1012 2358 1068 Thecue
2404 1011 2658 1081 nomine,
2711 1028 2846 1067 cum
2897 1010 3173 1068 omnibus
3211 1009 3578 1083 pertinentiis
3626 1010 3777 1079 suis,

2124 1104 2246 1156 tam
2277 1100 2337 1156 in
2368 1100 2537 1157 terris
2567 1117 2745 1173 quam
2777 1100 2836 1155 in
2868 1098 3021 1156 villis
3053 1100 3140 1168 ²⁰¹,
3164 1104 3221 1155 et
3247 1098 3524 1155 Beduinis
3548 1115 3780 1157 eorum-

2123 1205 2237 1260 que
2266 1188 2602 1257 heredibus,
2636 1188 2911 1245 omnibus
2942 1187 3165 1244 scilicet
3210 1187 3313 1260 qui
3357 1189 3429 1244 ab
3470 1188 3777 1245 obsidione

2120 1276 2425 1333 Antiochia
2453 1294 2643 1349 usque
2674 1276 2844 1333 hodie
2875 1276 3132 1332 dominis
3174 1276 3395 1334 eisdem
3426 1275 3638 1334 casalis
3668 1293 3777 1350 pro

2122 1366 2313 1439 ipsius
2342 1366 2712 1439 pertinentiis
2740 1370 2796 1421 et
2817 1364 3221 1421 adiacentibus
3241 1365 3480 1439 pascuis
3510 1365 3780 1422 redditus

2123 1455 2356 1527 aliquos
2414 1454 2730 1512 exsolvisse
2786 1455 3178 1511 dinoscuntur
3219 1459 3323 1510 aut
3373 1455 3775 1525 dinoscentur,

2124 1543 2382 1603 solutum
2412 1548 2470 1601 et
2498 1543 2763 1616 quietum
2790 1543 2915 1598 iure
2944 1548 3223 1616 perpetuo
3254 1559 3322 1598 ea
3351 1542 3639 1612 libertate,
3658 1561 3780 1616 qua

2123 1639 2289 1708 pater
2318 1651 2485 1690 meus
2533 1632 2813 1689 habuisse
2864 1632 3207 1700 dinoscitur,
3241 1649 3312 1688 ex
3356 1633 3508 1688 dono
3554 1649 3684 1689 meo
3717 1637 3779 1691 et

2122 1720 2496 1779 concessione
2544 1737 2675 1777 mea
2723 1719 3079 1792 possideant.
3118 1724 3187 1776 Et
3214 1720 3360 1776 illud
3390 1721 3477 1777 eis
3503 1738 3539 1778 a
3585 1721 3778 1779 tocius

2121 1810 2414 1867 calumnie
2442 1811 2510 1846 ²⁰²
2539 1809 2958 1884 impedimento
2990 1826 3085 1866 me
3115 1809 3494 1869 defensurum
3517 1825 3585 1868 ex
3613 1827 3777 1866 nunc

2120 1904 2177 1956 et
2206 1899 2482 1972 deinceps
2509 1897 2803 1971 polliceor,
2836 1898 3161 1955 concedens
3193 1903 3257 1953 ut
3288 1898 3370 1972 (T)
3397 1898 3644 1956 becuani
3673 1898 3780 1957 ha-

2119 1988 2397 2046 bitatores
2426 2005 2461 2042 a
2491 1987 2717 2044 Mortuo
2748 1986 2898 2043 mari
2927 1986 3191 2044 bitumen
3220 1986 3390 2054 illud,
3411 1988 3567 2060 quod
3596 1985 3777 2062 vulgo

2118 2077 2335 2133 dicitur
2362 2085 2573 2143 catran,
2606 2076 2787 2132 libere
2813 2075 3109 2150 colligant,
3143 2080 3339 2132 etnon
3357 2076 3555 2135 minus
3584 2076 3675 2133 sal
3694 2076 3775 2135 de

2118 2165 2260 2221 locis
2271 2165 2487 2221 circum
2495 2165 2564 2222 ad
2574 2165 2902 2221 iacentibus
2914 2163 3230 2222 tollant.0b
3244 2181 3493 2238 quorum
3505 2164 3776 2227 omnium

2118 2255 2664 2321 commutationem,
2699 2253 3075 2312 laudamente
3107 2257 3163 2311 et
3191 2253 3342 2311 dono
3374 2254 3575 2311 domui
3606 2253 3777 2313 Guil-

2118 2342 2276 2399 lelmi
2309 2344 2399 2411 '03,
2432 2342 2747 2400 Ierusalem
2790 2344 2859 2380 ²⁰⁴
2889 2341 3241 2417 patriarcha,
3272 2343 3479 2403 Petrus
3527 2343 3685 2417 prior
3712 2347 3777 2400 et

2119 2431 2363 2505 predicti
2394 2430 2658 2505 Sepulcri
2674 2431 2907 2488 Domini
2928 2432 3191 2488 canonici
3212 2448 3280 2488 ac
3308 2433 3518 2489 lratres
3540 2431 3768 2491 Matildi

2119 2521 2413 2578 abbatisse
2445 2526 2501 2576 et
2546 2520 3098 2579 sanctimonialibus
3146 2521 3207 2576 in
3256 2522 3480 2594 prefata
3523 2520 3776 2579 ecclesia

2118 2610 2463 2684 regulariter
2493 2610 2733 2667 statutis
2773 2609 2893 2667 sive
2924 2610 3355 2667 substituendis
3383 2610 3455 2666 ad
3484 2610 3599 2667 vite
3624 2615 3774 2668 tem-

2115 2698 2334 2772 poralis
2364 2698 2857 2756 sustentationem
2877 2703 2998 2755 tam
3018 2698 3249 2755 ediﬁcia
3276 2715 3455 2773 quam
3484 2697 3774 2756 beneﬁcia

2115 2792 2172 2844 et
2200 2789 2407 2845 domos
2442 2788 2515 2844 ad
2564 2789 2810 2845 eandem
2857 2786 3164 2845 ecclesiam
3213 2788 3589 2863 pertinentes,
3642 2792 3768 2843 tam

2115 2882 2276 2933 extra
2306 2894 2482 2951 quam
2513 2877 2667 2933 infra
2693 2876 3006 2934 Ierusalem
3038 2878 3107 2912 ²⁰⁵
3138 2875 3669 2951 sitas,villanosque
3696 2893 3769 2932 ac

2116 2966 2405 3035 Beduings
2425 2983 2529 3023 seu
2541 2966 2803 3025 eiusdem
2816 2965 3162 3039 pertinentie
3173 2965 3407 3031 casalia,
3426 2965 3760 3035 Benehatie,

2116 3055 2508 3125 Benehabetb;
2559 3057 2880 3130 Ragabam,
2939 3056 3183 3125 Romah,
3229 3056 3429 3113 omnia
3470 3054 3577 3113 hec
3621 3070 3761 3113 cum

2037 3130 2082 3199 C
2119 3146 2244 3203 suis
2284 3144 2624 3203 adiacentiis
2672 3144 2865 3203 soluta
2909 3149 2968 3202 et
3013 3144 3230 3219 quieta,
3269 3146 3425 3202 sicut
3467 3149 3641 3202 antea
3687 3143 3764 3200 ab

2118 3235 2263 3309 ipsis
2286 3235 2471 3292 libere
2523 3239 2664 3291 sunt
2705 3252 2998 3307 possessa,
3030 3235 3380 3304 concedunt,
3411 3238 3470 3291 et
3496 3234 3571 3291 ab
3600 3231 3765 3291 omni

2116 3325 2341 3383 decime
2370 3323 2693 3381 redditione
2740 3323 2924 3381 libera
2970 3323 3353 3392 dimittentes,
3386 3341 3423 3381 a
3452 3322 3642 3381 tocius
3673 3338 3770 3381 ca-

2114 3414 2488 3472 lumniatoris
2516 3414 2583 3450 ²⁰⁶
2605 3413 2824 3470 iniuria
2852 3430 2914 3471 se
2943 3413 3285 3471 defensuros
3326 3412 3449 3469 fore
3484 3410 3771 3471 canonica

2115 3502 2530 3578 pollicitatione
2578 3503 2947 3577 promittunt.
2981 3502 3055 3560 Ut
3100 3507 3299 3559 autem
3341 3500 3520 3558 huius
3561 3504 3769 3558 sancte

2116 3593 2595 3649 commutationis
2626 3596 2684 3647 et
2712 3591 3147 3648 constitutionis
3170 3607 3303 3648 mea
3320 3590 3617 3649 concessio
3637 3594 3772 3647 rata

2117 3686 2175 3737 et
2211 3680 2553 3737 inconvulsa
2599 3685 2954 3754 permaneat,
2988 3686 3321 3753 presentem
3368 3680 3642 3754 paginam
3694 3678 3769 3735 de

2116 3770 2509 3846 predietarum
2532 3787 2728 3827 rerum
2748 3768 3110 3828 ordinatione
3140 3769 3552 3842 conscriptam,
3587 3767 3769 3842 sigilli

2117 3861 2231 3917 mei
2262 3859 2624 3934 appositione
2653 3860 3157 3929 munitam,ratam
3186 3858 3246 3914 in
3276 3863 3624 3932 perpetuum
3644 3874 3770 3914 ma-

2118 3967 2253 4007 nere
2283 3949 2553 4014 decerno,
2583 3952 2641 4005 et
2668 3947 3064 4022 legitimorum
3090 3948 3637 4022 virorum,quorum
3667 3946 3767 4003 hic

2117 4038 2570 4097 subscribuntur
2593 4037 2850 4110 nomina,
2881 4036 3133 4094 veridico
3162 4037 3497 4094 testimonio
3527 4036 3766 4093 roboreo

2116 4132 2241 4185 tam
2278 4127 2735 4184 conservandam
2784 4130 3053 4184 secuture
3100 4125 3428 4200 posteritati
3475 4124 3771 4198 relinquo-

2118 4217 2303 4274 Huius
2333 4217 2414 4272 rei
2446 4233 2583 4289 ergo
2614 4219 2789 4273 testes
2820 4219 2958 4271 sunt
2976 4216 3044 4250 ²⁰⁷

2260 4304 2628 4372 Guillelmus,
2654 4302 2969 4361 Ierusalem
2999 4305 3067 4340 ²⁰⁸
3097 4303 3515 4378 patriarcha,et
3542 4302 3647 4378 qui
3677 4319 3770 4361 se-

2332 4399 2596 4468 quuntur
2612 4395 2708 4448 1°”:
2730 4393 3072 4463 Balduinus,
3091 4393 3565 4468 archiepiscopus
3594 4395 3770 4451 Cesa-

2331 4483 2561 4541 riensis.
2615 4483 2933 4552 Robertus,
2988 4482 3467 4556 archiepiscopus
3522 4482 3770 4538 Nazare-

2329 4590 2442 4629 nus
2461 4574 2547 4627 ²¹⁰.
2573 4571 2786 4640 Helias,
2819 4572 3130 4645 episcopus
3161 4570 3632 4645 Tyberiadensis.
3661 4571 3772 4625 Ro-

2327 4661 2963 4735 gerius,Ramathensis
2994 4661 3324 4735 episcopus.
3341 4660 3647 4718 Reinerius
3676 4660 3768 4728 3“,

2329 4750 2697 4807 Sebastensis
2725 4749 3055 4823 episcopus.

2260 4838 2594 4906 Gaufridus,
2636 4839 2817 4895 abbas
2870 4837 3095 4911 Templi
3139 4838 3393 4895 Domini.
3440 4836 3773 4895 Sebebran-

2328 4928 2647 4998 dus,abbas
2676 4928 2887 4985 Sancte
2918 4928 3097 4984 Marie
3137 4928 3360 4985 Latine.
3393 4928 3620 4997 Petrus,
3654 4926 3770 4981 Do-

437 5124 503 5160 ‘7'
534 5122 591 5192 Β,
623 5121 881 5179 Halduz'z.
959 5122 1025 5158 ¹⁸⁰
1056 5122 1119 5191 Β,
1150 5123 1483 5181 Bernardus.
1563 5124 1626 5160 ¹⁸ί
1661 5124 1726 5193 Β,
1763 5125 2009 5182 Τὶὁαιάω

2128 5127 2182 5162 κ⁸²
2212 5126 2276 5193 Β,
2311 5123 2583 5192 Tibaldus,
2662 5124 2727 5159 1⁸³
2758 5123 2821 5192 Β,
2851 5124 3233 5181 marescalcus.
3312 5122 3380 5158 ¹⁸⁴
3422 5121 3488 5189 Β,

366 5194 491 5252 lem.
566 5195 632 5233 ¹³³
663 5195 725 5259 Β,
774 5193 1151 5264 Bachalarius.
1227 5195 1292 5230 ⁸⁸⁸
1341 5196 1399 5262 Β,
1446 5195 1660 5253 Achati.
1714 5191 1800 5232 ’¹⁸⁷
1847 5201 1911 5264 Β,
1967 5197 2009 5253 Ι

2128 5191 2302 5254 ardua.
2379 5196 2446 5231 ¹⁸⁸
2480 5198 2542 5260 Β,
2572 5191 2894 5254 ΝἰεΙιοιααε.
2973 5196 3039 5232 α’
3084 5199 3149 5264 B,
3193 5192 3512 5251 Rallandus.
3592 5191 3661 5228 ¹⁹⁰
3703 5192 3770 5259 B,

364 5265 709 5339 ᾼηηεςιιενίαθ,
788 5266 850 5300 ¹⁹¹
882 5263 1042 5339 Cette
1088 5265 1373 5339 derniere
1396 5266 1613 5339 phrase
1641 5284 1897 5339 manque
1925 5269 2009 5325 dei

2128 5272 2164 5325 ι.
2244 5269 2310 5304 ιοι
2342 5268 2409 5339 Α,
2436 5267 2481 5323 ro
2508 5268 2598 5337 33,
2632 5281 2727 5336 r°;
2759 5268 2817 5333 Β,
2851 5267 2897 5321 r-
2927 5268 3016 5334 46,
3049 5282 3127 5322 vo.

365 5336 425 5402 Β,
455 5335 807 5410 ιήεῇιρδαιειῃ.
886 5336 1041 5410 ΨΒ,
1070 5337 1261 5410 Falco.
1308 5335 1489 5410 VWB,
1519 5335 1869 5410 therusalein.
1948 5343 2009 5377 ηπ

2139 5338 2485 5396 Μίιίδδεηάίε.
2563 5335 2627 5374 ¹⁹⁸
2662 5339 2720 5406 B,
2747 5338 3001 5410 Sepulcri
3020 5339 3262 5410 Domini.

1908 5413 2009 5485 qui

2128 5428 2233 5485 nne
2260 5411 2527 5485 vitantis,
2543 5427 2636 5466 me
2662 5405 2871 5485 parsit
2916 5408 3275 5485 me_illeure._
3314 5409 3383 5485 ’°_’
3413 5407 3475 5474 B,
3501 5405 3773 5485 icalumpcl

362 5422 471 5464 mo.
544 5406 613 5479 ’99
641 5411 706 5479 β,
737 5407 1227 5479 ζῂβτοδοιίτηίιαηο.
1303 5408 1367 5445 ²⁰¹
1402 5406 1483 5465 La
1519 5407 1684 5479 lecon
1714 5410 1784 5479 de
1815 5411 1854 5466 Β

3205 5267 3271 5350 ίξδ
3297 5265 3647 5371 Βὴίυενὶηι..
3704 5263 3773 5299 ω

3205 5355 3262 5392 ιι.
3451 5335 3517 5392 Β.
3553 5335 3773 5392 ιγιιιει-

3498 5378 3517 5406 ,
3553 5335 3773 5406 "(una

550 5477 617 5513 ²ο³
641 5454 713 5545 ’ἑξ
737 5454 1280 5553 ’ἰῇὶῐέιῖξῖ⁷”ῖόίίΒ,
1330 5454 1684 5538 manu;
1714 5454 2009 5553 “iurari;

2128 5454 2322 5539 iliém.
2398 5482 2466 5517 ²⁰⁶
2493 5454 2556 5547 l3,
2586 5454 3063 5553 εαιιῖῆίῇιὶαιονίδ.
3138 5481 3206 5516 ²⁰⁷
3238 5481 3304 5551 Β,
3332 5454 3508 5538 Huius
3536 5493 3663 5553 ergo
3693 5454 3776 5535 ἶαί

362 5557 493 5609 sunt
516 5556 688 5609 testes.
764 5549 832 5586 ²⁰³
864 5548 925 5621 Β,
957 5550 1310 5610 Iherusalem.
1385 5552 1454 5588 εον
1480 5552 1540 5624 Β,
1568 5560 1847 5612 secuntur.
1904 5548 1992 5592 "1°

2128 5552 2412 5613 Nazareth.
2489 5552 2555 5588 ²¹¹
2589 5553 2652 5623 Β,
2687 5548 3001 5611 Ηαῖπενίυις.
