3994 6070
251 262 408 325 “99

1256 257 1758 324 CARTULAIRE
1799 260 1906 321 DU
1951 259 2181 320 SAINT
2228 259 2651 331 SEPULCRE.

3502 259 3660 319 1130

455 393 659 449 minici
691 390 958 464 Sepulcri
1002 391 1179 463 prior.
1207 391 1511 460 Henricus,
1535 391 1746 446 Montis
1777 390 1893 446 Oli-
1925 394 1984 458 Α
2009 390 2157 450 siam
2191 393 2379 454 sancti
2411 390 2695 463 Sepulcri,
2729 390 2951 448 oblacio
2982 391 3084 448 illa
3130 407 3245 463 non
3294 390 3404 448 erit
3432 409 3656 450 eorum.

449 483 564 538 veti
595 481 774 554 prior.
809 481 1198 547 Raimundus,
1243 479 1559 552 HOSpitalis
1588 479 1885 553 magister.

453 572 651 628 Petrus
711 569 1028 626 Guillelmi.
1099 568 1432 640 Stephanus
1505 570 1576 625 de
1634 569 1883 642 Capella.

447 657 796 715 Guillelmus
828 655 1037 715 Pauco.
1081 657 1399 714 Gaul'ridus
1431 662 1487 712 et
1520 657 1881 726 Fulcherius,

445 749 617 806 ambo
648 748 715 783 ²¹²
763 747 972 804 fratres
1012 746 1238 817 Templi
1289 745 1661 802 Salomonici.
1694 747 1883 804 Gode-

444 837 652 904 fridus,
706 835 1113 892 thesaurarius
1162 834 1404 891 ecclesie
1455 834 1717 907 Sepulcri
1770 837 1881 892 Do-

445 927 608 984 mini.
659 924 1027 992 Guillelmus,
1079 923 1430 996 prepositus.
1484 925 1688 980 Petrus
1747 926 1877 980 Ber-

445 1014 633 1070 nardi.
705 1015 910 1070 Petrus
975 1013 1485 1072 Barchinonensis.
1543 1013 1876 1070 Nicholaus.

447 1105 791 1160 Lambertus
842 1103 1115 1160 Grossus.
1161 1103 1512 1158 Bertrandus
1560 1103 1630 1158 de
1679 1103 1874 1162 Pedio.

445 1193 721 1266 Magister
759 1193 932 1249 Beda.
978 1192 1246 1260 Obertus,
1277 1190 1576 1247 Gamaliel.
1608 1191 1878 1248 Giraldus

441 1283 780 1340 Bastardus.
814 1281 1027 1342 Moises
1059 1282 1145 1335 “3.
1179 1280 1515 1336 Bonel‘atius
1547 1282 1631 1336 3“.
1666 1281 1878 1337 Eurar-

439 1373 572 1428 dus.
608 1372 896 1428 Robertus
920 1370 1274 1426 Acconensis
1295 1370 1382 1424 3‘5.
1409 1368 1755 1428 Guillelmus
1783 1371 1880 1432 Be~

435 1461 734 1522 rithensis.
767 1458 1119 1519 Guillelmus
1147 1458 1446 1531 Anglicus.

366 1551 448 1607 De
480 1549 800 1606 baronibus
824 1566 836 1604 ε
863 1547 1159 1604 Balianus.
1187 1547 1492 1606 Reinerius
1523 1548 1876 1608 Ramathen-

437 1640 541 1695 sis.
576 1638 896 1696 loscelinus
941 1639 1009 1694 de
1057 1636 1342 1694 Cortenai.
1378 1637 1667 1694 Galterius
1719 1637 1876 1693 Beri-

435 1727 684 1786 thensis.
735 1727 1001 1784 Roardus
1032 1727 1119 1796 9",
1151 1727 1493 1783 vicecomes.
1545 1727 1716 1792 Sado,
1760 1743 1876 1782 ma-
1906 1763 1954 1828 B

438 1816 749 1874 rescalcns.
805 1816 1136 1874 Bernardus
1173 1815 1507 1872 Vacherius.
1561 1814 1876 1872 Gaufridus

432 1907 608 1962 Acus.
643 1905 914 1962 Tosetus.
953 1905 1241 1960 lmbertus
1272 1905 1344 1963 de
1376 1906 1499 1960 Bar.

291 1991 466 2052 Facta
493 1999 582 2052 est
611 1994 717 2051 hec
745 1999 906 2052 carta
932 2010 1084 2050 anno
1111 1995 1182 2052 ab
1214 1993 1612 2050 incarnatione
1641 1993 1872 2051 Domini

221 2102 454 2153 δίσκων,
487 2082 804 2142 indictione
832 2099 930 2139 vn.

935 2207 1149 2264 XXXV.

217 2313 595 2354 PRIVILEGIUM
634 2313 946 2354 ALEXAND!“
979 2313 1117 2352 ΡΔΡΕ
1156 2313 1224 2352 DE
1253 2313 1707 2352 CONFIRMATIONE
1738 2313 1868 2353 POS-

273 2381 597 2427 SESSIOXUM
620 2387 686 2426 ΒΓ
709 2386 996 2426 UBERTLTE
1018 2384 1280 2423 ECCLESIE
1300 2385 1488 2424 SA’NCTI
1513 2385 1812 2424 SEPULCRI.

465 2477 614 2551 (Vide
642 2479 702 2532 in
732 2473 1040 2532 Alexandro
1080 2476 1171 2542 III,
1207 2474 1275 2529 ad
1305 2493 1398 2530 an.
1435 2476 1616 2544 1181).

870 2581 1089 2638 XXXVI
1120 2582 1208 2638 "7.

393 2692 464 2730 DE
501 2689 916 2732 COMPOSITIONE
955 2689 1380 2731 PREBENDARUM
1434 2689 1692 2727 ECCLESIE

822 2760 1147 2799 IERUSALEM
1173 2743 1259 2799 “3.

286 2853 346 2908 in
384 2851 616 2908 nomine
650 2853 849 2906 sancte
881 2853 936 2905 et
968 2849 1266 2904 individue
1295 2849 1620 2905 Trinitatis.

284 2943 450 2998 Anno
477 2942 549 2997 ab
573 2939 974 2996 incarnatione
1007 2938 1176 2996 Ihesu
1205 2937 1438 3005 Christi,
1464 2938 1566 2992 filii
1599 2939 1698 2993 Dei
1731 2953 1862 2994 sum

215 3030 363 3105 [m]i,
389 3048 554 3096 mam,
579 3029 898 3085 indictione
927 3045 1004 3096 χι,
1030 3027 1088 3082 in
1126 3026 1479 3083 Iherusalem
1513 3028 1727 3082 domno
1763 3027 1862 3083 Dei

213 3120 400 3193 gratia
459 3117 772 3183 Ebremaro
830 3114 1279 3189 patriarchalem
1328 3115 1626 3172 obtinente
1662 3115 1729 3151 “9
1772 3133 1860 3170 sc-
1893 3130 1936 3197 ο

213 3203 368 3276 dem,
404 3207 686 3263 Balduino
716 3223 850 3262 vero
883 3222 1014 3280 rege
1051 3203 1250 3260 inclito
1279 3209 1335 3259 et
1363 3203 1863 3262 Christianissimo

211 3314 459 3370 regnum
508 3294 804 3351 Babilonie
845 3299 1018 3367 atque
1066 3292 1198 3348 Asie
1249 3291 1613 3364 disponente,
1647 3291 1867 3364 placuit

213 3385 544 3459 patriarcha
586 3385 844 3456 predicto
885 3381 1297 3438 canonicorum
1329 3381 1527 3437 Sancti
1558 3380 1862 3453 Sepulchri

212 3475 540 3548 prehendas
571 3472 655 3529 sio
676 3471 946 3528 ordinare
975 3475 1032 3527 et
1059 3471 1384 3527 secundum
1409 3470 1588 3525 ritum
1620 3469 1867 3526 anterio-

212 3580 335 3620 rem
358 3563 765 3630 reformare,ut
786 3559 1034 3635 singulis
1058 3559 1228 3615 annis
1250 3559 1569 3630 unicuique
1587 3575 1655 3614 CL
1673 3558 1866 3615 bisan-

213 3649 333 3706 cios
363 3651 431 3684 ²²⁰
461 3652 658 3705 eterno
709 3649 834 3704 iure
864 3650 1150 3721 preberet,
1185 3649 1366 3704 donec
1398 3647 1512 3722 [de]
1542 3649 1637 3703 22l
1696 3665 1863 3720 poss-

213 3737 593 3812 [ess]ionibus
625 3736 865 3794 ecclesie
896 3737 1247 3810 quandoque
1279 3737 1863 3811 prebendasleasdem

213 3827 298 3884 eis
328 3825 632 3900 perliceret
661 3827 985 3882 secundum
1028 3826 1344 3900 gratuitam
1374 3825 1732 3882 voluntatem
1764 3843 1864 3883 eo-

212 3929 368 3970 rum.
396 3911 619 3969 Placuit
662 3913 906 3986 insuper
950 3912 1317 3986 paternitatis
1368 3930 1472 3970 sue
1520 3914 1864 3988 benignitati

213 4003 272 4079 i‘n
303 4002 434 4076 ipsa
454 4002 652 4059 Sancti
678 4001 985 4075 Sepulchri
1007 4001 1251 4058 ecclesia
1270 4001 1383 4058 duo
1411 4001 1616 4058 altaria
1645 4003 1864 4060 eisdem

213 4091 494 4148 fratribus
523 4090 858 4148 eternaliter
887 4091 1044 4158 dare,
1067 4090 1212 4145 illud
1242 4090 1528 4160 videlicet,
1552 4092 1647 4148 cui
1679 4093 1868 4148 deser-

212 4181 380 4236 viunt
411 4181 470 4235 in
503 4180 677 4237 choro
724 4180 836 4252 ipsi
868 4179 1154 4248 canonici,
1206 4179 1546 4252 principale,
1591 4181 1868 4238 cathedra

214 4269 590 4343 patriarchali
614 4269 833 4337 addita,
859 4286 972 4342 que
1004 4273 1094 4325 est
1124 4286 1272 4341 pone
1304 4268 1459 4324 idem
1489 4269 1698 4339 altare;
1733 4271 1870 4326 alte-

215 4375 346 4414 rum
375 4359 704 4431 vero,quod
728 4357 859 4432 [est]
883 4359 951 4393 ²²²
981 4358 1052 4414 ad
1086 4358 1346 4430 caput”3
1377 4357 1701 4430 Sepulchri,
1737 4378 1867 4432 par-

213 4447 490 4515 rochiale,
514 4447 770 4519 exceptis
819 4445 1182 4501 ornamentis
1230 4444 1658 4515 ecclesiasticis,
1694 4449 1742 4505 si
1776 4467 1875 4512 su.

215 4535 514 4608 perposita
537 4535 753 4592 fuerint
773 4534 1059 4591 altaribus
1085 4534 1252 4606 ipsis,
1278 4551 1390 4606 que
1421 4534 1660 4592 ecclesie
1694 4553 1876 4594 rema-

215 4624 458 4680 aebunt.
481 4623 595 4680 Nec
623 4642 738 4680 non
772 4642 839 4681 ea
871 4628 1100 4690 cuncta,
1129 4638 1240 4697 que
1271 4624 1342 4679 ad
1376 4641 1618 4680 manum
1651 4626 1769 4682 sive
1799 4629 1870 4684 ad

216 4713 426 4785 pedem
457 4712 604 4782 eius,
629 4712 990 4784 ubicumque
1021 4712 1266 4774 missam
1307 4712 1699 4782 celebraverit,
1734 4717 1869 4771 oﬂ'e-

216 4806 437 4868 rentur,
471 4806 571 4856 aut
600 4801 718 4858 sive
749 4801 920 4876 [ipse]
949 4802 1018 4836 ²²⁴
1045 4801 1379 4875 patriarcha
1409 4801 1527 4858 sive
1559 4804 1869 4877 episcOpus

216 4888 467 4962 quilibet
491 4890 562 4945 ad
589 4889 910 4962 principale
937 4889 1118 4945 altare
1141 4892 1472 4959 cantavcrit,
1496 4891 1683 4963 ipsam
1707 4893 1866 4950 obla-

214 4976 435 5032 tionem
469 4977 764 5033 canonicis
807 4978 1067 5050 prebuit;
1102 4978 1151 5033 si
1189 4995 1322 5034 vero
1355 4978 1412 5033 in
1443 4980 1865 5053 principalibus

217 5066 552 5138 patriarcha
581 5066 825 5123 missam
859 5067 1177 5132 cantavcrit
1206 5065 1465 5124 ecclesiis
1495 5072 1655 5126 extra
1684 5073 1864 5129 eccle-

2000 480 2168 536 Dedit
2190 486 2383 538 autem
2419 482 2608 537 adhuc
2639 481 2724 536 eis
2753 478 3107 553 ecclesia[m]
3132 479 3325 536 Sancti
3353 480 3504 535 Petri
3542 498 3660 540 ma-

1989 570 2202 641 jorem,
2229 588 2341 642 que
2385 577 2473 626 est
2519 571 2673 642 apud
2705 572 2771 604 ²²⁵
2805 571 3061 642 loppem,
3087 585 3222 624 cum
3273 569 3558 625 cimiterio
3590 571 3657 606 ²²⁶

1995 659 2236 714 ecclesie
2266 658 2600 730 pertinenti,
2634 659 2685 713 ei
2730 675 2865 714 cum
2904 657 3180 712 omnibus
3214 658 3654 713 consuetudini-

1993 747 2128 814 bus,
2170 764 2282 818 que
2329 747 2570 804 ecclesie
2621 747 3068 819 metropolitane
3111 751 3463 819 congruunt.
3507 750 3652 802 Con-

1993 836 2166 892 cessit
2198 837 2282 892 eis
2313 837 2558 908 insuper
2589 836 2931 910 dignitatem
2966 836 3139 903 hanc,
3164 853 3278 906 que
3301 835 3444 891 satis
3476 836 3652 894 eccle-

1991 925 2074 980 sie
2107 925 2301 980 Saneti
2334 924 2595 997 Sepulcri
2647 925 3011 997 prerogativa
3057 924 3356 996 competit,
3391 925 3546 996 quod
3597 937 3650 994 si

1988 1014 2047 1068 in
2081 1014 2342 1070 ecclesiis
2376 1013 2863 1069 lherosolimitani
2897 1014 3058 1086 regni
3097 1030 3347 1086 persona
3377 1015 3486 1068 erit
3515 1031 3641 1068 mu-

1987 1103 2185 1170 tanda,
2219 1102 2461 1158 consilio
2493 1119 2694 1159 eorum
2728 1108 2784 1158 et
2823 1103 3100 1159 electione
3149 1102 3504 1174 perficietur,
3541 1103 3642 1162 ubi

1988 1191 2305 1247 necessitas
2337 1192 2678 1264 postulabit.
2714 1194 2823 1247 llec
2864 1192 3122 1264 predicta
3152 1191 3234 1246 sic
3266 1190 3638 1264 co[njstituit,

1987 1285 2044 1336 et
2072 1280 2230 1336 istud
2279 1280 2415 1336 inde
2473 1280 2840 1353 privilegium
2898 1279 3092 1353 sigillo
3151 1281 3308 1353 regio
3369 1281 3635 1352 signans,

1986 1370 2248 1442 predicto
2280 1387 2412 1442 rege
2443 1369 2716 1426 laudante
2748 1376 2805 1425 et
2845 1371 3217 1438 concedente,
3249 1370 3637 1436 confirmavit,

1987 1459 2146 1514 salva
2175 1459 2456 1531 dignitate
2489 1476 2596 1514 sua
2638 1459 2959 1530 pontiﬁcali
2992 1465 3049 1514 et
3081 1458 3416 1515 reverentia.
3441 1457 3640 1514 Gratia

1985 1552 2042 1602 et
2071 1565 2183 1619 pax
2213 1566 2248 1603 a
2279 1553 2389 1603 Deo
2423 1548 2587 1603 Patre
2617 1553 2674 1602 et
2704 1548 2947 1603 Domino
2980 1555 3179 1605 nostro
3213 1547 3382 1603 Ihesu
3411 1547 3637 1604 Christo

1985 1637 2260 1692 omnibus
2277 1637 2382 1692 hec
2402 1637 2577 1692 huius
2596 1642 2793 1692 sancte
2813 1637 3062 1693 Ecclesie
3081 1637 3209 1692 iura
3228 1636 3560 1692 tenentibus
3571 1637 3636 1671 ²²⁷

1985 1725 2282 1781 canonicis
2302 1725 2491 1781 eidem
2514 1725 2914 1793 servitoribus,
2940 1725 3140 1782 amen!
3176 1725 3237 1782 Si
3261 1726 3394 1798 quis
3416 1729 3634 1782 autem.

1986 1814 2106 1870 sive
2127 1814 2186 1870 in
2212 1813 2604 1871 ecclesiastico
2632 1815 2751 1870 sive
2782 1815 2842 1869 in
2875 1815 3125 1872 seculari
3155 1815 3356 1872 ordine
3384 1814 3631 1888 positus,

1985 1909 2188 1960 contra
2218 1904 2324 1966 beo
2353 1903 2430 1976 pii
2464 1904 2651 1976 patris
2683 1908 2903 1960 statuta
2925 1903 3143 1976 aliquid
3175 1921 3344 1976 agere
3374 1920 3636 1976 presum-

1985 1991 2295 2064 pserit,vel
2340 1993 2412 2047 de
2453 1992 2772 2047 constituta
2821 2009 3023 2049 eorum
3071 1993 3367 2064 prehende
3410 1991 3634 2064 aliquid

1983 2079 2344 2147 diminuerit,
2368 2080 2427 2135 in
2460 2080 2554 2136 die
2583 2080 2786 2136 indicii
2818 2081 3121 2138 tremendo
3143 2097 3293 2151 eam,
3320 2097 3432 2153 que
3461 2081 3636 2136 sacri-

1981 2168 2151 2241 legiis
2171 2170 2238 2204 ²²⁸
2282 2169 2546 2238 debetur,
2591 2187 2802 2241 penam
2855 2170 3062 2226 merito
3116 2174 3358 2226 metuat.
3410 2169 3634 2226 Placuit

1981 2263 2178 2313 autem
2220 2257 2549 2330 patriarcha
2595 2257 2945 2330 benignitati
2997 2258 3056 2314 in
3106 2259 3310 2314 eadem
3361 2257 3628 2328 ecclesia,

1981 2351 2046 2402 ut
2073 2347 2256 2413 decet,
2304 2345 2578 2419 perficere
2618 2364 2920 2419 personas,
2953 2347 3222 2404 videlicet
3250 2352 3546 2404 cautorem
3576 2352 3633 2404 et

1979 2434 2446 2508 primicherium,
2506 2435 2617 2492 hoc
2675 2442 2766 2492 est
2823 2436 3174 2509 magistrum
3233 2435 3627 2506 scolasticum,

1979 2529 2156 2596 atque
2199 2524 2652 2592 thesaurarium,
2689 2525 3038 2582 sacristitem
3073 2541 3333 2598 quoque;
3382 2527 3630 2598 prebens

1978 2613 2201 2669 cantori
2234 2613 2386 2669 ultra
2415 2614 2771 2686 prehendam
2815 2614 3047 2670 solitam
3093 2615 3487 2683 tantumdem,
3520 2614 3629 2672 hoc

1917 2714 1922 2716 '
1980 2707 2068 2758 est
2115 2719 2182 2758 cr.
2230 2702 2544 2770 bizancios,
2581 2702 2882 2759 scolastico
2932 2703 3224 2771 similiter,
3265 2703 3627 2760 thesaurario

1961 2807 2229 2880 (quoque,
2291 2791 2570 2847 sacristiti
2625 2797 2821 2848 autem
2853 2793 3343 2850 ctantummodo.
3406 2791 3629 2848 Placuit

1975 2896 2206 2952 quoque
2235 2879 2357 2952 regi
2388 2879 2666 2936 Balduino
2699 2881 2836 2936 dare
2871 2882 3198 2938 succentori
3229 2899 3298 2937 cr.
3326 2881 3624 2947 bizancios

1973 2968 2308 3025 eternaliter
2335 2971 2406 3025 de
2436 2969 2688 3042 pr0priis
2731 2970 3060 3026 redditibus
3111 2971 3255 3027 suis.
3289 2970 3626 3027 Patriarcha

1974 3064 2169 3114 autem
2202 3059 2408 3114 statuit
2439 3076 2500 3114 se
2530 3059 2806 3114 daturum
2849 3059 3182 3115 subdecano
3211 3077 3279 3115 cr.
3310 3059 3618 3128 bizancios,

1974 3152 2107 3219 post
2135 3147 2360 3202 obitum
2408 3153 2605 3203 tamen
2655 3147 2854 3202 domni
2903 3147 3186 3221 Arnulphi
3217 3149 3283 3184 “9
3329 3147 3618 3205 archidia-

1974 3236 2132 3305 coni;
2166 3236 2291 3309 ipse
2318 3253 2449 3292 vero
2480 3235 2762 3292 Arnulfus
2789 3236 2975 3293 eidem
3005 3238 3336 3295 subdecano
3367 3254 3399 3293 c
3428 3237 3624 3293 bizan-

1973 3325 2114 3394 cios,
2149 3325 2433 3397 quamdiu
2464 3325 2688 3394 vixerit,
2721 3325 3006 3398 prebebit.

2403 3555 2554 3594 PRIVI
2564 3554 2769 3595 LEGIUM
2800 3555 3012 3594 CALIXTI
3043 3556 3182 3595 PAPE
3191 3581 3204 3594 .

2301 3636 2459 3706 (Vide
2487 3637 2547 3691 in
2577 3637 2794 3693 Calixto
2822 3638 2874 3692 II
2901 3636 2970 3692 ad
2999 3653 3090 3692 an.
3119 3637 3304 3708 4124.)

2007 3848 2286 3902 EJUSDEM,
2321 3849 2391 3888 DE
2420 3850 2678 3889 ECCLESIA
2717 3849 2912 3888 SANCTI
2944 3849 3280 3890 SALVATORIS
3311 3851 3381 3890 DE
3410 3852 3583 3892 RUBO.

2624 3929 2778 4002 (Vide
2809 3931 2971 4000 ibid.)

2683 4037 2918 4094 xxxxx.
3417 4092 3451 4116 ρ

1976 4143 2347 4183 ΡειινιιεσιυΜ
2392 4143 2715 4182 INNOCENTH
2759 4143 2830 4181 DE
2866 4142 3325 4184 CONFIRMATIONE
3366 4144 3622 4184 ECCLESIE

2084 4215 2291 4256 BARULI
2322 4215 2387 4253 Er
2417 4215 2714 4253 BRUNDISII
2746 4215 2811 4252 ET
2839 4215 3204 4261 QUARUMDAM
3233 4216 3510 4256 ALIARUM.

2253 4294 2402 4368 (Vide
2434 4296 2492 4350 ιή
2521 4287 2912 4351 ΙηηοεεηιίοἸΙ
2940 4295 3011 4350 ad
3036 4313 3129 4352 an.
3167 4297 3346 4369 1143.)

2742 4402 2856 4458 XL.

1903 4499 1953 4566 D
2019 4508 2389 4549 PRlVILEGlUM
2419 4508 2704 4546 CELESTINI
2734 4507 2874 4547 ΡΔΡΕ
2902 4509 2973 4546 DE
3002 4509 3151 4548 DONO
3176 4508 3456 4559 ECCLESIE,
3478 4508 3590 4556 QUE

2512 4579 2613 4619 EST
2641 4580 2697 4617 IN
2730 4579 2881 4619 URBE
2912 4581 3088 4620 ROMA.

2271 4661 2421 4732 (Vide
2453 4663 2513 4716 in
2545 4661 2827 4718 Caelestino
2857 4664 2910 4718 ΙΙ
2933 4661 3002 4718 ad
3031 4677 3123 4719 an.
3159 4661 3340 4734 1144.)

2687 4785 2812 4842 XLI
2833 4787 2918 4840 ²³⁰.

2284 4892 2355 4932 DE
2385 4877 2610 4931 DECIMIS
2640 4891 2864 4931 cassus
2894 4892 3090 4932 SANCTI
3117 4893 3311 4932 EGIDII.

2053 4982 2400 5051 Willelmus,
2427 4983 2528 5038 Dei
2560 4982 2748 5054 gratia
2777 4987 2976 5038 sancte
3009 4981 3363 5038 Iherusalem
3385 4981 3627 5055 patriar-

1975 5073 2086 5129 cha
2139 5072 2366 5128 dilectis
2423 5071 2482 5126 in
2536 5071 2782 5127 Domino
2833 5071 2969 5128 filiis
3018 5072 3218 5129 Pontio
3249 5073 3338 5145 ’3‘,
3385 5072 3625 5130 ecclesie

289 5313 642 5396 291M919.“
673 5315 918 5396 danEnB;
989 5317 1057 5354 ³1³
1070 5316 1414 5396 ’ΒηΜοῃξθεε
1489 5319 1557 5353 ²¹⁴
1584 5320 1641 5387 Β,
1672 5326 1906 5396 Bone/"ac

1984 5343 2016 5380 ς.
2091 5324 2157 5358 ’1⁵
2190 5322 2250 5388 Β,
2285 5320 2634 5396 Ασῇοιηᾳηδίδ.
2708 5323 2775 5396 "f5
2797 5323 2854 5391 Β,
2886 5321 3216 5396 Rochardus.
3291 5323 3624 5391 ¹¹⁷Α,1”ο35,

219 5397 305 5452 r0;
344 5385 405 5450 Β,
440 5386 484 5440 ib
510 5385 601 5457 21,
633 5399 707 5442 το.
784 5389 852 5423 ³³⁸
881 5387 1037 5444 Dans
1069 5389 1132 5456 Β,
1162 5388 1217 5444 la
1247 5385 1402 5444 rubri

1554 5397 1642 5446 est
1669 5393 1823 5450 ainsi
1853 5413 2069 5465 conque
2094 5412 2106 5450 :
2147 5399 2226 5450 De
2251 5393 2539 5463 prehendi:
2560 5393 2923 5465 iquasrdomus
2951 5395 3253 5450 Ebremaru

3347 5395 3628 5449 atriarcha

219 5406 305 5452 1~;
346 5406 405 5467 ιι,
440 5406 484 5468 ιις
510 5406 601 5457 ιι,
633 5406 707 5442 τυ.
748 5461 758 5471 ι
784 5406 852 5471 τιν
881 5406 1037 5444 uans
1069 5406 1132 5471 is,
1162 5406 1217 5444 ia
1247 5406 1522 5516 runnqpe
1554 5406 1642 5446 eet
1669 5410 1820 5450 annm
1853 5413 2069 5465 conque
2094 5412 2106 5450 :
2147 5406 2226 5450 De
2251 5406 2539 5463 preocnazs
2569 5409 2704 5464 quas
2733 5406 2923 5449 domus
2951 5406 3282 5450 beremarus
3299 5406 3628 5500 palmarum

216 5463 506 5542 consulat:
557 5474 834 5514 canonicis
880 5461 1238 5546 secutarzbas.
1333 5463 1412 5546 “9’
1481 5505 1494 5528 ,
1525 5465 1819 5550 optinente.
1895 5469 1963 5504 ’³⁸³
1994 5468 2054 5545 Β,
2091 5465 2376 5521 bisantios.
2452 5464 2515 5497 ²²¹
2551 5464 2802 5548 Supplée
2852 5465 3078 5571 d’apres
3130 5468 3188 5521 Β.
3259 5467 3345 5548 ο²²
3377 5466 3630 5570 Sup’pléé

218 5528 256 5583 d
279 5530 452 5593 apres
483 5528 545 5583 B.
622 5531 690 5564 ²²⁵
720 5530 782 5593 Β,
829 5531 1026 5593 capud.
1103 5532 1171 5568 ²²⁴
1201 5531 1453 5593 Suppleé
1496 5534 1530 5588 d
1555 5539 1723 5593 anrés
1754 5538 1816 5593 B.
1891 5540 1962 5576 ²²⁸
1993 5541 2052 5593 Β.
2091 5543 2239 5593 aput.
2316 5535 2384 5568 ²²⁶
2415 5533 2474 5593 Β.
2506 5544 2824 5593 cunetterzo.
2901 5539 2945 5571 ²²
2999 5537 3059 5593 Β.
3091 5538 3388 5593 tuentibus.
3562 5536 3626 5593 B.

3610 5576 3626 5604 θ

218 5527 545 5604 d'aprésB.
606 5530 782 5604 ffﬂB,
823 5531 1026 5604 capud.
1103 5532 1171 5568 ἐδ
1201 5533 1362 5604 Supp

1365 5531 1453 5609 {6‘55
1496 5531 1723 5609 d’hpres
1754 5538 1816 5594 Β.
1891 5540 1962 5576 ²²⁸
1993 5531 2052 5607 Β,
2091 5543 2239 5609 aput.
2316 5535 2384 5609 ἐδ
2415 5533 2474 5603 Β,
2506 5531 2824 5595 είιηὲιὶενίο.
2901 5539 2945 5571 ²²

2999 5537 3059 5605 Β,
3091 5538 3388 5595 tuentibus.

215 5599 527 5674 cacrizegis.
601 5601 673 5637 m
702 5599 770 5670 Β,
793 5599 1028 5676 Aniulﬁ.
1104 5604 1172 5641 πο
1199 5605 1267 5677 Α,
1286 5599 1345 5660 ῑιῖ
1368 5604 1439 5664 38
1465 5616 1549 5680 το,
1583 5599 1622 5664 Β
1651 5607 1698 5666 ro
1722 5612 1814 5685 27,
1844 5622 1905 5672 vo

1997 5599 2063 5648 ³³⁷³
2095 5599 2158 5685 Β,
2190 5607 2412 5667 Ροηείο.

547 5727 824 5816 Pagan,
867 5727 1037 5798 (ΠΝ.

3233 5734 3312 5818 36,

3601 5812 3630 5825 ,ρ
