3994 6070
371 236 519 297 1131

369 370 563 427 Sancti
597 369 931 441 Salvatoris,
947 386 1059 442 que
1088 369 1259 427 estin
1286 371 1481 425 monte
1508 367 1759 433 Thabor,
1793 363 2009 431 abbati,
2040 365 2098 433 Α

370 464 428 515 et
458 458 760 515 monachis
800 458 860 514 in
910 477 978 515 ea
1008 476 1379 515 communem
1410 457 1589 513 vitam
1641 454 1919 529 professis
1958 471 2023 509 ac

373 548 724 621 professuris
764 548 822 603 in
872 553 1238 621 perpetuum.
1264 547 1498 603 Tradite
1547 546 1716 601 nobis
1765 543 2023 600 ofﬁcium

374 633 549 706 exigit
566 634 870 706 dignitatis
892 640 954 690 ut
971 635 1231 691 ecclesiis
1250 634 1415 689 nobis
1434 632 1765 689 commissis
1785 636 2027 704 paterna

378 722 767 779 sollicitudine
797 724 1224 796 provideamus,
1249 728 1328 792 et,
1367 724 1414 778 si
1457 722 1599 794 quid
1641 720 2028 776 controversie

377 811 438 867 in
469 811 552 868 eis
588 817 781 867 ortum
814 812 1011 878 fuerit,
1038 829 1332 868 removere
1365 828 1430 867 ac
1471 812 1755 866 unitatem
1789 808 2030 881 spiritus

380 899 574 974 [inter]
589 902 822 957 easdem
844 901 1033 958 modis
1046 902 1321 977 omnibus
1335 901 1649 956 reformare
1664 900 2026 955 studeamus.

379 990 480 1046 His
520 989 719 1062 itaque
770 989 1144 1062 invigilantes
1198 990 1452 1045 atentius
1472 990 1559 1055 επ,
1578 987 2029 1044 controversiam

378 1080 449 1136 de
470 1078 703 1135 dicimis
723 1078 933 1135 oasalis
959 1079 1157 1135 Sancti
1182 1078 1393 1152 Egidii,
1419 1079 1570 1133 inter
1591 1076 1897 1133 ecclesiam
1931 1078 2032 1132 Se-

379 1168 565 1242 pulcri
598 1167 831 1224 Domini
876 1172 931 1223 et
960 1173 1212 1223 vestram
1263 1169 1360 1223 diu
1412 1167 1697 1234 habitam,
1734 1165 2030 1222 communi

378 1259 627 1314 fratrum
658 1262 716 1313 et
747 1258 1148 1330 coepiscorum
1190 1262 1524 1313 nostrorum
1566 1254 1809 1311 consilio
1842 1272 1907 1310 ac
1940 1254 2033 1309 di—

378 1346 511 1402 lecti
544 1346 648 1401 ﬁlii
682 1347 865 1402 nostri
896 1347 1070 1413 Petri,
1096 1345 1382 1402 Dominici
1405 1345 1666 1418 Sepulcri
1695 1344 1928 1417 prioris,
1954 1347 2035 1400 to-

383 1435 627 1507 ciusque
657 1434 894 1507 capituli
926 1435 1110 1491 nostri
1143 1453 1385 1491 assensu
1420 1434 1773 1490 sedavimus.
1798 1434 1944 1489 Nam
1969 1437 2035 1489 ut

382 1524 535 1581 inter
559 1526 792 1581 easdem
826 1525 1098 1581 ecclesias
1148 1542 1258 1597 pax
1305 1530 1504 1580 eterna
1552 1527 1925 1579 conservetur
1943 1523 2031 1590 ’33,

385 1613 686 1670 ecclesiam
719 1614 924 1686 prcfati
958 1613 1168 1670 oasalis
1192 1614 1384 1670 Sancti
1418 1613 1609 1685 Egidii
1632 1629 1766 1668 cum
1799 1611 2035 1668 oblatio-

386 1704 560 1759 nibus
591 1702 715 1758 suis
745 1708 802 1759 et
829 1720 1069 1758 suarum
1094 1704 1463 1774 duorumque
1489 1701 1792 1768 casalium,
1817 1702 2036 1757 Turba-

384 1792 533 1848 saim
564 1792 832 1848 videlicet
861 1796 919 1847 et
948 1792 1112 1860 Dere,
1141 1792 1499 1847 decimarum
1533 1791 1840 1846 medietate
1867 1790 2031 1846 vobis

382 1882 562 1938 libere
583 1886 640 1937 et
657 1882 919 1937 absolute
942 1880 1336 1948 concedimus,
1352 1899 1418 1937 ac
1442 1886 1504 1935 ut
1524 1880 1705 1935 trium
1726 1880 2028 1935 vinearum

380 1975 727 2039 vestrarum,
764 1987 910 2042 quas
963 1987 1120 2025 nunc
1178 1970 1429 2040 habetis,
1454 1970 1681 2023 decima
1736 1968 2027 2035 similiter,

381 2060 541 2116 omni
571 2060 992 2132 inquietatione
1014 2058 1221 2131 sopita,
1247 2058 1361 2113 iuri
1383 2062 1571 2112 vestro
1594 2062 1893 2112 remaneat
1915 2057 2031 2112 adi-

379 2149 599 2216 cimus;
631 2148 804 2204 aliam
836 2164 971 2202 vero
1000 2147 1361 2203 decimarum
1396 2151 1619 2217 partem
1646 2145 1886 2202 ecclesie
1914 2147 2029 2201 Do-

381 2238 581 2292 minici
612 2235 875 2309 Sepulcri
909 2236 1207 2291 canonicis
1241 2252 1625 2290 reservamus.
1662 2235 1741 2288 Ex
1770 2234 1859 2289 his
1891 2236 2025 2306 qui-

382 2328 513 2381 dem
547 2343 659 2398 que
699 2343 767 2380 ex
816 2330 1015 2381 nostra
1059 2324 1432 2380 concessione
1483 2322 1813 2395 possidetis,
1849 2323 2028 2379 eccle-

383 2416 531 2471 siam
558 2420 614 2470 et
636 2414 876 2470 clericos
898 2414 952 2468 in
981 2431 1048 2469 ea
1068 2413 1314 2469 Domino
1337 2412 1690 2467 famulantes
1720 2429 2028 2483 procurare

384 2504 627 2560 debetis.
652 2503 711 2560 Si
744 2519 855 2575 que
888 2502 1086 2571 etiam,
1111 2502 1264 2556 unde
1294 2501 1521 2556 decima
1550 2501 1712 2556 reddi
1743 2501 2024 2569 debuerit,

381 2593 758 2666 postmodum
782 2590 1079 2664 acquirere
1102 2589 1386 2661 poteritis,
1411 2590 1635 2644 decime
1657 2589 2026 2645 medietatem

386 2680 627 2737 ecclesie
658 2681 856 2736 Sancti
876 2682 943 2715 ’3‘
968 2678 1229 2751 Sepulcri
1260 2677 1492 2733 Domini
1522 2677 1880 2750 persolvetis.
1915 2680 2025 2734 Sed

384 2774 442 2826 et
470 2786 542 2826 ne
572 2770 676 2826 hec
707 2786 740 2824 a
768 2768 1051 2825 memoria
1081 2768 1274 2823 future
1305 2767 1611 2823 deleantur
1639 2767 2031 2844 posteritatis,

381 2876 612 2916 cereum
657 2859 834 2915 unius
879 2856 1064 2913 rotule
1095 2856 1153 2911 in
1187 2855 1493 2912 festivitate
1542 2855 1897 2911 lherusalem
1930 2875 2027 2913 an-

379 2948 603 3005 nuatim
638 2947 843 3019 prefati
894 2944 1181 3002 Dominici
1222 2944 1481 3017 Sepulcri
1526 2943 1767 3000 ecclesie
1814 2944 2024 3002 horum

376 3037 591 3094 dabitis
623 3037 683 3092 in
709 3036 1117 3109 recognitione.
1149 3034 1221 3090 Ut
1241 3034 1345 3089 hec
1367 3034 1551 3100 vobis,
1580 3033 1681 3088 ﬁlii
1710 3034 1768 3088 in
1792 3034 2022 3091 Christo

375 3126 694 3193 karissimi,
721 3107 890 3181 ﬁrma
919 3128 975 3180 et
1012 3123 1233 3179 illibata
1284 3122 1344 3177 in
1393 3127 1737 3195 perpetuum
1788 3140 2020 3180 conser-
2051 3107 2094 3173 C

370 3219 597 3283 ventur,
622 3232 724 3287 per
753 3216 1082 3286 presentem
1107 3212 1401 3284 paginam,
1428 3211 1604 3284 sigilli
1636 3213 1817 3267 nostri
1852 3230 2023 3285 appo-

374 3303 584 3360 sitione
618 3302 927 3369 munitam,
957 3301 1302 3357 conﬁrmare
1333 3299 1720 3357 decernimus.
1754 3301 1845 3356 Hii
1877 3320 2018 3374 quo-

372 3409 504 3464 que,
551 3409 801 3465 quorum
852 3390 1308 3446 subscribuntur
1355 3388 1612 3457 nomina,
1637 3389 1775 3445 huic
1821 3395 2018 3448 nostra

371 3480 731 3537 concessioni
764 3479 1178 3549 interfuerunt,
1201 3483 1259 3534 et
1278 3494 1450 3533 suum
1480 3494 1613 3532 cum
1636 3478 1878 3535 consilio
1899 3480 2019 3536 lau-

371 3570 714 3625 damentum
749 3567 1108 3623 unanimiter
1137 3566 1547 3633 attribuerunt,
1571 3565 1827 3622 scilicet:

512 3656 850 3723 Balduinus,
883 3655 1236 3711 Cesariensis
1268 3654 1764 3727 archiopiscopus.
1801 3657 2014 3713 Rober-

578 3751 695 3812 tus,
725 3744 1028 3811 Nazareth,
1060 3743 1553 3815 archiepiscOpus.
1581 3744 1884 3816 Rogerius.
1908 3747 2014 3802 Ra-

578 3833 902 3889 methensis
955 3830 1285 3904 episcopus.
1336 3830 1669 3897 Anselmus,
1718 3831 2009 3891 Bethleem

575 3923 905 3996 episcopus.
934 3920 1262 3987 Rainerius,
1292 3918 1658 3975 Sebastensis
1679 3919 2007 3994 episcopus.

573 4010 782 4084 Heylas
805 4012 893 4077 ³³⁵,
927 4008 1362 4065 Tiberiadensis
1382 4009 1448 4043 ³³⁸
1494 4008 1822 4082 episcopus.
1857 4013 2010 4068 Gau-

574 4100 782 4167 fridus,
803 4099 987 4155 abbas
1008 4096 1235 4169 Templi
1257 4097 1507 4152 Domini.
1524 4097 1826 4168 Henricus,
1853 4102 2011 4171 prior

572 4189 786 4245 Montis
835 4186 1059 4243 Oliveti.
1123 4187 1427 4254 Letardus,
1486 4187 1645 4259 prior
1699 4188 2002 4249 Nazareth.

568 4275 918 4343 Willelmus,
943 4275 1229 4331 Dominici
1262 4274 1522 4347 Sepulcri
1556 4277 1905 4348 prepositus.

428 4367 538 4423 Sed
569 4370 626 4424 et
656 4365 829 4422 ceteri
861 4364 1120 4421 canonici
1152 4364 1357 4431 nostri,
1383 4364 1482 4435 qui
1529 4365 1999 4438 subscribuntur,

358 4455 494 4512 huic
527 4456 609 4512 rei
643 4472 951 4513 assensum
983 4453 1339 4527 prebuerunt
1369 4469 1383 4508 :

498 4545 865 4612 Godefridus,
886 4541 1306 4599 thesaurarius.
1336 4542 1687 4598 Bertrandus
1709 4543 1780 4599 de
1802 4545 1996 4601 Podio.

565 4634 902 4691 Nicholaus.
944 4631 1244 4689 Gamaliel.
1298 4632 1605 4699 Robertus,
1638 4631 1997 4704 cellararius,

564 4727 622 4778 et
651 4740 855 4779 omnes
886 4721 1003 4777 alii.

420 4810 592 4866 Facta
614 4817 810 4867 autem
842 4814 929 4866 est
948 4811 1013 4845 ³³⁷
1034 4826 1275 4881 presens
1300 4808 1600 4882 inscriptio
1623 4827 1774 4865 anno
1806 4809 1995 4868 incar-

348 4898 603 4954 nationis
635 4898 922 4954 dominice
952 4915 1159 4965 MCXLV,
1195 4896 1506 4952 indictione
1534 4916 1655 4952 vm.

418 4986 564 5042 Data
603 4986 1018 5053 Iherosolimis,
1043 5005 1145 5058 per
1173 5004 1415 5042 manum
1445 4986 1669 5044 Ernesii
1709 4990 1990 5046 cancella-

341 5074 433 5144 rii,
463 5093 558 5130 xu:
589 5074 867 5130 kalendas
899 5076 1267 5145 septembris.

405 5252 474 5287 ³⁸³
504 5256 567 5317 B,
616 5252 903 5307 attencius.
1004 5252 1072 5286 ³³³
1097 5260 1441 5308 conservetur
1488 5261 1691 5310 eterna.

836 234 839 237 ’
874 238 977 297 AD
1022 235 1529 298 GODEFRIDUM
1572 232 1911 295 APPEND.
1958 222 2034 292 ΙῘζ
2068 265 2146 275 —
2177 229 2491 295 MONUM.
2536 228 2639 294 DE
2678 230 2928 296 BELLO
2974 232 3250 296 SAGRO.

1796 5257 1882 5331 ’3‘_
1895 5257 2144 5331 Manque
2198 5258 2343 5313 dans
2391 5257 2454 5313 B.

3610 234 3773 294 1132

2815 365 2963 421 XLII
2990 366 3078 420 ’33.

2224 470 2587 511 CONSTITUTIO
2618 472 2691 511 UT
2720 470 2985 511 CANONICI
3016 472 3256 511 INSIMUL
3283 472 3676 512 COMEDERENT.

2204 543 2506 600 Gibelinus
2526 545 2612 611 ’39,
2639 543 3181 600 Iherosolimitanus
3202 546 3269 579 "0
3289 544 3531 602 ecclesie
3551 562 3781 611 servus,

2135 631 2369 687 domino
2416 638 2474 688 et
2523 634 2684 688 fratri
2734 634 3046 689 karissimo
3088 633 3390 701 Balduino,
3424 632 3789 691 lherusalem

2137 719 2259 792 regi
2288 720 2561 793 glorioso,
2596 722 2653 776 in
2705 722 2951 778 Domino
2982 722 3154 777 Ihesu
3203 721 3453 778 salutem
3482 722 3795 795 tociusque

2138 808 2523 865 fraternitatis
2571 810 2964 866 dilectionem.
2999 810 3339 867 Providente
3386 811 3484 867 Dei
3536 811 3796 868 clemen-

2138 898 2221 953 tia
2250 903 2555 972 vestreque
2577 898 2903 955 nobilitatis
2927 898 3260 973 postulante
3282 899 3684 956 benevolentia
3704 902 3795 970 δ’,

2141 1003 2316 1057 quam
2350 988 2493 1042 mihi
2546 988 2946 1044 indesinenter
2976 989 3338 1056 ostendistis,
3372 989 3429 1045 in
3481 989 3573 1046 his
3603 996 3796 1047 extra-

2140 1075 2267 1131 neis
2327 1076 2664 1149 regionibus
2727 1078 3003 1134 remansi.
3040 1079 3302 1134 Instante
3355 1095 3487 1134 vero
3545 1079 3796 1136 articulo

2143 1165 2367 1234 mortis,
2402 1166 2564 1221 vobis
2612 1166 2793 1238 loqui,
2839 1168 2990 1222 sicut
3038 1184 3270 1223 summo
3320 1168 3505 1224 amico
3554 1186 3709 1239 meo,
3741 1174 3800 1225 et

2142 1252 2261 1308 ﬁlio
2296 1271 2422 1310 meo
2451 1254 2693 1311 Arnulfo
2734 1255 3143 1312 archidiacono
3193 1256 3511 1329 plurimum
3561 1259 3794 1314 deside-

2143 1342 2292 1410 ravi;
2327 1344 2481 1415 quod
2514 1344 2653 1416 quia
2696 1345 2881 1401 facere
2930 1362 3046 1401 non
3094 1345 3278 1418 potui,
3310 1363 3412 1419 pro
3455 1351 3619 1402 tanta
3646 1346 3797 1403 libe-

2144 1431 2409 1502 r[ali]tate
2431 1433 2499 1467 ²⁴²
2521 1438 2711 1489 vestra
2732 1433 2875 1489 mihi
2910 1436 3178 1506 impensa
3208 1435 3428 1508 gratias
3451 1436 3616 1493 vobis
3647 1437 3800 1493 mul-

2146 1520 2395 1576 timodas
2426 1523 2629 1590 refero,
2664 1540 2993 1595 corpusque
3035 1527 3093 1578 et
3140 1524 3393 1579 animam
3446 1530 3698 1583 vestram
3732 1526 3790 1582 in

2143 1627 2355 1666 manus
2395 1612 2612 1666 summi
2644 1612 2974 1668 Conditoris
3014 1614 3390 1683 commendo;
3425 1618 3482 1669 et
3510 1615 3791 1687 quoniam

2143 1699 2245 1754 Dei
2276 1700 2675 1755 misericordia
2704 1700 2943 1757 ecclesie
2972 1718 3076 1757 sue
3102 1702 3191 1757 sui
3226 1703 3531 1775 sanguinis
3559 1704 3792 1761 effusio-

2142 1805 2212 1843 ne
2242 1805 2503 1861 resperse
2535 1793 2592 1844 et
2633 1807 2738 1845 suo
2769 1789 3020 1863 glorioso
3065 1791 3342 1864 Sepulcro
3389 1792 3664 1865 insignite
3695 1794 3792 1851 de-

2140 1877 2428 1933 fensorem
2462 1882 2519 1933 et
2549 1884 2931 1951 protectorem
2953 1897 3053 1935 vos
3084 1880 3391 1950 ordinavit,
3415 1899 3788 1955 summopere

2139 1983 2340 2039 precor
2360 1966 2778 2039 benignitatem
2801 1972 3052 2023 vestram
3079 1972 3144 2025 ut
3170 1968 3359 2042 ipsam
3387 1972 3706 2044 protegatis
3725 1978 3787 2028 et

2136 2054 2379 2110 viriliter
2399 2056 2741 2111 defendatis.
2766 2056 3073 2113 Canonicis
3094 2062 3286 2113 autem
3311 2060 3569 2115 eiusdem
3592 2061 3787 2117 Domi-

2138 2144 2252 2198 nici
2285 2144 2566 2216 Sepulcri,
2599 2145 2737 2201 ﬁliis
2781 2146 2996 2201 nostris
3024 2150 3083 2201 et
3113 2148 3504 2204 confratribus
3550 2152 3783 2218 vestris,

2140 2232 2195 2286 in
2228 2232 2453 2288 ultimis
2502 2235 2749 2306 positus,
2780 2252 3013 2291 omnem
3054 2235 3411 2293 voluntatem
3460 2255 3649 2294 meam
3696 2240 3787 2298 sic

2136 2320 2474 2392 plenissime
2508 2324 2731 2394 aperui,
2767 2328 2830 2378 ut
2856 2324 2940 2379 eis
2980 2342 3081 2396 per
3118 2326 3509 2382 obedientiam
3540 2328 3790 2385 ﬁrmiter

2136 2411 2478 2483 precipirem
2508 2413 2574 2446 2⁵³
2603 2413 2880 2485 quatinus
2912 2413 3154 2479 insimul
3185 2416 3555 2472 comedereut
3582 2434 3789 2474 secun-

2135 2500 2277 2554 dum
2331 2501 2617 2557 bonarum
2648 2501 3048 2571 ecclesiarum,
3102 2504 3407 2576 spetialius
3427 2507 3496 2541 2“
3544 2507 3785 2580 Lugdu-

2135 2588 2335 2644 nensis
2384 2589 2469 2645 vel
2520 2590 2843 2660 Remensis,
2869 2592 3384 2662 consuetudinem;
3417 2600 3473 2650 ct
3519 2595 3627 2651 hoc
3674 2615 3784 2670 pro

2134 2681 2487 2734 testamento
2537 2682 2873 2736 contestans
2902 2681 3027 2748 ei[s]
3059 2681 3350 2750 mandavi,
3384 2701 3485 2755 pro
3533 2702 3647 2757 quo
3678 2704 3786 2744 vos

2134 2765 2434 2822 humiliter
2464 2768 2694 2840 postulo
2728 2773 2790 2823 ut
2821 2768 2930 2825 hoc
2963 2770 3158 2843 ipsum
3207 2772 3583 2843 eonﬁrmetis,
3606 2779 3684 2843 et,
3715 2781 3789 2832 ut

2132 2854 2365 2927 plenius
2389 2856 2738 2929 perﬁciatur,
2758 2858 2910 2914 sicut
2929 2858 3117 2915 bonus
3141 2866 3477 2933 cooperator
3496 2880 3594 2920 eos
3613 2864 3783 2920 adiu-

2131 2961 2265 2999 vare
2293 2947 2599 3002 studeatis.
2636 2946 2880 3003 Proinde
2915 2948 2985 3004 de
3017 2948 3107 3005 his
3151 2950 3424 3006 omnibus
3455 2958 3511 3008 et
3543 2953 3613 3008 de
3644 2954 3779 3010 aliis

2131 3051 2243 3106 que
2274 3052 2376 3106 pro
2411 3035 2665 3092 remedio
2711 3035 2903 3092 anime
2942 3053 3069 3094 mee
3097 3039 3209 3094 sub
3258 3044 3605 3097 testamento
3649 3044 3781 3100 ﬁeri

2129 3123 2390 3179 ordinavi
2418 3128 2475 3180 et
2495 3125 2853 3197 conﬁrmavi,
2880 3143 3016 3199 rogo
3038 3131 3092 3183 et
3113 3129 3367 3201 precipio
3396 3130 3558 3187 vobis
3590 3136 3654 3187 ut
3673 3149 3780 3191 vos

2131 3211 2213 3267 sic
2245 3214 2603 3270 conﬁrmetis
2634 3219 2691 3271 et
2719 3215 2951 3271 adiutor
2980 3215 3265 3273 existatis.

2809 3322 2980 3378 XLIII
3009 3325 3096 3378 ³⁸⁵.

2128 3425 2500 3465 PRIVILEGIUM
2531 3428 2601 3465 DE
2628 3428 2866 3473 QUODAM
2895 3428 3108 3479 CASALI,
3132 3430 3283 3476 QUOD
3314 3432 3543 3472 DICITUR
3572 3435 3784 3477 CAFER-

2314 3498 2555 3549 MELECH,
2588 3499 2707 3539 srro
2740 3500 2795 3537 IN
2824 3498 3164 3540 reanrromo
3196 3504 3465 3543 NEAPOLIS
3496 3490 3582 3546 ³⁸⁵.

2197 3568 2258 3623 In
2294 3570 2526 3625 nomine
2576 3576 2774 3626 sancte
2804 3575 2862 3626 et
2890 3571 3185 3629 individue
3231 3575 3533 3633 Trinitatis
3583 3579 3777 3639 Patris

2124 3661 2179 3712 et
2212 3657 2336 3711 Filii
2368 3662 2424 3713 et
2456 3659 2711 3730 Spiritus
2743 3660 2957 3728 Sancti,
2991 3678 3183 3718 amen.

2195 3747 2311 3818 Ego
2344 3745 2685 3815 Balduinus,
2714 3747 2814 3804 Dei
2845 3750 3035 3821 gratia
3080 3767 3177 3806 rex
3225 3752 3581 3812 lherusalem
3613 3758 3772 3814 Lati-

2122 3851 2328 3891 norum
2364 3837 2675 3905 secundus,
2696 3838 2869 3909 digne
2890 3842 3052 3895 ratus
3075 3840 3336 3897 maculas
3357 3844 3615 3901 ﬁdelium
3646 3848 3775 3903 ani-

2120 3942 2351 3980 marum
2383 3926 2710 3982 orationum
2738 3926 3038 3983 devotione
3068 3932 3124 3983 et
3160 3929 3614 3990 elemosinarum
3644 3936 3767 3992 lar-

2117 4012 2334 4086 gitione
2366 4031 2533 4086 posse
2563 4015 2800 4083 aboleri,
2831 4032 2933 4087 pro
2966 4016 3162 4073 anima
3190 4020 3619 4091 predecessoris
3648 4025 3768 4082 mei

2117 4101 2266 4158 bone
2298 4102 2594 4171 memorie,
2622 4104 2776 4176 regis
2800 4103 3083 4175 Balduini,
3108 4111 3165 4162 et
3194 4109 3393 4181 regine
3414 4112 3613 4168 uxoris
3637 4130 3767 4171 mee

2115 4194 2542 4263 parentumque
2584 4209 2847 4247 meorum
2893 4194 3242 4251 donaveram
3277 4204 3474 4255 sancte
3522 4201 3768 4261 ecclesie

2115 4279 2309 4334 Sancti
2330 4280 2396 4313 "7
2420 4280 2679 4351 Sepulcri
2705 4287 2763 4336 et
2781 4281 3078 4339 Willelmo
3100 4284 3276 4356 priori
3309 4288 3635 4361 ceterisque
3666 4309 3766 4349 ca-

2112 4367 2337 4423 nonicis
2360 4367 2503 4423 inibi
2527 4368 2779 4440 regulari
2804 4371 3037 4427 tramite
3063 4373 3178 4429 Deo
3209 4374 3765 4448 militantibus,tam

2029 4477 2078 4541 D
2110 4455 2323 4511 futuris
2351 4473 2526 4528 quam
2560 4458 2949 4529 presentibus,
2974 4459 3163 4516 casale
3188 4463 3487 4533 quoddam
3516 4465 3576 4521 in
3602 4469 3767 4524 terri-

2106 4545 2255 4601 torio
2305 4545 2593 4616 Neapolis,
2636 4547 2873 4603 nomine
2919 4547 3330 4619 Cafermelech,
3365 4569 3498 4608 cum
3547 4557 3766 4621 [omni-

2107 4636 2239 4700 bus]
2270 4635 2334 4668 ²⁴⁸
2378 4634 2548 4689 terris
2604 4640 2662 4690 et
2718 4636 3086 4707 pertinentiis
3145 4638 3291 4707 suis,
3324 4643 3579 4714 exceptis
3638 4645 3764 4705 illis

2105 4724 2367 4780 eiusdem
2416 4722 2627 4779 oasalis
2665 4724 2915 4793 villanis,
2949 4743 3097 4798 quos
3130 4727 3427 4784 Romanus
3459 4731 3529 4786 de
3580 4733 3759 4792 Podio

2104 4814 2597 4868 transmutaverat
2618 4814 2690 4868 ad
2713 4814 2903 4870 casale
2924 4815 3257 4885 Betheflori;
3294 4817 3374 4872 ita
3395 4818 3635 4891 quidom
3658 4822 3762 4879 do-

2104 4918 2396 4969 naveram,
2422 4901 2574 4956 sicut
2604 4902 2715 4974 ipsi
2747 4903 3009 4959 canonici
3042 4905 3101 4960 in
3137 4902 3248 4960 alio
3288 4907 3588 4981 privilegio
3620 4928 3755 4969 meo

2101 4989 2277 5065 regali
2313 4989 2504 5063 sigillo
2536 4990 2877 5065 oonsignato
2908 4997 3108 5048 tenent
3136 4993 3445 5066 scriptum,
3468 4998 3755 5067 quatinus

2100 5077 2344 5135 ecclesia
2381 5079 2747 5136 Sanctissimi
2782 5081 3085 5154 Sepulchri
3116 5086 3173 5138 et
3206 5084 3451 5156 predicti
3481 5088 3753 5144 canonici

2558 5259 2625 5335 ²ξ³⁵
2658 5260 2724 5335 Β,Δ
2767 5260 2976 5335 Helias.
3077 5261 3164 5335 ³³⁸,
3192 5265 3256 5329 Β,
3314 5263 3746 5335 Tyberiadensis.

332 5322 401 5399 '3}
434 5323 496 5390 B,
528 5330 608 5378 est
634 5330 835 5378 autem.
890 5321 1070 5399 ἷξε-Α,
1105 5323 1150 5375 f0
1178 5322 1266 5392 39,
1299 5332 1379 5399 rf;
1414 5324 1475 5399 B,
1519 5326 1687 5399 1⁸³28,Δ
1712 5333 1788 5381 v°.
1835 5329 1933 5399 Α²³⁹
1964 5321 2072 5385 Les
2104 5330 2256 5384 deux
2297 5329 2651 5385 manuscrits
2682 5321 3042 5387 s’accordent
3072 5336 3105 5387 ὲ
3135 5321 3375 5389 ἀΟῐίΠΘΓν
3393 5321 3747 5399 ῑνὶιιθιιηυςςξ

333 5393 618 5488 c’estnune
648 5411 846 5488 6538:?
874 5393 1158 5488 etvidente,
1194 5411 1307 5488 qpe
1339 5393 1422 5449 les
1452 5396 1803 5488 ipdications
1834 5397 2194 5488 h'istoriquels
2222 5401 2479 5488 fpuruies
2510 5418 2615 5488 par
2644 5399 3261 5488 le‘doc‘umentnméme
3291 5411 3643 5488 permettent
3671 5393 3746 5464 de

334 5465 604 5547 rectiﬁgp.
682 5466 843 5547 “fuB,
889 5464 1372 5547 Ιζξεζρδοιὶῃιίίαηςζ
1403 5468 1513 5547 λιιι
1548 5468 1611 5531 Β,
1666 5464 2081 5547 Ιίᾳῃίένοζεηιίαξ
2119 5472 2194 5547 ft?
2224 5470 2485 5547 Restitue
2511 5464 2757 5547 'dfapres
2808 5473 2870 5530 B.
2904 5546 2911 5547 ί
2948 5475 3015 5508 ²⁴³
3045 5474 3109 5541 Β,
3155 5464 3507 5547 perciperent.
3578 5480 3649 5515 ²“
3676 5483 3745 5547 Β,

330 5537 642 5624 «speretis
818 5538 879 5605 Α,
914 5536 1073 5624 1‘39,
1106 5542 1191 5624 γος
1226 5536 1290 5624 Β..
1331 5536 1374 5590 ί*
1402 5538 1598 5624 38...»:
1660 5540 1745 5624 ,ξιδ
1774 5543 1930 5624 «sese

2134 5558 2249 5624 quo
2287 5546 2388 5624 est
2419 5542 2585 5624 ‘ainsi
2627 5536 2852 5624 conque
2883 5546 3031 5606 dans
3063 5536 3134 5616 B;
3155 5536 3333 5605 Ἀιίιιᾶ
3376 5536 3743 5624 privilegium

331 5607 618 5691 Balduini,
650 5609 796 5685 regis
824 5608 1068 5682 secundi,
1094 5608 1163 5665 de
1181 5607 1381 5666 eodem.
1458 5610 1524 5645 “7
1556 5609 1620 5682 B,
1652 5612 1944 5669 Dominici.
2023 5609 2090 5650 "9
2123 5607 2373 5690 Stlppléé
2401 5614 2629 5689 d’apres
2659 5615 2721 5675 B.
