3994 6070
273 276 432 375 “‘33
958 296 961 301 ’
1280 313 1779 378 GARTULAIRE
1823 312 1928 375 DU
1974 312 2206 375 SAINT
2248 312 2674 377 SEPULCRE.
3522 316 3678 376 4134

268 445 467 517 ipsum
481 443 671 502 casale
683 445 939 502 habeant
954 447 1407 520 possideantque
1426 451 1705 520 perpetuo
1711 447 1918 518 jure!“
1946 448 2001 513 Α
2032 445 2380 519 impugnare
2410 451 2513 501 aut
2542 463 2773 503 cassare
2804 446 3235 518 temptaverit,a
3249 446 3386 512 Deo,
3404 446 3517 500 nisi
3534 447 3677 502 resi-

269 534 397 591 sine
418 534 576 590 omni
601 534 943 608 calumpnia
960 536 1242 592 heredum
1266 553 1531 593 meorum
1553 542 1609 591 et
1629 552 1925 592 successo-
2031 535 2644 607 puerit,anathematis
2658 535 2945 591 sententia
2958 552 3291 607 percussus,
3313 538 3507 589 nostro
3521 534 3676 607 regis

266 640 401 679 rum
422 622 510 679 vel
532 623 1274 695 quorumlibethominum,
1296 625 1411 698 Ipsi
1439 630 1634 681 autem
1657 623 1922 680 canonici
2031 625 2297 695 potestati
2316 642 2449 679 reus
2462 625 2780 692 subiaceat,
2798 624 3219 679 nichilominns
3242 623 3349 678 hoc
3364 639 3492 678 meo
3515 624 3668 680 dono

267 712 340 768 ob
367 710 540 768 istius
561 711 771 768 casalis
792 713 1015 769 donum
1037 731 1104 769 cc
1130 714 1604 786 bizaneios,quos
1627 714 1922 769 habebant
2030 714 2199 768 ﬁrmo
2231 717 2285 767 et
2308 713 2505 768 stabili
2533 730 2763 785 semper
2783 713 3251 769 consistente.Ad
3268 712 3446 767 huius
3477 710 3674 783 itaque

267 800 328 857 in
363 801 593 856 redditu
624 800 918 874 Neapolis,
952 802 1097 858 mihi
1130 804 1359 874 quietos
1384 802 1919 859 clamaverunt.Sed
2029 801 2143 857 mei
2173 803 2308 857 doni
2342 803 2874 858 corroborationem
2926 803 3176 873 Pagano,
3230 818 3356 857 meo
3389 799 3672 856 cancella-

266 894 470 962 postea
499 889 765 946 amicicia
793 892 860 926 ²⁵⁹
889 896 944 947 et
975 895 1182 964 rogatu
1213 893 1558 947 eorumdem
1609 891 1916 947 canonico-
2028 890 2132 958 rio,
2167 890 2342 946 scribi
2373 896 2430 946 et
2463 890 2737 963 plumbeo
2770 892 2947 964 regali
2981 891 3171 963 sigillo
3195 889 3526 945 conﬁrmari
3549 906 3675 961 pre—

268 996 424 1045 rum,
458 979 694 1035 eosdem
735 980 1008 1047 rusticos,
1069 997 1217 1053 quos
1254 980 1415 1052 prius
1462 986 1915 1052 exceptaveram,
2026 981 2173 1051 cepi,
2209 985 2473 1051 presente
2494 981 2708 1035 domno
2741 982 3054 1052 Stephano,
3082 979 3394 1035 venerabili
3418 979 3674 1034 Iheroso-

266 1084 402 1124 cum
432 1067 593 1123 omni
623 1068 898 1141 progenie
928 1086 1038 1125 sua
1069 1075 1129 1124 et
1160 1069 1473 1126 heredibus
1503 1069 1627 1125 suis
1658 1070 1918 1125 Sanctis-
2026 1067 2301 1123 limorum
2326 1068 2746 1140 patriarcha,et
2770 1086 2965 1123 coram
2989 1068 3120 1123 aliis
3144 1067 3669 1139 testibus,quorum

267 1157 418 1214 simo
451 1157 726 1230 Sepulcro
756 1162 931 1230 atque
962 1158 1149 1225 Petro,
1174 1158 1437 1230 ejusdem
1462 1157 1666 1229 priori,
1690 1158 1918 1215 ceteris-
2026 1158 2266 1212 nomina
2298 1158 2628 1229 subscripta
2658 1156 2936 1229 leguntur
2967 1174 2978 1212 :

268 1263 381 1319 que
398 1245 695 1302 canonicis
706 1262 841 1301 cum
854 1246 1189 1319 supradicio
1208 1246 1387 1303 casali
1399 1250 1455 1303 et
1466 1244 1691 1302 cunctis
1708 1248 1915 1301 cum!“

266 1333 637 1407 pertinentiis
665 1333 790 1391 suis
822 1335 880 1390 in
914 1336 1207 1408 presentia
1229 1334 1462 1391 comitis
1482 1336 1916 1408 Andegavensis

268 1427 445 1495 atque
460 1422 798 1480 Milissende
822 1423 941 1480 ﬁlie
961 1441 1107 1496 mee,
1125 1424 1355 1480 hisdem
1387 1424 1846 1497 approbantibus
1859 1425 1935 1481 et

264 1512 746 1580 assentientibus,
774 1512 984 1570 donavi
1007 1517 1065 1569 et
1084 1513 1369 1570 concessi.
1396 1513 1455 1569 Si
1489 1513 1621 1586 quis
1644 1530 1797 1584 vero,
1821 1531 1914 1570 ne-

262 1601 445 1675 quitie
457 1607 786 1658 commotus
798 1602 1394 1668 stimulis,teaerario
1413 1619 1560 1659 ausu
1584 1602 1691 1658 hoc
1716 1618 1911 1658 meum

260 1689 446 1764 legale
466 1691 688 1746 donum
716 1689 833 1746 ullo
856 1691 1030 1746 modo
1049 1691 1397 1764 impugnare
1411 1695 1512 1747 aut
1532 1708 1761 1747 oassare
1775 1696 1914 1747 tem-

266 1779 534 1852 ptaverit,
561 1797 594 1834 a
616 1779 755 1848 Deo,
777 1779 892 1836 nisi
915 1778 1247 1852 resipuerit,
1264 1779 1658 1835 anathematis
1681 1784 1909 1836 senten-
1948 1815 1993 1880 Β

260 1869 346 1924 tia
377 1883 714 1941 percussus,
729 1874 925 1925 nostra
953 1869 1106 1941 regie
1130 1868 1402 1941 potestati
1434 1885 1566 1924 reus
1589 1867 1907 1936 subiaceat,

261 1956 648 2013 nihilominus
678 1957 789 2014 hoe
816 1975 943 2014 meo
975 1959 1125 2014 dono
1160 1959 1326 2013 ﬁrmo
1371 1962 1427 2013 et
1456 1957 1651 2014 stabili
1682 1974 1914 2029 semper

184 2084 189 2089 -
262 2046 638 2103 consistente.
672 2047 833 2102 Hanc
865 2047 1062 2119 itaque
1093 2047 1205 2103 mei
1224 2047 1361 2103 doni
1382 2047 1911 2103 corroborationem

260 2135 806 2207 etsupradictorum
821 2134 1174 2191 rusticorum
1187 2136 1724 2208 augmentationem
1738 2137 1911 2191 Ame-

259 2223 415 2290 lino,’
439 2239 566 2280 meo
595 2223 963 2291 cancellario,
994 2225 1250 2281 scribere
1277 2228 1334 2280 et
1357 2224 1629 2296 plumbeo
1642 2224 1817 2296 regali
1834 2224 1909 2279 si-

261 2310 405 2384 gillo
427 2311 781 2367 conﬁrmare
793 2310 1319 2383 precepi,presente
1342 2310 1580 2367 domino
1599 2311 1908 2379 Willelmo,

262 2398 784 2455 lherosolimorum
831 2399 1163 2471 patriarcha
1213 2399 1551 2466 venerabili,
1605 2405 1663 2456 et
1716 2417 1910 2456 coram

262 2487 397 2546 aliis
418 2488 693 2557 testibus,
716 2504 963 2560 quorom
987 2487 1228 2544 nomina
1255 2487 1589 2561 subscripta
1608 2488 1911 2561 leguntur:

409 2581 637 2647 Petrus,
664 2575 1003 2649 capellanus
1016 2592 1205 2633 meus.
1225 2577 1533 2646 Radulfus,
1560 2578 1916 2634 camerarius

481 2682 671 2725 meus.
710 2665 1000 2721 Martinus
1060 2665 1132 2722 de
1180 2665 1482 2722 Nazareth.
1541 2667 1914 2735 Anscatinus,

477 2755 799 2813 viceoomes
847 2753 1231 2811 Iherusalem.
1292 2753 1542 2822 Olricus,
1601 2755 1919 2812 vicecomes

478 2842 804 2917 Neapolim,
833 2847 890 2900 et
924 2842 1023 2899 alii
1054 2842 1455 2916 quamplures.

955 2949 1128 3007 XLIV
1157 2951 1244 3004 ’5’.

265 3058 402 3097 ITBM
450 3056 722 3096 BALDUINI
764 3055 939 3096 REGIS
989 3055 1234 3096 SECUNDI
1277 3038 1347 3074 “3
1377 3056 1446 3094 DE
1504 3057 1653 3095 DONO
1693 3056 1920 3096 CATALIS

896 3127 1290 3167 CAFEBMELICH
1297 3154 1312 3168 .

2168 1246 2476 1301 Milisenda
2503 1247 2590 1300 ³⁵⁸.
2626 1247 2746 1301 ﬁlia
2776 1247 2948 1319 regis,
2980 1245 3089 1300 hoc
3118 1246 3318 1301 laudat
3345 1250 3403 1301 et
3432 1261 3671 1301 consen-

2236 1336 2326 1390 tit.
2374 1334 2730 1402 Willelmus,
2787 1337 3123 1390 Nazarenus
3172 1334 3665 1407 archiepiscopus.

2238 1423 2582 1490 Balduinus,
2598 1425 2942 1480 Sebastinus
2960 1422 3565 1497 episcopus.Ansellus
3578 1424 3665 1488 ³³9,

2238 1512 2616 1568 Bethleemita
2671 1514 3002 1586 episcopus.
3072 1512 3414 1578 Gelduinus,
3485 1511 3667 1567 Vallis

2238 1603 2720 1674 Iosaphatabhas.
2742 1602 3054 1670 Arnaldus,
3080 1601 3462 1673 priorMontis
3488 1601 3663 1673 Syon.

2236 1691 2542 1759 Iohannes,
2573 1691 2948 1746 camerarius.
2974 1691 3299 1745 Bernardus
3329 1690 3663 1746 Vaccarius.

2236 1780 2423 1852 Hugo,
2459 1779 2757 1852 Ioppensis
2779 1779 3071 1834 dominus.
3107 1778 3378 1834 Ansellus
3408 1780 3479 1834 de
3509 1779 3662 1834 Bria.

2237 1869 2565 1924 Henfredus
2604 1868 2673 1923 de
2712 1869 2958 1923 Torone.
3017 1868 3372 1934 Gualterius,
3430 1872 3667 1924 Cesaree

2234 1957 2542 2023 dominus,
2601 1956 2952 2025 Guitterius,
3027 1957 3334 2031 sorori[u]s
3363 1958 3432 1993 ²⁶⁰
3488 1957 3662 2029 regis.

2235 2046 2520 2101 Roardus.
2556 2046 2727 2116 Sado,
2762 2046 3177 2101 marescaleus.
3212 2046 3509 2120 Puganus,
3534 2047 3663 2118 pin-

2236 2152 2428 2190 cerna.
2464 2135 2758 2189 Romanus
2788 2135 2861 2189 de
2890 2135 3084 2189 Podio.
3110 2135 3403 2190 Goli‘ridus
3427 2137 3659 2191 Tortus.

2233 2221 2557 2279 Balduinus
2587 2224 2780 2279 Sancti
2814 2224 3064 2279 Abrahe.
3123 2223 3413 2290 llulricus,
3447 2224 3662 2296 Niapo-

2234 2312 2305 2368 lis
2334 2314 2397 2347 ²⁶¹
2428 2313 2768 2380 vicecomes,
2800 2317 2857 2368 et
2886 2311 3083 2385 plures
3114 2310 3234 2368 alii.

2096 2404 2332 2457 Factum
2366 2406 2453 2457 est
2504 2406 2561 2458 et
2609 2401 2811 2456 datum
2856 2402 2914 2456 in
2949 2401 3167 2473 palatio
3197 2402 3266 2436 ²⁶²
3305 2401 3461 2474 regis
3508 2402 3663 2474 apud

2022 2491 2219 2547 Achon
2246 2492 2336 2560 ³⁸³,
2383 2508 2535 2546 anno
2579 2489 2868 2546 dominice
2917 2490 3338 2547 incarnationis
3386 2508 3666 2560 MCXXVIII,

2024 2581 2342 2637 indictione
2373 2598 2451 2647 1v,
2485 2596 2686 2635 mense
2713 2580 2950 2649 marcio,

2724 2686 2867 2741 XLV
2891 2675 2979 2741 πει.

2028 2792 2404 2832 PRIVILEGIUM
2438 2793 2702 2831 BALDUINI
2736 2792 2898 2830 REGIS
2932 2792 3172 2831 SECUNDI
3196 2794 3262 2831 DE
3287 2790 3675 2833 ABSOLUTIONE

2310 2863 2764 2903 CONSUE’I‘UDINIS
2798 2863 2977 2901 PORTE
2998 2864 3380 2903 IIIERUSALEM.

2099 2937 2163 2993 In
2194 2936 2432 2992 nomine
2464 2940 2663 2992 sancte
2686 2940 2743 2991 et
2762 2935 3061 2991 individua
3083 2936 3387 2992 Trinitatis
3411 2936 3596 2992 Patris
3613 2940 3670 2991 et

2029 3026 2155 3083 Filii
2187 3030 2242 3082 et
2272 3025 2526 3097 Spiritus
2556 3024 2774 3080 Sancti.

2098 3116 2215 3189 Ego
2249 3114 2589 3181 Balduinus,
2626 3115 2922 3169 secundus
2958 3114 3053 3169 Dei
3075 3114 3260 3184 gratia
3280 3130 3379 3169 rex
3408 3113 3673 3169 Iherusa-

342 3202 408 3257 Iu
440 3200 676 3257 nomine
697 3204 896 3257 sancte
917 3203 975 3255 et
1003 3198 1303 3256 individuo
1324 3199 1632 3257 Trinitatis
1656 3200 1841 3257 Patris
1860 3204 1917 3256 et
1946 3176 1991 3244 (ἶ
2023 3176 2179 3273 lem:
2200 3204 2676 3259 condescendons
2708 3202 2979 3275 precibus
3010 3202 3192 3274 patris
3240 3202 3422 3258 nostri
3468 3203 3669 3258 domni

270 3290 401 3348 Filii
431 3293 488 3346 et
517 3288 771 3361 Spiritus
801 3288 1024 3356 Sancti,
1053 3304 1230 3344 amen
1262 3290 1349 3345 ’5‘.

342 3379 459 3451 Ego
493 3377 834 3446 Balduinus,
857 3377 959 3433 Dei
980 3376 1167 3451 gratia
1188 3394 1284 3434 rex
1307 3377 1667 3435 Iherusalem
1694 3378 1920 3434 Latino-

270 3485 407 3524 rum
420 3467 738 3538 secundus,
753 3464 928 3540 digne
942 3470 1104 3522 ratus
1118 3466 1381 3523 maculas
1400 3467 1661 3523 ﬁdelium
1694 3468 1919 3523 anima-

271 3574 406 3613 rum
437 3555 767 3613 orationum
827 3556 1130 3612 devotione
1160 3560 1216 3612 et
1246 3556 1699 3613 elemosinarum
1744 3556 1918 3630 largi-

270 3646 431 3702 tione
461 3662 634 3718 posse
681 3643 919 3714 aboleri,
968 3662 1072 3717 pro
1131 3644 1330 3701 anima
1386 3646 1747 3717 predessoris
1805 3645 1920 3702 mei

272 3736 423 3792 bone
449 3733 748 3805 memorie,
779 3733 933 3806 regis
982 3733 1274 3803 Balduini,
1310 3738 1367 3790 et
1414 3734 1610 3807 regine
1651 3735 1922 3791 usoris’”

273 3841 402 3880 mee
428 3826 855 3896 parentumque
878 3840 1143 3879 meorum
1165 3823 1318 3878 dono
1346 3828 1545 3879 sancte
1567 3823 1805 3880 ecclesie
1821 3823 1925 3879 Do-

272 3912 479 3969 minici
510 3911 773 3985 Sepulcri
804 3915 863 3968 et
884 3910 1179 3968 Willelmo
1203 3912 1383 3984 priori
1407 3912 1728 3985 ceterisque
1759 3930 1927 3970 cano-

275 4001 426 4059 nicis
455 4001 601 4057 inibi
634 4000 887 4075 regulari
917 4000 1153 4057 tramite
1204 4003 1314 4057 Deo
1344 4000 1757 4068 militantibus,
1803 4006 1922 4058 tam

276 4091 652 4164 presentibus
682 4107 861 4163 quam
892 4088 1337 4157 futuris,casale
1359 4090 1654 4162 quoddam
1676 4091 1735 4145 in
1766 4090 1928 4146 terri-

276 4180 431 4236 torio
460 4179 755 4251 Neapolis,
788 4179 1026 4235 nomine
1051 4178 1431 4235 Cafermelieh
1462 4180 1549 4247 ⁵³⁵⁸,
1575 4197 1709 4235 cum
1737 4180 1926 4236 omni-

281 4270 393 4325 bus
423 4270 616 4336 terris,
640 4267 871 4324 villanis
900 4271 957 4324 et
984 4266 1350 4341 pertinentiis
1371 4268 1518 4336 suis,
1542 4269 1793 4340 exceptis
1811 4268 1930 4325 illis

279 4359 550 4429 ejusdem
581 4356 794 4414 casalis
821 4356 1079 4424 villanis,
1111 4373 1259 4429 quos
1290 4357 1589 4413 Romanus
1635 4358 1705 4413 de
1753 4357 1929 4414 Podio

275 4450 777 4503 transmutaverat
802 4446 876 4501 ad
907 4445 1100 4502 casale
1133 4445 1442 4501 Betheﬂori
1464 4446 1552 4502 ³⁵⁷.
1588 4448 1674 4501 Ita
1693 4446 1930 4518 quidem

2025 3292 2389 3349 Guarmundi
2415 3291 2763 3364 patriarche,
2799 3290 2935 3347 cleri
2978 3308 3209 3363 quoque
3257 3308 3323 3346 ac
3345 3291 3584 3364 capituli
3606 3293 3672 3327 ²⁶⁵

2027 3387 2227 3439 sancte
2284 3381 2534 3437 civitatis
2587 3380 2967 3446 Iherusalem,
3002 3380 3510 3447 eonsuetudinem,
3557 3397 3671 3452 que

2027 3475 2267 3529 actenus
2297 3470 2633 3544 exigebatur
2664 3474 2720 3525 et
2746 3470 2997 3525 dabatur
3034 3469 3091 3524 in
3124 3473 3292 3541 porta
3343 3470 3415 3524 ab
3446 3468 3539 3525 his
3573 3467 3673 3540 qui

2028 3562 2387 3617 frumentum
2414 3563 2470 3614 et
2497 3559 2739 3614 ordeum
2773 3562 2829 3613 et
2878 3557 3187 3630 lugumina
3216 3558 3283 3592 ²⁶⁶
3323 3556 3671 3621 inferebant,

2030 3651 2240 3705 amodo
2252 3652 2308 3703 et
2319 3647 2610 3720 deinceps,
2629 3647 3085 3703 assentientibus
3100 3646 3483 3718 optimatibus
3505 3645 3673 3715 meis,

2039 3738 2271 3794 remitto
2299 3741 2419 3792 tam
2440 3754 2542 3808 pro
2556 3736 2811 3792 remedlo
2827 3736 3021 3791 anime
3045 3734 3243 3790 domni
3264 3734 3676 3807 [Balduini]’6",

2030 3826 2459 3901 predecessoris
2514 3825 2647 3892 mei,
2683 3824 2920 3897 gloriori
2980 3824 3153 3897 regis,
3189 3840 3365 3895 quam
3410 3840 3513 3895 pro
3546 3840 3678 3879 mea
3758 3810 3769 3817 ’

2039 3931 2566 3986 successorumque
2599 3931 2864 3969 meorum
2917 3912 3321 3968 incolumitate
3369 3918 3425 3967 et
3470 3911 3677 3984 salute,

2034 4004 2397 4062 Consaetudo
2419 4003 2630 4059 etenim
2656 4003 2757 4058 illa
2779 4003 2925 4058 dura
2940 4002 3104 4058 valde
3126 4006 3183 4057 et
3213 4002 3537 4073 dampnosa
3556 4005 3675 4056 tam

2036 4092 2355 4168 peregrinis
2383 4091 2729 4162 Sepulcrum
2762 4091 2993 4147 Domini
3052 4090 3440 4146 invisentibus
3497 4106 3672 4162 quam

2035 4182 2300 4255 ejusdem
2334 4185 2532 4235 sancte
2572 4179 2822 4250 civitatis
2872 4179 3302 4234 habitatoribus
3350 4179 3674 4234 videbatur.

2034 4269 2282 4326 Absolve
2338 4268 2534 4339 itaque
2590 4269 2661 4322 ab
2738 4269 2897 4322 omni
2963 4268 3261 4322 exactione
3318 4285 3521 4324 omnes
3578 4268 3679 4340 qui

2038 4359 2182 4432 [per]
2213 4358 2280 4392 ³⁵⁸
2312 4360 2508 4428 portas
2532 4355 2885 4411 lherusalem
2912 4356 3270 4410 frumentum
3293 4361 3394 4411 aut
3414 4358 3677 4425 ordeum,

2038 4449 2226 4513 fabas,
2258 4443 2569 4501 lenticulas
2623 4448 2679 4500 et
2736 4443 2886 4499 cicer
2942 4445 3154 4500 inferre
3210 4443 3546 4513 voluerint;
3581 4445 3681 4501 ha-

281 4537 437 4592 dono
468 4540 534 4591 ut
562 4534 810 4591 ecclesia
839 4534 1198 4591 sanctissimi
1249 4534 1536 4590 Dominici
1586 4534 1848 4608 Sepulcri
1879 4538 1935 4590 et
1962 4547 2010 4611 1)
2041 4538 2331 4607 beantque
2358 4534 2604 4590 liberam
2635 4532 2970 4589 facultatem
3018 4533 3385 4604 ingrediendi
3418 4533 3497 4607 [et
3525 4551 3684 4607 egre-

281 4624 529 4699 predicti
563 4623 827 4680 canonici
840 4624 1037 4696 ipsum
1051 4623 1242 4680 casale
1258 4623 1511 4680 habeant
1523 4628 1580 4679 et
1597 4623 1936 4695 possideant

281 4715 410 4770 iure
443 4717 722 4786 perpetuo
754 4712 880 4769 sine
911 4712 1073 4769 omni
1103 4712 1443 4785 calumpnia
1471 4712 1750 4768 heredum
1783 4729 1933 4768 meo-

281 4819 417 4859 rum
449 4806 506 4858 et
525 4819 934 4859 successorum
957 4801 1044 4858 vel
1066 4800 1463 4874 quorumlibet
1480 4801 1935 4874 hominum.lpsi

280 4907 417 4948 vero
448 4890 711 4947 canonici
742 4890 816 4947 ob
849 4890 1023 4947 istius
1054 4890 1264 4946 casalis
1286 4891 1509 4946 donum
1533 4908 1598 4946 cc
1620 4890 1934 4958 hizancios,

284 4996 435 5053 quos
464 4980 761 5035 habebant
781 4980 842 5035 in
876 4978 1107 5035 redditu
1121 4977 1564 5051 Neapolis,mihi
1579 4979 1810 5050 quietos
1827 4979 1940 5036 cla-

282 5073 612 5125 maverunt.
634 5068 692 5124 Si
710 5068 1009 5141 quisvero,
1026 5066 1287 5139 nequilie
1303 5071 1635 5123 commotus
1658 5067 1935 5137 stimulis,

286 5156 602 5214 temerario
634 5174 782 5214 ausu
811 5156 922 5214 hoc
953 5173 1150 5213 meum
1182 5155 1365 5229 legale
1386 5156 1606 5211 donum
1629 5155 1747 5212 ullo
1769 5158 1940 5214 modo

2043 4624 2262 4698 diendi]
2294 4624 2363 4658 ²⁶⁹
2394 4627 2568 4695 atque
2599 4622 2887 4678 vendendi
2920 4621 3020 4676 ubi
3053 4625 3110 4676 et
3139 4622 3353 4693 quibus
3400 4622 3688 4678 voluerint

2041 4715 2263 4785 absque
2293 4711 2563 4767 molestia
2592 4715 2714 4766 tam
2776 4712 3079 4767 Sarraceni
3114 4727 3291 4782 quam
3349 4710 3683 4766 Christiani.

2043 4804 2292 4860 Obsecro
2317 4800 2497 4872 igitur
2517 4804 2574 4855 et
2592 4803 2887 4855 contestor
2907 4816 2977 4855 ne
3005 4798 3135 4871 quis
3158 4816 3562 4855 successorum
3587 4804 3689 4855 aut

2043 4890 2325 4947 heredum
2357 4905 2621 4944 meorum
2645 4888 2803 4944 hunc
2824 4888 3262 4943 constitutionis
3281 4905 3405 4944 mee
3426 4892 3687 4944 tenorem

2044 4980 2240 5051 alique
2269 4978 2440 5033 modo
2470 4976 2685 5033 violare
2719 4978 3150 5032 autimmutare
3177 4982 3495 5049 presumat,
3529 4979 3690 5033 dom-

2047 5085 2307 5140 numque
2336 5066 2735 5139 patriardham
2771 5068 2867 5138 [et]
2901 5071 3088 5121 totum
3123 5065 3342 5121 clerum
3377 5066 3689 5123 Iherosoli-

2051 5158 2341 5213 mitanum
2363 5157 2641 5229 deprecor
2672 5161 2735 5211 ut
2752 5154 3111 5212 sentenciam
3132 5156 3198 5191 ³⁷0
3219 5157 3693 5214 excommunica-

366 5320 438 5392 ‘f’
465 5319 528 5387 Β,
560 5327 613 5376 et
637 5318 952 5392 possideant
976 5320 1118 5392 iure
1157 5325 1434 5390 perpetuo.
1486 5318 1555 5392 "f0
1606 5319 1667 5386 B,
1715 5319 1921 5392 amiciti

2048 5320 2097 5354 '5‘
2149 5319 2217 5392 B,
2262 5334 2399 5392 cum_
2433 5318 2659 5392 cunctis.
2712 5318 2779 5352 ²⁵²
2821 5319 2886 5392 Α,
2922 5317 3099 5392 ξιξ-49,
3147 5327 3247 5392 r°;_
3286 5318 3348 5384 B,
3397 5319 3440 5372 ib
3486 5320 3576 5381 38,
3622 5329 3692 5392 r“.

290 5390 362 5425 ³⁵³
393 5390 555 5463 cette
585 5388 871 5462 premiére
902 5388 1182 5463 rubrique
1213 5388 1471 5463 marique
1498 5389 1647 5463 dans
1688 5392 1754 5444 Α-
1786 5391 1855 5425 ²⁵⁴
1904 5391 1921 5446 Ι

2048 5407 2157 5463 que
2188 5390 2342 5463 dans
2368 5388 2427 5441 B.
2483 5388 2550 5422 ’⁵³
2581 5388 2644 5453 Β,
2674 5390 2884 5463 uxoris.
2931 5389 2997 5423 ³⁵⁸
3028 5388 3091 5456 Β,
3119 5388 3482 5463 λεαίεφηῃειίσ,
3534 5391 3695 5463 ²⁶⁷Β,

290 5458 681 5532 Beteﬁorif'33
735 5464 799 5531 Β,
850 5458 1165 5517 Μίιίηςδεηὶὶα
1212 5462 1280 5495 ³⁵⁸
1326 5458 1389 5528 Βζ
1436 5462 1743 5515 Ansclmus.
1792 5463 1859 5497 ²⁶⁰
1891 5464 1921 5518 C

2062 5458 2440 5532 'restitution
2476 5463 2565 5532 est
2613 5459 2899 5515 autorisée
2956 5477 3060 5532 par
3118 5460 3175 5515 Β.

1130 5540 1151 5588 ι
1177 5531 1517 5606 ΑεσΙξοηῇδξ
1538 5534 1605 5598 Α,
1639 5532 1697 5606 ίξοέ
1714 5532 1805 5599 44»
1822 5544 1890 5606 ,1”
1913 5552 1921 5603 ἰ

2056 5533 2100 5588 t"
2130 5534 2219 5606 35,
2252 5544 2331 5606 Ῑο.
2376 5530 2444 5564 ’⁸⁵
2474 5531 2536 5595 Β,
2561 5532 2765 5606 popoli.
2798 5532 2864 5569 ²⁶⁶
2895 5530 2974 5602 Β(
3005 5532 3301 5606 legumina.
3335 5533 3401 5568 ²⁶⁷
3450 5530 3702 5606 Suppléé

287 5534 360 5605 ’5?
390 5536 455 5601 Β,
482 5534 787 5605 palacium.
820 5534 889 5569 ’⁵³
914 5538 982 5605 AB,
1017 5550 1051 5605 α

3258 5462 3273 5496 ¹
3330 5461 3390 5523 Β,
3424 5462 3676 5532 Neapolis

289 5602 524 5684 d'aprés
553 5608 618 5664 Β.
650 5605 717 5647 ³6⁸
748 5603 1001 5683 Suppléé
1029 5602 1259 5687 d’apres
1290 5604 1354 5662 B.
1385 5604 1454 5642 ²⁶⁹
1484 5602 1770 5683 Suppléés
1802 5605 2031 5689 d’apres
2059 5608 2124 5666 B.
2156 5604 2225 5643 ’7"
2256 5603 2320 5677 B,
2350 5602 2694 5666 sententiam.
