3994 6070
341 294 493 357 1135

857 293 960 351 AD
1007 291 1517 353 GODEFRIDUM
1560 290 1890 354 APPEND.
1939 289 2442 354 ll‘.—-MO‘NUM.
2493 290 2594 352 DE
2637 291 2888 352 BELLO
2933 290 3182 352 SACRO

3574 293 3641 351 Η
3652 292 3735 352 3B

342 425 518 482 tionis
546 419 916 495 promulgare
948 438 1064 480 non
1109 421 1379 478 differant
1434 422 1496 478 in
1544 437 1978 494 quamcumque
2008 422 2060 488 Α
2091 419 2410 488 attulerint,
2438 420 2650 497 pannis
2679 420 2880 477 incisis
2895 425 2952 477 et
2972 420 3268 498 consuetis
3288 421 3353 458 ἐκ
3385 422 3456 477 ad
3479 422 3733 478 induen-

345 529 681 586 personam,
717 511 765 566 si
801 510 964 578 forte,
998 509 1313 583 instigante
1337 511 1586 567 avaricia
1617 515 1719 568 aut
1748 511 1980 566 fallente
2089 509 2251 566 dum.
2277 510 2390 565 Nec
2407 509 2582 566 etiam
2605 511 2676 565 de
2698 510 2973 566 omnibus
2995 510 3126 566 aliis
3146 511 3341 578 rebus,
3363 527 3511 582 quas
3531 527 3736 568 secum

343 600 594 670 diabolo,
620 599 729 656 hoc
758 598 971 654 violare
1004 598 1386 670 temptaverit.
1416 599 1641 656 Remito
1663 601 1726 634 ’7‘
1750 616 1982 671 quoque

347 691 677 746 mercedem
711 688 891 744 modii
922 687 1517 744 consuetudinariam.

417 780 655 835 Factum
671 777 876 832 esthoc
891 793 1042 832 anno
1055 776 1345 831 dominice
1369 777 1788 834 incarnationis
1807 794 1980 844 mcxx,

347 867 662 923 indictione
689 883 810 934 x111,
831 869 886 921 ct
917 865 1323 920 conﬁrmatum
1353 865 1410 920 in
1437 866 1683 922 ecclesia
1699 867 1983 923 Dominici

347 956 605 1030 Sepulcri
636 954 971 1012 testimonio
1003 954 1347 1010 idoneorum
1404 955 1684 1022 virorum,
1735 973 1984 1028 quorum

347 1045 678 1118 subscripta
708 1049 848 1100 sunt
876 1043 1118 1099 nomina
1149 1060 1162 1097 :

415 1136 533 1208 Ego
562 1133 997 1200 Guarmundus,
1031 1132 1130 1187 Dei
1161 1131 1348 1204 gratia
1367 1133 1697 1204 patriarcha
1726 1135 1988 1192 lherusa-

345 1224 482 1293 lem,
516 1221 839 1294 subscripsi
870 1225 927 1276 et
956 1221 1281 1280 secundum
1322 1221 1659 1292 petitionem
1692 1225 1758 1257 ²τ²
1787 1223 1987 1278 domni

345 1312 617 1370 Balduini
651 1311 806 1384 regis
837 1310 1016 1367 huius
1047 1309 1378 1367 donationis
1407 1311 1714 1370 violatores
1759 1329 1988 1368 excom-

347 1401 659 1460 municavi.

487 1491 735 1564 Signum
776 1487 1092 1556 Ebremari,
1144 1488 1498 1547 Cesariensis
1544 1490 1986 1564 archiepiscopi.

561 1581 805 1652 Signum
839 1577 1201 1644 Anschetini,
1235 1577 1680 1635 Bethleemitani
1711 1579 1986 1653 episc0pi.

552 1669 797 1741 Signum
815 1667 1395 1724 Bernardi.Nazareni
1409 1669 1988 1743 episcopi.[Signum]

561 1757 818 1854 Rogerii,
829 1756 1238 1854 [tamathensis
1259 1757 1532 1854 episcopi.
1549 1758 1840 1854 [Signum]
1854 1759 1988 1854 ‘Gel-
2021 1788 2067 1854 Β

559 1847 744 1916 duini,
779 1846 955 1904 Vallis
990 1844 1263 1917 Iosaphat
1291 1846 1540 1902 abbatis.
1577 1847 1868 1922 [Signum]
1894 1848 1987 1903 Ri-

558 1936 739 2004 cardi,
762 1933 1088 1992 Latinensis
1118 1934 1368 1992 abbatis.
1401 1934 1691 2008 [Signum]
1725 1936 1985 2004 Gerardi,

561 2025 758 2084 Sancti
800 2022 1061 2095 Sepulcri
1106 2023 1334 2095 prioris.
1381 2024 1671 2096 [Signum]
1713 2025 1986 2090 Achardi,

565 2113 850 2171 Dominiei
881 2111 1106 2183 Templi
1138 2112 1370 2184 prioris.
1404 2113 1695 2184 [Signum]
1725 2114 1987 2180 Arnaldi,

558 2202 770 2276 prioris
802 2199 1015 2266 Montis
1046 2200 1196 2271 Syon
1230 2201 1314 2256 '73.
1342 2201 1633 2274 [Signum]
1668 2203 1984 2274 Laurentii,

558 2291 772 2347 Montis
825 2288 1032 2348 Oliveti
1066 2289 1299 2360 prioris.
1335 2289 1625 2362 [Signum]
1680 2292 1825 2347 Petri
1863 2293 1989 2347 Bar-

558 2378 956 2436 chinonensis.
1007 2377 1297 2449 [Signum]
1339 2379 1581 2450 Pagani,
1631 2380 1984 2438 cancellarii.

560 2467 852 2541 [Signum]
893 2464 1232 2522 Brandonis.
1259 2465 1548 2538 [Signum]
1573 2468 1836 2542 Hugonis
1850 2473 1989 2529 Cau-

557 2557 650 2624 lis,
724 2553 1163 2622 constabularii.
1235 2553 1524 2628 [Signum]
1584 2555 1856 2614 Willelmi
1915 2560 1985 2617 de

557 2644 863 2702 Tiberiade
900 2645 987 2699 ’7‘.
1023 2643 1313 2715 [Signum]
1353 2645 1648 2700 Eustachii
1694 2646 1982 2702 Granarii.

558 2731 851 2808 [Signum]
883 2731 1145 2789 Herberti
1181 2731 1386 2789 Piselli.
1423 2731 1721 2809 [Signum]
1757 2735 1984 2792 Radulfi

558 2824 628 2878 de
652 2821 1625 2892 Fontanellis.[Signum]Guidonis
1648 2824 1718 2879 de
1732 2824 1982 2882 Miliaco.

557 2911 848 2985 [Signum]
882 2908 1416 2982 Baliani.[Signum]
1432 2911 1676 2970 Romani
1700 2913 1769 2968 de
1787 2914 1983 2972 Podio.

557 3000 848 3075 [Signum]
881 2997 1155 3054 Amalrici
1192 3000 1264 3054 de
1305 2999 1658 3060 Frandrello.
1695 3002 1983 3076 [Signum]

555 3087 821 3147 Balduini
851 3089 922 3144 de
949 3088 1160 3146 Sancto
1190 3088 1507 3144 Abraham.
1540 3089 1829 3163 [Signum]
1865 3092 1984 3147 Ma-

554 3196 758 3236 nasses
771 3179 842 3236 de
859 3177 1416 3250 Caypha.[Signum]
1434 3160 1667 3238 Roardi.
1695 3160 1984 3254 [Signum]
2016 3160 2062 3226 θ

552 3267 913 3338 Ansohetini,
962 3267 1340 3323 vicecomitis.
1395 3268 1687 3340 [Signum]
1720 3269 1982 3342 -Pagani,

553 3359 845 3431 pincerne.
913 3354 1205 3428 [Signum]
1275 3355 1571 3426 Iohannis,
1655 3359 1980 3420 camerarii.

555 3443 1124 3519 [Signum]Rainaldi
1156 3445 1226 3499 de
1250 3444 1415 3500 Pent.
1441 3445 1985 3520 [Signum]Goifridi

557 3539 728 3590 Acus.
765 3533 1057 3604 [Signum]
1104 3532 1362 3587 Porcelli.
1399 3533 1690 3607 [Signum]
1745 3537 1981 3594 Bertini.

553 3621 777 3694 [Signa]
812 3620 1124 3677 Bachelerii
1156 3626 1214 3676 et
1232 3620 1512 3677 Willelmi
1532 3624 1907 3684 Strabonum.

409 3714 528 3784 Ego
559 3709 902 3778 Balduinus,
937 3710 1034 3765 Dei
1069 3710 1258 3782 gratia
1308 3712 1604 3767 secundus
1635 3714 1979 3772 Latinorum

336 3817 436 3856 rex
467 3796 1033 3866 Iherosolimitanus,
1064 3797 1386 3870 subscripsi
1417 3804 1476 3854 et
1513 3800 1688 3872 sigilli
1725 3803 1838 3859 mei
1870 3804 1981 3860 im-

334 3887 634 3962 pressione
665 3885 911 3958 signavi,
947 3901 1099 3941 anno
1130 3885 1294 3957 regni
1325 3885 1437 3944 mei
1469 3888 1664 3944 tercio.

1009 3991 1187 4046 XLVI
1214 3992 1302 4046 ³⁷⁵.

332 4099 705 4140 PRIVILEGIUM
735 4081 803 4117 ²⁷⁶
832 4096 1104 4136 BALDUINI
1135 4097 1300 4136 REGIS
1330 4097 1572 4136 saeuum
1606 4098 1678 4136 ne
1731 4099 1977 4140 consue-

669 4169 887 4210 runms
914 4169 1261 4209 accensas
1290 4153 1355 4188 ³⁷⁷
1387 4170 1633 4210 pon'rus.

403 4243 467 4300 In
500 4243 739 4302 nomine
772 4241 960 4298 Patris
986 4246 1042 4299 et
1076 4240 1202 4298 Filii
1232 4247 1289 4297 et
1319 4241 1572 4314 Spiritus
1595 4243 1813 4302 Sancti.

401 4332 520 4406 Ego
577 4331 922 4399 Balduinus,
982 4331 1083 4388 Dei
1141 4331 1330 4404 gratia
1377 4348 1476 4386 rex
1524 4331 1880 4390 lherusalem
1910 4336 1980 4371 ³⁷⁸

331 4422 673 4478 Latinorum
707 4421 1021 4488 secundus,
1043 4419 1319 4492 quoniam
1348 4419 1405 4474 in
1428 4421 1809 4492 portuAchon
1842 4440 1978 4494 que-

2091 598 2540 670 apportaverint,
2561 599 2876 671 quicquam
2901 598 3159 654 tribuent
3183 617 3367 672 usque
3383 601 3451 656 ad
3474 600 3736 658 valerem

2090 703 2163 746 XL
2186 686 2617 755 bizanciorum;
2654 689 2806 760 quod
2839 705 2970 744 vero
3020 688 3158 742 huic
3201 688 3394 760 precio
3422 707 3490 744 xx.
3527 691 3736 746 bizano

2093 775 2317 835 ciorum
2346 777 2633 848 supererit
2663 777 2721 832 in
2753 777 2929 832 rebus
2975 777 3427 849 peregrinorem,
3461 782 3518 834 et
3572 784 3739 852 pote-

2093 869 2232 920 runt
2261 866 2549 936 supererit
2593 865 2652 921 in
2711 865 2885 920 rebus
2943 866 3406 938 peregrinorum,
3459 872 3516 923 et
3567 873 3737 940 pots-

2094 959 2233 1010 runt
2264 955 2372 1025 ipsi
2402 953 2688 1026 peregrini
2713 955 2885 1010 ﬁdem
2909 955 3231 1026 astringere
3252 958 3740 1030 custodibuspor-

2093 1047 2191 1100 tus
2221 1043 2360 1114 quia
2390 1044 2462 1100 ad
2495 1044 2796 1115 proprium
2824 1061 2994 1100 usum
3018 1043 3184 1113 illud,
3211 1045 3581 1118 quidquid“
3602 1048 3735 1116 erit,

2095 1133 2492 1200 reservabunt,
2515 1133 2694 1205 quieti
2727 1138 2898 1188 erunt
2922 1151 2935 1200 ;
2955 1133 3002 1188 si
3022 1133 3374 1190 autemillud
3399 1135 3549 1190 idem
3575 1139 3735 1209 quod

2097 1221 2382 1292 supererit
2413 1222 2734 1278 necessitas
2780 1223 3027 1277 vendere
3083 1223 3323 1295 cogerit,
3383 1224 3455 1279 de
3503 1226 3739 1282 vendito

2096 1311 2250 1382 quod
2284 1310 2644 1367 consuetudo
2675 1317 2730 1366 et
2749 1310 2974 1367 instum
3003 1316 3092 1367 est
3114 1311 3171 1366 in
3195 1317 3362 1383 portu
3383 1313 3734 1385 persolvent.

2806 1399 3021 1456 XLVII.

2456 1487 2608 1528 PRIVI
2617 1487 2830 1527 LEGIUM
2861 1488 3179 1530 INNOCENTII
3219 1490 3379 1534 PAPB.

2372 1560 2524 1630 (Vide
2552 1562 2616 1616 in
2640 1563 2947 1617 Innocentio
2974 1561 3027 1616 II
3052 1561 3122 1616 ad
3152 1579 3244 1618 an.
3279 1563 3462 1634 1143.)

2795 1649 3018 1706 XLVIII
3046 1651 3132 1705 ³⁸³.

2101 1736 2170 1776 οε
2200 1719 2269 1754 ³⁸⁵
2299 1737 2644 1776 ΒΕΜΙΞΒΙΟΝΕ
2695 1738 3044 1787 CALUMPNIB,
3102 1739 3262 1784 QUAM
3318 1741 3526 1780 nsema
3570 1743 3739 1788 MILE-

2203 1807 2410 1846 SENDIS
2440 1809 2703 1847 FACIEBAT
2735 1809 2914 1848 SUPER
2962 1809 3222 1849 VILLANIS
3253 1811 3322 1849 DE
3373 1813 3643 1852 BETSURIE
3673 1815 3743 1856 ΕΤ

2205 1879 2392 1918 suras
2422 1879 2689 1918 SURIANIS
2719 1880 2788 1918 Ds
2825 1880 3134 1920 CALANDRIA
3164 1883 3230 1920 ετ
3259 1882 3330 1920 ΠΕ
3358 1884 3642 1923 ΒΑΜετ-ηιε
3671 1869 3741 1903 ⁸⁸⁵

2203 1952 2270 1990 a'r
2298 1951 2486 1991 suem
2514 1952 2681 1990 VINEA
2708 1936 2778 1970 ³⁸⁸
2808 1952 3027 1990 nomma
3056 1953 3330 1993 GELTIDIS.

2168 2027 2232 2080 In
2266 2023 2500 2080 nomine
2525 2028 2727 2079 sancte
2752 2028 2808 2079 et
2830 2023 3128 2080 individue
3145 2025 3454 2084 Trinitatis
3471 2027 3655 2085 Patris
3683 2034 3744 2086 et

2100 2111 2230 2168 Filii
2263 2117 2318 2169 et
2349 2111 2603 2184 Spiritus
2635 2113 2855 2179 Sancti,
2889 2130 3080 2169 amen.

2167 2200 2458 2257 Imitanda
2481 2200 2720 2273 antique
2747 2200 3136 2258 institutionis
3155 2221 3361 2260 norma
3383 2209 3747 2280 temporibus

2097 2290 2392 2362 quondam
2417 2290 2730 2346 transactis
2762 2308 2876 2346 non
2911 2291 3271 2365 negligenter
3299 2295 3632 2363 obtinuit,et
3653 2315 3746 2354 ve-

2096 2383 2255 2434 tusta
2286 2385 2620 2435 sanctorum
2650 2380 2894 2436 tradicio
2911 2385 3144 2453 patrum
3173 2383 3747 2442 nichilominuscon-

2094 2468 2392 2524 venienter
2420 2468 2766 2534 observavit,
2800 2470 2899 2525 sed
2933 2475 2992 2526 et
3010 2471 3435 2530 observandum
3461 2475 3745 2548 exemplis

2067 2555 2218 2612 -suis
2239 2557 2311 2612 ad
2333 2573 2440 2612 nos
2462 2572 2648 2628 usque
2666 2556 3116 2613 succedentibus
3139 2557 3454 2616 salubriter
3474 2562 3746 2618 transmi-

2095 2645 2170 2700 sit
2203 2651 2285 2713 u‘t,
2320 2645 2598 2718 quociens
2627 2646 2692 2680 ³³⁷
2725 2645 3039 2702 cuiuslibet
3071 2647 3153 2702 rei
3184 2653 3347 2720 geste
3377 2649 3555 2705 series
3597 2667 3741 2706 con-

2093 2734 2325 2801 texitur,
2359 2751 2429 2789 ne
2459 2739 2789 2806 temporum
2819 2736 3028 2808 spatiis
3057 2737 3127 2772 ²⁸⁸
3155 2753 3514 2794 annorumve
3547 2738 3745 2796 laben-

2093 2823 2254 2878 tibus
2285 2822 2590 2878 curriculis
2605 2822 2864 2894 paritera
2884 2823 3168 2879 memoria
3188 2823 3496 2881 hominum
3520 2826 3739 2884 labere-

2093 2915 2208 2977 tur,
2241 2911 2309 2966 ad
2346 2911 2437 2967 sui
2469 2911 2745 2966 noticiam
2768 2912 3081 2974 cerciorem
3104 2914 3173 2947 ²⁸⁹
3193 2913 3403 2985 suique
3425 2915 3736 2972 cfficatiem

2095 3001 2412 3056 firmiorem
2435 3000 2534 3056 lite
2543 3018 2736 3056 rarum
2751 3000 2834 3056 aci
2847 2999 3018 3072 pibus
3030 3001 3382 3074 paginisque-
3396 3020 3740 3062 conservan-

2094 3088 2234 3144 dum
2292 3090 2620 3144 traderetur
2684 3088 3146 3145 memorialibus.
3203 3091 3412 3148 Eorum
3443 3093 3511 3127 ²⁹⁰
3559 3092 3740 3166 igitur

2095 3178 2359 3234 omnium
2383 3177 2641 3250 vestigiis
2662 3195 2770 3232 nos
2795 3178 3382 3249 peromniainherere
3411 3181 3734 3253 cupientes,

2093 3282 2196 3338 ego
2230 3266 2564 3322 Milesendis
2589 3268 2675 3335 ’9‘,
2697 3267 2894 3322 divina
2922 3265 3206 3340 largiente
3219 3269 3526 3325 clementia
3548 3270 3740 3326 lhero-

2093 3355 2433 3413 solimorum
2459 3354 2677 3427 regina,
2698 3354 2972 3410 omnibus
2995 3356 3356 3423 hominibus,
3373 3362 3491 3413 tam
3507 3373 3740 3430 presen-

2091 3444 2250 3501 ti-bus
2281 3460 2458 3516 quam
2488 3460 2690 3500 eorum
2722 3444 2990 3516 posteris,
3023 3449 3215 3500 ratum
3249 3453 3590 3518 certumque
3610 3447 3737 3504 ﬁeri

2089 3532 2218 3590 volo
2231 3535 2388 3604 quod
2400 3533 2562 3589 illam
2577 3532 2766 3588 calum
2776 3533 3000 3606 pniam,
3016 3550 3190 3605 quam
3207 3534 3447 3591 ecclesia
3459 3535 3740 3591 Sancti’"

2092 3622 2353 3694 Sepulcri
2387 3623 2769 3694 ejusdemque
2811 3621 2922 3678 loci
2972 3622 3288 3691 canonicis,
3342 3625 3735 3696 quorumdam

2090 3711 2484 3784 suggestione,
2517 3727 2694 3783 super
2723 3710 2956 3767 villanis
2987 3712 3058 3766 de
3103 3711 3422 3778 Bethsurie,
3469 3711 3739 3768 videlicet

2090 3798 2323 3856 Selmen
2347 3799 2464 3855 filio
2484 3799 2695 3867 Maadi,
2711 3798 3154 3872 Hapderahmen
3174 3800 3258 3868 ³³⁸,
3276 3799 3472 3867 Selim,
3497 3800 3734 3868 Hasem,

2087 3888 2256 3952 Nase,
2281 3887 2604 3960 Melpedem
2620 3889 2708 3943 ’9‘.
2742 3887 3042 3944 Seleemen
3090 3888 3260 3944 Sade.
3296 3888 3534 3952 Brahin,
3574 3889 3736 3944 Kan-

2087 3981 2206 4043 net,
2229 3976 2431 4042 Naser,
2462 3975 2549 4043 ’9‘,
2583 3973 2734 4041 Ariz,
2797 3974 3086 4044 Mahmut,
3145 3976 3331 4044 Zafer,
3390 3977 3620 4033 Demsis
3639 3978 3730 4044 ³⁸⁸,

2087 4063 2369 4133 Resselm,
2403 4063 2644 4130 Tameh,
2682 4064 2883 4132 Rosee,
2928 4063 3098 4130 Sabe,
3160 4064 3352 4120 Salem
3407 4063 3526 4120 ﬁlio
3557 4065 3732 4130 Sede,

2085 4158 2142 4210 et
2171 4152 2412 4225 reliquis
2440 4152 2714 4208 omnibus
2735 4157 3008 4224 terraque
3036 4153 3302 4223 ejusdem
3349 4152 3560 4209 casalis
3583 4152 3734 4208 fece-

2086 4259 2233 4310 ram,
2253 4258 2497 4298 assensu
2521 4244 2577 4296 et
2595 4240 2972 4297 concessione
2995 4240 3250 4296 ﬁliorum
3277 4257 3561 4308 meorum,
3577 4241 3734 4314 regis

2084 4331 2307 4390 scilicet
2337 4329 2604 4386 Balduini
2645 4334 2701 4385 et
2735 4327 3033 4396 Almarici,
3068 4329 3442 4402 Ieppensium
3474 4329 3730 4398 comitis,

2082 4421 2259 4478 etiam
2291 4419 2534 4475 concilio
2564 4419 2630 4453 ²⁰⁷
2648 4422 2706 4473 et
2727 4415 3104 4474 laudamento
3129 4419 3418 4474 bonorum
3442 4418 3728 4482 virorum,

329 4511 463 4566 dam
490 4496 662 4582 prave
685 4509 1142 4566 consuetudines
1172 4508 1561 4576 adoleverant,
1591 4526 1703 4580 que
1724 4512 1974 4582 peregri-
2007 4527 2050 4591 ι)
2081 4505 3735 4578 libereetquietedimitto;itascilicetutcanoniciabsque

329 4615 436 4654 nos
476 4597 837 4670 permultum
868 4597 1209 4670 gravabant,
1259 4601 1463 4668 rogatu
1515 4601 1572 4652 et
1619 4599 1878 4654 amonitu
1904 4601 1972 4635 ³⁷³

327 4686 550 4743 domini
599 4686 948 4759 S[tephani],
1007 4684 1399 4756 venerabili[s]
1457 4685 1970 4746 lherosolimorum

326 4774 675 4847 patriarche,
700 4775 877 4831 statui
900 4774 1210 4846 proanima
1237 4773 1665 4846 predecessoris
1687 4775 1798 4831 mei
1820 4775 1970 4832 bone

325 4880 624 4935 memorie,
659 4863 810 4936 regis
842 4865 909 4898 ²⁸⁰
938 4863 1230 4930 Balduini,
1263 4866 1320 4918 et
1368 4861 1565 4934 regine
1595 4863 1792 4918 uxoris
1840 4881 1971 4922 mee

2081 4596 2239 4655 omni
2271 4595 2726 4652 contradictione
2757 4612 2861 4651 seu
2894 4594 3307 4650 reclamatione
3348 4612 3476 4651 mea
3504 4595 3593 4650 vel
3618 4594 3727 4650 ali-

2080 4688 2250 4758 cujus
2281 4683 2559 4740 heredum
2595 4699 2858 4739 meorum
2895 4683 3186 4754 prcdictos
3235 4683 3502 4750 villanos,
3550 4699 3735 4755 super

2079 4771 3230 4848 quibuscalumpniaagitatafuerat,cum
3244 4788 3444 4828 eorum
3457 4769 3738 4827 omnium

2079 4861 2518 4938 posteritatibus
2549 4865 2607 4916 et
2649 4859 3117 4932 prenominatam
3167 4865 3382 4916 terram
3414 4859 3731 4916 donatione

323 4952 602 5022 quatinus
633 4952 942 5024 peregrini,
964 4952 1377 5023 undecumque
1399 4950 1715 5019 venientes,
1742 4951 1965 5010 nullam
2075 4959 2131 5010 et
2161 4950 2532 5009 concessione
2563 4954 2763 5005 nostra
2792 4948 2972 5005 libere
2993 4954 3048 5004 ct
3067 4949 3258 5021 quiete
3286 4950 3344 5003 in
3377 4954 3728 5021 perpetuum

321 5040 618 5098 dationem
651 5056 864 5095 census
895 5042 1034 5096 dent
1065 5041 1119 5095 in
1155 5046 1323 5112 portu
1355 5041 1426 5095 de
1472 5039 1766 5106 omnibus,
1817 5057 1965 5112 quos
2076 5042 2347 5107 habeant,
2384 5042 2620 5094 teneant
2649 5042 2707 5092 et
2766 5036 3133 5109 possideant,
3194 5037 3349 5094 sicut
3400 5054 3434 5092 a
3462 5041 3732 5108 tempore

408 5155 585 5239 φρ,
646 5155 894 5239 Remitto.
965 5156 1045 5239 ’ἶ
1085 5156 1142 5220 Β,
1191 5157 1535 5239 peticioncm.
1605 5156 1674 5239 "73
1716 5156 1910 5239 Montis
1968 5159 1988 5214 Ε

2100 5177 2119 5212 ι
2173 5157 2396 5239 mare;
2600 5153 2662 5236 Βτ
2727 5153 3043 5239 Tabes??-
3116 5153 3219 5239 ”⁶.
3248 5155 3313 5219 Α»
3378 5153 3570 5239 ME,
3631 5159 3726 5221 νς

323 5224 386 5294 Β,
420 5225 471 5299 ίοΔ
495 5225 795 5299 37,124?“
827 5226 982 5299 Dans
1007 5226 1047 5299 Β
1078 5242 1140 5280 ce
1172 5223 1293 5280 met
1321 5231 1410 5280 est
1464 5226 1751 5299 remplacé
1812 5245 1917 5299 par
1970 5232 1988 5286 l

2100 5271 2122 5284 ..
2155 5223 2221 5263 2‘”
2255 5227 2316 5294 Β,
2359 5226 2704 5299 Ασὴοηεηδξε-
2738 5223 2897 5299 ΨΒ»
2931 5223 3342 5299 lherusalem,
3393 5225 3470 5299 Ψ
3502 5224 3562 5288 B’
3595 5240 3722 5299 an}:

321 5297 553 5370 ῃιοηίιιέ.
581 5296 652 5370 ξεο
685 5296 749 5370 B,
801 5298 944 5370 regis
1003 5297 1133 5351 bone
1187 5299 1464 5353 memorie.
1528 5295 1606 5332 ²³¹“
1627 5298 1689 5366 Β,
1748 5295 1988 5355 consutis

2100 5303 2139 5337 ⁵³
2170 5301 2228 5364 Β,
2261 5298 2539 5370 quicquid.
2592 5298 2659 5330 ³⁸³
2713 5299 2780 5370 A,
2813 5297 2857 5350 το
2908 5297 3004 5370 743‘,
3043 5309 3130 5362 ro;
3193 5297 3250 5362 Β,
3288 5298 3333 5350 ιδ
3379 5297 3475 5370 4ζῇ
3523 5303 3598 5370 eo,
3654 5295 3728 5370 ast

322 5355 480 5421 Dans
510 5365 636 5439 B_la
667 5355 945 5438 ru'briq'ue
1003 5383 1340 5439 commence
1373 5386 1475 5439 par
1533 5386 1628 5424 ces
1676 5355 1839 5426 'mots
1874 5389 1886 5426 :
1919 5373 1988 5428 Jte

2116 5355 2423 5426 Μειϊεὶηάίὲ
2471 5370 2660 5437 regine
2711 5355 2842 5422 de'...
2875 5369 2942 5403 εει
2973 5355 3036 5434 Β,
3096 5355 3354 5424 Rametia.
3413 5355 3480 5401 εδδ
3527 5367 3591 5430 B,
3630 5368 3722 5439 vi-

320 5437 620 5520 gealn."”j
651 5437 944 5520 ‘quotiens.
978 5438 1160 5520 ΔξξδιΒ,
1183 5437 1439 5520 _§p_aciis.
1600 5441 1661 5520 ρ,
1706 5443 1988 5520 fortiore}!

2100 5444 2165 5477 ²⁹⁰
2199 5443 2254 5520 B,
2287 5443 2512 5520 Ηοςαζη.
2540 5441 2627 5520 fl"
2671 5443 2733 5503 B,
2791 5439 3144 5520 Mplissendis.
3195 5440 3265 5474 ²⁹²
3311 5444 3376 5520 B,
3423 5438 3724 5520 Dominici.

319 5508 387 5586 ξοδ
419 5509 479 5576 Β,
509 5508 1137 5586 ΗαὸᾷέναήηιθῃηξξζΒ,
1169 5508 1468 5586 Materiem.
1503 5512 1570 5546 "5
1602 5508 1663 5579 Β,
1696 5513 1914 5571 Nasser.
1949 5515 2016 5550 ²⁹⁶
2047 5514 2203 5572 Dans
2235 5511 2288 5568 le
2344 5510 2486 5582 dipl.
2539 5511 2628 5581 53,
2657 5525 2754 5565 ces
2812 5509 2964 5566 deux
2993 5527 3163 5569 noms
3218 5508 3547 5586 paruissent
3589 5509 3723 5565 n’en

313 5577 536 5661 former
563 5580 745 5658 qu‘un
776 5581 923 5640 seul.
954 5581 1020 5618 ²⁹⁷
1052 5581 1116 5651 Β,
1147 5583 1374 5640 consilio
1395 5583 1579 5640 etiam.
