3992 6090
186 238 254 300 ﬂ
267 237 346 298 43

1177 233 1675 303 CAHTULAIRE
1715 238 1822 301 DU
1863 231 2098 300 SA'INT
2141 227 2571 302 SEPULCRE.

3434 221 3600 308 ωδ-

184 369 655 428 confirmationis
670 385 796 427 mea
807 370 1025 445 pagina
1044 375 1170 428 rata
1181 375 1239 428 et
1253 370 1592 444 incorrupta
1612 385 1838 444 perma-
1865 371 1920 438 Α
1951 371 2196 444 Insuper
2222 371 2394 428 etiam
2414 373 2718 430 dimidiam
2745 375 2967 448 partem
2993 371 3152 448 illius
3174 377 3586 450 possessionis,

186 464 344 528 neat,
365 458 617 516 testibus
647 476 774 515 eam
807 461 1157 532 subscriptis
1206 459 1501 534 sigillique
1549 461 1662 516 mei
1693 478 1838 534 sup-

183 549 490 622 pressione
515 548 730 604 muniri
765 550 980 622 precipi
1007 551 1096 604 39°.

257 639 497 695 Factum
529 643 618 694 est
647 642 842 695 autem
874 639 984 696 hoc
1015 656 1168 695 anno
1199 639 1271 696 ab
1305 640 1703 697 incarnatione
1726 641 1836 696 Do-

182 726 331 784 mini
363 744 533 794 manv,
585 727 900 785 indictione
946 745 1030 785 ιη.
1065 729 1250 786 Huius
1281 729 1516 802 quidem
1548 730 1627 786 rei
1657 735 1839 788 testes

181 820 361 873 sunt:

325 905 674 973 Amalricus,
708 907 884 962 frater
905 907 1056 979 regis
1086 913 1142 962 et
1172 924 1366 965 eomes
1386 910 1834 967 Ascalonitatus.

398 996 755 1052 Humfredus
777 997 849 1052 de
871 997 1123 1063 Torone,
1141 998 1632 1054 constabularius.
1649 1001 1836 1057 Guido

403 1085 776 1158 Barythensis
828 1087 915 1141 ³⁸⁷.
986 1087 1265 1144 Girardus
1323 1089 1702 1161 Sydoniensis
1747 1091 1834 1147 ⁸³⁸.

407 1175 710 1247 Philippus
740 1174 1177 1248 Neapolitanus.
1225 1177 1410 1234 Guido
1453 1179 1835 1252 ‘Francigena.

403 1264 690 1320 Henricus
721 1264 980 1321 Bufalus.
1005 1270 1173 1339 Hugo
1203 1267 1576 1324 Cesariensis.
1611 1269 1839 1325 Baldui-

399 1371 513 1409 nus
539 1353 609 1409 de
641 1353 855 1410 Insula.
890 1354 1011 1410 Odo
1043 1353 1113 1410 de
1133 1355 1637 1424 Tholenth,turris
1660 1360 1837 1415 David

395 1441 775 1500 castellanus.
809 1444 931 1500 Odo
963 1445 1034 1500 de
1063 1445 1273 1501 Sancto
1297 1447 1574 1502 Amando.
1607 1447 1839 1504 Guillel-

397 1543 533 1587 mus
559 1531 631 1588 de
662 1532 857 1588 Barra.

247 1620 398 1679 Data
427 1620 654 1686 Achon,
693 1638 796 1694 per
825 1638 1067 1678 manum
1100 1622 1353 1680 Raduliii
1390 1623 1740 1695 cancellarii,
1777 1645 1836 1682 ιιι

179 1710 322 1768 idus
351 1709 502 1767 iulii.

886 1801 1009 1856 LIV
1045 1801 1133 1857 3".

230 1906 408 1946 ALIUD
439 1891 506 1926 ⁴⁰⁰
545 1901 925 1946 Ρητνιιεαιυινι
963 1907 1233 1946 BALDUINI
1275 1907 1439 1948 REGIS
1477 1910 1682 1956 QUARTI
1723 1913 1792 1950 DE

399 1977 567 2017 CONFI
576 1978 872 2018 RMATIONE
910 1976 1140 2020 OINIUM
1179 1979 1626 2020 POSSESSIONUM.

253 2067 318 2123 In
351 2068 588 2124 nomine
618 2072 818 2124 sancte
846 2072 903 2124 et
923 2069 1226 2125 individua
1249 2070 1555 2128 Trinitatis
1577 2072 1766 2129 Patris
1786 2077 1844 2130 et

175 2156 286 2212 filii
319 2160 378 2212 at
408 2155 664 2228 Spiritus
693 2157 914 2225 Sancti,
951 2172 1142 2213 amen.

244 2245 468 2302 Notum
501 2246 580 2302 sit
611 2247 909 2314 omnibus,
941 2251 1061 2302 tam
1097 2248 1468 2320 presentibus
1491 2267 1665 2322 quam
1691 2251 1844 2306 futu-

181 2334 295 2401 ris,
331 2335 485 2407 quod
519 2351 626 2408 ego
657 2333 1000 2403 Balduinus,
1025 2349 1128 2408 per
1145 2337 1394 2409 gratiam
1428 2337 1526 2393 Dei
1557 2338 1615 2394 in
1643 2345 1844 2396 sancta

173 2423 548 2483 Iherusalem
583 2424 924 2479 Latinorum
946 2440 1045 2479 rex
1073 2430 1340 2496 quartus,
1367 2428 1843 2498 predecessorum

180 2529 457 2569 meorum
488 2511 675 2568 felicis
708 2512 1006 2568 memorie.
1041 2511 1208 2570 ducis
1254 2515 1519 2571 videlicet
1549 2507 1842 2575 Godei‘ridi

175 2600 500 2674 fratrisque
532 2601 660 2658 eius
691 2601 986 2669 Balduini,
1020 2603 1192 2675 primi
1213 2593 1736 2663 ’Iherosolimorum
1761 2625 1846 2665 re-

173 2691 294 2764 gis,
309 2690 604 2758 Balduini,
618 2690 793 2746 etiam
813 2691 1056 2747 secundi
1081 2692 1238 2764 regis
1258 2707 1479 2749 necnon
1495 2697 1551 2750 et
1573 2695 1843 2754 Fulconis

172 2779 364 2851 patris
397 2777 532 2846 mai,
556 2779 816 2836 civitatis
845 2780 1121 2836 eiusdem
1152 2781 1308 2854 regis
1342 2783 1528 2849 tercii,
1579 2785 1842 2858 vestigiis

179 2867 453 2925 inherere
475 2868 834 2933 desiderans,
857 2884 962 2940 pro
985 2868 1172 2925 salute
1188 2879 1319 2925 mea
1339 2875 1396 2926 et
1419 2878 1840 2939 meorum,tam

177 2956 450 3016 vivorum
477 2973 659 3030 quam
692 2957 1123 3024 defunctorum,
1157 2960 1440 3015 confirmo
1462 2959 1701 3018 ecclesia
1731 2963 1840 3018 Do-

178 3043 330 3101 mini
362 3045 623 3118 Sepulcri
655 3046 1038 3119 eiusdemque
1089 3047 1387 3104 canonicis
1433 3067 1590 3104 nunc
1619 3049 1834 3107 ibidem

1869 1747 1918 1812 B

1953 477 2132 532 quam
2163 462 2390 534 primus
2424 479 2520 518 rex
2551 463 2871 519 Balduinus
2893 482 2996 537 pro
3026 461 3354 522 excambitu
3379 467 3596 544 episco-

1949 554 2120 622 patus
2152 550 2546 607 Betheemitici
2587 552 2827 608 ecclesia
2857 554 3051 609 Sancti
3105 555 3366 627 Sepulcri
3409 557 3591 625 dedit,

1949 641 2249 696 conﬁrmo.
2284 641 2484 698 Casale
2516 642 2774 714 insuper,
2809 644 3043 700 nomine
3072 645 3304 713 Derina,
3331 646 3390 717 in
3425 648 3595 703 terri-

1948 730 2095 786 torio
2124 731 2363 803 'I‘yrensi
2397 731 2595 799 situm,
2623 749 2798 804 super
2827 749 3108 805 magnum
3139 734 3463 803 fontem,da
3479 754 3595 809 quo

1949 820 2208 891 procedit
2239 821 2562 877 conductus
2583 839 2890 894 aquarum,
2911 839 3043 878 cum
3069 823 3226 879 omni
3251 825 3598 895 pertinentia

1949 923 2076 977 sua,
2101 915 2336 982 excepto
2367 909 2478 966 alio
2511 910 2708 979 casali,
2743 912 2792 968 si
2822 912 3169 985 quandoque
3200 912 3250 969 ei
3284 915 3594 984 subiacuit,

1949 999 2095 1055 etin
2127 1000 2504 1056 conterminis
2552 1001 2758 1073 prel‘ati
2807 1001 3040 1068 casalia,
3091 1001 3243 1058 circa
3292 1007 3594 1072 montana,

1949 1093 2235 1160 quantum
2269 1079 2418 1144 terre
2441 1094 2692 1162 quatuor
2720 1089 2882 1162 paria
2914 1091 3091 1146 boum
3123 1090 3192 1145 de
3220 1108 3371 1148 anno
3403 1092 3461 1148 in
3495 1110 3597 1148 an-

1947 1195 2091 1233 num
2125 1177 2381 1234 excolere
2414 1183 2680 1251 possunt,
2714 1183 2770 1234 et
2799 1183 3016 1246 ortum,
3053 1179 3150 1251 qui
3183 1185 3272 1235 est
3301 1181 3455 1236 inter
3473 1199 3601 1238 mu-

1948 1283 2080 1322 rum
2111 1271 2168 1321 et
2195 1266 2554 1322 antemurale
2579 1267 2713 1340 Tyri
2746 1284 2812 1322 ex
2843 1273 3004 1338 parte
3035 1268 3236 1336 maris,
3259 1285 3372 1341 qua
3402 1271 3600 1327 omnia

1949 1355 2171 1411 scilicet
2201 1356 2496 1411 secundus
2530 1372 2626 1410 rex
2658 1355 2981 1411 Balduinus
3001 1355 3303 1412 Dominico
3325 1359 3483 1414 dedit
3503 1360 3601 1417 Se-

1949 1443 2170 1516 pulcro,
2205 1445 2506 1499 confirmo.
2533 1444 2799 1500 Preterea
2828 1445 2886 1500 in
2911 1444 3200 1501 territorio
3220 1447 3598 1520 Neapolitano

1949 1531 2126 1600 casa],
2155 1532 2391 1588 nomine
2422 1531 2859 1599 Cafarmelie‘“,
2883 1551 2949 1589 ex
2980 1534 3130 1590 dono
3172 1536 3326 1608 regis
3355 1535 3597 1594 secundi

1949 1620 2239 1688 Balduini,
2274 1624 2446 1694 prout
2483 1621 2541 1676 in
2573 1621 2758 1694 ipsius
2807 1627 3041 1678 notatur
3087 1623 3410 1698 privilegio,
3461 1643 3597 1683 eon-

1949 1709 2138 1766 firmo.
2174 1710 2346 1765 Porro
2386 1709 2753 1766 medietatem
2803 1710 3013 1767 casalia
3045 1713 3280 1782 Fieissc,
3315 1731 3472 1771 nunc
3503 1733 3600 1772 ca-

1951 1798 2071 1855 sale
2103 1797 2300 1855 Sancti
2331 1798 2595 1869 Sepulcri
2643 1800 2982 1873 nuncupati,
3035 1819 3212 1874 quam
3261 1815 3394 1861 eum
3439 1805 3598 1862 omni

1951 1886 2301 1961 pertinentia
2350 1905 2459 1943 sua
2510 1887 2856 1944 Eustachius
2901 1890 3217 1947 Garnerius
3237 1891 3324 1958 ‘0‘,
3373 1911 3601 1951 conces-

1951 1977 2114 2033 sione
2134 1975 2307 2032 etiam
2327 1976 2480 2049 regis
2508 1975 2774 2032 Balduini
2799 1978 3060 2046 secundi,
3077 1977 3254 2036 libere
3275 1985 3330 2036 at
3351 1983 3597 2055 perben-

1952 2066 2104 2122 niter
2132 2065 2463 2122 habendam
2500 2063 2741 2122 ecclesia
2769 2067 2964 2122 Sancti
2981 2067 3241 2140 Sepulcri
3273 2069 3601 2140 donavit,et

1951 2158 2132 2210 totam
2155 2159 2368 2210 terram
2392 2153 2574 2219 illam,
2599 2171 2772 2226 quam
2796 2155 3104 2223 Galterius,
3131 2145 3374 2229 predicti
3401 2159 3600 2216 Eusta-

1952 2242 2065 2298 chii
2115 2243 2290 2310 illius,
2350 2242 2505 2298 circa
2559 2242 2713 2298 idem
2761 2243 2950 2300 casale
2999 2246 3260 2303 canonici
3316 2247 3597 2307 Dominici

1953 2329 2215 2404 Sepulcri
2243 2331 2397 2387 ultra
2426 2331 2640 2387 flumen
2664 2329 3204 2407 habendam'usque
3226 2337 3296 2391 ad
3318 2339 3599 2396 terminos

1952 2420 2308 2499 designatos,
2330 2421 2429 2493 qui
2461 2439 2648 2494 usque
2669 2421 2725 2476 in
2750 2421 3098 2479 hodiernum
3117 2424 3271 2480 diem
3296 2432 3595 2499 apparent,

1953 2495 2131 2576 dedit,
2165 2510 2456 2583 sepediete
2487 2511 2767 2566 confirmo
2815 2511 3075 2568 eeelesie.
3127 2495 3601 2590 Casale-insuper

1952 2597 2183 2655 Thecue
2213 2615 2342 2654 cum
2368 2597 2527 2654 omni
2547 2599 2878 2672 integritate
2901 2606 3224 2674 sua,pprout
3243 2609 3408 2676 pater
3428 2621 3598 2664 meus

1953 2686 2146 2756 Fulco,
2181 2686 2694 2743 Iherosolimorum
2727 2705 2824 2744 rex
2853 2689 3090 2756 tercius,
3125 2707 3228 2764 pro
3257 2693 3597 2753 concambio

1951 2775 2147 2832 Sancti
2178 2776 2374 2832 Lazari
2404 2776 2462 2830 in
2497 2775 2823 2844 Berthania,
2857 2795 3102 2847 assensu
3133 2780 3492 2840 Milissendis
3517 2801 3599 2840 re-

1948 2865 2101 2938 gina,
2163 2866 2368 2921 matris
2420 2865 2711 2938 siquidem
2762 2881 2908 2936 mae,
2959 2870 3016 2922 et
3053 2868 3348 2938 Amalrici,
3401 2871 3596 2928 fratris

1946 2951 2211 3009 videlicet
2242 2953 2376 3021 mai,
2412 2970 2479 3008 ea
2523 2955 2764 3026 inquam
2815 2951 3103 3023 libertate,
3138 2974 3255 3030 qua
3297 2959 3594 3032 prodictus

1947 3047 2111 3115 pater
2142 3059 2309 3098 meus
2339 3059 2472 3098 cum
2523 3041 2860 3099 Milissende
2899 3044 3100 3116 regina
3145 3043 3290 3101 illud
3338 3049 3596 3119 tenuisse

175 3135 300 3192 Deo
327 3115 718 3192 “aientibus
735 3139 796 3190 et,
813 3135 873 3190 in
896 3115 1196 3208 pﬁsterum
1215 3137 1538 3204 servitum,
1560 3155 1836 3211 quacum-
1865 3115 1908 3180 C
1947 3131 2290 3198 dinoscitur,
2322 3131 2562 3187 ecclesia
2595 3131 2790 3188 Sancti
2811 3115 3076 3205 Sepulcri
3094 3133 3347 3204 donavit,
3372 3116 3596 3210 suoque

173 3240 291 3297 qua
322 3240 358 3279 a
387 3227 648 3296 tempore
677 3224 923 3296 predicti
954 3225 1123 3282 ducis
1154 3227 1451 3282 Godofridi
1482 3228 1548 3263 ⁴⁰¹
1589 3228 1740 3284 iuste
1781 3234 1838 3286 et

172 3311 605 3370 rationabiliter
635 3313 808 3378 dono,
839 3315 1237 3386 concessione,
1265 3317 1725 3373 commutatione
1745 3319 1834 3374 vel

173 3400 477 3474 emptione
506 3400 660 3457 infra
685 3401 850 3475 regni
877 3402 990 3458 mei
1022 3404 1168 3459 ﬁnes
1187 3420 1374 3476 usque
1399 3405 1457 3460 in
1489 3405 1835 3464 hodiernum

173 3490 337 3546 diem
367 3489 721 3563 impetravit.
756 3491 1026 3548 Sariatim
1055 3491 1236 3565 igitur
1261 3510 1375 3566 que
1421 3495 1508 3550 vel
1559 3511 1592 3550 a
1621 3495 1838 3568 quibus

175 3582 483 3651 pretaxata
511 3579 758 3636 ecclesia
781 3579 934 3636 dono
963 3583 1052 3635 vel
1085 3583 1478 3648 concessione,
1511 3589 1836 3648 commuta-

171 3667 339 3730 tione
369 3666 491 3724 sive
521 3669 816 3740 emptione
847 3668 964 3725 huc
1009 3685 1199 3742 usque
1229 3671 1482 3744 optinuit
1511 3673 1598 3740 ω’,
1653 3679 1717 3728 ut
1746 3691 1838 3730 se-

171 3755 422 3828 quentia
451 3755 768 3825 declarant,
791 3774 1004 3830 ponere
1033 3757 1222 3814 libuit.
1247 3760 1480 3840 Primus
1501 3760 1699 3835 itaque
1721 3763 1838 3820 dux

171 3844 650 3901 Godefridusxxn
683 3845 920 3913 casalia,
953 3847 1304 3920 subscriptis
1325 3849 1666 3907 nominibus
1692 3869 1838 3908 nun-

169 3937 414 4006 cupata,
441 3933 752 4006 Ainquine,
807 3936 1090 4002 Armotie,
1145 3937 1525 4006 Kefraachab,
1557 3941 1833 4003 Kefredil,

170 4021 369 4090 Bubil,
421 4021 644 4086 Hubin,
705 4024 896 4091 Aram,
949 4023 1252 4094 Kalendis,
1303 4025 1600 4100 Betdigge,
1651 4028 1834 4102 Birra,

169 4109 480 4178 Subahiet,
537 4111 898 4179 Ataraberat,
961 4111 1134 4168 Uniet
1180 4114 1270 4181 ωδ,
1320 4115 1497 4182 Zenu,
1545 4113 1832 4186 Helmule,

166 4197 572 4267 Beittelsmus,
637 4199 962 4268 Aineseins,
1021 4201 1337 4267 Barimeta,
1401 4203 1706 4260 Betuimen
1746 4207 1832 4275 t“,

169 4287 533 4357 Bcitfute'ira,
565 4287 830 4356 ecclesia,
865 4289 936 4345 da
968 4306 1087 4362 qua
1117 4291 1332 4363 agitur,
1385 4292 1564 4360 dedit,
1599 4298 1656 4350 et
1685 4295 1832 4364 iure,

168 4381 460 4448 perpetuo
479 4377 835 4450 possidenda
864 4379 1174 4434 concessit.
1201 4380 1366 4436 Dedit
1386 4381 1627 4454 insuper
1646 4383 1832 4439 eidem

1945 3219 2248 3293 privilegio
2278 3219 2549 3287 firmavit,
2582 3221 2770 3276 eidem
2803 3221 3105 3289 conﬂ‘rmo,
3139 3227 3196 3279 et
3225 3241 3259 3280 a
3287 3223 3592 3284 tociusca-

1944 3307 2209 3381 lumpnie
2239 3309 2507 3364 molestia
2524 3309 2613 3366 vel
2635 3309 3054 3383 impedimento
3075 3329 3228 3368 nunc
3244 3317 3302 3369 et
3322 3313 3594 3390 deinceps

1945 3399 2164 3471 prefale
2221 3398 2550 3454 donationis
2599 3398 3035 3456 concessionem
3075 3417 3168 3457 me
3215 3402 3593 3476 defensurum

1946 3486 2246 3560 polliceor.
2278 3488 2514 3544 Necnon
2549 3489 2724 3543 etiam
2757 3492 3087 3544 carrucatas
3109 3493 3262 3546 terro
3279 3489 3590 3565 planarias,

1947 3593 2094 3650 quas
2125 3594 2194 3632 ex
2225 3577 2375 3633 dono
2424 3577 2716 3633 Lambarti
2764 3576 2885 3634 Alsi
2933 3578 2990 3632 in
3042 3579 3334 3637 territorio
3383 3580 3593 3641 Mimas

1946 3664 2157 3739 casalia
2187 3666 2334 3722 sitas
2364 3667 2516 3722 idem
2550 3670 2716 3738 pater
2733 3681 2902 3722 meus
2922 3670 3216 3738 pretaxate
3231 3668 3596 3728 confirmavit

1945 3754 2205 3826 ecclesia,
2237 3761 2296 3812 et
2325 3772 2429 3828 ego
2461 3756 2761 3811 confirmo.
2799 3755 2922 3811 Duo
2953 3773 3187 3829 quoque
3215 3757 3452 3826 casalia,
3485 3763 3593 3816 G‘e-

1946 3844 2045 3900 bul
2078 3849 2135 3900 et
2163 3844 2427 3901 Helchar.
2462 3861 2595 3900 cum
2647 3842 2920 3900 omnibus
2970 3844 3312 3902 adiacentiis
3344 3846 3488 3915 suis,
3539 3853 3596 3905 et

1945 3933 2226 4006 piscarias
2242 3951 2346 4006 per
2360 3936 2490 3989 octo
2517 3933 2662 4001 dies,
2688 3937 2744 3988 et
2765 3931 3062 4006 angariam
3083 3949 3186 4006 per
3205 3935 3358 3990 diem
3384 3953 3589 4006 unum,

1945 4025 2002 4078 et
2029 4037 2235 4077 navem
2268 4023 2525 4093 assidue,
2559 4019 2719 4077 iuxta
2749 4023 2988 4077 modum
3019 4039 3136 4094 quo
3157 4017 3593 4096 Guillelmus'de

1945 4111 2114 4166 Buris
2146 4110 2384 4166 ecclesia
2416 4111 2610 4166 Sancti
2645 4110 2906 4182 Sepulcri
2959 4111 3254 4169 canonicis
3283 4115 3591 4184 concessit,

1944 4204 2001 4255 et
2031 4216 2139 4256 suo
2170 4199 2468 4272 patrisque
2519 4199 2630 4254 mei
2666 4198 2966 4272 privilegio
2983 4201 3324 4257 roboratum
3367 4207 3474 4271 est,
3509 4204 3590 4260 ei-

1945 4289 2078 4344 dem
2110 4286 2350 4344 ecclesia
2381 4287 2916 4344 conﬁrmo.Domos
2947 4306 3081 4344 vero
3109 4289 3262 4345 infra
3282 4296 3452 4362 septa
3469 4291 3592 4348 Ihe-

1943 4377 2198 4433 rusalem
2231 4375 2378 4445 sitis,
2401 4375 2670 4432 videlicet
2713 4377 2952 4431 domum
2998 4377 3270 4433 Bernardi
3301 4379 3588 4448 canonici,

167 4464 417 4524 ecclesia
447 4467 890 4524 omnesfumos
919 4467 1301 4536 Ihemsalem,
1331 4470 1830 4544 exceptisduobus
1861 4481 1908 4546 D
1943 4467 2182 4522 domum
2236 4465 2478 4521 Eurardi
2533 4464 2816 4532 canonici,
2863 4464 3003 4520 item
3047 4466 3290 4520 domum
3349 4466 3590 4526 alterius

168 4554 558 4627 daHOSpit‘ali
581 4560 648 4610 et
676 4572 794 4611 uno
826 4556 896 4611 de
927 4553 1152 4612 Latina.
1207 4553 1273 4613 Et
1299 4558 1529 4631 primus
1569 4575 1667 4614 rex
1699 4559 1829 4616 Bal-

167 4642 646 4716 duinuaprafate
663 4643 905 4700 ecclesia
939 4646 1095 4717 apud
1119 4645 1707 4726 SanctumLazarum
1730 4649 1830 4704 vil-

165 4728 340 4788 lanos
369 4749 505 4788 cum
535 4732 778 4790 familiis
797 4733 958 4790 dedit
977 4738 1036 4790 et
1053 4724 1314 4802 tradidit,
1337 4739 1395 4791 at
1410 4724 1480 4792 iv
1499 4735 1714 4794 casalia
1735 4756 1828 4794 su-

167 4834 278 4890 pra
303 4819 590 4877 Sanctum
624 4822 927 4890 Lazarum,
960 4835 1211 4895 quorum
1253 4820 1496 4880 nemina
1521 4831 1660 4881 sunt
1697 4826 1824 4894 hac,

168 4907 516 4975 Benshatia,
540 4910 929 4979 Bsnebabeth,
955 4910 1275 4984 ﬁngebam,
1301 4909 1522 4982 Roma;
1554 4914 1688 4970 etin
1721 4917 1830 4970 ter-

166 4995 371 5053 ritorio
403 4997 780 5070 Neapolitano
812 4999 974 5056 mille
1003 4999 1229 5056 modios
1257 5000 1435 5056 tritici
1457 5003 1707 5076 singulis
1725 5019 1826 5060 an-

167 5084 262 5142 nis
293 5084 666 5159 accipiendos
696 5087 882 5145 eidem
916 5089 1076 5145 dedit
1095 5089 1357 5146 ecclesia.
1382 5093 1502 5156 Qua
1525 5093 1740 5160 omnia,
1763 5098 1828 5149 ut

166 5172 444 5247 superius
465 5180 792 5232 memorata
811 5181 970 5243 sunt,
985 5175 1226 5233 ecclesia
1249 5177 1444 5236 Sancti
1469 5179 1731 5252 Sepulcri
1757 5197 1826 5238 ex

168 5265 339 5332 parte
351 5271 484 5318 mea
499 5265 772 5332 concedo,
789 5270 847 5323 et
868 5259 1242 5338 perbenniter
1259 5265 1531 5324 habenda
1549 5269 1819 5327 decerno.

165 5385 789 5474 “Emissa-mw-
812 5389 944 5474 .-."1
963 5393 1026 5460 Β»
1041 5393 1402 5474 Parmensis-
1449 5391 1526 5474 3°“
1559 5397 1621 5474 ἓν
1651 5395 1824 5474 Sidon

1951 5395 2016 5474 is;
2092 5392 2256 5474 i°°._A~
2290 5395 2340 5464 ιδ
2369 5393 2870 5474 Serani/258,
2905 5405 2976 5474 κτλ
3056 5387 3424 5474 Marses

601 5457 731 5517 ‘n‘d‘i.
807 5461 878 5498 ἰοί
903 5466 968 5529 Β,
1000 5457 1258 5517 bbtz'm'eit.
1335 5463 1403 5500 ἰω
1449 5467 1511 5531 B,
1567 5463 1775 5526 Urniet.

1971 5469 2033 5530 Β,
2085 5457 2387 5521 Βείιωγὶση.
2447 5457 2535 5498 Ἲ⁴⁰⁵
2567 5467 2630 5532 Β,
2669 5457 3020 5537 ϐὶιῂινπιειεο.
3099 5461 3168 5495 ⁸⁰⁶
3201 5457 3243 5513 Β
3268 5457 3586 5516 Cumanus.

235 5458 306 5499 ιοι
337 5462 404 5526 Β,

243 5528 311 5566 ⁴⁰π
341 5533 410 5601 Β,
440 5531 512 5588 ιο
547 5528 804 5590 Tomaor.

1939 4555 2182 4610 Eurardi
2208 4553 2494 4623 canonici,
2512 4553 2750 4610 domum
2776 4553 3082 4617 Mainardi,
3102 4554 3342 4610 domum
3361 4554 3591 4614 Garsio—

1937 4643 2049 4712 nis,
2085 4644 2326 4698 domum
2372 4639 2608 4699 Galterii
2655 4642 2998 4698 Lentronior
3025 4643 3111 4710 ‘°",
3165 4642 3405 4698 domum
3452 4645 3587 4702 Ber-

1936 4733 2102 4788 nardi
2137 4731 2413 4800 Bursarii,
2450 4731 3004 4798 domum-Herluini,
3045 4731 3287 4806 domum
3329 4731 3582 4804 Mabilie,

1937 4823 2179 4878 domum
2214 4819 2466 4893 Rogerii,
2501 4819 2698 4876 fratris
2729 4818 2928 4894 Sancti
2973 4818 3260 4892 Sepulcri,
3291 4824 3348 4876 et
3379 4822 3584 4878 statio-

1936 4927 2070 4967 nem
2102 4927 2214 4983 que
2244 4909 2353 4965 fuit
2381 4907 2676 4966 Guillelmi
2709 4908 2994 4978 Bastardi,
3048 4912 3392 4981 partemque
3422 4909 3583 4967 illam

1937 5015 2113 5072 quam
2146 4997 2300 5054 idem
2351 4997 2698 5054 Guillelmus
2741 4996 2801 5053 in
2853 4996 3073 5054 mensis
3115 4997 3583 5056 numulariorum

1935 5088 2206 5156 habebat,
2227 5103 2374 5161 quas
2406 5101 2610 5144 omnes
2631 5091 2795 5160 pater
2825 5103 2990 5143 meus
3010 5085 3127 5141 iam
3149 5086 3372 5142 tociens
3391 5087 3586 5146 dictus

1935 5178 2008 5234 ab
2039 5178 2198 5235 omni
2228 5178 2524 5234 exactione
2555 5177 2771 5234 liberas
2801 5181 2858 5232 et
2883 5177 3135 5249 quietas,
3183 5174 3341 5236 salvo
3385 5179 3585 5234 tamen

1936 5267 2092 5340 regio
2125 5267 2269 5333 iure,
2304 5267 2458 5340 quod
2491 5265 2549 5320 in
2583 5263 2964 5334 helemosina,
2999 5277 3179 5337 quam
3220 5280 3317 5319 rex
3345 5265 3587 5320 ecclesia

2290 5395 2340 5464 [δ
2369 5393 2459 5459 50,
2493 5404 2579 5465 r_°;
2615 5395 2682 5458 Β,
2713 5393 2870 5465 Ῑδ58,
2905 5405 2976 5465 ro.
3056 5387 3310 5465 Mariun
3341 5387 3585 5465 dans_A,
