3994 6070
329 267 485 332 1147

841 266 945 330 AD
990 263 1503 331 GODEFRIDUM
1547 263 1885 327 APPEND.
1930 262 2009 325 ΙΙ.
2042 296 2120 309 -
2149 262 2462 329 MONUM.
2509 265 2611 328 DE
2653 265 2904 329 BELLO
2948 266 3223 331 SACRO.

3581 265 3751 330 1148

329 403 484 472 facit,
514 402 686 460 debet
713 401 946 470 habere,
980 400 1276 458 canonicis
1308 399 1503 455 Sancti
1534 398 1797 472 Sepulcri
1835 414 1976 455 con-
2004 397 2060 465 Α
2089 414 2203 470 que
2234 399 2304 454 ad
2336 399 2625 456 viviﬁcam
2646 399 2889 459 Crucem
2918 400 3163 458 veniunt
3198 401 3450 475 exceptis
3471 420 3585 475 que
3615 404 3750 461 sola

328 494 523 559 cessit,
558 509 782 566 suoque
808 490 1109 564 privilegio
1132 489 1399 555 munivit,
1420 489 1639 545 eisdem
1670 489 1971 544 conﬁrmo.

328 584 408 640 De
438 587 627 639 cetero
659 582 901 637 domum
929 581 1126 637 Achon
1160 580 1486 646 fundatam,
1507 594 1685 650 quam
1708 577 1977 632 Lamber-

326 676 423 729 tus
451 673 551 729 Als
583 688 841 744 uxorque
873 688 982 726 sua
1009 673 1217 742 Agnes,
1272 685 1553 723 concessu
1586 667 1739 739 regis
1773 667 1975 722 Fulco-

329 762 423 819 nis
453 762 637 834 patris
654 759 787 827 mei,
813 759 1052 816 ecclesie
1073 758 1272 814 Sancti
1296 756 1557 829 Sepulcri
1581 757 1689 811 hac
1710 754 1976 811 videlicet

326 851 662 907 conditione
690 850 866 904 libere
898 854 955 904 et
985 848 1178 920 quiete
1219 847 1633 919 possidendam
1662 845 1970 911 concessit,

328 958 399 997 ne
428 939 759 996 venditione
787 936 873 992 vel
923 936 1380 992 commutatione
1424 936 1541 991 sive
1573 933 1833 1007 quolibet
1863 932 1974 989 alio

326 1030 499 1087 modo
530 1047 563 1084 a
592 1044 653 1085 se
683 1028 867 1083 eicere
901 1027 1087 1091 liceat,
1114 1030 1188 1091 et,
1222 1024 1270 1081 si
1301 1024 1559 1091 fecerint,
1603 1023 1762 1095 regia
1793 1023 1972 1093 maje-

326 1125 448 1177 stas
495 1135 562 1173 ex
592 1135 659 1173 ea
691 1115 999 1172 servicium
1048 1115 1279 1179 haheat,
1333 1113 1647 1185 sepedictis
1677 1111 1974 1167 canonicis

323 1210 432 1266 hac
460 1206 723 1281 prodicta
754 1205 972 1260 ratione
1003 1204 1304 1259 conﬁrmo.
1327 1203 1482 1257 Inter
1499 1206 1690 1255 cetera
1710 1217 1840 1255 vero
1865 1201 1975 1254 tria

325 1297 559 1365 casalia,
577 1311 828 1369 quorum
860 1292 1017 1349 aliud
1042 1291 1396 1364 Capharuth,
1421 1289 1577 1345 aliud
1612 1293 1806 1344 autem
1839 1288 1973 1344 Gith

324 1393 382 1446 et
413 1386 570 1443 aliud
602 1383 903 1455 Pnrphir’a
924 1385 1179 1447 vocatur,
1203 1396 1316 1452 que
1331 1377 1632 1452 Rogerius,
1656 1378 1976 1450 Lyddensis

324 1477 654 1551 episcopus,
679 1492 747 1529 ex
772 1471 1139 1544 possessione
1160 1468 1355 1525 Sancti
1381 1466 1607 1539 Georgii
1633 1483 1766 1522 cum
1792 1466 1977 1521 omni-

322 1568 437 1624 bus
467 1561 827 1638 appendiciis
857 1560 983 1617 suis
1014 1564 1071 1613 et
1101 1557 1473 1613 medietatem
1496 1556 1561 1590 ⁸0⁸
1584 1555 1807 1611 decime
1829 1571 1978 1635 mes-

324 1656 480 1713 sium
498 1653 836 1710 eorumdem
852 1648 1135 1705 casalium
1155 1651 1211 1702 et
1230 1645 1479 1701 aliarum
1499 1643 1763 1700 omnium
1780 1660 1975 1699 rerum

323 1745 554 1801 docima
583 1746 705 1799 tota
729 1745 788 1796 et
809 1739 1034 1811 integra
1054 1735 1294 1792 ecclesie
1313 1732 1571 1806 Sepulcri
1596 1733 1827 1788 Domini
1848 1733 1975 1787 iure
2005 1771 2051 1835 Β

322 1831 604 1909 perhenni
620 1829 871 1886 tenenda
882 1825 1249 1892 concessit,et
1265 1828 1540 1896 quartum
1567 1821 1974 1888 casale,Kefre-

323 1912 1509 1990 sciltanomine,quodprefatusLyddensis
1524 1912 1971 1983 episcopuscum

323 2012 484 2069 omni
501 2007 830 2081 integritate
842 2007 1017 2060 suaet
1027 1999 1318 2058 consimili
1336 1998 1977 2071 decima,quapredicta

322 2101 456 2169 tria,
477 2096 721 2156 ecclesie
742 2097 1034 2168 pretaxate
1053 2107 1154 2164 pro
1176 2087 1517 2145 concambio
1536 2092 1729 2143 tamen
1753 2086 1976 2141 decime

324 2187 547 2246 castelli
564 2184 801 2242 Arualdi
820 2181 1114 2239 etdecima
1129 2178 1437 2235 cuiusdam
1460 2175 1612 2232 casa]
1625 2175 1672 2231 is
1690 2176 1758 2231 de
1775 2175 1977 2247 lIospi-

325 2278 448 2344 tali,
462 2276 697 2333 nomine
710 2267 1318 2344 Bulbul,pergenniter
1330 2265 1749 2339 possidendum
1767 2264 1977 2319 consti-

321 2367 457 2433 tuit,
472 2368 665 2421 ratum
683 2358 1073 2416 decerno.Con
1082 2356 1247 2411 ﬁrmo
1263 2353 1441 2410 etiam
1458 2351 1978 2407 commutationem

324 2455 476 2512 inter
496 2451 785 2527 predictos
805 2445 1118 2504 canonicos
1149 2449 1205 2501 et
1226 2443 1539 2500 Iohannem
1564 2440 1882 2495 Patricium
1907 2440 1977 2494 de

324 2544 559 2602 duobus
585 2539 898 2605 casalibus,
925 2532 1367 2608 Capharmelich
1380 2533 1448 2566 ‘09
1463 2534 1519 2585 et
1547 2529 1857 2601 Ainquina,
1874 2545 1977 2600 pro

327 2633 559 2691 duobus
579 2627 885 2687 memorati
908 2622 1182 2682 Iohannis
1212 2620 1528 2687 casalibus,
1559 2616 1789 2691 Megina
1822 2616 1979 2673 scili-

327 2728 419 2781 cet
447 2727 504 2778 et
533 2720 775 2782 Mezera,
804 2715 1102 2787 utrimque
1130 2710 1504 2767 laudabiliter
1523 2709 1757 2763 factam.
1775 2708 1981 2772 Quere—

326 2812 444 2869 lam
476 2811 716 2882 insuper
736 2806 921 2871 illam,
945 2820 1057 2876 que
1086 2803 1157 2857 de
1187 2798 1452 2856 Surianis
1476 2799 1626 2852 inter
1651 2812 1744 2850 me
1774 2798 1830 2850 et
1869 2795 1980 2851 Do-

328 2899 529 2957 minici
560 2893 824 2969 Sepulcri
847 2890 1156 2948 canonicos
1173 2889 1380 2955 extitit,
1399 2901 1576 2959 quam
1594 2885 1794 2950 etiam,
1812 2887 1985 2955 prout

328 2990 391 3046 in
418 3003 621 3045 eorum
653 2981 951 3058 privilegio
999 2978 1230 3053 plenius
1260 2975 1607 3042 continetur,
1641 2976 1699 3029 et
1740 2973 1981 3028 nomina

330 3077 723 3152 predictorum
751 3071 1133 3128 Surianorum
1165 3067 1227 3123 in
1257 3066 1460 3122 eodem
1492 3062 1823 3135 conscripta
1844 3065 1985 3118 sunt

330 3140 570 3242 pretatis
611 3161 930 3228 canonicis,
970 3158 1089 3215 sive
1125 3159 1293 3230 justa
1340 3155 1489 3210 foret
1536 3153 1775 3242 injuste,
1830 3150 1978 3206 libe-
2013 3140 2053 3205 C

331 3241 480 3324 ram,
512 3253 774 3329 quietam
804 3254 861 3307 et
908 3265 1150 3323 prorsus
1197 3244 1526 3301 absolutam
1579 3241 1800 3309 remisi,
1842 3256 1981 3296 con-

330 3328 980 3403 ﬁrmosNichilominus
1010 3337 1186 3393 etiam
1219 3331 1616 3404 calumpniam
1648 3328 1833 3397 illam,
1869 3346 1982 3402 que

331 3436 392 3492 in
422 3432 691 3490 terminis
724 3428 931 3485 finium
978 3422 1255 3482 territorii
1305 3420 1516 3478 casalis
1560 3418 1848 3476 Dominiei
1880 3418 1981 3474 Se-

331 3523 542 3599 pulcri,
567 3520 721 3594 quod
752 3516 967 3574 dicitur
988 3511 1278 3579 Bethsuri,
1304 3511 1454 3566 inter
1479 3507 1873 3565 Milissendcm
1900 3523 1984 3562 re-

332 3595 555 3688 ginam,
588 3612 835 3665 matrem
866 3602 1160 3675 siquidem
1185 3617 1398 3666 meam,
1423 3603 1481 3654 et
1498 3596 1693 3653 Sancti
1717 3595 1981 3669 Sepulcri

334 3684 646 3759 canonicos
675 3692 1019 3768 aliquandiu
1048 3690 1410 3756 versabatur,
1431 3686 1697 3753 liberam,
1724 3684 1982 3757 quietam

335 3796 393 3847 et
421 3789 548 3847 sine
577 3784 835 3859 quolibet
862 3781 951 3839 vel
982 3800 1017 3838 a
1046 3797 1139 3836 me
1167 3777 1256 3833 vcl
1306 3796 1341 3833 a
1366 3775 1804 3832 successoribus
1836 3773 1984 3829 meis

335 3879 423 3936 vel
456 3895 491 3933 a
519 3872 881 3950 quibuslibet
917 3870 1051 3926 aliis
1098 3865 1518 3940 impedimento
1568 3864 1687 3920 sive
1718 3862 1986 3918 molestia

337 3964 577 4025 ecclesie
607 3965 673 4000 “0
732 3962 928 4019 Sancti
1000 3955 1263 4030 Sepulcri
1316 3953 1531 4009 iterum
1590 3969 1658 4007 ex
1713 3956 1832 4007 toto
1891 3968 1986 4007 re-

337 4060 496 4114 moto
516 4055 579 4090 ⁴¹¹
608 4057 665 4110 et
694 4048 1024 4107 absolutam
1057 4061 1296 4119 prorsus
1339 4043 1640 4099 conﬁrmo.
1673 4040 1983 4095 Verumta-

340 4162 473 4201 men
495 4140 714 4199 casalia
742 4138 862 4207 illa,
885 4135 1087 4194 Bethel
1125 4132 1365 4197 scilicet,
1391 4128 1749 4196 Odemamel,
1789 4128 1984 4184 Dehir-

340 4232 547 4291 sabeth
569 4231 657 4299 ⁸⁸⁸,
710 4228 952 4293 Corteis,
1002 4222 1332 4281 Deirmusin
1353 4220 1439 4288 “3,
1480 4218 1832 4286 Huetdebes,
1876 4234 1988 4289 que

341 4339 477 4380 cum
507 4318 781 4377 omnibus
810 4314 1043 4371 villanis
1071 4317 1128 4368 et
1158 4328 1293 4367 cum
1340 4308 1500 4365 omni
1553 4307 1884 4380 integritate
1935 4310 1992 4362 et

341 4406 708 4486 pertinentiis
738 4405 863 4463 suis
890 4403 1005 4459 iam
1037 4401 1259 4457 tociens
1294 4399 1433 4455 dicti
1463 4396 1727 4454 canonici
1769 4413 1838 4451 ex
1865 4400 1990 4450 Hu-

342 4470 488 4571 gone
517 4499 588 4554 de
612 4494 876 4551 Hibelino
889 4494 957 4528 ⁴¹⁴
987 4491 1180 4563 precio
1210 4489 1714 4560 comparaverunt,
1748 4482 1990 4539 ecclesie
2024 4470 2077 4572 θ’

343 4570 541 4645 Sancti
572 4583 833 4659 Sepulcri
864 4582 1164 4638 conﬁrmo.
1189 4577 1437 4632 Demum
1467 4577 1811 4629 cunctarum
1835 4570 1991 4627 obla-

342 4678 570 4733 tionum
602 4691 716 4747 que
763 4673 834 4728 ad
883 4668 1228 4742 Sepulcrum
1279 4662 1509 4719 Domini
1542 4663 1781 4718 veniunt
1810 4664 1866 4716 et
1893 4676 1988 4715 ve-

344 4766 527 4832 nient,
578 4762 951 4820 medietatem
1001 4758 1061 4813 in
1092 4754 1389 4821 omnibus,
1442 4756 1615 4825 prout
1643 4748 1989 4806 venerabilis

343 4853 623 4911 Arnulfus
649 4848 999 4925 patriarcha,
1033 4844 1208 4920 primi
1241 4843 1396 4916 regis
1426 4838 1695 4896 Balduini
1725 4837 1987 4906 consilio,

346 4943 587 5016 prefatis
599 4938 922 5013 assignavit
942 4934 1260 5002 canonicis,
1295 4930 1597 4988 conﬁrmo.
1622 4927 1759 4983 Cere
1772 4930 1989 4992 autem,

347 5014 461 5105 que
492 5032 563 5087 ad
591 5028 898 5086 ecclesiam
929 5023 1166 5091 venerit,
1191 5023 1338 5078 duas
1366 5023 1562 5093 partes
1582 5017 1654 5073 ad
1676 5014 1995 5070 luminaria

346 5121 536 5177 eidem
568 5118 850 5174 confirmo
867 5112 1127 5170 ecclesie.
1152 5109 1487 5167 Oblationes
1504 5107 1745 5177 insuper
1763 5118 1990 5171 omnes,

1076 5272 1144 5307 ‘09
1206 5275 1269 5339 Β,
1333 5276 1351 5323 ι
1371 5263 1762 5340 'aphermelich.

415 5278 482 5313 ⁸0⁸
542 5281 603 5344 Β,
657 5273 963 5330 medietate.
1076 5273 1144 5307 ‘09
1206 5275 1269 5339 Β,
1333 5273 1762 5340 ('aphermelich.

415 5350 583 5393 mina-
695 5347 762 5380 ἰη
796 5343 1179 5393 Dnhursabeth.
1289 5342 1358 5375 “3
1388 5345 1451 5393 Β.
1502 5338 1851 5392 Deirmusun.

348 5343 595 5406 remitto.
695 5347 762 5380 ⁴¹²
790 5343 1179 5417 Dchyrsabeth.

454 5421 520 5454 “7
552 5424 618 5485 Β,
662 5410 925 5473 Amosqu
1063 5415 1127 5449 ⁴¹⁸
1187 5418 1243 5469 Β.
1293 5410 1666 5488 Sobqitepsis;
1709 5478 1722 5488 ‘

348 5476 717 5549 Βενυιιιθτίδίνς.
865 5489 933 5523 ’⁸³³
970 5491 1015 5542 Β
1049 5488 1266 5543 Torone.
1414 5481 1482 5516 "3
1511 5484 1574 5544 B,
1627 5476 2057 5549 Tyberiadenszs.

351 5568 415 5630 B,
455 5562 742 5635 Hybelino.
1718 5594 1722 5598 ι

1878 5264 1945 5298 “0
1984 5262 2140 5318 Dans
2195 5263 2241 5316 A
2314 5276 2390 5316 on
2452 5258 2518 5315 lit
2570 5263 2684 5319 sive
2737 5267 2934 5323 eccesie
2983 5271 3254 5328 molestia.

1964 5334 2034 5369 ¹⁸¹⁴
2085 5339 2152 5401 Β,
2180 5332 2466 5405 Hybelino.

1804 5406 1872 5440 “9
1920 5410 1983 5474 Β,
2036 5404 2367 5460 Achanensis
2414 5404 2717 5476 cpiscopus.

2084 488 2177 543 die
2207 488 2393 544 sancti
2426 506 2732 561 parasceve
2756 489 3112 557 fuerint,aut
3143 492 3189 547 si
3214 491 3514 564 patriacha
3535 511 3744 550 secum

2082 576 2244 633 illam
2276 595 2380 651 pro
2410 578 2607 651 aliqua
2639 581 2985 637 necessitate
3015 580 3305 647 detulerit,
3329 581 3548 639 eisdem
3573 600 3751 641 cano-

2083 666 2230 723 nicis
2263 668 2561 724 conﬁrmo.
2597 668 2863 725 Decimas
2894 687 3127 742 quoque
3151 671 3340 729 tocius
3371 678 3571 730 sancte
3598 676 3744 731 civi-

2082 756 2219 811 tatis
2248 755 2604 814 Ihrrusalem
2633 757 3008 831 locorumque
3026 759 3135 815 sibi
3157 760 3568 831 adiacentium,
3589 782 3744 836 quas

2082 844 2415 917 patriarcha
2440 847 2960 918 supranominatus
2990 846 3106 904 illis
3139 850 3444 917 concessit,
3478 856 3739 927 exceptis

2085 934 2454 990 solummodo
2488 935 2665 991 funde
2702 936 2965 1004 decimis,
3001 938 3223 993 eisdem
3253 940 3533 996 conﬁrmo
3565 947 3739 999 cano-

2083 1024 2250 1081 nicis.
2285 1023 2598 1080 Dimidiam
2629 1030 2853 1097 partem
2886 1026 3060 1105 etiam
3083 1026 3239 1083 illius
3271 1029 3557 1098 beneﬁcii,
3580 1034 3736 1105 quod

2083 1113 2308 1184 primus
2334 1130 2433 1168 rex
2458 1114 2781 1170 Balduinus
2812 1115 3021 1171 Sancto
3053 1116 3331 1188 Sepulcro
3362 1135 3465 1190 pro
3502 1137 3735 1178 exeam-

2083 1203 2207 1257 bitu
2222 1202 2591 1274 episcopatus
2616 1203 2999 1260 Bethlemitici
3022 1205 3292 1273 contulit,
3316 1206 3589 1265 similiter
3603 1227 3668 1265 cc
3679 1229 3737 1265 n-

2084 1292 2273 1347 ﬁrmo.
2340 1291 2652 1347 Ecclesiam
2704 1293 2978 1366 deinceps
3028 1295 3185 1350 Beati
3224 1295 3374 1351 Petri
3427 1297 3485 1352 in
3533 1303 3734 1372 IOppe,

2084 1397 2261 1452 quam
2275 1379 2607 1452 patriarcha
2637 1381 2754 1437 iam
2776 1383 2996 1438 tociens
3019 1382 3211 1440 dictus
3232 1400 3367 1440 cum
3392 1385 3607 1445 honore
3628 1407 3738 1446 suo

2084 1470 2309 1542 integro
2341 1473 2398 1525 et
2427 1486 2560 1524 cum
2590 1474 2732 1539 tota,
2787 1488 2899 1543 que
2930 1477 3128 1527 sancte
3160 1475 3333 1529 matri
3365 1477 3615 1547 pertinet
3642 1496 3737 1536 ec-

2084 1557 2275 1627 clesie,
2302 1557 2563 1630 plenaria
2594 1558 2875 1631 dignitate
2908 1561 3149 1631 prefatis
3179 1565 3467 1621 concessit
3494 1570 3737 1624 canoni-

2083 1646 2186 1712 cis,
2205 1646 2463 1719 predicto
2482 1648 2654 1702 modo
2672 1648 2971 1704 canﬁrmo.
2992 1654 3108 1705 Hee
3128 1651 3308 1724 igitur
3326 1654 3544 1721 omnia,
3559 1663 3740 1729 prout

2083 1734 2353 1807 superius
2385 1740 2716 1791 memorata
2745 1740 2903 1807 sunt,
2936 1737 3179 1794 ecclesie
3208 1739 3326 1796 iam
3367 1744 3659 1816 sepedicte
3680 1750 3740 1801 et

2084 1824 2347 1880 eiusdem
2370 1824 2676 1880 conventui
2701 1841 2855 1880 nunc
2877 1832 2932 1881 et
2945 1843 3048 1899 per
3067 1830 3497 1887 successionem
3517 1833 3735 1890 ibidem
3830 1858 3839 1863 -

2084 1913 2200 1968 Deo
2232 1912 2540 1968 famulanti
2570 1913 2750 1970 libere
2789 1918 2845 1968 et
2865 1914 2933 1950 διδ
2975 1915 3168 1987 quiete
3209 1922 3266 1974 et
3295 1919 3421 1975 sine
3452 1922 3608 1977 omni
3639 1940 3737 1978 ca-

2086 2002 2353 2074 lumpnia
2380 2002 2466 2057 vel
2499 2002 2917 2073 impedimento
2956 2004 3016 2059 in
3050 2010 3349 2077 posterum
3381 2009 3651 2067 habenda
3677 2017 3740 2068 et

2086 2090 2210 2145 iure
2229 2095 2504 2163 perpetuo
2519 2091 2872 2163 possidenda
2887 2094 3159 2161 concedo,
3175 2099 3232 2150 et
3246 2098 3500 2168 presenti
3522 2099 3741 2173 pagina

2086 2177 2433 2251 supscriptis
2463 2179 2715 2235 testibus
2748 2180 3046 2253 sigillique
3075 2184 3188 2239 mei
3235 2188 3648 2259 suppressione
3670 2191 3740 2225 ⁴¹⁶

2086 2267 2359 2322 denotata
2391 2268 2691 2323 conﬁrmo.
3188 2280 3193 2289 ‘

2160 2357 2398 2412 Factum
2430 2360 2519 2412 est
2549 2362 2743 2413 autem
2774 2358 2883 2414 hoc
2909 2376 3062 2418 anno
3092 2362 3167 2417 ab
3196 2363 3594 2423 incarnatione
3624 2368 3746 2423 Do-

2088 2444 2234 2499 mini
2266 2462 2435 2511 MCLX,
2469 2445 2782 2504 indiétione
2809 2465 2926 2503 vm.
2959 2453 3180 2507 Horum
3203 2453 3441 2526 quidem
3471 2457 3743 2514 omnium

2088 2538 2269 2590 testes
2301 2538 2440 2589 sunt
2468 2552 2481 2590 :

2231 2623 2456 2689 Petrus,
2488 2624 2957 2699 archiepiscspus
3004 2630 3299 2702 Tyrensis.
3343 2634 3615 2691 Ernesius
3646 2638 3741 2707 "7,

2302 2712 2776 2786 archiepiscopus
2806 2717 3180 2777 Cesariensis.
3216 2721 3519 2791 Letardus,
3553 2725 3746 2782 archi-

2304 2800 2613 2873 episcopus
2655 2803 3008 2862 Nazarenus.
3060 2811 3496 2882 Constantinus,
3538 2815 3743 2871 Sancti

2307 2891 2535 2963 Georgii
2593 2892 2925 2964 episcopus.
2995 2896 3324 2969 Rainerius,
3403 2902 3745 2960 Sebastien-

2306 2978 2388 3035 sis
2409 2980 2473 3015 “3
2538 2980 2869 3054 episcoPus.
2930 2983 3232 3054 Osbertus,
3292 2991 3744 3064 Tyberiadensis

2304 3068 2635 3141 episcopus.
2678 3070 3040 3143 Fredericus,
3092 3075 3399 3151 episcopus
3434 3082 3742 3140 Achonen-

2306 3158 2390 3215 sis
2408 3160 2494 3215 “9.
2527 3160 2736 3228 Adam,
2768 3162 3078 3236 episcopus
3109 3165 3517 3227 Paneadensis.
3555 3172 3746 3229 Amal-

2301 3246 2477 3316 ricus,
2524 3248 2835 3321 episcopus
2882 3251 3738 3330 Sidoniensis‘”.Mainardus,

2303 3336 2613 3408 episcopus
2662 3338 3021 3396 Berithensis
3041 3342 3126 3398 ‘3'.
3181 3343 3514 3415 Gaufridus,
3556 3349 3744 3407 abbas

2305 3424 2529 3497 Templi
2561 3425 2812 3482 Domini.
2849 3428 3190 3503 Rainaldus,
3207 3434 3388 3491 abbas
3410 3437 3479 3492 de
3510 3437 3741 3506 Latina,

2302 3514 2637 3581 Gunterius,
2691 3516 2849 3587 prior
2895 3517 3110 3576 Montis
3157 3521 3330 3595 Syon.
3389 3525 3741 3596 Aimericus,

2305 3602 2461 3673 prior
2492 3602 2705 3659 Montis
2718 3603 3317 3679 Oliveti.Guillelmus,
3334 3614 3741 3672 comilitonum

2303 3690 2529 3764 Templi
2562 3691 2952 3755 senescalcus.
3013 3697 3214 3755 Frater
3257 3699 3571 3760 Gaufridus
3611 3705 3744 3762 Ful-

2304 3778 2504 3834 cherii.

2163 3869 2243 3923 De
2274 3867 2592 3924 baronibus
2619 3885 2752 3925 vero
2782 3874 2838 3926 et
2866 3870 3206 3933 hominibus
3234 3878 3389 3952 regis
3413 3897 3426 3934 :

2233 3957 2580 4024 Almaricus,
2613 3975 2807 4015 comes
2828 3962 3297 4023 Ascalonitanus.
3327 3970 3654 4028 Henl'redus
3674 3973 3749 4028 de

2307 4046 2536 4102 Torono
2556 4048 2643 4116 ω,
2677 4049 3149 4110 constabularius
3179 4059 3236 4110 et
3266 4056 3422 4114 ﬁlius
3450 4059 3576 4130 ejus
3597 4064 3751 4117 Hen-

2310 4134 2527 4191 fredus.
2552 4134 2858 4206 Galterius,
2884 4139 3330 4214 Tiberyadensis
3350 4148 3419 4182 ⁴²³
3447 4148 3747 4207 dominus.

2309 4224 2727 4280 Guormundus
2756 4225 3184 4287 Tiberiadeusis
3209 4232 3297 4289 “‘.
3344 4235 3623 4295 Girardus
3654 4240 3750 4295 Si-

2310 4311 2720 4370 doniensis‘".
2771 4318 2938 4388 Hugo
3005 4319 3380 4379 Cesariensis.
3441 4325 3751 4400 Philippus

2310 4400 2747 4473 Neapolitanus.
2794 4402 3086 4463 Galterius
3131 4410 3511 4475 Berithensis.
3559 4418 3753 4474 Guido

2310 4490 2688 4562 Francigena.
2709 4493 2996 4550 Henricus
3018 4497 3297 4554 Bubolus.
3317 4503 3483 4574 Hugo
3513 4504 3587 4559 de
3606 4505 3757 4562 Ybe-

2311 4577 2430 4633 lino
2452 4579 2518 4613 ⁴²⁶
2548 4581 2605 4632 et
2628 4578 2808 4635 frater
2837 4582 2986 4652 ejus,
3002 4583 3345 4644 Balduinus.
3376 4589 3752 4661 Guillelmus,

2310 4665 2724 4722 marescalcus.
2747 4667 2867 4725 Odo
2899 4671 2969 4727 de
3001 4673 3213 4730 Sancto
3242 4678 3528 4744 Amando,
3552 4681 3760 4738 castel-

2315 4753 2486 4810 Ianus
2518 4754 3080 4818 Iherosolimitanus.

2170 4836 2320 4891 Data
2343 4834 2597 4901 Acchon,
2629 4851 2734 4907 per
2784 4854 3024 4896 manum
3074 4842 3326 4913 Radulﬁ,
3375 4846 3759 4908 Bethleemite

2098 4921 2354 4997 episcopi
2420 4922 2690 4995 regisque
2757 4926 3111 4997 cancellarii,
3169 4949 3251 4989 vn
3311 4934 3592 4993 kalendas
3646 4954 3759 4995 au-

2101 5012 2280 5086 gusti.

3369 5276 3446 5351 “t
3492 5278 3762 5351 Corrigez

2581 5334 2649 5369 “5
2695 5335 2948 5409 Manque
2978 5341 3125 5421 dans
3157 5347 3219 5399 B.
3263 5346 3330 5380 “9
3357 5334 3759 5420 subpressio‘ne.

2581 5421 2717 5476 ipus.
2866 5410 2934 5445 ⁴²⁰
2962 5416 3028 5476 Β,
3058 5415 3465 5476 δῃάοηὶεηδὶδ..
3582 5422 3649 5455 ⁴²¹
3691 5426 3757 5476 Β.

3162 5488 3540 5559 Sydoniensis.
3690 5488 3760 5530 ⁸³⁸

2866 5410 2934 5445 ⁴²⁰
2962 5416 3028 5483 Β,
3058 5415 3435 5483 Sydoniensis.
3454 5410 3465 5473 ξ

2468 5476 2864 5547 'yberz'adensis.
3009 5476 3023 5483 ⁷
3041 5486 3086 5519 ⁴²

2204 5476 2272 5509 ιιι
2326 5479 2388 5544 Β,
