3994 6070
166 300 326 362 ﬂlB

1169 302 1673 366 CART-ULAIRE
1713 300 1821 365 ΒΗ
1866 298 2102 364 SAIN-T
2146 303 2570 368 SEPULCR'E‘.

3409 311 3564 370 “’54

163 433 293 490 iure
322 432 676 490 hereditatis
705 437 972 506 spectare
997 435 1362 502 credebatur,
1386 427 1694 491 communi
1715 450 1813 490 as-
1841 433 1899 501 Α
1925 433 2002 489 tis
2025 437 2194 502 terre,
2220 435 2380 492 iuxta
2401 426 2682 510 quodper
2710 435 2976 493 homines
3009 453 3181 494 meos
3200 438 3308 494 fuit
3339 439 3421 496 eis
3443 446 3565 498 tra-

165 539 352 579 sensu
398 523 694 578 canonicis
744 523 1032 579 Dominici
1082 523 1343 596 Sepulcri
1385 524 1818 580 venerabilibus

168 611 451 667 fratribus
475 611 623 667 meis
645 628 746 682 pro
774 612 964 668 tribus
995 611 1235 668 milibus
1265 613 1656 669 bisanciorum
1678 629 1816 667 ven-

170 700 336 767 didit,
363 699 601 756 instanti
623 716 790 772 prece
809 701 1051 773 predicti
1073 696 1350 773 llugonis,
1365 706 1581 757 terram
1603 702 1813 774 ipsam,

171 790 242 844 de
263 805 384 860 qua
413 789 625 861 agitur,
651 788 766 844 duo
800 789 1101 844 dumtaxat
1131 789 1346 846 casalia
1376 807 1510 846 cum
1543 790 1818 845 omnibus

169 875 404 933 villanis
426 882 484 932 et
504 877 873 949 pertinentiis
903 878 1027 934 suis
1057 894 1125 934 ex
1146 878 1391 951 integro,
1416 878 1658 934 alterum
1681 895 1820 951 quo-

171 981 306 1019 rum
338 969 712 1036 nuncupatur
742 965 1093 1021 Deirmusim
1126 970 1182 1022 et
1212 967 1461 1022 alterum
1498 968 1819 1023 Huetdebes

172 1053 261 1120 ⁵⁸⁸,
287 1052 530 1108 ecclesie
553 1052 841 1108 Dominici
865 1053 1127 1126 Sepulcri
1150 1060 1206 1110 et
1226 1055 1521 1112 canonicis
1542 1074 1697 1112 nunc
1717 1055 1820 1111 ibi-

174 1142 312 1196 dem
359 1141 486 1197 Deo.
523 1142 913 1198 servientibus
959 1149 1016 1197 et
1063 1142 1121 1198 in
1171 1149 1470 1216 posterum
1518 1145 1821 1200 servituris

175 1230 373 1298 laudo,
408 1235 464 1284 et
486 1230 560 1285 ab
593 1229 750 1286 omni
783 1229 1037 1300 servitio,
1068 1231 1349 1299 dominio,
1375 1233 1671 1289 exactione
1702 1234 1818 1289 iam

175 1319 333 1374 dicta
378 1319 492 1374 duo
541 1318 758 1374 casalia
807 1318 1009 1386 libera,
1043 1321 1242 1392 quieta
1270 1325 1327 1376 et
1358 1321 1551 1377 soluta
1579 1323 1820 1395 iureque

177 1407 461 1480 perhenni
512 1407 637 1463 sine
684 1409 845 1464 omni
895 1408 1314 1481 impedimento
1355 1411 1444 1466 vel
1486 1411 1824 1484 calumpnia

178 1495 494 1552 cuiuslibet
511 1497 576 1552 in
594 1501 936 1569 perpetuum
957 1498 1312 1569 possidenda
1327 1501 1601 1567 concedo,
1619 1506 1676 1557 et
1694 1518 1822 1573 pre-

179 1586 330 1641 senti
352 1586 568 1658 pagina
587 1585 934 1657 subscriptis
953 1585 1202 1642 testibus
1221 1586 1518 1660 sigillique
1535 1589 1648 1644 mei
1680 1591 1820 1646 sub-

179 1674 481 1747 pressione
512 1675 786 1730 denotata
811 1677 1112 1730 confirmo.

256 1764 606 1819 Fuctumest
637 1767 828 1819 autem
864 1764 972 1819 hoc
999 1780 1150 1819 anno
1182 1765 1254 1820 ab
1285 1765 1681 1822 incarnatione
1712 1769 1823 1823 Do-

181 1851 328 1908 mini
361 1868 529 1919 Mcu,
558 1851 874 1907 indictione
902 1869 1024 1908 vm.
1052 1852 1242 1909 Huius
1265 1854 1501 1925 quidem
1536 1857 1615 1911 rei
1647 1860 1826 1912 testes

180 1946 367 1997 sunt:

327 2030 630 2098 Letardus,
651 2029 1128 2104 archiepiscopus
1145 2033 1495 2100 Nazarenus,
1522 2033 1828 2104 Ricardus,

397 2119 739 2174 Andriensis
790 2120 1121 2192 episcopus.
1165 2121 1468 2192 Arnulfus,
1515 2125 1828 2179 canonicus

399 2208 750 2264 Nazarenus.
785 2209 1110 2281 Philippus,
1143 2210 1362 2266 domini
1397 2211 1550 2284 regis
1582 2213 1830 2284 capella-

400 2313 528 2352 nus.
573 2296 926 2368 Stephanus,
982 2297 1136 2370 regie
1191 2299 1532 2356 cancellarie
1581 2307 1830 2356 secreta-

400 2385 541 2440 rius.
577 2386 862 2441 Radulfus
900 2386 1198 2460 Anglicus,
1233 2388 1511 2444 Nazareni
1545 2390 1830 2463 archiepi-

401 2473 560 2546 scopi
591 2474 857 2530 clericus.

257 2564 344 2620 De
371 2563 689 2620 baronibus
719 2581 851 2620 vero
882 2569 938 2620 et
967 2565 1038 2620 de
1066 2565 1408 2624 hominibus
1441 2568 1592 2640 regis
1625 2584 1638 2623 ε

329 2652 676 2718 Amalrieus,
733 2670 928 2709 comes
986 2653 1451 2712 Ascalonitanus.
1510 2658 1834 2714 Henfredus

402 2743 472 2798 de
504 2742 756 2812 Torone,
789 2742 1280 2798 constabularius.
1311 2745 1499 2800 Guido
1531 2746 1834 2819 Francige-

402 2841 497 2886 na.
522 2829 890 2897 Guillelmus,
916 2830 1331 2888 marescalcus.
1361 2833 1836 2901 Abraham,vice-

402 2935 597 2975 comes
630 2919 982 2974 Nazarenus.
1014 2919 1146 2974 Otto
1197 2919 1270 2975 de
1317 2921 1615 2995 Risberge.
1649 2922 1834 2980 Guido

403 3010 473 3064 de
506 3007 798 3063 Maneriis.
835 3009 1108 3064 Arbertus
1139 3009 1209 3064 de
1242 3009 1498 3065 Rethest.
1533 3011 1838 3067 Godescal-

403 3115 527 3154 cus.
563 3099 783 3165 Petrus,
820 3097 1178 3153 foresterius.

259 3189 406 3245 Data
431 3185 661 3243 Acchon
685 3163 776 3256 ‘90,
796 3203 899 3258 per
921 3203 1162 3241 manum
1187 3187 1436 3254 Radulﬁ,
1459 3187 1836 3245 Bethleemite
1868 3163 1911 3229 α

191 3276 449 3350 episcopi
510 3274 783 3347 regisque
839 3274 1191 3344 cancellarii,
1242 3293 1340 3331 vm
1389 3277 1670 3335 kalendas
1729 3296 1836 3334 au-

192 3365 370 3438 gusti.

870 3451 1040 3508 LVIII
1072 3455 1158 3508 ‘9‘.

190 3559 564 3599 PRIVILEGIUM
595 3543 663 3578 ⁸9³
691 3558 961 3598 AMALRICI
1010 3560 1237 3598 COMITIS
1281 3561 1352 3598 DE
1399 3561 1547 3601 DONO
1603 3560 1836 3602 GELADIE

258 3633 326 3671 ET
355 3631 426 3670 DE
453 3631 914 3678 εοΝιτιξιΜΑΤιοΝε
949 3631 1178 3676 OMNIUM
1220 3632 1650 3674 POSSESSIONUM
1689 3633 1834 3681 QUAS

257 3704 509 3742 BCCLESIA
566 3703 764 3742 SANCTI
823 3702 1099 3741 SEPULCRI
1158 3703 1339 3742 ΗΛΒΕΤ
1378 3705 1436 3742 IN
1473 3706 1659 3746 TERRA
1710 3707 1833 3746 SUA.

258 3811 321 3867 In
356 3810 591 3867 nomine
615 3814 817 3866 sancte
841 3815 897 3866 et
919 3809 1218 3865 individue
1237 3809 1542 3868 Trinitatis
1563 3813 1758 3870 Patris
1780 3819 1839 3871 et

188 3899 318 3957 Filii
344 3904 402 3955 et
431 3899 684 3972 Spiritus
715 3899 934 3970 Sancti,
968 3915 1159 3954 amen.

257 3989 471 4046 Notum
505 3988 583 4044 sit
613 3987 909 4056 omnibus,
931 3990 1051 4042 tam
1076 3988 1446 4059 presentibus
1469 4007 1645 4062 quam
1679 3992 1839 4047 futu—

186 4078 292 4143 ris,
324 4078 480 4149 quod
511 4094 616 4150 ego
647 4076 998 4142 Amalricus,
1030 4093 1133 4148 per
1189 4077 1290 4133 Dei
1353 4079 1603 4151 gratiam
1643 4097 1840 4137 comes

185 4166 512 4233 Ascalonis,
537 4183 604 4221 ex
627 4182 870 4222 assensu
894 4169 952 4220 et
977 4164 1274 4222 voluntate
1304 4166 1525 4223 domini
1557 4173 1614 4224 et
1645 4169 1841 4226 fratris

188 4256 302 4312 mei
357 4254 646 4321 Balduini,
692 4253 1206 4310 Iberosolimorum
1257 4255 1430 4328 regis,
1466 4255 1842 4314 laudamento

188 4344 411 4416 pariter
438 4342 672 4398 domine
692 4347 750 4398 et
770 4342 976 4398 matris
998 4359 1144 4410 mee,
1166 4344 1363 4415 regine
1387 4343 1711 4416 Milsendis,
1737 4363 1840 4415 pro

186 4431 378 4490 salute
423 4449 552 4488 mea
595 4437 654 4487 et
683 4449 785 4504 pro
836 4431 1148 4487 animabus
1205 4433 1469 4490 omnium
1529 4440 1840 4506 parentum

1927 522 2064 588 dita,
2093 523 2297 592 divisa,
2329 526 2598 581 terminis
2624 530 2680 582 et
2711 526 2882 581 metis
2914 526 3247 599 presignata
3267 529 3352 596 ‘9‘,
3380 530 3566 585 deter-

1926 611 2168 666 minata.
2194 613 2354 672 Dono
2373 615 2545 669 etiam
2567 619 2624 670 et
2641 615 2921 670 conﬁrmo
2943 614 3161 670 eisdem
3186 618 3481 672 canonicis
3503 621 3570 654 ‘99

1927 700 2433 774 confratribusque
2467 703 2612 758 meis
2645 720 2820 758 unam
2855 705 3093 758 domum
3118 703 3175 758 in
3205 705 3486 762 Ascalone
3515 711 3572 763 et

1928 787 2075 843 duas
2124 794 2458 845 carrucatas
2504 797 2655 846 terre
2687 792 2744 845 in
2776 791 2974 858 casali,
3005 793 3160 864 quod
3202 793 3416 849 dicitur
3447 795 3570 850 Bai-

1927 877 2334 946 neolbederan,
2353 879 2410 934 in
2432 879 2726 935 cambium
2745 881 3050 937 cuiusdam
3073 882 3572 960 mahumerie,que

1928 965 2063 1020 data
2094 967 2203 1021 fuit
2231 967 2314 1023 eis
2346 967 2403 1022 in
2435 969 2716 1024 Ascalone
2739 987 2772 1024 a
2794 969 3058 1041 captione
3091 970 3373 1037 eiusdem,
3395 989 3571 1044 quam

1929 1054 2172 1125 predicti
2204 1057 2464 1111 canonici
2497 1059 2564 1093 ‘00
2595 1059 2706 1112 mei
2737 1058 2796 1112 in
2829 1058 3081 1130 capitulo
3127 1077 3234 1116 suo
3281 1063 3404 1132 pari
3444 1067 3573 1118 voto

1930 1159 2292 1215 assensuque
2351 1146 2572 1200 domini
2628 1147 2952 1218 patriarche
3006 1149 3326 1222 A[malrici]
3371 1167 3574 1225 omnes

1929 1232 2318 1303 equanimiter
2350 1234 2489 1290 mibi
2527 1241 2582 1290 et
2607 1237 3044 1292 successoribus
3066 1236 3211 1292 meis
3234 1237 3292 1292 in
3317 1255 3574 1294 commui-

1929 1319 2207 1376 tationem
2250 1322 2461 1377 harum
2495 1323 2746 1380 duarum
2778 1329 3215 1382 carrueatarum
3249 1326 3576 1401 domusque

1931 1410 2150 1480 prefate
2197 1417 2632 1480 concesserunt,
2666 1413 3160 1482 condonaverunt,
3211 1416 3575 1473 contradide-

1932 1501 2106 1565 runt;
2139 1497 2246 1554 hec
2295 1504 2488 1555 autem
2540 1501 2906 1558 mahumeria
2936 1519 2969 1556 a
2999 1492 3333 1560 Sarracenis
3364 1505 3579 1562 dicitur

1932 1585 2198 1651 Cathara,
2234 1587 2436 1642 Latine
2473 1606 2607 1643 vero
2654 1589 2889 1644 Viridis.
2922 1589 3212 1646 Confirmo
3243 1578 3576 1664 pariterto-

1933 1673 2092 1729 ciens
2140 1674 2316 1730 dictis
2362 1677 2752 1736 confratribus
2787 1678 2934 1734 meis
2965 1683 3578 1750 quatuor‘oarrucatas

1934 1767 2104 1828 terre,
2129 1779 2255 1834 quae
2273 1768 2361 1819 est
2377 1781 2554 1836 super
2574 1766 2789 1821 ﬂumen
2812 1771 2946 1821 ante
2967 1767 3198 1838 Ioppen,
3224 1767 3375 1824 sicut
3395 1769 3582 1825 divisa

1933 1856 2024 1906 est
2053 1856 2112 1907 et
2161 1851 2426 1908 terminis
2467 1858 2703 1921 metata,
2741 1859 2798 1910 et
2849 1855 3161 1928 gardinum
3210 1845 3393 1914 unum
3445 1863 3581 1914 ante

1937 1940 2169 2011 Ioppem
2202 1946 2258 1995 et
2284 1941 2512 1996 vineam
2555 1942 2936 2011 adiacentem,
2961 1948 3019 2000 et
3039 1943 3267 2000 vineam
3298 1945 3460 2001 illam
3491 1949 3579 2016 σοι,

1938 2029 2198 2100 quedata
2208 2028 2318 2083 fuit
2330 2029 2415 2084 eis
2436 2030 2496 2085 in
2520 2029 2942 2086 helemosinam
2955 2033 3041 2086 50'.
3057 2034 3345 2090 Conﬁrmo
3358 2034 3580 2091 eisdem

1938 2116 2227 2189 quidquid
2258 2118 2326 2153 ⁸0³
2356 2118 2506 2174 iuste
2538 2123 2595 2174 et
2615 2119 2876 2192 legitime
2907 2120 3144 2190 habent,
3178 2127 3234 2177 et
3264 2122 3322 2178 in
3355 2140 3495 2194 pace
3526 2128 3584 2180 et

1941 2207 2066 2262 sine
2097 2206 2434 2278 calumpnia
2472 2207 2773 2279 possident
2804 2209 2861 2263 in
2896 2209 3178 2269 Ascalone
3207 2216 3261 2266 et
3293 2213 3581 2268 territorio

1940 2295 2084 2360 eius,
2123 2296 2178 2348 in
2213 2296 2384 2368 Ioppe
2409 2301 2466 2351 et
2494 2297 2782 2353 territorio
2813 2298 2942 2353 eius
2973 2298 3262 2355 similiter.
3298 2300 3370 2355 Ut
3406 2301 3586 2374 igitur

1941 2384 2046 2439 hec
2091 2384 2289 2440 omnia
2332 2383 2512 2441 libere
2559 2391 2615 2440 et
2663 2386 2873 2458 quiete,
2907 2387 3096 2443 solute
3124 2389 3191 2424 ⁵⁰⁴
3223 2389 3348 2445 sine
3383 2385 3582 2465 [omni]

1941 2475 2008 2508 ⁵0⁵
2037 2473 2332 2530 exactione
2363 2491 2432 2530 ac
2460 2476 2795 2547 gravamine
2841 2479 3241 2534 cumcanonici
3269 2480 3335 2516 ⁶⁰⁶
3364 2485 3420 2535 et
3448 2497 3584 2536 con-

1943 2563 2139 2618 fratris
2171 2564 2236 2598 ⁵0⁷
2269 2563 2382 2618 mei
2423 2566 2702 2636 pretaxati
2737 2565 2793 2620 in
2826 2571 3173 2638 perpetuum
3224 2569 3583 2641 possideant,

1943 2657 2162 2707 cartam
2182 2658 2508 2724 presentem
2529 2652 2720 2726 sigillo
2739 2671 2866 2710 meo
2899 2656 3264 2730 testibusque
3291 2658 3585 2732 subscrip-

1943 2740 2017 2796 tis
2049 2741 2425 2797 communivi.

2017 2831 2254 2885 Factum
2279 2835 2365 2886 est
2387 2833 2583 2886 autem
2607 2831 2715 2888 hoc
2737 2849 2889 2889 anno
2917 2833 3332 2892 incarnationis
3355 2836 3587 2894 Domini

1944 2935 2107 2987 xCLx,
2141 2918 2458 2975 indictione
2490 2937 2561 2976 ιν.
2599 2921 2786 2976 Huius
2816 2922 2894 2977 rei
2928 2927 3107 2979 testes
3137 2930 3276 2980 sunt
3308 2942 3321 2980 :

2085 3007 2420 3076 Gunterius,
2456 3008 2614 3080 prior
2644 3009 2858 3066 Montis
2881 3010 3053 3082 Syon.
3079 3012 3591 3086 Aimericus,prior

2159 3096 2372 3152 Montis
2423 3096 2649 3152 Oliveti.
2686 3098 2993 3169 Raincrus,
3025 3099 3431 3158 cancellarius.
3470 3103 3586 3158 Ra-

2159 3185 2380 3252 dulfus,
2414 3186 2862 3242 archidiaconus
2894 3187 3270 3244 Iherusalem.
3301 3191 3500 3247 Simon
3522 3192 3588 3227 δοδ

2159 3275 2228 3329 de
2269 3275 2534 3331 Hosdenc
2567 3276 2634 3310 ‘09
2667 3276 2950 3333 Iocelinus
2998 3278 3068 3332 de
3117 3279 3417 3336 Samusac.
3451 3279 3587 3336 Ber-

2156 3367 2308 3418 tram
2333 3364 2422 3432 51°,
2447 3363 2846 3420 marescaldus
2866 3366 2952 3421 5“.
2980 3365 3288 3423 Rohardus
3319 3368 3388 3422 de
3417 3368 3590 3440 Ioppe

2157 3456 2214 3507 et
2262 3452 2440 3508 frater
2489 3452 2634 3519 eius,
2678 3453 3013 3509 Barisanus.
3060 3455 3394 3529 Raynaldus
3423 3458 3490 3492 δι’
3520 3446 3590 3513 de

2163 3541 2350 3614 Ioppe.
2385 3542 2720 3598 Gerbertus.
2749 3542 3032 3598 Albertus.
3058 3544 3422 3601 Lambertus.
3448 3545 3593 3602 Pila-

2158 3633 2254 3685 tus
2277 3631 2362 3684 διδ.
2387 3629 2734 3688 Guillelmus
2757 3631 2966 3688 Rufus.
2991 3631 3366 3701 Gillebertus,
3390 3635 3594 3692 castel-

2158 3717 2352 3774 Ianus.

2017 3807 2163 3862 Data
2192 3811 2386 3879 Ioppe,
2412 3824 2514 3880 per
2534 3825 2775 3864 manum
2801 3807 3027 3865 Radulfi
3061 3808 3410 3881 cancellarii,
3435 3829 3476 3868 ιι
3499 3813 3596 3869 ka~

1945 3895 2150 3952 lendas
2179 3896 2526 3953 decembris.

2650 3987 2774 4041 LIX
2804 3987 2893 4042 5“.

1948 4090 2323 4132 PRIVILEGIUM
2389 4092 2663 4131 AMALRICI
2728 4093 2947 4131 COMITIS
3011 4093 3080 4132 ΒΕ
3145 4095 3598 4136 CONPIRMATIONB

2568 4163 2974 4203 VUETMOAMEL.

2021 4255 2082 4307 In
2116 4253 2352 4308 nomine
2393 4257 2590 4308 sancte
2621 4258 2678 4308 et
2707 4252 3004 4310 individue
3053 4255 3358 4313 Trinitatis
3405 4257 3597 4314 Patris

1947 4346 2006 4398 et
2037 4341 2162 4397 Filii
2195 4347 2253 4398 et
2283 4342 2534 4414 Spiritus
2568 4343 2785 4412 Sancti,
2820 4360 3010 4399 amen.

2019 4432 2230 4487 Notum
2262 4431 2338 4487 sit
2365 4431 2660 4497 omnibus,
2686 4435 2805 4487 tam
2839 4433 3212 4505 presentibus
3233 4453 3409 4507 quam
3436 4437 3597 4492 futu-

187 4536 480 4587 meorum,
503 4525 624 4575 tam
648 4521 909 4576 vivorum
943 4537 1119 4592 quam
1153 4521 1580 4591 defunctorum,
1607 4541 1710 4596 pro
1739 4541 1839 4580 ex-
1873 4537 1916 4600 Ι)
1947 4522 2049 4588 ris,
2085 4521 2239 4594 quod
2285 4537 2389 4591 ego
2433 4519 2781 4588 Amalricus,
2816 4538 2919 4592 per
2961 4522 3061 4578 Dei
3110 4525 3358 4596 gratiam
3403 4541 3598 4582 comes

185 4621 373 4681 pensa
403 4609 580 4664 etiam
612 4613 670 4665 et
702 4608 1052 4682 mis[s]ione,
1087 4626 1262 4681 quam
1316 4609 1577 4665 fecerunt
1623 4613 1693 4666 ad
1746 4630 1845 4668 ca-

183 4696 465 4769 piendum
520 4697 890 4763 Ascalonem,
955 4699 1106 4752 dono
1158 4703 1217 4752 et
1246 4698 1314 4734 ‘93
1362 4700 1616 4755 concedo
1648 4699 1750 4774 [et]
1779 4702 1849 4740 ‘9‘

183 4787 471 4842 conﬁrmo
532 4785 822 4842 Dominici
881 4786 1145 4858 Sepulcri
1206 4787 1506 4842 canonicis
1532 4789 1599 4823 ‘9‘
1628 4793 1684 4844 et
1710 4807 1848 4846 con-

184 4875 471 4931 fratribus
503 4874 649 4931 meis
680 4875 795 4930 Deo
828 4892 982 4930 nunc
1007 4875 1086 4930 ibi
1111 4875 1504 4932 servientibus
1526 4882 1583 4932 et
1605 4879 1846 4935 canoni-

182 4963 274 5021 cis
302 4965 370 4998 *³⁸
403 4963 708 5019 servituris
757 4963 814 5018 in
865 4969 1216 5035 perpetuum
1272 4964 1464 5020 casale
1521 4967 1841 5036 quoddam,

182 5052 344 5122 quod
377 5055 618 5107 vocatur
648 5050 909 5107 Geliadia
937 5053 1025 5124 “’7,
1057 5068 1192 5107 cum
1243 5053 1536 5109 sexdecim
1569 5071 1845 5112 carruca-

257 5232 329 5265 ⁵⁸⁸
360 5231 421 5297 Β,
459 5231 727 5288 Uetdebes.
804 5232 872 5268 ⁴⁹⁰
901 5237 964 5299 Β,
1008 5233 1213 5287 ΑεΙιοη.

185 5303 260 5336 ⁴³⁴
287 5302 542 5374 Suppléé
570 5304 798 5376 d’apres
828 5305 892 5358 B.
969 5305 1036 5340 ‘95
1066 5307 1127 5369 B,
1161 5305 1563 5376 conca-nenias.

179 5376 487 5429 canonicis.
561 5375 628 5409 ⁵⁰⁰
657 5380 721 5440 B,
754 5377 1130 5431 concanonici.
1205 5375 1269 5414 ‘9‘
1307 5379 1366 5440 Β,
1401 5375 1594 5429 aliam.

181 5445 253 5518 ξφ
313 5444 566 5516 Suppléé
623 5446 849 5518 εἴαρι-ὼε
909 5449 969 5500 Β.

177 5517 249 5551 ⁵³⁸
280 5520 345 5583 Β,
382 5517 744 5573 Βενίναηάιιδί.

179 5588 340 5656 me,
380 5588 716 5660 Tyberiadis.

1075 5447 1142 5481 ⁵0⁸
1197 5451 1261 5515 Β,
1319 5447 1694 5502 concanonicz‘.

821 5518 885 5552 5“
920 5522 982 5585 B,
1012 5518 1396 5573 marescalmw.

793 5589 859 5625 ⁵¹⁶
892 5593 955 5658 Β,
985 5588 1343 5646 vendicionis.

1291 5233 1354 5267 ‘9‘
1409 5233 1475 5297 A,
1532 5232 1578 5286 Ib
1631 5234 1721 5298 56,
1778 5247 1874 5298 νος
1936 5238 2000 5296 B,
2064 5233 2107 5286 Ρ
2154 5233 2245 5296 65,
2303 5244 2380 5288 v0.

1641 5278 1721 5348 ‘95.,
1739 5309 1802 5369 B,
1833 5278 2109 5360 chnoriz'ce.

1671 5376 1739 5411 ⁶⁰²
1770 5381 1832 5440 Β,
1866 5377 2240 5432 elemosinam.

1770 5449 1836 5483 ⁵⁸⁷
1894 5447 2160 5518 Corrigez
2212 5448 2536 5516 con/ratres.

1473 5517 1542 5551 ⁵¹²
1569 5521 1632 5586 Β,
1664 5519 1988 5576 Rainaldus.

1953 4609 2276 4676 Ascalonis,
2310 4610 2548 4664 instanti
2611 4626 2781 4681 prece
2836 4611 3097 4683 Hugonis
3136 4613 3205 4667 de
3232 4612 3510 4685 Hybelino
3543 4618 3599 4671 et

1957 4699 2328 4755 concessione
2377 4698 2571 4754 fratris
2621 4698 2710 4753 sui
2763 4698 3028 4754 Balduini
3062 4704 3118 4755 et
3149 4701 3600 4774 llermengardis

1957 4788 2171 4844 sororis
2217 4805 2341 4852 sue,
2383 4787 2617 4842 domine
2664 4787 2989 4843 Tiberiadis
3020 4789 3106 4854 ⁵³³,
3141 4789 3462 4862 matrisque
3493 4805 3600 4846 sue

1957 4876 2110 4932 Alois
2140 4880 2195 4931 et
2227 4875 2646 4931 avunculorum
2690 4894 2951 4944 suorum,
2998 4877 3246 4949 Philippi
3278 4877 3498 4933 scilicet
3528 4879 3600 4934 de

1955 4965 2215 5036 Neapoli,
2239 4964 2522 5020 Guidonis
2554 4965 2928 5038 Francigene,
2963 4966 3190 5022 Henrici
3223 4965 3446 5035 Bubali,
3482 4983 3602 5023 om-

1956 5053 2238 5124 niumque
2269 5051 2537 5123 aliorum,
2563 5055 2634 5108 ad
2658 5071 2806 5125 quos
2837 5055 3124 5126 presentis
3154 5055 3502 5111 venditionis
3531 5056 3604 5092 m

2457 5234 2524 5267 ‘9’
2581 5237 2643 5298 Β,
2702 5233 2854 5287 Item.

2931 5234 2998 5307 ξπ
3029 5233 3308 5307 Manque
3339 5235 3486 5289 dans
3532 5239 3596 5290 B.

2187 5305 2254 5338 ‘97
2288 5307 2347 5366 Β,
2386 5303 2629 5358 ϐοὶαάίίι.

2600 5321 2629 5386 ξ.
2707 5305 2776 5389 "9?
2808 5304 3217 5389 B,Mdesz'gna_td.
3295 5305 3364 5341 "9
3394 5310 3601 5389 B,gon-

2315 5375 2384 5408 ⁵0³
2417 5379 2478 5439 B,
2511 5375 2788 5446 quicquid.
2866 5376 2934 5410 ⁸0⁸
2967 5375 3039 5442 Β,
3066 5377 3239 5432 solute
3293 5385 3345 5432 et
3398 5379 3595 5447 quiete.

2315 5448 2536 5516 fratres.
2599 5446 2679 5518 75°“
2731 5452 2792 5516 Β,
2838 5448 3060 5518 Symon.
3137 5449 3206 5484 50’
3256 5452 3318 5515 Β,
3373 5446 3596 5504 Osderw.

2066 5518 2133 5554 διδ
2162 5521 2227 5584 Β,
2259 5517 2510 5591 pyzams,
2587 5517 2656 5551 διδ
2717 5519 2777 5587 Α,
2838 5517 2891 5574 [ό
2937 5521 3026 5588 57,
3085 5531 3181 5590 νο;
3213 5523 3276 5591 Β,
3325 5520 3488 5593 lbet,
3519 5532 3596 5579 νο.
