3994 6070
443 292 471 350 -ὶ
494 286 604 350 156

967 287 1068 349 AD
1114 288 1624 355 GODEFRIDUM
1666 289 2000 350 APPEND.
2047 287 2126 350 Il.
2159 286 2564 350 —-MONUM.
2611 285 2711 348 DE
2752 287 3002 349 BELLO
3049 287 3322 350 SACRO.

3693 287 3862 350 1156

448 419 676 474 videtur
703 419 991 492 pertinere
1022 419 1316 476 concessio
1355 420 1441 476 vel
1473 421 1530 475 in
1559 424 1856 493 posterum
1889 420 2085 492 predi-
2119 421 2173 488 Α
2203 418 2596 491 calumpniam
2611 419 2797 474 eidem
2812 419 3860 491 conventuicontigerit,subextima-

449 529 472 562 ς
488 516 538 563 te
555 509 948 582 possessionis
959 509 1188 565 vendite
1202 510 1554 566 hereditaria
1568 509 2083 582 possessio,laudo,

447 599 747 664 confirmo,
772 603 827 652 et
850 597 1026 671 sigilli
1049 597 1163 653 mei
1186 598 1548 670 appositione
1571 599 1874 654 corrobore
1895 598 2089 653 vendi-

444 686 662 742 tionem
687 691 742 741 et
761 687 1115 757 emptionem
1149 687 1298 742 inter
1330 688 1626 760 llugonem
1663 688 1731 742 de
1754 686 1998 742 Ybelino
2020 687 2085 721 5”

445 777 767 848 fratresque
812 780 1042 832 nostros
1083 776 1276 832 Sancti
1309 776 1568 848 Sepulcri
1601 776 1911 831 canonicos
1938 775 2082 848 legi-

445 863 585 919 time
617 865 848 932 factam,
883 864 1051 920 cuius
1080 866 1410 936 pactionem
1459 866 1823 936 subsequens
1873 865 2086 936 pagina

444 952 717 1010 declarat.
750 954 1028 1009 Vendidit
1057 954 1237 1026 igitur
1266 955 1561 1026 predietus
1585 955 1746 1026 Hugo
1770 953 2083 1026 pretaxatis

441 1042 722 1098 fratribus
744 1043 1038 1099 canonicis
1051 1043 1347 1100 Dominice
1364 1042 2083 1100 Resurrectionisecelcsie

441 1132 844 1188 Vuetmoamel
873 1149 1008 1188 cum
1039 1133 1269 1190 villanis
1299 1139 1356 1189 et
1393 1134 1666 1190 omnibus
1717 1133 2082 1206 pertinentiis

440 1219 584 1289 suis,
609 1221 861 1292 exceptis
882 1222 1114 1278 duobus
1135 1222 1428 1278 casalibus
1458 1221 1688 1278 Arabici
1712 1222 1938 1293 militis,
1969 1221 2082 1277 sci-

438 1308 574 1364 licet
595 1309 830 1365 Odabeb
856 1315 912 1366 et
932 1311 1299 1380 Darmersor;
1323 1311 1579 1366 vendidit
1597 1312 1771 1366 etiam
1791 1311 2082 1366 Dersabeb

439 1415 577 1453 cum
609 1397 840 1454 villanis
872 1404 928 1453 et
957 1399 1233 1455 omnibus
1281 1400 1648 1471 pertinentiis
1681 1400 1824 1468 suis,
1860 1400 2080 1455 Corteis

437 1505 572 1542 cum
604 1487 838 1543 villanis
867 1493 923 1543 et
955 1489 1228 1544 omnibus
1259 1489 1626 1560 pertinentiis
1669 1489 1813 1556 suis,
1847 1487 1902 1543 in
1935 1489 2079 1544 Zimi

436 1576 724 1649 quidquid
752 1579 816 1612 ⁵ι⁸
850 1577 927 1631 ibi
962 1583 1128 1649 pater
1173 1595 1318 1633 suus
1366 1579 1458 1633 die
1507 1595 1624 1650 qua
1659 1577 1798 1632 vixit
1828 1583 1885 1633 et
1913 1578 2075 1647 obiit,

434 1666 658 1734 habuit,
683 1671 739 1722 et
762 1667 833 1721 ad
866 1666 1194 1722 dominium
1228 1667 1414 1739 ipsius
1448 1666 1705 1740 llugonis
1733 1667 1820 1722 vel
1853 1684 2080 1724 succes-

431 1771 632 1812 sorum
657 1771 899 1810 suorum
927 1755 1275 1811 hereditario
1308 1756 1433 1811 iure
1464 1755 1729 1828 pertinet,
1763 1756 1818 1810 in
1852 1755 2078 1812 civitate
2109 1795 2154 1858 Β

432 1843 627 1900 Bethel
659 1843 932 1900 similiter
977 1843 1260 1916 quidquid
1311 1844 1390 1899 ibi
1439 1851 1602 1916 pater
1639 1862 1783 1900 suus
1815 1845 1928 1911 die,
1961 1862 2076 1916 qua
2108 1855 2112 1857 '

428 1933 568 1987 vixit
595 1937 650 1988 et
682 1932 845 2000 obiit,
880 1932 1103 1999 habuit,
1134 1938 1190 1988 et
1222 1933 1446 2006 Hugoni
1481 1934 1700 1989 tociens
1738 1934 1890 1988 dicto
1924 1934 2075 1989 sicut

429 2020 626 2076 heredi
655 2021 738 2076 vel
763 2022 1204 2076 successoribus
1230 2023 1354 2078 suis
1388 2023 1652 2094 pertinet.
1692 2025 1800 2078 llec
1830 2022 2071 2095 inquam

429 2111 627 2166 omnia
657 2111 916 2182 predicta
947 2111 1205 2167 vendidit
1237 2111 1456 2166 tociens
1504 2111 1698 2166 dictus
1739 2111 1902 2184 Hugo
1934 2129 2070 2167 con-

426 2199 622 2255 ventui
659 2198 943 2254 Doniinici
977 2198 1238 2270 Sepulcri
1267 2215 1368 2271 pro
1414 2205 1637 2271 septem
1687 2199 1948 2255 millibus
1979 2200 2068 2254 bi-

427 2288 642 2342 zanciis
673 2287 797 2342 iure
830 2294 1105 2360 perpetuo
1137 2287 1510 2359 possidenda,
1535 2289 1608 2343 ab
1631 2289 1784 2344 omni
1812 2289 2065 2358 servitio,

427 2377 708 2443 dominio,
741 2377 1038 2432 exactione
1079 2376 1289 2444 Soluta,
1320 2377 1503 2432 libera
1532 2383 1587 2433 et
1617 2379 1832 2450 quieta.
1863 2379 1934 2434 Ut
1964 2397 2067 2433 au-

426 2471 542 2521 tem
565 2466 668 2521 hec
688 2466 815 2522 eius
835 2465 1087 2521 venditio
1111 2467 1331 2522 firmior
1360 2472 1745 2538 permaneret,
1772 2473 1826 2522 et
1849 2468 2066 2523 nullius

425 2572 550 2612 eam
591 2555 946 2611 contradieio
979 2556 1045 2590 5‘9
1073 2555 1386 2623 vacillaret,
1433 2556 1585 2612 sicut
1631 2557 1872 2628 predixi,
1923 2574 2064 2613 con-

425 2645 600 2700 cessit
629 2661 756 2700 eam
782 2644 956 2699 frater
986 2661 1130 2699 suus
1161 2643 1482 2700 Balduinus
1515 2650 1570 2700 et
1602 2651 1786 2701 mater
1815 2664 1923 2701 sua
1951 2648 2063 2702 He-

422 2732 532 2790 lois
559 2735 626 2768 ⁵²⁰
655 2738 712 2788 et
742 2751 905 2789 soror
932 2750 1039 2788 sua
1067 2733 1482 2806 Ermengardis
1510 2736 1595 2801 5“,
1629 2736 1865 2790 domina
1893 2736 2062 2792 Tibe-

423 2823 605 2879 riadis
626 2824 712 2891 5”,
747 2823 1015 2878 avunculi
1049 2840 1278 2894 quoque
1310 2823 1401 2879 sui
1435 2823 1737 2896 Philippus
1769 2824 2058 2896 Neapolis,

422 2913 608 2968 Guido
633 2910 1007 2983 Francigena,
1027 2912 1306 2967 llenricus
1328 2913 1474 2967 Buba.
1493 2912 1584 2968 lus
1610 2931 1622 2980 ;
1651 2919 2062 2970 concesserunt

421 3008 477 3058 et
507 3001 734 3074 cognati
792 3000 1051 3073 llugonis
1084 3001 1153 3055 de
1186 3001 1487 3072 Hybelino,
1521 3002 1821 3073 Philippus
1851 3004 1921 3057 de
1951 3004 2060 3058 Ca-

421 3094 568 3146 fram
592 3091 658 3124 5’3
678 3094 735 3145 et
770 3090 946 3145 frater
971 3091 1097 3161 ejus
1128 3094 1183 3144 et
1215 3090 1418 3146 Petrus
1449 3091 1520 3145 de
1550 3090 1768 3146 Teillei.
1806 3092 1912 3146 Pro
1944 3091 2060 3148 illis

2197 507 2356 564 tione
2385 510 2452 543 ⁵⁵⁷
2481 509 2768 563 bonorum
2811 507 3068 563 virorum
3113 508 3422 564 eonventui
3467 508 3731 580 predicto
3781 509 3857 564 ab

2196 596 2314 652 illis
2344 596 2403 651 in
2437 597 2730 669 integrum
2761 601 3140 652 restaurator.

2268 687 2506 741 Factum
2541 692 2630 742 est
2659 690 2852 742 autem
2888 686 2997 742 hoc
3029 703 3181 742 anno
3213 686 3628 742 incarnationis
3659 687 3855 742 domi-

2197 774 2320 831 nice
2353 791 2520 839 MCLv,
2555 775 2868 830 indictione
2897 792 2972 830 Iv.
3012 774 3193 830 liuius
3225 775 3308 831 rei
3340 779 3516 832 testes
3545 779 3688 831 sunt
3717 791 3732 829 :

2339 865 2640 929 Letardus,
2674 863 3148 936 archiepiscopus
3197 865 3547 921 Nazarenus.
3595 865 3847 920 Castan-

2405 954 2566 1009 tinus
2587 954 2672 1019 ωδ,
2700 952 3008 1008 Liddensis
3038 953 3366 1025 episcopus.
3390 953 3847 1019 Gaufridus,ab-

2407 1043 2510 1097 bas
2554 1041 2799 1113 Templi.
2829 1041 3094 1108 Amilius,
3142 1042 3324 1098 abbas
3373 1042 3591 1097 Latine.
3625 1041 3839 1114 Engel-

2404 1149 2645 1197 rannus,
2679 1131 2838 1202 prior
2875 1131 3087 1186 Montis
3134 1132 3307 1203 Syon.
3341 1130 3643 1202 Rogerius,
3678 1131 3841 1202 prior

2405 1219 2598 1275 Sancti
2630 1219 2944 1274 Abraham.
2981 1218 3318 1286 Balduinus,
3341 1217 3518 1275 Lidde
3550 1217 3836 1275 archidia-

2403 1325 2606 1364 conus.

2259 1397 2340 1452 De
2356 1396 2652 1453 fratribus
2678 1397 2904 1469 Templi
2941 1414 2954 1452 :

2333 1487 2531 1542 Frater
2559 1486 2701 1552 Odo,
2735 1487 3129 1542 comendator.
3164 1488 3362 1542 Frater
3409 1486 3719 1543 Gauterius
3763 1487 3833 1542 de

2404 1576 2610 1632 Berito.
2652 1576 2852 1631 Frater
2897 1575 3222 1648 Philippus.
3277 1576 3473 1631 Frater
3516 1575 3832 1631 Ludoicus.

2261 1665 2340 1719 De
2371 1665 2689 1720 baronibus
2721 1665 2873 1736 regis
2908 1682 2920 1720 :

2330 1753 2614 1809 Henricus
2645 1755 2712 1788 ⁵³9
2742 1754 2813 1808 de
2841 1754 3092 1820 Turone,
3143 1754 3298 1828 regis
3339 1753 3834 1811 constabularius.

2409 1842 2694 1898 Iohannes
2752 1842 3000 1898 Gotman
3032 1843 3116 1898 53°.
3179 1843 3299 1915 Ugo
3338 1844 3404 1880 ⁸³⁸
3455 1844 3835 1900 Cesariensis.

2399 1932 2518 1987 Odo
2551 1932 2621 1987 de
2653 1932 2864 1988 Sancto
2891 1932 3168 1987 Amando.
3188 1931 3526 1988 Willelmus
3542 1933 3614 1988 de
3630 1932 3830 1990 Barm.

2395 2020 2516 2074 Odo
2559 2020 2630 2074 de
2679 2018 2907 2074 Tolent.
2940 2019 3062 2091 Ugo
3093 2020 3159 2054 ⁵³³
3187 2020 3258 2074 de
3291 2021 3517 2076 Betsan.
3545 2020 3836 2077 Vivianns

2393 2109 2464 2163 de
2487 2107 2752 2180 Cayphas
2783 2110 2868 2162 ⁵³³.
2906 2107 3190 2164 Iocelinus
3223 2108 3494 2164 Pesellus.
3531 2109 3826 2166 Arnaldus

2393 2197 2463 2252 de
2493 2197 2677 2262 Crest,
2731 2196 3203 2252 constabularius
3235 2197 3504 2270 Tripolis.
3539 2198 3824 2254 Arnulfus

2391 2287 2461 2341 de
2494 2287 2851 2359 Hysengihm
2880 2287 2966 2339 53‘.
3009 2286 3314 2342 Gillelmus
3370 2288 3439 2342 de
3488 2288 3680 2344 Monte
3715 2290 3825 2344 .Gi-

2389 2376 2566 2430 sardi.
2602 2375 2890 2431 Iocelinus
2920 2376 2990 2430 de
3020 2376 3320 2431 Samusac.

2248 2463 2327 2518 De
2359 2463 2751 2536 burgensibus
2777 2482 2790 2520 :

2313 2553 2608 2622 Arnulfus,
2643 2553 2962 2610 vicecomes
2991 2554 3370 2611 lherusalem.
3405 2555 3570 2629 Hugo
3601 2556 3824 2614 saliens

2384 2642 2445 2696 in
2492 2643 2730 2698 bonum.
2779 2647 2984 2699 Petrus
3029 2643 3536 2716 Petragoricensis.
3571 2645 3817 2702 Bricius.

2385 2732 2698 2789 Gaufridus
2746 2734 3125 2790 Turonensis.
3160 2733 3484 2790 Willelmus
3528 2735 3821 2791 Norman-

2384 2839 2517 2877 nus.
2552 2821 2872 2878 Rainaldus
2921 2823 3232 2878 Siccarius.
3267 2824 3470 2879 Petrus
3499 2825 3572 2879 de
3601 2824 3820 2881 Sancto

2385 2912 2610 2978 Iacobo,
2647 2911 2848 2967 Petrus
2903 2913 3178 2984 llugonis.
3218 2913 3420 2968 Petrus
3479 2914 3550 2968 de
3600 2915 3818 2970 Sancto

2384 3000 2617 3055 Lazaro.

2240 3088 2386 3142 Data
2413 3089 2644 3144 Acchon
2676 3090 2763 3158 ⁵³⁵,
2789 3107 2891 3161 per
2911 3107 3152 3146 manum
3176 3090 3427 3146 Radulfii
3457 3091 3814 3163 cancellarii,

421 3197 572 3245 vero,
596 3179 694 3251 qui
720 3179 871 3235 infra
891 3195 1077 3234 annos
1109 3184 1266 3247 sunt,
1292 3179 1445 3234 sicut
1475 3184 1562 3234 est
1593 3181 1907 3236 Barisanus
1936 3183 2052 3237 fra-
2087 3165 2129 3230 C
2168 3195 2262 3232 XIX
2293 3176 2574 3234 kalendas
2605 3177 2896 3233 febroarii.

419 3273 506 3324 ter
527 3267 786 3341 Hugonis
805 3272 860 3323 et
881 3285 932 3339 q'
964 3268 1133 3322 edam
1158 3285 1323 3323 soror
1353 3285 1459 3323 sua
1491 3269 1884 3341 Theophanne
1905 3273 1990 3337 5",
2012 3271 2062 3328 si

417 3357 518 3429 qui
550 3357 725 3412 etiam
758 3355 817 3411 in
848 3357 1050 3412 eadem
1084 3356 1356 3428 prosapia
1406 3357 1651 3413 minoris
1701 3360 1872 3415 etatis
1905 3361 2060 3416 inve-

416 3445 677 3512 niuntur,
712 3444 796 3500 vel
833 3446 892 3499 in
925 3449 1222 3516 posterum
1270 3445 1514 3500 inveniri
1566 3452 1858 3518 poterunt,
1895 3449 2059 3522 IIugo

415 3535 486 3590 de
519 3533 793 3606 Hybelino
822 3538 879 3589 et
908 3535 1086 3588 frater
1131 3552 1275 3589 suus
1321 3535 1642 3590 Balduinus
1673 3542 1729 3591 et
1758 3537 2060 3610 Philippus

415 3624 485 3679 de
508 3622 743 3694 Neapoli
767 3626 821 3676 et
840 3621 1026 3678 Guido
1052 3624 1407 3695 Frmcigena
1431 3629 1487 3678 et
1508 3625 1786 3680 Henricus
1803 3626 2058 3682 Bubalus

414 3711 785 3766 fideiussores
837 3715 975 3765 sunt
1022 3712 1196 3782 quod,
1234 3713 1468 3781 quando
1502 3714 1573 3766 ad
1606 3731 1822 3768 annum
1863 3713 2057 3786 legiti-

413 3817 573 3855 mum
603 3799 986 3872 pervenerint,
1023 3799 1174 3853 infra
1225 3799 1418 3870 ipsum
1479 3818 1697 3856 annum
1757 3802 1961 3859 fatient
1991 3806 2057 3840 5’5

412 3906 509 3944 eos
543 3889 860 3960 predictam
902 3887 1294 3943 venditionem
1337 3890 1672 3944 concedere.
1702 3891 1824 3946 Non
1859 3892 2055 3949 minus

412 3977 521 4049 ipsi
557 3979 710 4032 idem
741 3977 983 4049 predicti
1023 3977 1270 4033 barones
1301 3977 1475 4050 plegii
1524 3978 1767 4050 legitimi
1814 3987 1951 4036 sunt
1982 3984 2052 4038 ab

410 4066 567 4122 omni
600 4065 937 4138 calumpnia
968 4084 1121 4121 nunc
1151 4084 1218 4122 ac
1248 4085 1480 4140 semper
1508 4068 1612 4124 hec
1644 4071 1840 4124 omnia
1868 4072 2056 4142 predi-

411 4160 504 4211 cta
529 4155 898 4228 adquitandi;
926 4155 1033 4210 hoc
1056 4159 1248 4210 tamen
1278 4161 1473 4213 tenore
1493 4159 1670 4229 quod,
1695 4160 2052 4232 quicumque

408 4244 653 4300 istorum
687 4244 1010 4317 plegiorum
1043 4251 1339 4317 superstes
1390 4247 1580 4314 fuerit,
1614 4247 1745 4302 aliis
1793 4248 1934 4303 hum
1953 4267 2050 4305 ino

408 4350 569 4390 more
599 4333 1033 4401 decedentibus,
1061 4335 1184 4406 ipse
1208 4353 1310 4406 pro
1337 4335 1449 4391 illis
1480 4337 1871 4408 respondebit,
1892 4343 1948 4394 et
1963 4357 2053 4394 ca-

404 4423 733 4495 lumpniam
767 4423 1147 4495 adquietabit.
1167 4423 1226 4478 Si
1256 4441 1374 4495 qua
1403 4425 1718 4496 aliquando
1748 4427 2050 4483 occasione

406 4529 474 4569 ex
531 4530 900 4584 quacumque
957 4511 1294 4582 calumpnia
1365 4513 1599 4568 interim
1671 4531 1848 4586 super
1917 4516 2125 4600 istisD

405 4602 828 4675 prenominatis
900 4605 1096 4656 exorta
1167 4601 1360 4667 fuerit,
1419 4601 1777 4674 quicumque
1835 4603 2049 4679 plegio-

405 4709 535 4746 rum
585 4691 974 4763 predietorum
1027 4689 1184 4762 prior
1231 4690 1566 4748 occurrerit.
1619 4690 1742 4764 ipse
1785 4692 2049 4766 calump-

405 4780 563 4836 niam
623 4779 940 4836 removebit
996 4779 1457 4851 pacificabitque.
1493 4780 1551 4835 Si
1609 4780 1743 4852 quis
1799 4799 1932 4837 vero
1989 4782 2046 4836 in

403 4873 700 4940 posterum
735 4886 910 4940 super
933 4869 1212 4941 crefatam
1236 4868 1625 4924 venditionem
1650 4870 2047 4943 calumpniam

401 4957 714 5027 induxerit,
736 4957 926 5024 illi,ad
951 4975 1096 5030 quos
1118 4957 1410 5012 hereditas
1435 4958 1694 5030 Hugonis
1711 4959 2047 5031 postipsum

399 5047 716 5115 transierit,
743 5047 1054 5102 conventui
1078 5047 1191 5101 iam
1216 5045 1370 5100 dicto
1396 5046 1634 5120 obligati
1659 5054 1934 5120 perpetuo
1960 5053 2046 5103 te-

401 5138 698 5197 nebuntur
727 5140 808 5203 ut,
842 5134 1123 5206 quidquid
1156 5136 1222 5170 ¹⁵²⁶
1255 5135 1493 5206 dampni
1547 5140 1784 5209 propter
1827 5142 2046 5192 motam

469 5295 534 5329 ⁸1⁷
591 5299 653 5359 Β,
714 5294 1002 5365 Hybelino,
1077 5294 1142 5327 δίε
1201 5298 1262 5360 B,

496 5443 558 5502 Β,
593 5437 998 5501 Constantinus,
1076 5439 1144 5471 5’9
1192 5441 1253 5502 Β,
1306 5438 1620 5506 Henfredus.
1699 5440 1718 5472 ⁵

1411 5297 1479 5331 inn
1486 5313 1516 5331 η
1526 5296 1582 5331 ὄλ
1678 5297 1745 5331 519
1805 5301 1846 5331 ι.)
1925 5313 2017 5331 nam
2027 5295 2144 5331 Ian/nl
2152 5295 2254 5331 non/'2.

469 5295 534 5329 5”
591 5299 653 5359 B,
714 5295 1002 5365 Hybelino,
1077 5295 1142 5327 διδ
1201 5298 1262 5360 B,
1321 5296 1600 5366 quicquid.
1678 5297 1745 5331 δίο
1803 5301 1866 5361 Β,
1923 5305 2064 5353 contr

405 5365 734 5470 Ti'gberiadis.
811 5366 877 5448 5‘3.
932 5371 993 5430 Β,
1041 5367 1268 5448 Gafran.
1344 5368 1412 5400 5"
1468 5371 1530 5427 Β,
1593 5367 1995 5472 ΤΙιεοξΙιαηηία.

397 5438 418 5470 5
501 5443 537 5474 Η
593 5437 979 5474 [inﬂet/Hahn,“-
1076 5439 1144 5471 029
1194 5441 1233 5474 ll
1309 5438 1602 5474 "currit/Inc
1699 5440 1764 5474 50
1822 5445 1860 5474 D
1948 5439 2064 5474 Cn”

2202 5295 2304 5348 cio.
2381 5295 2448 5323 ⁵²⁰
2507 5295 2544 5342 Ε

2202 5369 2259 5432 Β,
2320 5363 2544 5432 facient.

2202 5453 2208 5474 ,
2309 5435 2372 5466 531
2438 5436 2480 5474 ρ

1822 5445 1881 5505 Β,
1948 5439 2231 5495 Gothman.

2888 3313 2978 3368 LX
3007 3314 3092 3367 536.

2171 3433 2542 3475 PRIVILEGIUM
2594 3434 2850 3474 EJUSDEM
2889 3420 2954 3454 ⁵³⁷
3008 3437 3079 3474 DE
3129 3436 3586 3477 CONFIRMATIONB
3637 3440 3816 3480 nus-r-

2895 3507 3091 3546 DEBES.

2240 3627 2303 3676 In
2337 3621 2571 3677 nomine
2603 3627 2798 3678 sancte
2831 3627 2886 3678 et
2915 3624 3212 3680 individua
3266 3625 3568 3682 Trinitatis
3623 3627 3816 3686 Patris

2167 3715 2222 3764 et
2257 3710 2378 3765 Filii
2413 3714 2469 3766 et
2499 3709 2753 3782 Spiritus
2785 3712 3001 3779 Sancti,
3035 3729 3226 3768 amen.

2237 3800 2450 3854 Notum
2484 3799 2560 3853 sit
2589 3799 2883 3866 omnibus,
2908 3805 3028 3856 tam
3060 3803 3430 3874 presentibus
3451 3821 3626 3876 quam
3660 3806 3811 3862 futu-

2164 3889 2268 3958 ris,
2303 3888 2456 3959 quod
2487 3904 2591 3959 ego
2643 3888 2996 3956 Amalricus,
3032 3907 3134 3960 per
3175 3891 3275 3946 Dei
3319 3892 3565 3964 gratiam
3610 3911 3810 3950 comes

2162 3976 2481 4042 Ascalonis,
2518 3976 2760 4031 instanti
2822 3995 2989 4050 prece
3049 3979 3308 4051 Hugonis
3341 3981 3411 4036 de
3442 3981 3719 4054 Hybelino
3752 3989 3812 4040 et

2163 4065 2536 4122 concessione
2587 4066 2832 4121 fratrum
2883 4084 3125 4122 suorum
3169 4067 3430 4124 Balduini
3462 4075 3518 4125 et
3547 4071 3808 4128 Barisani

2163 4159 2220 4211 et
2243 4153 2690 4227 l-lermengardis
2721 4155 2939 4210 sororis
2969 4171 3074 4210 sue
3105 4157 3426 4229 matrisque
3456 4175 3560 4213 sue
3582 4159 3736 4215 Aleis
3753 4165 3813 4216 et

2161 4243 2582 4300 avunculorum
2633 4259 2877 4299 suorum
2914 4243 3164 4317 Philippi
3197 4245 3267 4300 de
3297 4246 3555 4317 Neapoli,
3589 4247 3810 4305 Guido-

2160 4335 2253 4389 nis
2288 4331 2658 4404 Francigene,
2691 4332 2921 4387 Henrici
2975 4332 3203 4400 Bubali,
3237 4332 3619 4406 omniumque
3673 4335 3788 4392 alio

2158 4440 2313 4488 rum,
2341 4422 2411 4475 ad
2432 4437 2578 4492 quos
2596 4420 2883 4493 presentis
2901 4421 3251 4477 venditionis
3269 4422 3502 4478 videtur
3519 4423 3812 4495 pertinere

2158 4508 2454 4565 concessio
2496 4513 2596 4563 aut
2642 4508 2702 4562 in
2745 4513 3043 4579 posterum
3102 4509 3358 4580 predicte
3416 4512 3809 4582 possessionis

2157 4597 2384 4654 vendite
2436 4595 2789 4652 hereditaria
2834 4597 3148 4669 possessio,
3179 4596 3379 4666 laudo,
3411 4601 3716 4667 conﬁrmo,
3747 4607 3810 4658 et

2159 4686 2336 4760 sigilli
2383 4685 2494 4740 mei
2548 4685 2913 4756 appositione
2970 4687 3278 4743 corroboro
3325 4687 3718 4745 venditionem
3749 4695 3809 4746 et

2160 4776 2514 4848 emptionem
2545 4774 2695 4829 inter
2725 4775 3027 4848 Hugonem
3061 4777 3535 4848 prenominatum
3567 4780 3809 4837 fratres-

2159 4883 2272 4938 que
2304 4880 2464 4919 meos
2497 4862 2692 4918 Sancti
2745 4863 3006 4935 Sepulcri
3066 4865 3378 4922 canonicos
3433 4866 3695 4940 legitime
3722 4869 3808 4924 fa-

2158 4961 2334 5021 ctam,
2356 4953 2523 5022 cujus
2541 4951 2866 5022 pactionem
2894 4954 3260 5026 subsequens
3285 4955 3499 5028 pagina
3527 4957 3806 5014 declarat.

2155 5041 2430 5100 Vendidit
2459 5039 2636 5112 igitur
2665 5040 2886 5096 tociens
2913 5041 3103 5098 dictus
3135 5043 3300 5114 Hugo
3318 5045 3633 5115 pretaxatis
3659 5046 3809 5102 San-

2157 5133 2232 5189 cti
2283 5127 2544 5202 Sepulcri
2595 5129 2891 5185 canonicis
2922 5131 3009 5184 ‘33.
3043 5131 3373 5188 Huetdebes
3406 5149 3541 5189 cum
3570 5133 3807 5192 villanis

2381 5290 2448 5323 59°
2507 5293 2570 5355 B,
2633 5288 2799 5344 Aleis.
2877 5290 2942 5324 ⁸³1
2993 5295 3055 5355 Β,
3116 5290 3556 5362 Hermengardis.
3631 5294 3701 5328 ⁵³³
3738 5299 3802 5362 Β,

2385 5363 2528 5394 ιηἠΜΙ
2623 5360 2690 5394 526
2742 5365 2784 5394 D
2864 5360 3120 5394 nua’nnua'd
3218 5363 3284 5394 527
3332 5367 3372 5394 ι)
3438 5366 3784 5394 ιιι-ιὶρκιηὶηκ..

2320 5363 2544 5432 facient.
2623 5360 2690 5394 5’“
2741 5365 2803 5426 B,
2862 5360 3141 5433 quicquid.
3218 5363 3284 5397 "7
3329 5360 3392 5428 B,
3434 5360 3802 5422 estimatione.

2309 5435 2372 5466 531
2413 5435 2754 5509 _§,_I!ugo._
2812 5433 2998 5509 53KB,
3060 5433 3230 5509 Πιέρᾳ
3309 5435 3376 5468 ⁸³³
3421 5439 3481 5509 Β,
3520 5438 3798 5509 Ασαῃρὴα.

397 5509 466 5584 53f
497 5513 556 5584 Β,
590 5510 942 5584 Hysenghin,
998 5508 1064 5584 ἥδε
1095 5513 1155 5584 Β,
1185 5507 1384 5584 annon.
1417 5501 1425 5506 ’
1460 5510 1528 5584 ξπ
1559 5516 1628 5584 ᾼ,
1663 5511 1708 5584 f9
1735 5513 1824 5575 58,
1859 5501 1934 5577 v0,
1969 5511 2110 5584 Β,λῆ
2137 5509 2226 5574 63,
2261 5519 2332 5560 νο.
2505 5501 2660 5558 Dans
2721 5505 2763 5555 B
2821 5507 2968 5560 cette
3025 5501 3312 5578 premiere
3371 5501 3680 5584 rubriqué'
3713 5515 3803 5568 est

399 5578 548 5642 εἰηδὶ
580 5576 816 5658 conque.
848 5580 1017 5642 Aliud
1040 5576 1396 5659 privilegium
1431 5581 1698 5638 Amalrici
1725 5583 1956 5642 comitis.
2018 5576 2097 5620 ⁷⁵³⁸
2128 5586 2192 5652 Β,
2225 5576 2521 5636 canonicis.
