3994 6070
129 318 289 377 1161

1122 317 1625 380 CARTULAIRE
1669 319 1775 381 DU
1821 318 2050 380 SAIN'l‘
2093 317 2524 381 SEPULGRE.

3395 321 3553 382 1162

125 440 231 507 eos
262 449 603 505 habuerunt
632 464 700 504 ex
731 448 884 504 dono
916 451 1097 522 patris
1130 449 1243 506 mei
1276 451 1537 507 Basirani
1570 451 1789 507 Muisse
1821 453 1877 518 Α
1976 452 2055 507 De
2088 452 2368 508 fratribus
2399 450 2717 524 Hospitalis
2751 469 2763 505 :

125 530 365 595 Arrabit
395 542 453 593 et
482 537 641 595 ﬁlius
674 538 800 594 eius
830 540 1134 612 Georgius,
1171 557 1400 614 queque
1432 541 1502 596 ad
1553 556 1790 597 succes—

124 645 293 685 sores
310 643 513 683 eorum
532 626 1030 701 hereditariojure
1050 629 1407 701 pertinebat;
1428 630 1685 697 vendidi,
1706 630 1793 685 in-

126 734 335 790 quam,
350 733 454 790 pro
486 716 677 773 tribus
694 716 958 774 millibus
971 718 1137 774 bisan
1148 718 1339 774 toriun
1364 719 1487 775 iure
1509 724 1787 792 perpetuo

127 805 514 880 possidenda,
537 806 612 862 ab
642 806 802 862 omni
835 805 1190 880 calumpnia,
1216 807 1467 879 servitio,
1502 808 1783 878 dominio,

128 894 435 951 exactione
480 895 697 963 soluta,
729 894 915 952 libera
962 899 1019 953 et
1049 896 1266 969 quieta.
1299 897 1417 970 Ego
1465 897 1642 965 enim,
1679 915 1784 970 pro

130 985 481 1041 imminente
512 984 857 1041 necessitate
887 985 1238 1058 captivitatis
1268 990 1325 1042 et
1368 987 1786 1059 redemptionis

130 1086 264 1130 mee
296 1073 658 1146 compulsus,
692 1074 968 1147 predictis
1007 1074 1347 1131 hominibus
1379 1075 1546 1143 meis,
1568 1076 1785 1133 Muisse

130 1163 372 1219 Arrabit
400 1163 637 1237 ﬁlioque
680 1181 787 1220 suo
830 1163 1094 1237 Georgio,
1130 1164 1262 1220 dedi
1311 1165 1383 1220 ad
1426 1164 1783 1221 voluntatem

130 1267 341 1309 eorum
372 1252 671 1309 cambium
703 1270 807 1326 pro
840 1253 1116 1326 predictis
1145 1253 1440 1310 casalibus
1480 1259 1536 1310 et
1578 1272 1783 1311 eorum

130 1342 538 1414 pertinentiis;
562 1340 648 1397 illi
677 1358 811 1398 vero
839 1343 1232 1399 venditionem
1264 1342 1415 1399 hanc
1438 1344 1495 1398 in
1527 1343 1783 1416 capitulo

130 1429 337 1487 Sancti
360 1430 622 1503 Sepulcri
641 1432 968 1488 iuramento
985 1433 1494 1501 conﬁrmaverunt,
1510 1438 1565 1488 et
1585 1451 1786 1489 manu-

128 1524 268 1575 tene
282 1519 458 1576 udam
488 1524 689 1576 contra
706 1538 911 1578 omnes
931 1521 1345 1594 promiserunt.
1363 1522 1434 1577 Ut
1463 1527 1659 1577 autem
1678 1522 1783 1578 hec

139 1623 277 1665 mea
319 1609 577 1666 venditio
625 1609 851 1666 ﬁrmior
895 1615 1281 1683 permaneret,
1311 1615 1369 1667 et
1424 1610 1623 1668 nullus
1654 1628 1782 1667 eam

135 1698 522 1755 contradictio
584 1698 900 1766 vacillaret,
947 1706 1364 1756 concesserunt
1429 1718 1578 1770 eam,
1630 1702 1785 1757 sicut

2042 541 2249 597 Petrus
2291 542 2595 598 Bertrandi
2648 545 2705 597 et
2751 539 3087 596 Willelmus
3118 541 3188 595 de
3217 542 3381 607 Acer,
3411 543 3545 609 Azo,

2112 629 2447 703 capellanus
2497 630 2710 686 casalis
2764 630 3131 685 Baineorum.
3177 630 3543 701 Radulpbus,

2112 720 2450 791 capellanus
2466 721 2807 776 Ramarum.
2826 718 3057 774 Paletel.
3073 720 3395 774 vicecomes
3408 719 3547 774 Ybe-

2109 808 2234 864 lini.

1966 896 2048 951 De
2080 896 2474 971 burgensibus
2507 898 2661 971 regis
2697 916 2709 953 :

2037 987 2395 1043 Humbertus
2442 988 2513 1043 de
2562 989 2692 1043 Bar.
2745 989 2962 1058 Symon
3019 988 3243 1043 Bufi‘us.
3297 987 3542 1055 Bricius,

2107 1077 2421 1132 Gaufridus
2480 1076 2860 1133 Turonensis.
2913 1076 3261 1132 Guillelmus
3292 1078 3357 1110 ⁵⁸⁸
3405 1077 3545 1131 Nor-

2107 1182 2381 1221 manuus.
2418 1166 2699 1223 Iohanoes
2719 1166 3056 1222 Raimundi.
3093 1165 3408 1222 Guibertus
3438 1166 3543 1220 Pa-

2107 1254 2253 1327 pais.
2272 1258 2478 1310 Petrus
2508 1256 3048 1312 Burdinus.Petrus
3069 1255 3140 1311 de
3171 1256 3381 1311 Sancto
3397 1255 3545 1310 Iaco-

2106 1345 2199 1399 bo.
2235 1344 2400 1417 Hugo
2434 1343 2659 1400 Saliens
2681 1345 2741 1399 in
2769 1345 3009 1400 bonum.
3036 1343 3382 1415 Radulphus
3405 1348 3544 1397 Bur-

2107 1433 2324 1505 gensis.
2362 1435 2563 1489 Petrus
2594 1435 2665 1489 de
2714 1436 2924 1488 Sancto
2987 1435 3220 1489 Lazaro.
3255 1432 3542 1488 Iohannes

2104 1523 2414 1579 Vitrarius.
2450 1524 2839 1579 Everunimus
2879 1525 2963 1578 δίη.
2998 1521 3417 1578 Anschctinus.
3455 1521 3540 1577 Io-

2107 1612 2350 1681 hannes,
2386 1611 2542 1669 titius
2576 1610 2864 1679 Rainaldi,
2898 1612 3188 1667 Pictavus.

2568 1719 2734 1775 LXIV
2765 1721 2851 1773 ⁵⁸³.

127 1787 377 1860 predixi,
396 1788 603 1845 fratres
625 1789 737 1844 mei
751 1787 1074 1845 Balduinus
1087 1794 1144 1845 et
1159 1790 1469 1847 Barisanus
1482 1797 1781 1864 materque

1900 1826 2265 1864 PRIVILEGIUM
2308 1826 2609 1891 IIEEUERTI,
2663 1824 2903 1863 ABBA’I‘IS
2946 1825 3293 1891 SANGEQRUM
3342 1824 3540 1863 IOSEPH

131 1892 265 1932 mea
312 1876 473 1932 Alois
520 1881 578 1933 et
629 1893 795 1933 soror
840 1894 971 1933 mea
1003 1877 1475 1951 Hermcngardis,
1510 1879 1778 1935 avunculi

127 1965 310 2020 etiam
375 1964 489 2021 mei
560 1965 868 2039 Philippus
915 1964 986 2022 de
1037 1966 1297 2039 Neapoli,
1349 1966 1535 2024 Guido
1603 1969 1779 2024 Fran-

129 2053 357 2127 cigena,
374 2054 656 2110 Henricus
686 2055 982 2124 Bubalus;
1018 2061 1433 2113 concesserunt
1463 2060 1520 2113 et
1551 2058 1780 2130 cognati

128 2141 245 2197 mei
276 2141 581 2215 Philippus
610 2144 680 2199 de
708 2144 917 2200 Cafran
942 2149 996 2201 et
1018 2144 1193 2200 frater
1212 2146 1339 2201 eius
1372 2146 1692 2219 Petrusque
1710 2148 1779 2202 de

127 2228 316 2287 Teilli.
353 2234 461 2287 Pro
493 2231 610 2289 illis
641 2249 774 2289 vero
806 2233 907 2306 qui
938 2234 1090 2289 infra
1121 2252 1306 2291 annos
1337 2239 1498 2299 sunt,
1517 2234 1667 2291 sicut
1692 2241 1780 2292 est

126 2320 374 2392 qaedam
408 2336 574 2377 soror
604 2338 736 2377 mea
766 2321 1087 2396 Stephania
1114 2329 1167 2378 et
1200 2323 1382 2397 aliqui
1413 2325 1484 2380 de
1535 2325 1778 2397 predicti

122 2410 363 2465 Arrabit
410 2415 466 2466 et
512 2411 615 2466 ﬁlii
668 2412 797 2468 eius
845 2412 1160 2469 heredibus
1209 2414 1437 2488 Georgii
1470 2414 1679 2470 totiens
1710 2415 1774 2449 ⁵⁸¹

128 2498 293 2568 dicti,
327 2500 377 2555 si
412 2500 511 2573 qui
541 2501 718 2557 etiam
749 2501 809 2557 in
841 2514 972 2557 mea
1014 2506 1072 2558 et
1118 2504 1457 2560 eorumdem
1508 2504 1778 2576 prosapia

124 2588 373 2645 minoris
394 2589 568 2645 etatis
600 2590 980 2647 inveniuntur
1000 2596 1102 2648 aut
1122 2591 1181 2647 in
1216 2597 1513 2665 posternm
1531 2593 1775 2649 inveniri

126 2682 427 2750 poterunt,
462 2695 569 2752 ego
620 2684 677 2735 et
724 2679 901 2736 frater
941 2697 1109 2737 meus
1160 2680 1476 2737 Balduinus
1507 2687 1564 2738 ot
1594 2682 1777 2740 homi-

123 2782 229 2823 nes
260 2766 395 2835 mei,
421 2767 720 2840 predictus
742 2768 962 2825 Muisse
979 2769 1210 2826 Arrabit
1228 2777 1283 2826 et
1300 2771 1455 2827 ﬁlius
1468 2771 1778 2828 eiusGeor-

123 2855 281 2929 gius,
313 2856 531 2929 Symon
580 2857 650 2914 de
701 2857 865 2928 Haia,
897 2858 1129 2916 Ordelet
1170 2864 1226 2916 et
1256 2860 1586 2933 Stephanus
1618 2861 1774 2917 ﬁlius

124 2944 275 3016 eius,
308 2946 494 3001 Adam
541 2946 613 3003 de
662 2946 890 3022 Orgeol,
924 2948 1241 3005 Nicholaus
1292 2950 1363 3006 de
1414 2950 1648 3007 Ybelino
1682 2951 1770 3020 ⁸⁸³,

126 3030 510 3093 Hosmundus
536 3035 944 3110 Radulfusque
974 3039 1151 3095 frater
1174 3039 1320 3107 eius,
1354 3040 1654 3110 Lebertus,
1676 3040 1776 3096 Pa-

124 3139 316 3197 ganus
346 3124 417 3180 de
448 3125 685 3195 Rohais,
705 3126 1009 3200 Philippus
1031 3128 1101 3184 de
1121 3128 1370 3195 Cafrain,
1391 3146 1567 3202 super
1586 3147 1776 3186 sacro-

2021 1898 2086 1936 ET
2122 1898 2346 1937 asscuc
2384 1882 2562 1935 535.05:
2599 1896 3050 1936 commonemus
3091 1881 3157 1914 59°
3180 1896 3409 1935 sarum.

1962 1971 2025 2026 In
2057 1969 2294 2026 nomine
2333 1974 2530 2025 sancte
2561 1974 2617 2025 et
2638 1967 2938 2024 individua
2970 1968 3292 2025 Trinitatis.

1940 2096 1946 2101 ς
1961 2060 2174 2115 Notum
2189 2060 2264 2114 sit
2276 2059 2573 2126 omnibus,
2588 2062 2708 2112 tam
2725 2057 3095 2129 presentibus
3109 2074 3285 2130 quam
3301 2058 3537 2129 futuris,

1890 2150 2043 2221 quod
2094 2165 2198 2222 ego
2264 2149 2573 2203 Ilerbertus
2604 2148 2689 2214 59‘,
2726 2165 2829 2219 per
2877 2146 2977 2202 Dei
3047 2147 3298 2219 gratiam
3348 2148 3539 2202 abbas

1888 2239 2234 2293 Sanctorum
2269 2238 2474 2308 Iosepb
2504 2241 2560 2291 ot
2588 2238 2837 2302 Abacuc,
2872 2236 3149 2292 laudante
3198 2242 3255 2292 et
3284 2252 3533 2292 consen-

1888 2327 2064 2382 tiente
2100 2326 2368 2382 universo
2399 2331 2518 2381 tam
2551 2325 2892 2381 clericorum
2925 2342 3101 2397 quam
3121 2325 3401 2381 laicorum
3422 2326 3537 2381 Deo

1887 2416 2031 2471 inibi
2062 2415 2384 2471 famulante
2406 2419 2713 2482 conventu,
2732 2415 2788 2469 in
2815 2416 3110 2487 proscntia
3131 2416 3418 2471 bonorum
3437 2414 3536 2470 ho-

1886 2506 2137 2573 minum,
2152 2522 2403 2578 quorum
2426 2504 2667 2559 nomina
2688 2505 2889 2559 subter
2904 2504 3196 2576 leguntur,
3212 2508 3535 2560 commuta-

1882 2594 2077 2651 vimus
2123 2599 2181 2650 et
2210 2594 2577 2651 reddidimus
2622 2594 2850 2667 Hugoni
2895 2594 2965 2649 de
2997 2593 3256 2665 Ybelino,
3290 2593 3528 2649 domino

1885 2683 2669 2755 Ramathensi,quecumque
2700 2686 2860 2754 pater
2880 2683 3007 2738 eius
3024 2683 3338 2739 Barisanus
3357 2682 3529 2739 nobis

1883 2773 2037 2844 apud
2072 2772 2262 2828 Bethel
2291 2773 2548 2839 dederat,
2563 2771 2829 2827 videlicet
2854 2772 3048 2843 ipsum
3073 2771 3269 2828 Bethel
3293 2776 3349 2827 et
3362 2773 3523 2839 Beze,

1883 2862 2040 2934 quod
2076 2861 2300 2917 diuitur
2329 2861 2749 2927 Bazirim,cum
2768 2860 2997 2915 duabus
3012 2861 3332 2916 carrucatis
3353 2864 3525 2916 terre.

1882 2955 1938 3006 et
1959 2950 2223 3022 quinque
2241 2950 2497 3005 iornatas
2520 2954 2692 3015 torre,
2710 2966 2858 3020 quas
2877 2948 2953 3003 ibi
2984 2950 3530 3020 querebamus,tur-

1884 3040 1996 3096 rim
2037 3055 2269 3111 quoque
2316 3042 2372 3094 et
2414 3037 2699 3110 quidquid
2748 3039 2814 3073 ⁵9³
2858 3037 2936 3093 ibi
3002 3036 3421 3104 ediﬁcavimus,
3465 3041 3531 3093 ut

1886 3129 2146 3202 profatus
2181 3129 2341 3199 llugo
2388 3127 2599 3182 habeat
2627 3116 2975 3199 potestatem
3024 3126 3229 3182 exinde
3278 3126 3528 3182 faciendi

124 3216 332 3270 sancta
356 3213 682 3272 iuravimus
699 3219 757 3271 et
779 3215 1150 3273 fideiussores
1167 3235 1375 3274 sumus
1392 3200 1568 3291 quod,
1588 3236 1771 3291 quan-
1804 3200 1847 3268 (αἶ
1886 3200 2164 3291 quicquid
2198 3217 2309 3273 sibi
2344 3216 2626 3289 placuerit
2656 3216 2877 3287 absque
2908 3215 3068 3271 omni
3100 3219 3299 3271 nostra
3316 3220 3373 3272 et
3394 3232 3527 3271 suc-

125 3302 198 3358 do
215 3302 287 3358 ad
309 3320 530 3359 annum
544 3303 873 3377 legitimum
893 3307 1279 3379 pervenerint,
1294 3306 1447 3363 infra
1467 3307 1661 3379 ipsum
1680 3326 1776 3364 an-

123 3407 269 3447 num
293 3390 567 3449 fatiemus
584 3392 652 3428 ⁵³³
669 3393 728 3449 in
745 3394 1066 3466 capitulum
1086 3396 1283 3452 Sancti
1303 3395 1563 3469 Sepulcri
1580 3397 1775 3453 venire

120 3485 177 3536 et
207 3479 430 3537 tociens
461 3482 681 3538 dictam
710 3482 1103 3541 vennitionem
1135 3487 1465 3543 concedere.
1490 3487 1603 3544 Nos
1622 3488 1774 3543 idem

118 3570 366 3643 predicti
400 3588 513 3627 non
545 3570 744 3627 minus
767 3572 877 3629 sub
899 3574 1135 3647 prazfato
1158 3574 1485 3631 iuramento
1506 3575 1679 3650 plegii
1701 3578 1778 3633 le-

117 3659 310 3732 gitimi
341 3677 549 3718 sumus
579 3660 686 3718 hec
710 3662 909 3717 omnia
927 3663 1188 3735 predicta
1210 3682 1365 3720 nunc
1386 3669 1442 3720 et
1465 3667 1775 3739 semperab

116 3748 279 3804 omni
331 3749 670 3823 calumpnia
719 3750 1122 3823 adquictandi.
1157 3752 1415 3826 Denique
1460 3755 1508 3809 si
1540 3756 1680 3827 quid
1711 3756 1778 3790 ⁵⁸⁸

128 3838 201 3894 de
247 3839 602 3911 supradictis
639 3840 1020 3897 immunitum
1064 3843 1254 3911 fuerit,
1289 3861 1417 3912 nos,
1450 3845 1549 3917 qui
1603 3862 1781 3917 super

133 3928 545 3999 prenominata
572 3929 904 3987 venditione
934 3931 1343 3988 iusiurandum
1394 3934 1661 4001 fecimus,
1680 3951 1783 4007 per

130 4015 456 4088 capitulum
470 4018 667 4075 Sancti
684 4018 942 4091 Sepulcri
965 4020 1053 4076 vel
1076 4038 1177 4094 per
1195 4021 1454 4079 eiusdem
1481 4022 1782 4080 internun-

130 4104 281 4160 tium
314 4105 661 4178 submoniti,
693 4124 727 4163 a
758 4108 850 4164 die
880 4110 1336 4167 submonitionis
1373 4128 1557 4184 usque
1606 4114 1676 4169 ad
1710 4132 1783 4170 xv

133 4194 290 4250 diem
322 4194 475 4252 infra
492 4213 693 4253 muros
711 4196 1068 4254 Iherusalem
1091 4203 1154 4255 ut
1170 4199 1403 4257 obsides
1424 4203 1787 4273 permanebi-

134 4300 292 4351 mus,
326 4284 510 4340 donec
545 4285 714 4342 resin
746 4286 1037 4361 integrum
1072 4289 1383 4345 etﬁrmum
1415 4292 1782 4349 reformetur.

142 4371 216 4429 Ut
238 4373 612 4452 igiturhuius
634 4375 747 4432 mei
767 4377 1053 4452 privilegii
1064 4379 1392 4435 auctoritati
1412 4380 1592 4436 nichil
1615 4381 1783 4452 desit,

140 4465 271 4517 tum
303 4448 443 4527 quia
458 4463 564 4519 hec
595 4448 794 4521 omnia
817 4448 1132 4523 factasunt
1151 4485 1396 4525 assensu
1419 4473 1475 4526 et
1493 4469 1788 4527 voluntate

144 4479 271 4517 tum
346 4480 443 4519 u1a
459 4479 495 4518 n

144 4479 497 4608 domii'n‘ﬁe

1882 3324 2182 3364 cessorum
2196 3305 3007 3362 nostrorumcontradictione.
3018 3304 3313 3377 Capellam
3328 3304 3524 3361 etiam.

1884 3414 2061 3471 quam
2084 3396 2164 3452 ibi
2191 3394 3065 3468 construximus,tumprecepto
3096 3394 3319 3450 domini
3349 3393 3527 3467 patri-

1884 3485 2058 3541 arche
2086 3484 2426 3556 A[malrici],
2444 3488 2569 3539 tum
2588 3483 2807 3557 domini
2828 3484 3091 3557 Hugonis
3108 3484 3401 3557 precibus,
3433 3484 3531 3540 do-

1885 3575 2045 3631 mino
2075 3574 2250 3647 priori
2284 3573 2606 3645 N[icholao]
2629 3578 2686 3629 et
2705 3574 2900 3630 Sancti
2933 3573 3197 3647 Sepulcri
3219 3572 3530 3630 conventui

1885 3664 2177 3721 dedimus.
2211 3663 2696 3719 Conﬁrmationes
2744 3680 2877 3718 vero
2925 3680 3073 3735 quas
3118 3662 3180 3718 in
3212 3661 3530 3735 privilegiis

1887 3755 2102 3809 nostris
2127 3769 2306 3825 super
2327 3751 2419 3807 his
2434 3752 2708 3807 omnibus
2726 3752 3013 3808 habemus
3026 3751 3400 3825 supradictis,
3415 3768 3533 3807 om-

1888 3844 2026 3899 nino
2055 3858 2361 3897 cassamus
2392 3845 2449 3896 et
2481 3841 2539 3895 in
2569 3840 2803 3895 irritum
2836 3839 3069 3912 penitus
3099 3841 3393 3896 ducimus.
3413 3840 3533 3904 Que

1889 3931 2086 3989 omnia
2116 3932 2174 3986 in
2204 3930 2497 4003 presentia
2526 3929 2710 3985 nostri
2735 3930 3101 4001 fratrumque
3123 3936 3457 3985 nostrorum
3479 3930 3536 3983 et

1892 4019 2181 4088 Balduini,
2215 4018 2606 4075 archidiaconi
2639 4018 2833 4073 Sancti
2883 4018 3130 4092 Georgii,
3165 4018 3536 4089 cantorisque

1891 4111 2155 4167 eiusdem
2187 4108 2427 4164 ecclesie
2458 4107 2764 4164 Gisleberti
2794 4112 2852 4163 et
2877 4107 3141 4180 magistri
3171 4105 3537 4176 Anschetini,

1892 4199 2089 4256 fratris
2122 4197 2358 4254 Roberti
2391 4197 2462 4252 de
2493 4198 2607 4262 Git,
2642 4196 2891 4252 Marsirii
2935 4214 3165 4269 quoque
3215 4201 3272 4253 et
3312 4195 3539 4251 Andree

1892 4286 2327 4361 Andegavensis
2354 4285 2609 4341 militum
2642 4291 2698 4341 et
2722 4285 2942 4342 Alberti
2966 4285 3276 4342 Lombardi
3297 4287 3421 4358 ipse
3443 4285 3542 4340 do-

1897 4378 2094 4434 minus
2128 4378 2288 4450 llugo
2320 4374 2630 4430 conventui
2662 4374 2857 4430 Sancti
2899 4375 3161 4447 Sepulcri
3201 4392 3301 4447 per
3328 4390 3539 4429 manus

1897 4465 2355 4524 cannonicorum
2399 4466 2467 4499 ⁵⁹³
2513 4464 2700 4537 ipsius
2747 4464 3011 4531 ecclesie,
3045 4464 3267 4519 domini
3319 4462 3541 4519 scilicet

420 4544 518 4608 ﬁci
548 4553 845 4624 Amalrici,
878 4555 1111 4613 comitis
1148 4557 1471 4627 Ascalonis,
1504 4560 1576 4615 de
1622 4559 1790 4616 cuius
1817 4572 1866 4639 D
1898 4556 2173 4614 Bernardi
2209 4554 2465 4611 cantoris
2496 4558 2553 4609 et
2572 4552 2837 4624 magistri
2853 4553 3194 4621 Achillis,in
3224 4552 3354 4624 ipsa
3368 4550 3545 4607 eccle-

140 4640 311 4696 feodo
341 4641 451 4697 fuit
485 4642 774 4715 presentis
801 4645 1152 4702 venditionis
1183 4647 1637 4719 possessio,tum
1652 4649 1791 4721 quia
1820 4638 1827 4639 ⁷
1902 4647 1991 4703 sia
2022 4645 2220 4702 Sancti
2254 4643 2459 4714 Ioseph
2492 4644 2560 4678 δ⁰⁴
2590 4642 2771 4711 dedit,
2797 4642 3086 4698 concessit
3114 4646 3170 4696 et
3194 4640 3438 4696 tradidit
3467 4638 3542 4694 li-

138 4728 269 4802 ipse
282 4729 542 4804 sigillum
554 4748 670 4788 non
683 4731 890 4801 habeo,
908 4734 1114 4791 sedula
1134 4753 1301 4808 precs
1322 4737 1547 4793 obtinui
1569 4742 1789 4795 cartam

140 4818 321 4875 istam
352 4819 546 4894 sigillo
574 4820 693 4878 iam
725 4821 864 4879 dicti
894 4824 1117 4880 domini
1142 4825 1255 4881 mei
1278 4827 1509 4883 comitis
1531 4828 1794 4885 corrobo-

142 4925 261 4964 rari
272 4949 287 4964 .

216 4997 463 5056 Factum
492 5004 582 5056 est
611 5004 807 5058 autem
837 5002 949 5059 hoc
978 5020 1132 5060 anno
1154 5004 1574 5063 incarnationis
1603 5006 1794 5063 Domi-

144 5086 207 5143 ni
239 5088 308 5122 ⁵⁸⁵
338 5105 573 5157 κοινιιι,
603 5089 925 5149 indictione
951 5109 1050 5149 vn.
1080 5093 1266 5150 Huius
1297 5094 1378 5150 rei
1408 5099 1585 5152 testes
1616 5101 1792 5153 sunt:

292 5176 738 5247 Constantinus,
793 5178 1099 5238 Liddensis
1158 5183 1485 5257 episcopus.
1520 5185 1790 5257 Absalon,

366 5266 1301 5341 episcopus.Gaudefridus,abbas
1314 5274 1797 5347 Templi.Rainal-

367 5353 500 5423 dus,
530 5355 693 5429 prior
722 5357 945 5415 Latine.
979 5357 1183 5416 Petrus
1210 5359 1281 5416 de
1311 5360 1587 5418 Calvario.

225 5477 296 5560 ff}
327 5482 423 5560 Ἰ),
474 5482 702 5560 τρέψῃς.
744 5481 824 5560 ξδ’
854 5487 918 5560 Β,
968 5484 1262 5560 Ηῃὺθζξῃο,
1291 5484 1359 5560 δίξδ
1388 5486 1453 5552 Β,
1499 5488 1781 5560 faciemus.

1925 5483 2124 5560 Onulit
2162 5485 2311 5560 dans
2358 5483 2450 5560 A_:
2484 5483 2537 5560 si

1900 4737 2035 4792 bere
2065 4739 2123 4791 et
2152 4732 2346 4806 quiete
2375 4736 2655 4804 perpetuo
2686 4731 3061 4804 possidenda,
3083 4730 3254 4785 nobis
3270 4728 3544 4785 omnibus

1901 4824 2203 4881 communi
2236 4840 2479 4879 assensu
2511 4825 2568 4877 et
2599 4822 2750 4876 bona
2778 4821 3079 4875 voluntate
3105 4820 3350 4876 eandem
3373 4819 3548 4874 dona-

1898 4913 2119 4969 tionem
2152 4910 2548 4980 laudantibus,
2564 4909 3062 4965 consentientibus
3079 4912 3137 4964 et
3155 4906 3547 4963 conﬁrmanti-

1900 5002 2386 5059 bus.Pretaxatus
2417 5004 2611 5055 autem
2644 5004 2810 5072 Hugo
2840 4997 3125 5054 voluntati
3155 5002 3353 5055 nostre
3384 4996 3551 5053 satis-

1903 5091 2126 5148 faciens
2158 5094 2217 5145 et
2246 5088 2488 5144 utilitati
2520 5086 2973 5145 ecclesienostre
2997 5088 3422 5160 consulenspro
3438 5086 3548 5142 hac

1903 5178 2366 5238 commutatione.
2395 5178 2556 5234 dedit
2577 5178 2746 5233 nobis
2765 5183 2992 5251 partem
3026 5177 3266 5247 turonii,
3285 5177 3439 5251 quod
3462 5180 3553 5233 est

1904 5273 2013 5327 sub
2042 5267 2343 5326 Mirabello
2375 5268 2447 5323 ad
2475 5268 2686 5323 surdos
2718 5268 2928 5337 fontes,
2954 5272 3010 5323 et
3041 5268 3188 5324 duas
3218 5271 3552 5324 carrucatas

1904 5361 1964 5416 in
1998 5359 2200 5416 eodem
2235 5356 2544 5414 territorio.
2581 5356 2653 5412 Ut
2684 5356 2863 5430 igitur
2884 5356 2993 5414 hoc
3025 5361 3219 5413 ratum
3251 5354 3553 5413 inconvul-

2588 5482 2823 5555 quidem.
2859 5484 2926 5519 ⁵³⁵
2954 5487 3018 5551 Β,
3068 5483 3365 5541 dominica.
3390 5482 3458 5555 βθθ
3489 5485 3555 5551 Β,

225 5551 239 5564 ⁹
357 5516 423 5551 υ,
474 5516 702 5538 ιυςιωω.
854 5516 918 5567 .0"
968 5516 1262 5557 ugumuw.
1292 5516 1357 5521 ν’*
1389 5516 1453 5552 υ,
1499 5516 1781 5560 μιυισπιυπς.

151 5516 481 5632 Wilkins.
524 5550 688 5632 “7_B,
732 5553 1102 5632 βυξτςξπξιπαδ.
1136 5557 1202 5593 ⁸⁸⁸
1230 5558 1278 5615 Α
1307 5557 1354 5615 ib
1379 5560 1469 5628 62,
1500 5571 1590 5630 νος
1616 5564 1686 5616 Β.
1716 5560 1763 5617 f°

1925 5516 2011 5543 uu
2057 5516 2124 5539 ιιι
2162 5516 2311 5539 uaua
2358 5516 2404 5537 Π
2438 5524 2450 5537 ο
2484 5516 2534 5538 ῠι
2588 5516 2823 5555 quater".
2862 5516 2921 5519 "‘
2954 5516 3018 5551 υ,
3068 5516 3365 5541 ιιυιιιιηιικσ.
3396 5516 3452 5518 "‘
3490 5516 3555 5551 υ,

1905 5570 1983 5616 νο.
2008 5558 2077 5595 ⁵⁸9
2104 5561 2168 5614 B.
2198 5553 2496 5613 Abacuch..
2530 5554 2598 5591 59°
2626 5559 2690 5613 B.
2723 5557 3158 5614 commutatione.
3191 5557 3256 5593 θοι
3287 5559 3332 5610 Β
3358 5553 3557 5611 Arber-

145 5628 287 5683 ιιιδ..
318 5620 389 5659 ⁸⁸³
416 5626 481 5696 Β,
513 5620 798 5700 quicquid.
830 5626 900 5663 ⁵⁸³
925 5629 1094 5704 Iosep.

473 5750 743 5819 Pauor"
788 5752 960 5820 CLV.

3161 5751 3241 5833 37.
