3994 6070
434 281 590 341 “63
684 280 689 287 ”

955 277 1057 339 AD
1104 277 1617 343 GODEFRIDUM
1664 277 1998 371 APPEND.
2047 277 2559 343 lI.—-MONUM.
2608 279 2709 341 DE
2752 280 3001 342 BELLO
3044 278 3316 342 SAGRO.

3686 281 3847 342 1164

434 427 687 482 sumque
718 415 1076 483 permaneat,
1092 411 1269 485 sigilli
1293 412 1476 467 nostri
1496 411 1881 483 impressione
1898 415 1955 468 et
1973 413 2082 467 fra-
2109 414 2165 480 Α
2193 413 2285 467 sui
2325 413 2501 485 priori
2553 414 2928 486 predictoque
2971 413 3168 469 Sancti
3221 412 3483 484 Sepulcri
3532 414 3849 470 conventui

434 505 593 557 trum
625 501 1091 572 subscriptorum
1122 502 1457 557 testimonio
1490 502 1928 557 confirmamus.

508 591 627 663 Ego
664 590 997 657 llerbertus,
1032 590 1234 660 abbas,
1260 589 1583 662 subscripsi
1628 590 1864 662 signum
1897 590 2088 646 crucis

438 679 695 734 fatiendo
727 680 813 735 ‘95.

585 769 853 837 Fratres;
884 770 1160 837 Bonetus,
1195 768 1535 837 Nicholaus,
1589 770 1897 825 Martinus.
1948 771 2088 825 llar—

656 857 892 913 duinus.
909 858 1214 915 Martinus.
1232 859 1538 913 Robertus.
1555 859 1922 913 Lambertus.
1946 859 2089 913 Lau-

655 946 883 1002 rentius
930 948 1017 1003 ⁵9⁵.
1084 949 1309 1004 Petrus.
1380 947 1747 1005 Guillelmus.
1802 948 2090 1002 Raimun—

656 1038 769 1093 dus
816 1038 903 1093 59".
940 1038 1225 1093 Albertus.
1270 1038 1580 1093 Ebroinus.
1634 1038 1965 1092 Umbertus.
2002 1037 2088 1092 Io-

660 1125 900 1182 hannes.
937 1126 1191 1183 Garinus
1224 1128 1310 1182 598.
1350 1126 1684 1181 Anselmus.
1736 1125 2085 1180 Bernardus.

656 1215 1025 1289 Christianus
1065 1215 1380 1271 Gerardus.
1436 1215 1744 1271 Iohannes.
1797 1214 2090 1269 Saberan-

659 1306 770 1361 dus
801 1306 889 1359 ‘99.
920 1303 1238 1360 Galandus.

511 1396 598 1451 Ab
632 1393 1164 1450 corroborationem
1199 1392 1485 1464 presentis
1513 1391 1796 1465 privilegii
1829 1389 2090 1464 sigillum

443 1483 665 1541 domini
697 1482 1063 1539 Constantini
1112 1482 1485 1561 apponjmus,
1522 1480 1933 1537 Ramathensis
1966 1478 2088 1551 epi-

444 1573 627 1645 scopi,
663 1589 781 1628 una
812 1589 947 1627 cum
980 1570 1169 1644 sigillo
1198 1577 1396 1627 nostro
1429 1588 1613 1627 cereo.

514 1667 633 1718 Hoc
662 1665 858 1718 autem
883 1661 1100 1717 factum
1118 1665 1207 1717 est
1223 1678 1375 1716 anno
1394 1662 1465 1716 ab
1485 1660 1884 1716 incarnatione
1905 1659 2095 1714 Domi-

2199 501 2495 557 communi
2512 518 2759 558 assensu
2779 507 3192 558 concesserunt
3213 506 3386 574 atque
3406 502 3713 558 dederunt.
3733 503 3850 558 Hec

2198 589 2377 663 igitur
2402 591 2600 646 omnia
2622 595 2938 663 pretaxata,
2958 592 3413 647 concedentibus
3427 595 3482 646 et
3499 593 3852 648 confirman-

2198 678 2357 734 tibus
2387 681 2667 735 fratribus
2699 680 2865 747 meis,
2899 679 3183 735 Balduino
3212 685 3269 736 et
3303 680 3598 749 Barisano,
3633 680 3846 737 sorori-

2198 767 2426 839 busque
2459 768 2625 839 meis,
2659 769 3051 842 Ermengarde
3080 770 3149 803 ⁶¹²
3179 773 3236 825 et
3285 769 3635 841 Stpb[an]ia,
3669 770 3847 826 libere

2199 860 2257 910 et
2288 856 2479 927 quiete
2508 857 2617 929 ipsi
2649 858 2857 913 fratres
2888 858 3002 913 mei
3032 857 3293 931 Sepulcri
3319 858 3547 913 Domini
3573 859 3851 914 cannoni-

2199 946 2251 1001 ci
2282 947 2350 981 διδ
2373 952 2648 1019 perpetuo
2681 948 3039 1020 possideant,
3074 948 3444 1020 habeantque
3487 949 3556 982 5“
3599 947 3847 1004 liberam

2198 1024 2533 1091 facultatem
2565 1037 2977 1109 quodcumque
3006 1036 3093 1093 eis
3125 1036 3405 1108 placuerit
3450 1036 3585 1092 inde
3635 1036 3848 1093 fatien-

2200 1125 2257 1179 di
2288 1125 2357 1159 διδ
2387 1125 2608 1197 abspue
2641 1142 2772 1181 mea
2801 1131 2857 1182 et
2886 1126 3167 1182 heredum
3199 1142 3462 1182 meorum
3510 1126 3599 1181 vel
3638 1142 3848 1198 paren-

2195 1218 2327 1268 tum
2357 1215 2424 1249 ⁶¹⁶
2456 1216 2937 1271 contradictione.
2972 1214 3044 1270 Ut
3073 1219 3267 1270 autem
3297 1215 3405 1275 hoc
3436 1218 3630 1270 ratum
3654 1214 3848 1270 incon-

2202 1302 2553 1375 vulsumque
2584 1308 2942 1376 permaneat,
2968 1301 3147 1376 sigilli
3179 1303 3443 1359 Balduini
3465 1303 3553 1358 avi
3587 1302 3728 1371 mei,
3750 1304 3851 1357 Ra-

2201 1392 2522 1448 matbensis
2572 1393 2914 1448 Latinorum
2962 1391 3184 1448 domini
3232 1392 3427 1465 primi,
3466 1391 3849 1465 impressione

2202 1482 2533 1537 corroboro.

2274 1571 2435 1636 Quod
2466 1573 2683 1626 factum
2703 1571 3049 1627 estconsilio
3065 1570 3287 1627 domini
3308 1569 3554 1643 Philippi
3584 1568 3853 1643 Neapoli-

2203 1660 2348 1726 tani,
2383 1661 2483 1731 qui
2515 1665 2572 1715 et
2602 1661 2726 1732 ipse
2756 1661 2922 1717 testis
2953 1662 3083 1731 [est]
3115 1662 3180 1695 ⁵⁵⁷

449 1752 507 1808 ni
541 1768 712 1820 MCLx,
731 1750 1049 1807 indictione
1069 1767 1191 1817 vm,
1211 1754 1491 1822 regnante
1512 1749 1814 1817 Balduino,
1838 1765 1970 1821 rege
1992 1753 2091 1803 La-
2126 1790 2173 1854 Β
2274 1750 2477 1805 Testes
2507 1750 2683 1805 etiam
2714 1754 2853 1806 sunt
2885 1768 2897 1805 :

450 1841 708 1897 tinorum
740 1845 968 1912 qnarto.

1133 1946 1272 2001 LXV
1293 1948 1379 2000 δθο.

594 2051 962 2091 PRIVILEGIUM
1002 2052 1253 2092 IIUGONIS
1295 2052 1664 2141 DEGOSYBELINO,
1710 2053 1781 2090 DE
1821 2052 1967 2090 BONO

1107 2123 1308 2141 ummun

1105 2123 1323 2163 BETHBL
1348 2123 1434 2164 ⁹ν⁰ο

532 2224 596 2277 In
630 2222 865 2278 nomine
896 2226 1096 2278 sancte
1126 2226 1182 2277 et
1209 2221 1505 2278 individue
1537 2222 1863 2278 Trinitatis.

530 2311 742 2366 Notum
776 2312 852 2367 sit
881 2311 1175 2379 omnibns,
1202 2316 1321 2366 tam
1350 2312 1719 2383 presentibus
1751 2328 1927 2383 quam
1954 2312 2104 2367 futu-

458 2397 729 2471 ris,quod
758 2416 862 2473 ego
886 2402 1047 2473 llugo
1079 2400 1149 2456 de
1182 2400 1424 2456 \belino
1456 2402 1543 2467 60’,
1569 2401 1661 2455 Dei
1685 2401 1872 2473 gratia
1898 2402 2104 2456 Hama-

457 2486 684 2544 tbensis
725 2490 1045 2561 [dominus]
1078 2491 1164 2557 “03,
1186 2507 1287 2561 pro
1322 2490 1577 2544 remedio
1608 2490 2100 2557 animarum,tam

460 2593 587 2633 mee
617 2595 795 2650 quam
826 2584 1136 2651 parentum
1167 2595 1452 2649 meorum,
1485 2584 1541 2634 et
1571 2596 1673 2650 pro
1698 2596 1911 2651 magno
1943 2598 1975 2634 a
1997 2580 2105 2634 fra-

460 2666 648 2723 tribus
681 2668 794 2723 mei
824 2668 1064 2725 ecclesie
1113 2668 1310 2724 Sancti
1360 2668 1620 2740 Sepulcri
1668 2668 2008 2724 cannonicis
2037 2671 2104 2704 ‘3‘“

459 2755 521 2811 in
550 2756 839 2829 captionis
870 2774 998 2813 mee
1026 2757 1368 2813 liberatione
1400 2757 1545 2812 mihi
1567 2757 1774 2813 collato
1799 2758 2100 2826 beneficio,

462 2846 703 2903 domino
750 2846 1071 2919 N[icbolao]
1114 2849 1182 2882 ⁶⁰⁵
1232 2846 1409 2918 priori
1453 2852 1509 2903 et
1550 2846 1813 2903 eiusdem
1862 2847 2104 2904 ecclesie

461 2936 769 2991 conventui
801 2937 857 2991 in
892 2936 1181 3008 presentia
1211 2936 1433 2992 domini
1464 2936 1736 2991 Amalrici
1778 2936 2105 3009 patriarche

462 3028 517 3080 et
538 3024 761 3080 domini
783 3024 1169 3092 Constantini,
1194 3026 1603 3081 Ramatbcnsis
1626 3025 1906 3098 episcOpi,
1928 3027 2099 3094 dono,

461 3114 714 3169 concedo
735 3116 804 3152 δυθ
833 3119 890 3171 et
921 3116 1085 3170 trado
1116 3115 1395 3187 quicquid
1420 3119 1583 3187 pater
1602 3131 1770 3170 meus
1792 3115 2104 3171 Barisanus

2356 1837 2721 1909 Badulphus,
2775 1839 3317 1895 lherosolimitanus
3380 1838 3856 1899 archidiaconus.

2430 1927 2780 1994 Bernardus,
2832 1928 3176 1985 monachus.
3231 1929 3537 1996 Iohannes,
3596 1929 3857 1984 decanus

2423 2016 2617 2085 Sancti
2669 2017 2919 2090 Georgii,
2984 2017 3325 2085 Balduinus,
3384 2017 3854 2073 archidiaconus.

2424 2104 2726 2161 Gisbertus
2747 2107 2834 2177 διδ,
2866 2108 3085 2162 éantor.
3123 2108 3363 2162 Franco.
3396 2106 3680 2179 Magister
3709 2109 3855 2161 Ans-

2424 2193 2704 2251 chitinus.
2735 2197 2868 2263 Azo,
2905 2195 3269 2268 Radulpbus,
3302 2195 3733 2250 Erchenbertus
3772 2196 3856 2261 θη,

2425 2283 2729 2354 capellani.
2761 2284 3082 2340 Rainaldus
3111 2285 3182 2340 de
3211 2285 3419 2339 Sancto
3461 2283 3750 2339 Gallerico
3795 2285 3858 2318 ⁸³⁸

2429 2372 2734 2428 Marsirius
2768 2373 2836 2428 de
2870 2373 3175 2429 Ramatha.
3200 2374 3458 2429 Andreos
3481 2373 3858 2445 Andegaven—

2426 2462 2527 2516 sis.
2559 2461 2831 2516 Albcrtus
2866 2462 3248 2517 Lombardus.
3274 2460 3587 2516 Umbertus
3620 2462 3691 2516 de
3726 2466 3860 2515 Bar-

2425 2552 2633 2622 Symen
2669 2551 2895 2606 Ruﬂ‘us.
2933 2551 3246 2606 llerbertus
3291 2551 3520 2606 Tortus.
3570 2549 3860 2605 Iohannes

2430 2640 2765 2695 Raimundi.

2284 2731 2559 2785 Testatur
2589 2729 2764 2784 etiam
2794 2729 2904 2785 boc
2935 2729 3250 2785 Barisanus
3280 2733 3339 2785 et
3358 2729 3684 2784 confirmat.
3711 2730 3857 2783 Con-

2213 2820 2407 2874 ﬁrmat
2436 2835 2667 2891 quoque
2691 2818 3054 2874 venditiones
3074 2819 3137 2853 ⁶²¹
3157 2817 3689 2884 casalium,scilicet
3706 2817 3857 2873 Odo-

2215 2907 2448 2975 mamel,
2488 2908 2753 2971 Dersabe,
2790 2907 3027 2968 Corteiz.
3054 2907 3335 2973 Hodabet,
3367 2907 3715 2973 Dermasun,
3746 2924 3860 2979 que

2213 3015 2318 3071 ego
2348 2996 2791 3070 prenominatus
2829 2997 2987 3069 Hugo
3009 2997 3079 3052 de
3100 2995 3335 3053 Ybelino
3355 2997 3442 3064 δη,
3458 2996 3777 3052 fratereius
3792 2997 3859 3031 ⁶²³

2214 3086 2511 3142 canonicis
2537 3084 2823 3141 Dominici
2854 3086 3108 3157 Sepulcri
3140 3085 3394 3141 vendidi.

460 3165 2102 3276 signa;esse;ansaista;{rigginggsqni
2134 3165 2176 3230 ο
2285 3175 2626 3231 Donationis
2673 3191 2797 3230 non
2840 3175 3171 3247 nonnoniono
3294 3180 3351 3230 on
3397 3174 3862 3231 conﬁrmationis

459 3292 613 3363 apud
646 3292 864 3360 Bethel,
898 3294 1092 3366 ipsum
1123 3293 1387 3348 videlicet
1418 3292 1613 3348 Bethel
1647 3296 1704 3348 et
1752 3297 1914 3359 Beze,
1947 3293 2096 3364 quod

460 3380 721 3437 Bazarim
752 3383 819 3417 ⁶⁰⁸
850 3382 1083 3448 dicitur,
1119 3399 1252 3437 cum
1275 3382 1502 3436 duabus
1525 3380 1842 3437 carrucatis
1860 3386 2029 3448 terre,
2046 3385 2104 3436 et

460 3467 717 3542 quinque
738 3468 996 3526 iornatas
1011 3472 1080 3505 ⁶⁰⁹
1098 3476 1267 3538 terre,
1289 3486 1435 3541 quas
1450 3470 1657 3524 fratres
1675 3470 1870 3524 Sancti
1896 3469 2101 3540 Ioseph

460 3556 541 3611 ibi
574 3557 967 3629 requirebant,
999 3558 1207 3613 turrim
1242 3575 1471 3631 quoque
1502 3562 1559 3612 et
1602 3574 1972 3629 quecumque
2018 3556 2101 3612 ibi

462 3645 888 3713 ediﬁcaveranl,
909 3646 1159 3719 benigne
1177 3646 1679 3702 consentientibus
1701 3650 1757 3701 et
1781 3647 2101 3702 conceden-

461 3733 621 3789 tibus
652 3734 839 3806 ipsius
869 3734 1114 3791 ecclesie
1145 3736 1306 3791 Santi
1328 3735 1546 3807 {oseph
1580 3736 1786 3790 abbate
1827 3735 2101 3791 llerberto

461 3824 860 3895 fratribusque
882 3823 1007 3880 eius
1022 3826 1325 3891 omnibus;
1351 3824 1566 3895 quibus
1581 3825 1711 3879 dedi
1731 3841 1832 3896 pro
1846 3841 2103 3879 commu-

459 3912 678 3969 tatione
710 3912 964 3985 predicte
994 3912 1177 3986 patris
1207 3914 1317 3968 mei
1355 3912 1730 3979 belemosinc,
1751 3929 1851 3985 pro
1893 3913 2103 3968 volun-

462 4006 581 4059 tate
611 4006 667 4058 et
695 4001 934 4058 arbitrio
987 4019 1209 4070 eorum,
1243 4002 1301 4056 in
1354 4002 1643 4058 territorio
1692 4003 1763 4057 de
1804 4002 2103 4058 Mirabella

460 4096 683 4165 partem
714 4091 954 4154 turonii.
978 4093 1132 4163 quod
1172 4092 1499 4163 superiacet
1529 4090 1724 4147 surdis
1754 4091 2030 4157 fontibus,
2050 4095 2106 4147 et

458 4180 518 4236 in
552 4181 754 4237 eodem
786 4180 1073 4236 territorio
1097 4181 1243 4237 duas
1266 4185 1599 4237 carrucatas
1630 4185 1780 4235 terre
1811 4180 2105 4254 quelonge

459 4269 701 4326 meliora
729 4273 784 4325 et
815 4270 1213 4326 commodoria
1242 4270 1325 4326 eis
1356 4287 1482 4326 esse
1515 4275 1875 4337 noscuntur;
1909 4268 2103 4326 Bethel

458 4359 638 4431 enim,
653 4359 790 4432 quia
820 4359 1056 4414 termini
1089 4376 1291 4415 eorum
1323 4359 1402 4413 ibi
1425 4358 1657 4414 dilatari
1681 4376 1793 4414 non
1816 4362 2101 4430 poterant,

458 4450 612 4506 sicut
640 4449 712 4505 ab
743 4449 829 4505 eis
860 4465 996 4521 sepe
1026 4449 1240 4513 audivi,
1260 4453 1362 4504 aut
1393 4448 1569 4504 nichil
1594 4452 1694 4503 aut
1714 4448 2000 4519 parum‘”8
2021 4448 2106 4503 eis

2212 3264 2409 3320 fratrls
2441 3263 2554 3319 mei
2585 3268 2763 3319 testes
2796 3269 2938 3319 sunt
2966 3265 3034 3298 ⁶²⁵
3060 3281 3072 3319 :

2354 3353 2593 3409 0rdelez
2621 3355 2709 3408 ⁸³⁸.
2745 3353 3048 3425 Philippus
3070 3354 3141 3409 de
3171 3353 3437 3426 Caphran
3468 3355 3556 3405 6³⁷.
3592 3353 3865 3425 Paganus

2425 3444 2497 3499 de
2530 3442 2768 3498 Rohais.
2803 3442 3087 3514 Georgius
3114 3443 3361 3497 Arrabat
3390 3441 3476 3497 ⁶²⁸.
3510 3442 3694 3496 Adam
3727 3442 3863 3497 Dor-

2426 3530 2563 3587 niel.
2617 3530 2980 3586 Osmundus.
3034 3535 3308 3604 Paganus
3357 3532 3427 3586 de
3478 3530 3740 3603 Isengrin
3792 3532 3864 3565 ⁶²⁹

2426 3620 2697 3676 Garinus.
2734 3620 3014 3676 Iordanus
3039 3620 3113 3676 de
3141 3619 3374 3675 Ybelino
3396 3621 3483 3675 ⁵³0.
3518 3618 3863 3692 Radulpbus

2424 3714 2481 3765 et
2513 3714 2738 3776 Petrus,
2774 3708 3077 3781 capellani.

2284 3798 2397 3853 Hec
2427 3802 2623 3853 autem
2647 3798 2798 3853 facta
2826 3802 2964 3852 sunt
2981 3814 3131 3854 anno
3152 3799 3223 3853 ab
3243 3798 3639 3854 incarnatione
3656 3797 3861 3852 Domi-

2213 3888 2272 3942 ni
2306 3905 2471 3954 MCLX,
2505 3886 2825 3942 indictione
2853 3904 2974 3953 vm,
3007 3891 3285 3961 regnante
3315 3886 3625 3956 Balduino,
3651 3890 3862 3958 quarto

2215 3974 2729 4031 Iherosolimorum
2752 3990 2884 4047 rege
2918 3973 3279 4031 Latinorum.

2288 4064 2369 4118 Ad
2402 4062 2906 4118 confirmationem
2937 4067 2993 4117 et
3022 4063 3549 4119 corroborationem
3575 4063 3863 4136 presentis

2214 4151 2496 4225 privilegii
2525 4168 2630 4223 ego
2653 4151 3508 4221 Constantinus,Ramatbensis
3524 4153 3860 4225 episcopus,

2215 4240 2475 4313 sigillum
2509 4256 2704 4295 meum
2739 4256 2987 4311 appono.

2889 4328 3052 4384 LXVI
3080 4330 3143 4363 ⁶³ί
3154 4370 3166 4383 .

2215 4416 2583 4458 PRIVILEGIUM
2625 4418 2694 4455 DE
2734 4417 3080 4455 REBELLIONE
3117 4420 3153 4456 Δ
3194 4418 3406 4456 PRIORE
3445 4419 3510 4456 [ST
3566 4416 3861 4456 CANOWCIS

2287 4489 2495 4529 MONTIS
2534 4489 2747 4527 OLIVETI
2784 4486 2957 4529 FACTA
2996 4489 3282 4528 ADVERSUS
3328 4489 3625 4529 CANONICOS
3656 4487 3861 4529 SANC‘I'I

459 4539 736 4611 prodesse
768 4542 1011 4610 poterat.
1048 4538 1363 4593 Ecclesiam
1396 4542 1610 4603 autem,
1636 4554 1814 4609 quam
1837 4536 1917 4591 ibi
1940 4537 2101 4592 ediﬁ-
2133 4538 2179 4601 D
2280 4550 2573 4613 sgpucnm,
2616 4561 2682 4597 ετ
2719 4560 3139 4599 SATISFACTlONE
3203 4561 3269 4599 ET
3335 4561 3406 4599 os
3471 4559 3682 4599 IUDITIO
3720 4544 3793 4578 ⁶⁸²
3832 4562 3860 4598 Α

459 4631 747 4693 caverant,
764 4631 882 4681 tam
906 4644 1009 4699 pro
1032 4626 1253 4681 domini
1286 4625 1614 4698 patriarche
1636 4626 1913 4681 mandata
1925 4642 2099 4698 quam

460 4731 563 4787 pro
594 4731 724 4771 mea
753 4714 1031 4786 petitione
1062 4714 1124 4749 ⁶¹¹
1158 4717 1215 4769 et
1240 4712 1530 4785 precibus,
1565 4712 1748 4769 abbas
1779 4712 2101 4783 fratresque

530 4870 597 4903 593
647 4872 707 4935 Β,

457 4941 548 5006 63,
591 4952 687 5006 v0;
739 4944 800 5004 Β,
853 4939 896 4992 f0
941 4942 1030 5004 70,
1078 4951 1156 5009 νο,

2282 4632 2551 4671 PERSONIS
2590 4632 2724 4669 INDE
2762 4632 2948 4670 FACTO.

2284 4712 2577 4784 Scriptum
2623 4714 2711 4766 est
2754 4728 2765 4766 :
2821 4712 2957 4767 Caro
3002 4712 3377 4785 corruptibilis
3423 4721 3689 4782 aggravet
3734 4714 3864 4767 ani-

763 4867 1034 4939 faciendo.
1104 4867 1171 4901 ⁵³³⁸
1211 4866 1589 4939 ιοιινίεηεὶμδ.
1660 4864 1724 4898 ⁵9⁷
1763 4868 1847 4939 _B,_
1888 4865 2100 4920 Raimu;

2244 4906 2252 4918 .
2330 4865 2396 4898 ⁵9⁸
2444 4868 2509 4939 Β,
2562 4863 2855 4939 Guarinus.
2935 4863 3516 4939 59f_B,_Siberu_atlzis.
3585 4862 3867 4939 ‘f‘f_A__f°

1232 4938 1297 4973 ⁶⁰¹
1338 4942 1441 4991 Ces
1483 4936 1634 5008 deux
1690 4935 2100 5008 rub_riques_m

2244 4939 2375 4990 nent
2427 4936 2574 5008 dans
2626 4939 2685 5008 I_3.
2766 4936 2835 4969 δοῖ
2872 4939 2936 5008 Β,
2979 4935 3264 5008 Hybetino,
3324 4936 3410 5008 ν⁶⁶²
3447 4935 3604 5008 supp

3607 4933 3694 4989 léé
3743 4933 3865 4988 d’a-

459 5000 591 5083 pres
624 5000 717 5083 Β.
761 5000 829 5044 δέη
866 5014 929 5083 Β,
978 5000 1275 5064 σιίηογὶίρίδ.
1353 5009 1420 5042 ²²⁸
1461 5007 1710 5079 Suppléé
1757 5000 2080 5083 d’apresglil.

2256 5012 2318 5061 B.
2352 5006 2596 5083 concedo,
2624 5006 2788 5083 dario.
2822 5082 2837 5083 ί
2865 5007 2956 5083 5°:
2972 5000 3045 5059 ΒῘ
3070 5000 3449 5083 helemosina._
3486 5000 3657 5083 fds'B,
3692 5007 3866 5083 Base-

455 5081 585 5138 rim.
659 5081 726 5115 δθθ
756 5085 819 5144 Β,
852 5082 1099 5135 iornatis.
1176 5083 1243 5114 5‘9
1278 5084 1337 5141 Β,
1369 5088 1465 5134 aut

1506 5095 1726 5149 parum,
1782 5083 1879 5133 aut
1936 5079 2102 5143 nihil,
2177 5079 2241 5114 ⁶¹¹
2267 5084 2328 5145 Β,

2359 5080 2641 5149 petitione.
2720 5079 2788 5112 δι’
2818 5082 2879 5143 Β,
2914 5078 3305 5149 Ermengarda.
3383 5078 3451 5111 “3
3481 5082 3546 5141 Β,
3569 5076 3865 5132 canonici-

458 5155 528 5187 °“
558 5157 621 5218 Β,
654 5159 707 5206 et
754 5151 1003 5205 habeant.
1080 5153 1147 5185 διδ
1197 5156 1258 5217 Β,
1286 5148 1548 5221 feriendi.
1624 5151 1691 5183 ⁶¹⁶
1730 5153 1791 5216 Β,
1824 5150 2093 5204 heredum

2244 5148 2529 5217 parentum
2560 5166 2822 5221 meorum.
2899 5150 2964 5183 ⁶¹⁷
2993 5148 3242 5221 Supplée
3270 5148 3499 5220 d'apres
3540 5153 3602 5221 Β.
3648 5149 3749 5221 _m
3799 5152 3869 5218 B,

460 5225 803 5280 Gillebertus.
882 5222 950 5255 διδ
1000 5226 1062 5286 Β,
1113 5217 1567 5276 Ercheinbaldus.
1643 5222 1710 5255 ⁶²⁰
1760 5225 1820 5289 Β,
1864 5222 2129 5277 Valerico.
2205 5217 2268 5255 ⁶²¹
2326 5226 2479 5276 Cotto
2525 5220 2736 5291 phrase
2787 5224 2875 5274 est
2923 5217 3242 5275 constr'uite
3293 5217 3442 5274 dans
3473 5224 3515 5273 Β
3547 5219 3617 5274 de
3648 5217 3706 5274 la
3739 5217 3871 5275 ma?

458 5295 619 5349 niere
650 5294 913 5365 suivante
950 5309 962 5346 :
1001 5294 1243 5347 Testatur
1271 5310 1479 5365 quoque
1506 5295 1685 5363 frater
1714 5308 1864 5346 meus
1894 5297 1955 5347 Β.
1989 5293 2357 5365 είίσοηβνθηαι
2382 5310 2493 5365 non
2524 5293 2851 5365 solumghoc,
2885 5308 3082 5365 verum
3113 5299 3287 5365 otoam
3316 5291 3679 5365 venditiones,
3708 5299 3866 5346 etc...

456 5367 525 5402 ⁸⁸³
556 5369 618 5431 Β,
664 5364 951 5435 Hgbelino.
1028 5365 1096 5399 ⁶²³
1125 5365 1230 5419 Ces
1278 5363 1430 5419 dcu’x
1481 5369 1632 5419 mots
1672 5368 1993 5434 manquent
2033 5364 2182 5419 dans
2233 5368 2293 5418 Β.
2329 5364 2397 5397 ⁴²⁴
2428 5369 2488 5427 Β,
2516 5363 2838 5435 Supradicte
2891 5364 3067 5435 igitur
3111 5363 3426 5435 donationis
3444 5378 3575 5435 ⁸τηρεε
3603 5370 3675 5430 et,
3701 5371 3867 5435 etc...

459 5437 527 5473 ⁸³⁵
601 5434 758 5492 Dans
805 5436 851 5490 A
895 5434 977 5491 les
1025 5440 1178 5491 mots
1225 5444 1378 5519 testes
1422 5443 1552 5489 sunt
1595 5451 1655 5489 se
1691 5440 1971 5517 ‘trouvent
2040 5435 2246 5541 reietés
2313 5452 2345 5489 a

462 5508 768 5561 Caohrano.
843 5508 910 5544 ⁸³⁸
956 5512 1020 5561 Β.
1070 5508 1333 5561 Ανναὸιπ..
1411 5507 1478 5541 ⁶²⁹
1516 5510 1579 5561 Β.
1628 5508 1972 5561 Ηιδθηθνιηο.
2048 5506 2093 5543 ⁸³
2157 5510 2217 5561 E.
2259 5510 2345 5561 Hu

2185 5511 2217 5576 Β,
2259 5511 2350 5580 Hy

462 5508 768 5592 gap-liram.
843 5508 910 5544 ⁸³⁸
956 5512 1020 5564 Β.
1070 5508 1333 5565 Anubim.
1411 5507 1478 5541 ⁶²⁹
1516 5510 1579 5575 Β,
1628 5507 1972 5580 Hisengrino.
2048 5506 2093 5543 ⁸³

462 5594 667 5646 τηαιειο
675 5621 688 5639 ο

2350 5405 2488 5561 pres,
2516 5405 2643 5490 “13’;
2662 5405 3047 5507 Ἕίξέειιὶῗιῖὲέζ
3111 5405 3675 5501 ’ἒῖέ’ἷὲζ”’ὸ’ἷάὲὶὲῑιῗ”
3696 5405 3869 5498 ιὶὲνίἑζ

2390 5506 2555 5561 clino.
2632 5507 2697 5541 ⁶³¹
2736 5508 2801 5561 Α.
2854 5506 2898 5561 Γδ
2948 5507 3040 5561 64.
3081 5512 3169 5561 r°:
3204 5507 3270 5561 A.
3322 5504 3367 5561 f0
3403 5504 3496 5561 92.
3530 5517 3602 5560 r0.
3680 5505 3753 5540 ⁸³³
3804 5509 3869 5561 Β.

2390 5506 2555 5562 clino.
2632 5507 2697 5541 ⁶³¹
2736 5504 2801 5573 Ᾱ,
2854 5506 2898 5561 fb
2948 5507 3040 5574 64,
3081 5512 3169 5575 r°;
3204 5507 3270 5561 A.
3322 5504 3367 5561 f0
3403 5504 3496 5572 92,
3530 5517 3602 5560 r0.
3680 5505 3753 5540 ⁸³³
3804 5509 3869 5574 Β,
