3992 6090
427 309 580 372 1171

946 308 1050 372 AD
1096 310 1605 376 GODEFRIDUM
1647 312 1984 374 APPEND.
2029 312 2208 375 II.—
2235 311 2548 377 MONUM.
2591 313 2696 376 DE
2739 314 2988 378 BELLO
3033 313 3308 377 SAGRO.

3722 313 3845 379 172

644 442 1130 501 Iherosolimitani
1177 445 1503 518 patriarche
1560 445 1968 514 cancellarius,
2018 451 2075 503 et
2101 448 2158 514 Α
2185 447 2424 504 dendas.
2459 448 2572 504 Hec
2598 452 2796 506 autem
2828 453 2968 504 tunc
2998 449 3229 504 deserta
3256 451 3314 505 et
3339 448 3563 506 vastine
3582 451 3842 524 quedam

647 532 744 590 alii
776 550 954 606 quam
985 533 1182 606 plures
1211 535 1301 589 ⁷¹².

508 625 682 680 Facta
711 628 907 679 autem
932 627 1020 678 est
1057 625 1123 658 ⁷¹³
1156 623 1363 696 pagina
1396 624 1575 696 hujus
1601 625 1904 698 inscriptio
1929 643 2081 683 anno

439 713 512 770 ab
542 713 942 770 incarnatione
971 711 1201 768 Domini
1235 731 1547 781 mcxxxvm,
1597 715 1914 772 indictione
1963 717 2081 789 pri-

439 819 556 859 ma.

1097 911 1314 967 LXXIII
1346 913 1433 967 ⁷⁷⁸.

440 1017 816 1060 ΡῐιινιιεοιυΜ
846 1015 1095 1066 ηοαεκιι,
1131 1017 1520 1057 RAMATHENSIS
1543 1019 1817 1072 EPISCOPI,
1843 1021 1914 1059 DE
1934 1021 2084 1060 DONO

512 1091 579 1129 ET
631 1087 1014 1128 CONCBSSIONE
1061 1089 1342 1128 CASALIUM
1385 1090 1689 1130 CAPHARUT
1735 1092 1802 1130 ET
1845 1092 1974 1132 (ΠΤΙῖ
2021 1095 2087 1134 ET

510 1161 882 1201 KEFRESCILTA
914 1160 979 1199 ET
1011 1160 1335 1200 PORPHILIA.
1855 1207 1862 1216 ι

512 1252 575 1307 In
609 1249 845 1306 nomine
870 1254 1067 1305 sancte
1089 1255 1144 1305 et
1174 1251 1471 1308 individue
1493 1253 1795 1309 Trinitati
1821 1254 2006 1312 Patris
2028 1261 2085 1314 et

443 1339 572 1398 Filii
604 1344 661 1396 et
689 1340 945 1412 Spiritus
977 1339 1194 1406 Sancti,
1230 1357 1422 1396 amen.

513 1430 862 1502 Liquetesse
875 1429 1526 1503 concedendum,liquet
1545 1449 1674 1490 esse
1696 1439 1887 1491 ratum
1910 1441 2086 1508 atque

442 1521 681 1577 ﬁrmum
711 1518 806 1574 cui
837 1517 1033 1591 plures
1062 1522 1118 1574 et
1147 1517 1391 1592 legitimi
1410 1524 1588 1579 testes
1619 1523 1821 1580 auditu
1839 1525 2088 1599 visuque

443 1609 912 1684 peribere[n]t715
956 1608 1379 1666 testimonium.
1437 1615 1556 1668 Hac
1608 1617 1806 1670 autem
1865 1616 2088 1672 ratione

444 1699 810 1774 procedente,
843 1696 1138 1771 simulque
1159 1715 1293 1754 cum
1319 1699 1670 1759 inviolabilis
1692 1704 1946 1778 episcopi
1972 1723 2091 1762 ma-

446 1791 581 1844 neat
609 1787 919 1844 sententia.
953 1803 1065 1859 que
1087 1786 1428 1844 clericorum
1463 1807 1704 1848 suorum
1728 1798 1785 1849 et
1817 1797 2090 1851 cannoni-
2122 1826 2170 1890 Β

446 1893 649 1935 eorum
678 1877 746 1912 ⁷⁷⁸
776 1877 1158 1934 conﬁrmatur
1177 1879 1488 1950 presentia,
1520 1897 1626 1953 ego
1658 1881 2095 1957 Rogerius,pro-

445 1966 682 2024 vidente
727 1966 844 2022 Deo
906 1966 1318 2023 Ramathensis
1367 1969 1698 2043 episcopus,
1756 1973 1999 2030 consilio
2039 1979 2096 2031 et

449 2070 698 2111 assensu
719 2053 910 2109 tocius
944 2053 1182 2126 capituli
1216 2055 1412 2111 Sancti
1434 2057 1662 2131 Georgi,
1698 2059 1924 2116 Itadulﬁ
1944 2061 2095 2119 vide-

447 2143 602 2212 licet,
634 2147 775 2198 tunc
801 2143 1082 2216 temporis
1132 2143 1547 2214 archidiaconi,
1600 2147 1968 2222 aliorumque
1999 2169 2092 2207 ca-

449 2232 979 2304 nonicorum,quod
1010 2232 1143 2287 dedi
1170 2237 1226 2287 et
1264 2234 1599 2290 conﬁrmavi
1630 2237 1870 2295 ecclesie
1902 2241 2096 2296 Domi-

450 2322 566 2378 nici
597 2319 883 2394 Sepulcri,
916 2321 1154 2377 domino
1185 2321 1450 2379 videlicet
1481 2325 1770 2383 Willelmo
1802 2329 1979 2401 priori
2003 2348 2093 2387 ce-

447 2409 708 2481 terisque
736 2409 934 2464 Sancti
957 2409 1219 2482 Sepulcri
1241 2411 1538 2469 canonicis
1557 2419 1615 2469 et
1644 2415 1768 2471 suis
1800 2433 2094 2474 successo-

454 2498 640 2568 ribus,
675 2498 926 2554 concedo
957 2503 1013 2554 et
1041 2499 1323 2555 conﬁrmo
1353 2501 1542 2558 eidem
1591 2504 1956 2562 Sanctissimi
1993 2509 2091 2565 Se-

453 2587 642 2662 pulcri
671 2586 930 2643 ecclesie.
964 2587 1201 2644 domino
1240 2589 1459 2646 scilicet
1507 2592 1672 2649 Petro
1718 2596 1897 2666 priori
1937 2603 2093 2655 cete-

452 2677 652 2750 risque
681 2675 1092 2750 gloriosissimi
1118 2679 1380 2752 Sepulcri
1412 2683 1708 2740 canonicis
1739 2690 1796 2741 et
1824 2687 1948 2743 suis
1971 2706 2096 2745 suc-

452 2765 805 2834 cessoribus,
837 2765 953 2822 duo
984 2766 1203 2823 casalia
1222 2785 1289 2824 ex
1311 2769 1544 2842 propria
1565 2775 1934 2844 possessione
1957 2778 2097 2834 San-

451 2855 529 2913 eti
563 2855 792 2928 Georgii
851 2871 986 2911 cum
1044 2856 1319 2914 omnibus
1373 2861 1734 2932 appendiciis
1792 2867 1916 2921 suis
1968 2868 2096 2938 jure

451 2943 802 3002 hereditario
824 2944 884 3000 in
907 2949 1252 3018 perpetuum
1277 2949 1670 3020 possidenda;
1704 2952 1913 3011 horum
1938 2973 2097 3013 casa-

450 3033 599 3093 lium
649 3033 810 3090 aliud
859 3035 1099 3107 quidem
1147 3036 1502 3110 Capharuth,
1543 3040 1700 3097 aliud
1745 3060 1878 3100 vero
1908 3045 2001 3102 Git
2028 3049 2096 3082 7”

450 3128 728 3192 vocatur;
761 3123 869 3180 hec
900 3128 1092 3181 autem
1124 3126 1339 3182 casalia
1369 3129 1628 3200 pradicte
1671 3131 1957 3190 Dominici
1989 3137 2089 3193 Se-

449 3211 640 3288 pulcri
669 3212 910 3270 ecclesie
941 3215 1201 3271 concessi
1233 3216 1292 3270 in
1323 3219 1617 3289 presentia
1657 3221 1878 3279 domini
1911 3225 2093 3282 Guar-

450 3301 658 3358 mundi
687 3302 1014 3375 patriarche
1045 3320 1110 3360 eo
1142 3304 1269 3376 ipso
1315 3305 1612 3364 laudante.
1664 3310 1929 3370 Preterea
1957 3332 2092 3371 cum

445 3389 616 3448 liceat
638 3391 878 3448 ecclesie
899 3393 1212 3448 venerabili
1236 3411 1369 3451 cum
1393 3395 1830 3456 aliavenerabili
1850 3403 2095 3461 ecclesia

446 3497 640 3537 rerum
675 3481 853 3536 etiam
902 3481 1320 3549 immobilium,
1361 3487 1710 3545 concedente
1741 3491 2091 3562 patriarcha,

449 3569 498 3626 si
529 3569 798 3641 partibus
830 3571 1118 3626 ambabus
1140 3571 1347 3643 placet,
1373 3578 1861 3646 permutationem
1883 3581 2089 3651 facere,

446 3658 586 3714 item
619 3657 865 3714 consilio
895 3663 952 3714 et
973 3675 1218 3716 assensu
1247 3661 1427 3719 totius
1449 3665 1688 3737 capituli
1707 3669 1902 3726 Sancti
1925 3671 2095 3727 Geor-

446 3745 548 3820 gii,
577 3746 728 3802 dono
756 3751 816 3802 et
844 3748 1126 3804 conﬁrmo
1167 3751 1388 3822 prefate
1443 3753 1684 3812 ecclesie
1725 3758 2093 3816 Sanctissimi

447 3833 734 3908 Sepulcri,
769 3835 1006 3892 domino
1035 3837 1304 3894 videlicet
1335 3841 1500 3898 Petro
1544 3843 1720 3915 priori
1769 3847 2093 3921 ceterisque

446 3923 745 3980 canonicis
769 3924 963 3981 Sancti
993 3926 1255 3998 Sepulcri
1278 3933 1335 3986 et
1355 3930 1480 3986 suis
1501 3936 1962 4004 successoribus,
1977 3939 2093 3995 duo

446 4011 562 4070 alia
590 4011 826 4082 casalia,
860 4013 1204 4072 Kefrescilta
1231 4021 1288 4073 et
1328 4019 1708 4092 Porphiliam,
1759 4040 1827 4078 ex
1858 4026 2096 4098 propria

447 4101 819 4175 possessione
847 4102 1047 4160 Sancti
1075 4106 1280 4180 Georgi
1322 4125 1456 4164 cum
1505 4111 1782 4169 omnibus
1812 4115 2093 4186 appendi-

445 4189 556 4246 eiis
575 4189 720 4257 suis,
735 4194 791 4248 et
807 4191 1178 4250 medietatem
1193 4195 1553 4254 decimarum
1569 4200 1850 4257 messium
1869 4219 2097 4261 eorum-

446 4277 579 4335 dem
615 4278 898 4336 casalium
929 4286 986 4337 et
1015 4287 1197 4339 totam
1245 4286 1533 4343 decimam
1587 4288 1838 4347 aliarum
1896 4309 2092 4350 rerum

445 4369 731 4439 omnium,
774 4371 962 4428 eidem
995 4374 1350 4432 conﬁrmans
1381 4377 1623 4435 ecclesie
1641 4381 1901 4452 predicta
1930 4400 2094 4440 casa-

444 4456 546 4526 lia,
579 4459 877 4532 Capharut
905 4462 972 4497 ⁷ί⁸
999 4465 1055 4517 et
1085 4463 1240 4533 Gith,
1267 4482 1400 4522 cum
1425 4467 1700 4525 omnibus
1731 4472 2094 4544 appendiciis

2189 536 2517 608 existentia,
2559 555 2673 610 que
2723 537 3032 593 utilitatem
3093 535 3337 594 ecclesie
3395 555 3509 594 non
3569 545 3842 613 gravant,

2190 626 2372 683 immo
2403 644 2514 700 que
2538 628 2794 699 predicta
2819 626 3151 682 conditione
3173 627 3310 682 data
3332 633 3605 699 prosunt,
3629 628 3768 684 dcdi
3790 635 3849 686 et

2191 717 2451 772 concessi
2484 718 2542 773 in
2569 717 2863 790 presentia
2900 716 3124 772 domini
3169 715 3444 774 Willelmi
3487 718 3844 789 patriarche,

2192 822 2258 862 eo
2289 805 2416 878 ipso
2448 805 2742 876 laudante,
2767 805 2866 861 tali
2889 806 3126 878 quidem
3151 806 3324 861 modo
3346 823 3418 862 ne
3440 805 3571 879 quis
3593 806 3847 864 ulterius

2193 913 2598 953 successorum
2632 913 2896 952 meorum
2928 895 2987 950 in
3009 895 3139 969 ipsa
3168 895 3416 952 ecclesia
3445 897 3642 952 Sancti
3674 899 3851 953 Geor-

2192 984 2272 1058 gii
2295 985 2841 1041 substituendorum
2864 983 3260 1054 calumpniam
3287 982 3542 1054 aliquam
3565 983 3707 1038 inde
3730 1001 3848 1040 mo-

2191 1077 2341 1138 veat,
2369 1073 2529 1128 salva
2559 1077 2754 1128 tamen
2787 1071 3213 1128 christianitate
3244 1075 3301 1126 et
3345 1070 3657 1126 medietate
3691 1071 3846 1127 deci-

2195 1177 2425 1218 marum
2459 1163 2766 1230 messium,
2798 1178 2910 1234 que
2942 1161 3014 1217 ad
3047 1177 3145 1216 eos
3175 1160 3447 1232 pertinet.

2266 1253 2509 1308 Factum
2539 1256 2630 1308 est
2660 1251 2767 1308 hoc
2799 1252 3022 1306 donutn
3055 1266 3207 1306 anno
3265 1249 3689 1305 incarnationis
3733 1249 3846 1305 Do-

2195 1339 2338 1396 mini
2372 1357 2642 1409 mcxxxw,
2677 1341 2995 1396 indictione
3024 1357 3139 1407 XIV,
3184 1337 3451 1395 kalendis
3483 1339 3844 1395 novembris.

2195 1434 2474 1504 regnante
2506 1431 2565 1485 in
2599 1429 2957 1486 lherusalem
2991 1427 3262 1499 Fulcone,
3317 1429 3676 1485 Francorum
3713 1445 3848 1502 rege

2196 1519 2394 1576 tercio.
2428 1520 2616 1590 Hujus
2645 1536 2777 1576 vero
2800 1517 2937 1574 doni
2967 1517 3215 1592 legitimi
3247 1521 3430 1573 testes
3460 1522 3603 1573 sunt
3630 1535 3643 1573 :

2338 1609 2671 1675 Anselmus,
2703 1609 3013 1681 episcopus
3035 1606 3352 1664 Bethleem.
3388 1607 3698 1674 Iohannes,
3723 1607 3851 1681 epi-

2412 1715 2624 1770 scopus
2653 1697 2885 1753 Acchon
2917 1699 3003 1752 ⁷¹⁹.
3051 1697 3378 1763 Achardus,
3428 1696 3588 1769 prior
3616 1697 3850 1771 Templi

2412 1786 2664 1844 Domini.
2704 1785 3016 1854 Arnaldus,
3049 1785 3208 1858 prior
3237 1785 3453 1842 Montis
3491 1786 3666 1859 Syon.
3697 1787 3852 1843 Hen-

2417 1878 2594 1944 ricus,
2647 1876 2806 1948 prior
2861 1874 3075 1931 Montis
3115 1873 3342 1931 Oliveti.
3405 1874 3614 1944 Guido,
3654 1875 3850 1932 Sancti

2412 1966 2642 2022 Abrahe
2672 1966 2830 2038 prior
2858 1966 2944 2019 ⁷²⁰.

2272 2059 2341 2112 Et
2369 2057 2440 2112 de
2470 2054 2723 2128 capitulo
2757 2055 2954 2111 Sancti
2981 2053 3210 2128 Georgii
3246 2072 3259 2110 :

2342 2145 2675 2201 Willelmus
2734 2143 3070 2200 Thuroldo.
3129 2145 3440 2200 Iordanus.
3502 2144 3847 2201 Balduinus.

2415 2236 2600 2308 Hugo,
2634 2239 2691 2289 et
2721 2232 3103 2306 quamplures
3135 2233 3256 2289 alii.

2273 2325 2333 2381 Si
2361 2325 2495 2398 quis
2527 2323 2708 2398 igitur
2728 2323 2906 2378 huius
2928 2322 3062 2378 doni
3088 2321 3271 2378 nostri
3290 2322 3733 2379 concessionem
3767 2327 3853 2380 at-

2202 2431 2314 2486 que
2345 2412 2568 2469 domini
2613 2411 2939 2485 patriarche
2995 2428 3308 2468 assensum
3351 2417 3408 2468 et
3453 2413 3854 2469 conﬁrmatio.

2201 2519 2336 2558 nem
2368 2502 2580 2558 violare
2609 2501 3006 2574 temptaverit,
3037 2501 3429 2557 anathematis
3459 2501 3656 2574 gladio
3690 2502 3857 2558 feria-

2201 2596 2317 2660 tur,
2353 2592 2543 2664 quoad
2593 2607 2779 2664 usque
2828 2588 3139 2663 resipuerit
3183 2595 3240 2645 et
3289 2589 3654 2646 satisfecerit.
3707 2590 3851 2660 Fiat,

2203 2683 2322 2750 ﬁat,
2353 2699 2546 2753 amen,
2579 2696 2745 2737 amen
2758 2723 2770 2735 .

2865 2768 3080 2824 LXXIV
3108 2769 3192 2824 ⁷³⁷.

2205 2877 2572 2918 PRIVILEGIUM
2596 2877 2883 2915 \VILLELMI
2907 2875 2979 2913 DE
2997 2874 3163 2915 BURIS
3185 2876 3253 2914 ΒΕ
3277 2875 3420 2914 DONO
3438 2875 3668 2916 DUOBUM
3693 2876 3856 2916 ΒΔΕΛ-

2242 2949 2398 3001 LIUM,
2432 2933 2696 2989 causam
2734 2949 2799 2986 ετ
2821 2931 3147 2998 namnam,
3175 2947 3242 2986 ΕΤ
3269 2947 3338 2985 ns
3360 2947 3505 2987 DONO
3537 2948 3816 2988 PISCARIE.

2274 3043 2440 3096 Anno
2467 3041 2538 3096 ab
2564 3038 2961 3095 incarnatione
3000 3037 3232 3094 Domini
3283 3055 3538 3104 mcxxxu,
3573 3037 3855 3096 indictio-

2205 3147 2276 3186 ne
2303 3148 2360 3196 x,
2391 3128 2685 3184 Willelmo
2718 3127 3049 3200 patriarcha
3081 3125 3580 3183 Iherosolimitane
3611 3127 3856 3184 ecclesie

2207 3217 2816 3293 presidente,Fulcone
2839 3233 2972 3288 rege
2986 3218 3338 3272 Francorum
3354 3215 3534 3272 tcrcio
3547 3222 3857 3290 regnante,

2204 3326 2310 3383 ego
2339 3307 2675 3364 Willelmus
2705 3308 2775 3362 de
2805 3306 2976 3361 Buris
3007 3323 3110 3378 pro
3162 3305 3352 3360 salute
3400 3304 3596 3361 anime
3643 3323 3776 3362 mee
3805 3312 3860 3363 et

2203 3403 2512 3473 parentum
2543 3413 2806 3452 meorum
2829 3394 3071 3451 ecclesie
3100 3395 3469 3450 Sanctissimi
3502 3395 3774 3467 Sepulcri
3805 3401 3858 3452 et

2203 3488 2500 3544 canonicis
2569 3485 2785 3541 ibidem
2840 3484 3186 3558 regulariter
3269 3486 3381 3540 Deo
3439 3484 3854 3550 servientibus,

2203 3595 2446 3634 assensu
2480 3581 2536 3632 ct
2565 3574 2944 3631 ooncessione
2982 3573 3306 3646 supradicti
3362 3571 3516 3646 regis
3570 3579 3855 3646 nepotum

2203 3683 2488 3732 meorum,
2526 3663 2777 3720 Radulﬁi
2811 3664 2881 3720 de
2909 3662 3045 3719 Ysis
3085 3667 3143 3719 et
3202 3661 3458 3719 Simonis
3488 3663 3578 3728 7",
3613 3663 3773 3720 dono
3803 3669 3857 3720 et

2202 3758 2454 3814 concedo
2483 3757 2598 3812 duo
2633 3754 2870 3820 casalia,
2904 3753 3173 3809 videlicet
3203 3751 3387 3809 Gebul
3442 3757 3498 3808 et
3528 3751 3770 3821 Helkar,
3801 3759 3856 3810 et

2203 3863 2436 3904 omnem
2461 3849 2674 3900 terram
2696 3861 2808 3916 que
2833 3845 2903 3899 ad
2928 3860 2995 3898 ea
3016 3842 3285 3915 pertinet,
3320 3841 3500 3898 libere
3543 3846 3603 3898 et
3647 3860 3856 3916 perpe-

2202 3942 2302 3992 tuo
2326 3937 2460 4008 jure
2495 3933 2866 4006 possidenda.
2892 3933 3080 4003 Hujus
3101 3935 3296 3988 autem
3319 3936 3470 3987 tcrre
3491 3929 3804 4005 longitudo
3827 3949 3860 3988 a

2205 4024 2500 4082 montanis
2533 4041 2635 4096 per
2663 4023 2904 4095 planum
2940 4037 3127 4092 usque
3157 4021 3230 4076 ad
3281 4019 3586 4076 lordanem
3617 4019 3857 4095 elonga-

2203 4119 2300 4171 tur
2327 4115 2432 4181 "5;
2473 4112 2719 4168 latitudo
2750 4129 2882 4166 vero
2915 4128 2949 4165 a
2979 4109 3262 4166 divisione
3292 4109 3546 4166 Bethsan
3590 4113 3649 4164 et
3681 4111 3860 4166 Tibe-

2203 4202 2384 4260 riadis
2413 4204 2480 4238 ⁷⁵⁸
2512 4217 2697 4274 usque
2727 4201 2797 4256 ad
2831 4216 3053 4266 cavam,
3086 4215 3201 4272 que
3231 4203 3321 4254 est
3351 4197 3619 4271 proxima
3649 4199 3858 4267 casali,

2203 4293 2358 4366 quod
2382 4290 2598 4347 dicitur
2617 4289 2898 4355 Huxenia,
2923 4287 3270 4358 extenditur,
3299 4291 3356 4344 et
3381 4287 3549 4343 docet
3569 4291 3629 4343 et
3651 4287 3864 4361 dirigit

2204 4379 2574 4439 rectitudinis
2599 4379 2815 4434 lineam
2841 4379 2910 4433 ad
2935 4377 3197 4450 predicta
3219 4380 3498 4432 montana
3517 4375 3862 4450 ﬂumenque

2202 4472 2516 4546 prefatum.
2560 4471 2804 4541 Insuper
2835 4467 3131 4536 [etiam]"7
3164 4482 3369 4522 omnes
3402 4465 3711 4537 piscarias,
3747 4482 3860 4539 que

443 4546 570 4605 suis
590 4552 647 4604 et
665 4549 1037 4607 medietatem
1061 4553 1422 4611 decimarum
1447 4557 1730 4614 messium
1754 4563 2093 4620 eorumdem
2125 4564 2170 4630 D
2201 4561 2273 4616 ad
2301 4578 2394 4616 me
2425 4557 2734 4633 pertinent,
2770 4574 2873 4630 per
2909 4559 3037 4612 octo
3086 4555 3212 4610 dies
3258 4553 3500 4628 prefatis
3555 4554 3860 4611 canonicis

445 4636 730 4694 casalium
777 4642 1082 4712 totamque
1121 4641 1409 4698 decimam
1449 4644 1698 4701 aliarum
1743 4665 1936 4706 rerum
1967 4668 2093 4708 om-

445 4723 608 4781 nium
627 4743 641 4795 ;
660 4725 760 4782 tali
780 4728 1018 4800 quidem
1038 4729 1368 4788 conditione
1397 4738 1464 4790 ut
1493 4736 1792 4806 predictus
1819 4739 2095 4797 dominus

445 4813 649 4871 Petrus
663 4815 824 4888 prior
838 4817 1129 4890 ceterique
1142 4820 2096 4898 canoniciSanctiSepulcridonent

445 4903 766 4990 concedant
797 4908 974 4976 atque
996 4906 1344 4963 conﬁrment
1363 4911 1603 4967 ecclesie
1621 4914 1816 4970 Sancti
1840 4917 2089 4990 Georgii,

448 4989 592 5046 mihi
615 4990 838 5048 scilicet
860 4993 1120 5066 meisque
1145 4999 1584 5057 successoribus
1611 5007 1666 5057 et
1686 5005 1902 5060 nostris
1923 4989 2094 5063 cano-

444 5078 614 5147 nicis,
655 5080 915 5138 decimas
947 5083 1169 5152 castelli
1198 5087 1438 5143 Arualdi
1478 5094 1535 5144 et
1573 5091 1830 5149 decimas
1879 5096 2092 5153 casalis

444 5167 780 5240 Hospitalis,
813 5171 1052 5228 nomine
1098 5172 1332 5248 Bulbul,
1391 5177 1450 5233 in
1499 5186 1847 5252 perpetuum
1896 5185 2091 5256 possi-

505 5397 580 5484 7‘:
609 5401 685 5484 8,.
701 5400 1047 5484 alii-£1141“.
1080 5405 1148 5440 ⁷¹³
1186 5411 1250 5484 Β,
1290 5417 1370 5484 est
1393 5419 1593 5466 autem.
1636 5413 1705 5448 7“
1744 5415 1808 5476 A.
1852 5416 1897 5470 f0
1933 5417 2024 5484 68,
2065 5429 2123 5471 v°

433 5467 499 5555 ῖξτ
540 5467 896 5555 9,,θςιιι;λ“ίξ
915 5467 1362 5555 camaramjn
1420 5487 1481 5548 Β,
1525 5467 1935 5555 Αενιοηξὲὶίη,

2202 4649 2596 4706 confratribus
2623 4646 2769 4702 meis
2800 4643 3023 4701 solutas
3053 4648 3112 4699 et
3143 4643 3372 4716 quietas
3405 4644 3463 4698 in
3495 4659 3860 4717 unoquoque

2204 4755 2357 4795 anno
2386 4737 2687 4793 habendas
2727 4734 3002 4804 attribuo,
3053 4733 3277 4790 scilicet
3323 4751 3358 4789 a
3405 4732 3860 4806 Septuagesima

2205 4844 2390 4900 usque
2423 4827 2480 4881 in
2503 4824 2744 4892 Pascha,
2768 4824 2828 4879 in
2851 4838 3222 4896 quacumque
3242 4822 3568 4878 ebdomada
3590 4822 3860 4894 accipere

2201 4915 2524 4983 voluerint;
2550 4914 2630 4970 ita
2660 4919 2855 4969 tamen
2888 4913 3064 4986 quod,
3099 4911 3148 4967 si
3178 4911 3238 4967 in
3271 4911 3387 4966 hiis
3417 4912 3483 4946 ⁷³⁸
3515 4910 3752 4979 diebus,
3799 4911 3860 4966 in

2202 5006 2418 5078 quibus
2444 5005 2654 5078 piscari
2682 5003 3021 5074 inceperint,
3055 5018 3215 5056 mare
3236 5001 3536 5056 turbatum
3560 4999 3742 5054 fuerit
3765 5016 3860 5056 nc-

2201 5112 2314 5168 que
2347 5112 2449 5167 pro
2479 5093 2625 5150 velle
2657 5110 2764 5149 suo
2795 5091 3007 5165 piscari
3028 5089 3340 5156 valuerint,
3366 5089 3425 5144 in
3448 5087 3598 5153 aliis,
3634 5088 3857 5161 quibus

2199 5185 2500 5258 elegerint,
2518 5183 2602 5240 eis
2633 5181 3001 5257 persolvatur
3019 5183 3077 5236 et
3097 5181 3596 5251 recompensetur.
3615 5177 3856 5234 Necnon

2150 5435 2163 5484 ;
2211 5421 2272 5483 Β,
2308 5416 2352 5470 Γο
2387 5418 2479 5482 77,
2521 5433 2597 5482 vo,
2643 5416 2709 5450 ⁷⁷⁵
2751 5417 2812 5478 Β,
2860 5411 3190 5484 perhiberet,
3221 5411 3289 5445 ⁷⁸⁵
3329 5407 3845 5484 ΒηεαθξρηίεονιυῃΣ

1992 5479 2089 5558 hri

2220 5479 2397 5544 Sancti
2451 5479 2686 5552 Ᾰὸνάιιε,
2719 5479 3112 5558 πιλίςιξδρ,
3163 5485 3375 5558 ιδῃ-ιζ,
3403 5479 3450 5534 ro
3495 5479 3614 5558 79ζ
3645 5489 3749 5558 r3.“
3781 5480 3850 5558 in

438 5540 720 5628 Dicebat.
763 5545 830 5579 ⁷³³
862 5550 922 5615 Β,
964 5540 1176 5605 Helcar.
1237 5552 1304 5587 ⁷²⁴
1341 5557 1404 5621 Β,
1455 5540 1727 5625 Symonis.
1762 5559 1829 5594 ⁷³⁵
1861 5540 2089 5627 Βξεῖὸᾶιξς

2220 5540 2421 5614 itii-tit”
2454 5540 2513 5626 Β,
2534 5540 2538 5541 ί
2561 5540 2915 5628 Τῃὺὲνίαάὶδί
2939 5555 3004 5591 ⁷²⁷
3037 5540 3292 5625 Βὺρρὶὲά
3321 5540 3550 5622 (Γειιρι-ἐω
3575 5540 3645 5624 Β,
3680 5551 3750 5587 ⁷³⁸
3781 5555 3840 5606 Β.

441 5609 549 5668 his.
