3994 6070
152 337 317 401 1173

1139 336 1638 401 CARTULAIRE
1681 335 1788 399 DU
1833 335 2068 400 SAINT
2111 337 2537 403 SEPULCBE.

3401 334 3557 400 1174

152 476 342 529 totam
374 469 673 545 angariam
709 475 766 526 et
796 469 1082 527 auxilium
1132 469 1397 527 omnium
1447 470 1803 543 piscatorum
1833 470 1887 537 Α
1917 471 2146 527 debent.
2181 471 2255 528 Ut
2282 476 2477 528 autem
2508 472 2616 527 hoc
2646 470 2803 527 omni
2834 474 3095 544 tempore
3127 472 3317 527 ratum
3356 467 3558 525 incon-

153 578 423 618 meorum
456 578 558 634 per
586 577 772 616 unum
804 561 959 616 diem
993 561 1136 633 ipsis
1176 560 1481 616 annuatim
1532 559 1804 615 concedo.

155 650 427 706 Preterea
458 653 523 704 ut
554 666 760 705 navem
791 666 970 705 unam
993 648 1053 703 in
1074 651 1223 705 mari
1247 648 1464 706 Galilee
1487 649 1557 703 ad
1582 648 1810 720 piscan-

155 740 299 795 dum
332 739 569 794 assidue
599 738 856 794 habeant
885 739 971 794 eis
1001 738 1271 794 similiter
1299 738 1665 809 dono.Hujus
1701 736 1807 791 ita-

153 845 270 901 que
301 827 635 883 donationis
665 832 846 883 testes
879 832 1055 883 sunt:

298 917 563 972 Domnus
589 915 946 983 Willelmus,
978 916 1309 989 patriarcha
1329 920 1385 972 et
1415 915 1584 971 Fulco
1608 932 1811 988 supra-

371 1006 583 1075 dictus,
618 1022 733 1061 rex.
759 1005 1108 1070 Willelmus,
1131 1006 1608 1078 archiepiscopus
1636 1004 1811 1059 Naza-

370 1113 569 1152 renus.
601 1096 933 1164 Anselmus,
966 1097 1277 1169 episcopus
1331 1094 1645 1151 Bethleem.
1706 1095 1807 1150 Pe—

371 1189 520 1253 trus,
555 1184 715 1258 prior
744 1185 941 1241 Sancti
981 1184 1266 1258 Sepulcri.
1295 1184 1617 1252 Achardus,
1653 1184 1810 1254 prior

372 1274 621 1347 Templi.
647 1274 961 1341 Arnaldus,
994 1274 1153 1347 prior
1183 1274 1395 1330 Montis
1426 1274 1600 1347 Syon.

227 1365 309 1421 De
340 1364 726 1421 Tiberiadem
737 1381 870 1420 vero
891 1364 1135 1437 eiusque
1156 1364 1408 1419 conﬁnio
1430 1367 1607 1419 testes
1629 1367 1768 1418 sunt
1791 1380 1804 1417 :

302 1453 615 1522 Goffridus,
648 1453 986 1527 capellanus
1016 1452 1345 1510 Tiberiadis
1373 1454 1459 1507 πο.
1495 1452 1697 1518 Guala,
1724 1452 1807 1507 vi-

376 1560 659 1600 cecomes.
692 1545 1133 1600 Guarmundus.
1166 1544 1434 1616 Paganus
1486 1544 1557 1599 de
1615 1544 1809 1599 Monte

374 1632 595 1707 Regali.
632 1633 930 1706 Mangoth.
966 1632 1169 1688 Ricolt‘.
1204 1633 1369 1705 Hugo
1399 1633 1470 1688 de
1500 1631 1804 1688 Badalone.

374 1722 632 1780 Thomas
662 1723 732 1778 de
763 1722 1033 1778 Bethsan.

231 1813 305 1869 Ut
334 1816 530 1869 autem
563 1810 967 1885 supradictum
997 1812 1214 1867 donum
1251 1812 1486 1867 ﬁrmum
1512 1809 1806 1885 sit,sigillo
1839 1848 1885 1912 Β

157 1918 292 1958 meo
324 1906 655 1974 presentem
687 1906 908 1958 cartam
943 1902 1242 1957 conﬁrmo.

230 1992 350 2065 Ego
382 1990 577 2059 Fulco,
612 2007 714 2063 per
738 1991 838 2046 Dei
872 1991 1121 2064 gratiam
1162 2008 1260 2047 rex
1311 1989 1689 2059 Iherusalem,
1725 1990 1808 2046 si-

158 2080 302 2155 gillo
333 2097 461 2137 meo
494 2079 831 2153 supradicta
860 2081 1012 2136 dona
1038 2080 1339 2136 conﬁrmo.

824 2186 1019 2242 LXXV
1056 2188 1120 2222 ⁷³¹
1132 2231 1144 2242 .

159 2292 534 2333 PRIVILEGIUM
574 2292 911 2342 summum,
954 2293 1149 2332 MILITE
1174 2277 1243 2311 73’
1269 2293 1477 2330 TEMPLI
1518 2291 1804 2343 MAGISTRI,

228 2366 303 2405 ns
340 2364 683 2403 nemssrous
720 2364 788 2402 cr.
826 2348 1307 2415 msamroaumm,
1327 2364 1472 2410 QUOS
1506 2362 1609 2402 IAM
1649 2364 1811 2403 mare

232 2436 447 2476 MILICIE
486 2435 778 2475 ANNUATIM
819 2436 1178 2474 PERSOLVERE
1217 2435 1572 2474 SOLEBAMUS.

232 2528 298 2582 In
329 2526 565 2582 nomine
597 2530 793 2582 sancte
819 2530 875 2582 et
901 2525 1201 2581 individue
1222 2525 1525 2581 Trinitatis
1548 2524 1731 2581 Patris
1754 2529 1810 2582 et

161 2614 292 2670 Filii
323 2618 380 2670 et
403 2614 657 2687 Spiritus
688 2615 906 2681 Sancti,
941 2632 1130 2670 amen.

230 2704 446 2760 Notum
478 2704 555 2759 sit
585 2703 881 2769 omnibus,
913 2708 1031 2759 tam
1069 2704 1282 2759 futuris
1305 2721 1481 2776 quam
1512 2705 1810 2777 praesenti-

158 2794 454 2865 bus,quod
490 2810 594 2867 ego
627 2793 1115 2865 Bertrandus,per
1136 2793 1233 2849 Dei
1259 2793 1507 2866 gratiam
1530 2794 1811 2866 magister

158 2882 370 2938 militie
399 2880 647 2953 Templi,
682 2882 982 2937 communi
1031 2899 1276 2938 assensu
1309 2888 1363 2938 et
1394 2883 1691 2939 voluntate
1724 2887 1808 2939 to-

158 2971 285 3028 cius
317 2971 501 3027 nostri
533 2970 768 3043 capituli
781 3013 792 3033 ,
823 2970 1122 3038 Nicholao,
1158 2971 1361 3027 eadem
1391 2972 1577 3044 gratia
1619 2972 1808 3029 Domi-

159 3060 274 3116 nici
300 3059 563 3132 Sepulcri
594 3060 791 3133 priori,
825 3064 882 3115 et
911 3060 1181 3117 universo
1210 3060 1623 3116 canonicorum
1655 3063 1808 3118 eius-

157 3150 291 3206 dem
334 3147 599 3221 Sepulcri
647 3148 902 3221 capitulo
947 3149 1301 3206 dimittimus
1332 3152 1399 3185 73‘
1428 3155 1484 3206 et
1513 3151 1570 3205 in
1606 3169 1807 3223 perpe-

158 3243 331 3295 tuum
365 3217 544 3294 libere
574 3242 631 3293 et
660 3217 855 3310 quiete
885 3239 1216 3295 habendum
1248 3217 1625 3296 concedimus
1644 3217 1813 3296 cubi-
1842 3217 1883 3282 Ο

159 3330 569 3399 zancios,quos
599 3328 669 3383 ad
704 3328 1191 3383 sustentationem
1224 3333 1481 3384 nostram
1508 3330 1812 3385 annuatim

162 3416 589 3489 persolvebant.
623 3417 781 3471 Hanc
814 3421 1012 3472 autem
1046 3416 1454 3473 dimissionem
1487 3423 1544 3473 et
1574 3436 1814 3476 conces-

163 3506 392 3563 sionem
413 3504 532 3561 illis
554 3505 800 3561 facimus
823 3523 927 3578 pro
949 3505 1136 3562 tribus
1161 3506 1454 3562 easalibus
1477 3524 1610 3562 cum
1633 3508 1817 3563 omni-

167 3595 280 3650 bus
312 3594 680 3667 pertinentiis
714 3593 837 3649 suis
859 3593 1057 3649 tamin
1081 3594 1250 3650 terris
1272 3612 1450 3667 quam
1471 3594 1530 3650 in
1555 3597 1813 3666 rusticis;

169 3683 218 3739 si
251 3700 400 3755 quos
433 3683 608 3738 etiam
640 3683 891 3739 rusticos
923 3684 994 3739 ad
1037 3683 1151 3738 ista
1199 3683 1414 3739 casalia
1461 3685 1817 3756 pertinentes

168 3770 385 3827 alicubi
415 3772 723 3844 adquirere
755 3772 1275 3844 poterimus,nobis
1304 3774 1816 3841 concedunt,exce-

169 3860 286 3932 ptis
316 3860 435 3916 illis
467 3860 702 3918 rusticis
723 3862 813 3928 ⁷³⁵,
837 3878 986 3933 quos
1018 3862 1236 3917 habent
1264 3861 1323 3916 in
1358 3863 1650 3920 easalibus
1671 3865 1815 3920 suis.

169 3952 430 4016 Quorum
462 3949 745 4007 casalium
777 3950 890 4006 ista
918 3955 1057 4006 sunt
1086 3950 1326 4007 nomina
1357 3968 1369 4006 :
1406 3952 1659 4023 primum
1684 3953 1821 4008 dici-

168 4042 269 4094 tur
316 4040 527 4106 Bubin,
561 4040 887 4095 secundum
943 4040 1294 4112 Caphardin,
1329 4041 1575 4095 tercium
1636 4041 1818 4098 Betel-

171 4129 371 4185 canzir
396 4128 484 4182 πθ.
518 4129 688 4184 Facto
722 4129 804 4184 sic
836 4129 950 4184 ﬁne
989 4133 1045 4183 et
1092 4129 1403 4184 concordia
1450 4130 1601 4184 inter
1630 4148 1737 4187 nos
1766 4136 1822 4187 et

171 4217 307 4273 illos
338 4218 492 4289 quod
523 4235 625 4288 pro
655 4217 767 4273 hac
796 4217 1128 4285 donatione,
1160 4216 1428 4273 videlicet
1456 4219 1636 4274 trium
1667 4237 1823 4277 easa-

173 4306 343 4374 lium,
378 4322 491 4379 que
524 4306 691 4362 nobis
723 4305 1322 4378 concedunt,predicti
1355 4324 1423 4362 cr.
1449 4308 1693 4365 bizancii
1718 4327 1823 4366 nec

174 4413 279 4469 per
310 4412 414 4450 nos
449 4412 551 4451 nec
584 4412 686 4468 per
717 4412 1083 4452 successores
1128 4399 1359 4451 nostros
1408 4396 1654 4455 ulterius
1702 4400 1824 4455 exi—

174 4489 405 4559 gentur,
441 4485 580 4558 quia
604 4486 671 4520 73"
703 4486 776 4541 ab
807 4485 917 4542 hac
947 4486 1249 4541 exactione
1296 4484 1540 4541 ecclesia
1587 4488 1824 4559 gloriosi

1916 562 2268 637 vulsumque
2300 567 2659 635 permaneat,
2693 561 2982 635 presentis
3008 560 3209 633 scripti
3241 558 3559 633 pagina,si-

1917 650 2039 723 gilli
2056 669 2286 724 quoque
2302 652 2481 708 nostri
2506 650 2889 724 impressione
2908 650 3343 706 communimus
3361 653 3417 704 et
3432 667 3564 706 con-

1917 740 2389 812 ﬁrmamus,nam
2420 746 2477 797 et
2510 757 3001 812 eorum,quorum
3036 739 3274 795 nomina
3305 738 3563 795 subscri-

1917 834 2016 902 pta
2046 830 2684 897 sunt,attestationibus
2718 830 3161 885 corroboramus
3197 847 3209 885 :

2058 919 2335 976 Willelmi
2361 919 2645 988 videlicet,
2680 918 3016 975 senescalci.
3049 917 3266 974 Fratris
3297 918 3561 974 Gaufridi

2132 1008 2440 1064 Fulcherii.
2476 1008 2696 1065 Fratris
2727 1008 2949 1063 Thome
2992 1007 3308 1063 llermoini.
3344 1006 3561 1063 Fratris

2130 1097 2461 1172 Berengarii
2492 1099 2562 1152 de
2592 1097 2838 1153 Castello
2872 1097 3287 1152 Perso.Fratris
3326 1094 3563 1152 Galterii

2130 1187 2463 1243 Beritensis.
2502 1187 2722 1243 Fratris
2751 1186 2968 1241 Odonis
2998 1187 3069 1241 de
3116 1185 3389 1241 Avalone.
3425 1185 3561 1241 Fra-

2130 1277 2239 1333 tris
2268 1277 2491 1333 Boneti.
2528 1276 2746 1332 Fratris
2778 1274 3082 1331 Mainardi.
3119 1274 3337 1330 Fratris
3365 1273 3560 1329 Amal-

2131 1366 2233 1421 rici
2293 1367 2363 1422 de
2420 1367 2621 1421 Berno.
2655 1366 2872 1420 Fratris
2934 1363 3218 1432 Gaufridi,
3253 1361 3559 1436 capellani.

2131 1456 2348 1511 Fratris
2392 1454 2688 1519 Iohannis,
2725 1452 3029 1526 capellani.
3064 1452 3282 1509 Fratris
3330 1452 3561 1508 Radulﬁ

2131 1545 2472 1618 Tyberiadis
2502 1546 2589 1599 73°.
2624 1543 2843 1599 Fratris
2890 1541 3151 1614 Hugonis
3183 1543 3253 1597 de
3279 1540 3559 1597 Corbelio.

2132 1634 2348 1690 Fratris
2381 1634 2606 1688 Leonis.
2629 1631 2843 1688 Fratris
2875 1631 3156 1703 Stephani
3190 1632 3260 1686 de
3294 1631 3561 1686 lherusa-

2128 1723 2264 1779 lem.
2300 1722 2516 1778 Fratris
2556 1722 2816 1795 Hugonis
2847 1721 2917 1777 de
2943 1721 3310 1776 Vaudemon.
3344 1719 3563 1776 Fratris

2130 1811 2404 1870 Willelmi
2437 1813 2505 1867 de
2537 1811 2833 1867 Filisteda.
2869 1809 3084 1865 Fratris
3118 1808 3309 1865 Bricii.
3345 1808 3562 1865 Fratris

2135 1900 2484 1974 llysmionis.

1990 1993 2230 2047 Factum
2258 1995 2348 2046 est
2378 1994 2572 2046 autem
2602 1989 2711 2045 hoc
2734 1989 2792 2044 in
2816 1988 3111 2062 presentia
3131 1987 3354 2044 domini
3374 1985 3563 2042 Amal-

1919 2081 2021 2138 rici
2054 2080 2401 2155 patriarche,
2436 2080 2537 2152 qui
2565 2083 2622 2135 et
2650 2078 2776 2151 ipse
2806 2078 2977 2133 testis
3006 2081 3114 2134 est.

2575 2176 2790 2232 LXXVI
2819 2177 2906 2232 πο.

1920 2278 2293 2319 PRIVILEGIUM
2342 2276 2591 2314 EIUSDEM
2642 2276 2713 2313 DE
2759 2273 3139 2312 CONCESSIONE
3200 2272 3561 2311 DECIMARUM.

1990 2353 2054 2408 In
2080 2349 2315 2406 nomine
2346 2352 2544 2405 sancte
2572 2351 2628 2402 et
2649 2346 2948 2401 individue
2969 2344 3273 2401 Trinitatis
3298 2344 3486 2401 Patris
3508 2348 3565 2400 et

1922 2441 2043 2497 Filii
2077 2445 2133 2497 et
2162 2439 2415 2513 Spiritus
2442 2437 2662 2503 Sancti,
2696 2454 2885 2492 amen.

1989 2527 2359 2587 Universitati
2392 2526 2808 2594 omnium,tam
2835 2528 3198 2598 posterorum
3233 2541 3409 2596 quam
3434 2541 3564 2597 pre-

1918 2620 2409 2681 sentium.notum
2432 2616 2557 2671 ﬁeri
2580 2615 2849 2671 volu'nus
2871 2614 3027 2686 quod
3049 2631 3153 2687 ego
3182 2614 3561 2681 Bertrandus,

1919 2708 2128 2764 militie
2172 2705 2399 2778 Templi
2452 2704 2548 2760 Dei
2596 2703 2781 2776 gratia
2829 2702 3019 2757 dictus
3069 2703 3351 2774 magister
3388 2703 3477 2768 7“,
3508 2706 3567 2758 et

1918 2798 2111 2854 omnis
2141 2796 2358 2869 prefate
2391 2793 2595 2848 militie
2627 2796 2946 2848 conventus
2993 2791 3229 2847 domino
3261 2790 3560 2860 Nicholao,

1918 2886 2204 2942 Dominici
2237 2881 2541 2955 Sepulchri
2575 2880 2836 2954 priori,et
2855 2879 3124 2935 universo
3147 2879 3562 2935 canonicorum

1918 2976 2180 3031 eiusdem
2209 2972 2467 3044 Sepulcri
2501 2970 2753 3042 Capitulo
2785 2968 3155 3024 medietatem
3183 2968 3445 3024 omnium
3467 2969 3564 3024 de-

1918 3065 2227 3130 cimarum,
2263 3079 2409 3134 quas
2433 3060 2493 3114 in
2524 3059 2667 3114 locis
2698 3059 2770 3113 ad
2800 3075 2899 3113 eos
2926 3058 3013 3112 vel
3044 3057 3115 3113 ad
3147 3074 3348 3113 eorum
3379 3057 3561 3113 eccle-

1923 3154 2072 3210 siam
2105 3150 2536 3225 pertinentibus
2580 3147 2950 3221 possidemus
2985 3145 3074 3201 vel
3106 3146 3434 3219 possessuri
3466 3164 3566 3203 su-

1925 3260 2078 3311 mus,
2118 3240 2385 3296 videlicet
2428 3237 2547 3293 vini
2596 3241 2651 3293 et
2697 3235 2828 3303 olei,
2864 3235 3137 3291 frumenti
3188 3239 3245 3290 et
3291 3234 3563 3308 siliginis,

1923 3323 3157 3401 ordei,avcne,fabarum,cicerum,lentium,
3183 3324 3564 3395 sussimanni,

1926 3417 2533 3487 risi,milii,annuatim
2567 3421 2687 3470 tam
2720 3415 2803 3469 eis
2834 3431 3011 3486 quam
3044 3418 3101 3469 et
3130 3413 3253 3469 suis
3275 3431 3573 3470 successo-

1926 3510 2089 3565 ribus
2121 3508 2280 3563 omni
2323 3514 2521 3561 nostra
2550 3508 2606 3560 et
2653 3519 3060 3559 successorum
3107 3506 3442 3559 nostrorum
3474 3520 3571 3558 ca-

1925 3599 2193 3670 lumpnia
2211 3602 2268 3652 et
2290 3594 2747 3652 contradictione
2770 3596 2992 3647 remota
3017 3596 3074 3646 et
3094 3593 3317 3663 absque
3339 3590 3456 3646 ullo
3477 3592 3573 3647 de-

1927 3687 2208 3760 ceptionis
2238 3684 2472 3758 ingenio
2506 3683 2751 3739 ﬁdeliter
2773 3682 3012 3737 reddere
3044 3681 3438 3736 concedimus.
3471 3681 3576 3737 De-

1928 3777 2134 3834 ceteris
2163 3793 2297 3830 vero
2320 3774 2449 3829 aliis
2471 3773 2747 3827 omnibus
2768 3771 2941 3825 rebus
2964 3769 3075 3843 ipsi
3101 3770 3269 3825 nobis
3292 3769 3571 3838 decimas,

1928 3867 2078 3923 sicut
2110 3866 2165 3920 in
2201 3863 2520 3936 privilegio,
2553 3863 2707 3934 quod
2741 3861 2853 3933 ipsi
2886 3860 3053 3915 nobis
3083 3860 3363 3930 fecerunt,
3395 3858 3575 3915 conti-

1930 3961 2119 4022 netur,
2154 3955 2376 4025 integre
2407 3951 2619 4006 habere
2649 3955 2705 4005 et
2735 3949 3032 4021 possidere
3064 3952 3498 4004 concesserunt.
3515 3946 3573 4003 Si

1928 4062 2060 4101 vero
2092 4043 2328 4115 aliquod
2362 4040 2553 4095 casale
2584 4040 2655 4093 ad
2692 4041 2919 4093 firmam
2952 4055 3054 4109 pro
3086 4054 3318 4092 annona
3344 4053 3445 4092 seu
3470 4053 3572 4107 pro

1930 4133 2204 4190 bisantiis
2236 4132 2304 4165 “3
2336 4129 2506 4184 alicui
2539 4127 2893 4194 dederimus,
2927 4143 3023 4180 mo
3046 4126 3100 4182 lo
3123 4125 3382 4198 predicto
3414 4125 3572 4181 deci-

1932 4240 2060 4279 mas
2091 4221 2174 4277 eis
2208 4220 2501 4275 dabimus.
2537 4217 2654 4271 Hoc
2685 4220 2904 4280 autem,
2938 4219 3003 4269 ut
3033 4232 3263 4287 semper
3292 4218 3486 4269 ratum
3517 4217 3576 4269 et

1933 4310 2142 4369 stabile
2173 4305 2752 4382 permaneat,scripto
2776 4303 3066 4376 presentis
3091 4303 3301 4376 pagine
3322 4306 3379 4358 et
3398 4302 3575 4375 sigilli

1934 4399 2117 4458 nostri
2149 4398 2533 4471 impressione
2581 4393 3018 4450 communimus
3048 4396 3104 4447 et
3133 4392 3575 4460 conﬁrmamus,

1934 4508 2069 4548 nam
2101 4493 2158 4545 et
2192 4503 2416 4553 eorum,
2449 4499 2700 4556 quorum
2751 4481 2991 4537 nomina
3037 4478 3370 4551 subscripta
3415 4482 3573 4549 sunt,

175 4572 439 4646 Sepulcri
474 4574 659 4631 libera
690 4575 748 4629 in
783 4580 1129 4647 perpetuum
1152 4574 1391 4646 paciﬁce
1414 4578 1470 4629 et
1490 4576 1682 4648 quiete
1705 4595 1829 4650 per-
1857 4588 1903 4651 Β
1936 4576 2408 4637 attestationibus
2437 4574 2506 4609 ⁷⁸³
2534 4572 2982 4628 corrobommus
3019 4587 3031 4624 ε

176 4662 546 4719 manebit.Ea
566 4668 802 4736 propter
829 4662 1115 4736 pretaxati
1145 4664 1352 4718 fratres
1384 4664 1565 4719 nostri
1598 4668 1829 4722 canoni-

177 4752 227 4807 ci
259 4753 325 4787 ⁷³³
352 4751 639 4808 Dominici
672 4752 935 4826 Sepulcri
966 4752 1223 4825 prodicta
1252 4751 1365 4807 tria
1393 4753 1828 4818 casalia,videli-

174 4845 269 4897 cet
292 4841 505 4901 Bubin,
529 4842 880 4913 Caphardin,
915 4840 1285 4907 Betelcanzir,
1320 4839 1497 4896 libere
1527 4847 1583 4897 et
1613 4845 1824 4916 quiete,

175 4931 340 4987 salva
371 4932 683 4987 medietate
714 4932 937 4988 decime
968 4929 1251 4998 sue,sicut
1272 4929 1330 4984 in
1358 4932 1563 4987 ceteris
1586 4934 1829 4992 decimis

175 5021 416 5087 habent,
451 5022 621 5077 nobis
671 5022 1003 5093 nostrisque
1052 5019 1490 5077 successoribus
1530 5023 1587 5077 in
1621 5041 1829 5097 perpe-

174 5115 346 5165 tuum
398 5110 669 5167 habenda
726 5111 852 5167 sine
906 5109 1064 5166 omni
1115 5126 1223 5165 sua
1270 5113 1327 5165 et
1374 5112 1828 5182 suc[c]essorum

176 5216 424 5255 suorum
449 5199 907 5256 contradictione
932 5198 1346 5255 concedunt.Si
1369 5215 1502 5254 vero
1525 5199 1739 5273 aliquis
1761 5204 1830 5258 de

170 5286 372 5343 tribus
393 5289 671 5361 predictis
694 5289 990 5345 easalibus
1009 5287 1406 5360 calumpniam
1428 5289 1597 5345 nobis
1619 5290 1830 5351 inferre

175 5376 444 5434 voluerit.
453 5395 653 5450 pacem
691 5377 856 5435 nobis
886 5378 957 5433 de
978 5377 1253 5433 omnibus
1275 5374 1617 5434 hominibus
1644 5380 1830 5439 facere

214 5516 219 5523 ·
251 5504 321 5575 7!?
352 5503 414 5570 Β,
454 5504 701 5574 Tyriude.
779 5506 846 5539 73°
876 5504 939 5570 B,
976 5502 1309 5575 Tyberiadis.

178 5577 244 5644 Β,
279 5574 630 5631 dimittimus.
709 5576 775 5610 ⁷³⁵
807 5577 864 5643 Β,
917 5574 1133 5631 rusticis
1184 5575 1319 5628 illis.

253 5646 323 5681 7‘0
352 5647 419 5717 A,
454 5646 628 5715 {570;
660 5654 716 5700 ν’
748 5652 810 5712 Β,
845 5648 889 5701 ib
916 5648 1006 5715 80,
1039 5652 1094 5700 νο

1388 5503 1461 5577 iii
1489 5503 1547 5577 Α·
1582 5504 1624 5557 τ’
1650 5509 1753 5574 70;
1793 5523 1880 5577 ῐ·⁰;
1916 5512 1977 5577 Β,
2014 5510 2057 5562 f0
2103 5510 2191 5570 RD,
2247 5513 2317 5559 r".

1398 5574 1464 5605 7"“
1500 5576 1553 5632 Β,
1600 5574 1996 5637 Bellzelcansir.

1169 5646 1230 5679 7“
1269 5645 1324 5714 Β,
1352 5646 1613 5715 magister
1639 5648 1837 5707 dictus.

2078 4665 2357 4725 Willelmi
2388 4663 2673 4729 videlicet,
2709 4659 3043 4717 senescalci.
3069 4658 3287 4713 Fratris
3316 4656 3579 4714 Gaufridi

2152 4752 2457 4812 Fulcberii.
2488 4750 2705 4807 Fratris
2753 4749 2974 4804 Thome
3016 4745 3330 4802 llermoini.
3365 4746 3581 4801 Fratris

2150 4841 2480 4916 Berengarii
2511 4842 2580 4896 de
2611 4838 2857 4894 Castello
2882 4838 3075 4893 Perso.
3102 4836 3323 4892 Fratris
3344 4832 3581 4891 Galterii

2152 4931 2490 4990 Beritensis.
2526 4928 2745 4986 Fratris
2794 4925 3010 4983 Odonis
3041 4928 3111 4982 de
3139 4924 3410 4981 Avalone.
3444 4925 3581 4980 Fra-

2154 5024 2258 5078 tris
2291 5020 2511 5076 Boneti.
2550 5017 2766 5074 Fratris
2796 5015 3102 5071 Mainardi.
3134 5014 3351 5071 Fratris
3381 5011 3580 5068 Amal-

2154 5110 2257 5167 rici
2314 5111 2384 5165 de
2442 5111 2642 5164 Berno.
2688 5105 2900 5161 Fratris
2956 5104 3240 5175 Gaufridi,
3274 5101 3577 5177 capellani.

2156 5199 2373 5257 Fratris
2422 5196 2719 5261 Iohannis,
2748 5194 3053 5266 capellani.
3083 5192 3302 5249 Fratris
3349 5191 3579 5249 Radulﬁ

2151 5287 2613 5364 'I‘yberiadensis.
2649 5284 2865 5341 Fratris
2909 5283 3171 5357 llugonis
3201 5283 3271 5338 de
3300 5280 3580 5338 Corbelio.

2156 5379 2373 5437 Fratris
2404 5375 2633 5433 Leonis.
2670 5374 2884 5430 Fratris
2915 5372 3194 5446 Stephani
3227 5372 3297 5427 de
3322 5372 3585 5427 lherusa-

2394 5504 2462 5537 τ³²
2499 5503 2556 5555 Β.
2593 5503 2821 5555 miliric.
2897 5501 2964 5533 733
2994 5499 3057 5563 B,
3094 5499 3487 5553 bimnciorum.
3516 5496 3586 5529 ⁷³³

2413 5576 2477 5608 ⁷³³
2512 5575 2574 5642 Β,
2596 5573 2971 5628 concanonici.
3048 5570 3116 5603 ⁷³9
3149 5567 3581 5641 Tyberiadcnsis.

2073 5582 2137 5615 13?

2172 5580 2231 5644 B,
2265 5586 2334 5632 et.
2413 5580 2477 5608 7’“
2513 5580 2574 5642 Β,
2596 5580 2971 5628 concanonici.
3048 5580 3116 5603 ’⁸³³

2172 5650 2395 5705 sauciis.
2474 5646 2540 5680 τω
2572 5645 2632 5712 Β,
2660 5642 3121 5699 attestacionibus.

1915 5655 1981 5689 7"
2013 5652 2075 5719 Β,
2113 5650 2395 5707 bizanciis.
