3994 6070
404 256 560 320 11Ἷὸ
902 255 1006 316 AD
1050 254 1561 317 GODEFBIDUM
1605 254 1940 317 APPEND.
1985 253 2065 314 Il.
2092 282 2172 313 -ῳ-
2200 251 2511 316 MONUM.
2538 250 2659 313 ΒΕ
2703 249 2955 314 BELLO
2999 247 3276 312 SAGBO.
3656 249 3821 315 U76

617 389 754 445 lem.
784 388 1003 445 Fratris
1034 388 1296 461 Hugonis
1334 390 1404 444 de
1427 388 1790 443 Vaudemon.
1828 385 2048 443 Fratris
2081 388 2136 456 Α
2161 385 2320 442 tione
2349 384 2582 443 Domini
2611 402 2845 454 meum,
2880 382 3204 442 indictione
3226 399 3331 453 vu,
3354 382 3699 457 S[tephano]
3728 366 3824 443 ve.

616 477 901 535 Willelmi
933 479 1002 534 de
1034 477 1326 547 Filisteda,
1362 477 1588 533 Fratris
1613 476 1807 532 Bricii.
1832 475 2052 532 Fratris
2162 474 2406 532 nerabili
2456 474 2787 548 patriarcha
2837 474 3168 547 presidente
3218 473 3278 529 in
3321 472 3644 546 pontiﬁcali
3676 474 3819 531 sede

618 567 938 625 Ysmionis.
2164 562 2808 636 lherosolimorum,qui
2837 580 2965 619 eam
2997 562 3233 636 proprio
3264 561 3459 635 sigillo
3488 562 3813 636 insignivit,

1062 657 1301 712 LXXVII
1331 658 1393 711 77.
2162 658 2219 709 et
2240 653 2524 709 Balduino
2557 654 2815 709 secundo
2848 668 2981 725 rege
3014 651 3233 708 ibidem
3262 655 3559 726 regnante.

406 765 778 804 PRIVILEGIUM
833 765 1142 814 \VILLELMI,
1205 764 1432 802 PRIORIS
1488 763 1693 815 TEBCII,
1749 764 1817 803 DE
1875 762 2052 801 FEODO
3094 759 3183 813 ’750⁶

1005 836 1201 874 sua“
1243 836 1454 873 LAZARI‘
2164 866 2537 907 PRIVILEGIUM
2575 866 2826 906 swst
2866 866 2937 904 os
2972 865 3258 905 EMPTIONB
3304 865 3489 917 nunc,
3530 864 3646 912 oux
3682 866 3820 907 FUIT

476 926 541 982 In
573 926 808 981 nomine
834 930 1031 981 sancte
1063 928 1117 980 et
1149 925 1443 980 individua
1475 924 1799 980 Trinitatis.
2562 938 2719 977 perm
2760 939 2828 978 DE
2867 937 3077 977 SANC'PO
3115 937 3413 977 GAUTERIO.

477 1016 593 1088 Ego
624 1014 1086 1082 Willelmus,Dei
1115 1014 1302 1086 gratia
1331 1014 1489 1086 prior
1520 1014 1733 1069 tercius
1764 1013 2052 1069 Dominici
2235 1012 2519 1079 Quoniam
2554 1010 2815 1083 exigente
2847 1009 2997 1066 mole
3027 1008 3221 1066 carnis
3258 1009 3534 1077 humane,
3569 1026 3684 1083 que
3713 1026 3817 1067 co-

406 1103 688 1176 Sepulcri,
724 1103 971 1170 posteris
1003 1104 1218 1160 nostris
1249 1103 1531 1175 scripturn
1564 1103 1813 1158 retinere
1858 1103 2053 1159 curavi
2163 1100 2302 1156 tidie
2358 1099 2544 1157 oculis
2575 1101 2640 1135 πί
2685 1098 3036 1156 mortalibus
3091 1098 3553 1165 consideramus,
3609 1098 3818 1155 leviter

403 1194 510 1249 hec
542 1198 598 1249 et
628 1193 814 1247 multa
845 1192 1255 1258 allia.Quidam
1280 1193 1481 1248 Petrus
1503 1192 1701 1247 Sancti
1725 1193 1921 1247 Lazari
1944 1194 2055 1249 fra-
2162 1189 2436 1245 oblivioni
2467 1189 2888 1261 tradimus,ego
2918 1186 3379 1254 Willelmus,Dei
3401 1186 3589 1260 gratia
3610 1188 3813 1261 {prior}

403 1287 492 1338 ter
520 1281 805 1337 Dominici
837 1281 1384 1354 Sepulcri,moriens
1413 1280 1474 1336 in
1507 1298 1686 1336 manu
1720 1286 1777 1337 et
1806 1283 2051 1339 consilio
2160 1280 2228 1313 ⁷⁵³
2255 1278 2539 1335 Dominici
2571 1277 2856 1351 Sepulcri,
2891 1277 3142 1350 posteris
3174 1277 3392 1334 nostris
3422 1276 3710 1350 scriptum
3733 1294 3817 1334 re-

405 1371 818 1427 canonicorum
842 1369 1356 1443 predictiSqulcri
1381 1369 1561 1424 ﬁliam
1581 1387 1750 1425 suam
1774 1386 1907 1425 cum
1933 1389 2053 1428 ma-
2158 1368 2343 1423 tinere
2374 1367 2592 1434 curavi,
2627 1384 2739 1440 que
2768 1370 2970 1439 patent
3010 1365 3289 1423 fratribus
3336 1365 3557 1423 nostris
3605 1367 3815 1440 profu-

402 1465 490 1516 tre
523 1461 773 1532 conjuge
804 1461 1118 1532 regendam
1151 1459 1394 1528 dimisit,
1416 1476 1629 1532 rogans
1660 1459 2049 1517 misericordi-
2160 1461 2314 1513 tura.
2335 1457 2580 1513 Notiﬁco
2611 1455 2837 1512 cunctis
2870 1455 3141 1513 ﬁdelibus
3173 1455 3329 1528 quod
3362 1471 3467 1528 ego
3497 1456 3611 1512 emi
3642 1473 3677 1510 a
3707 1460 3815 1512 Pe-

403 1554 490 1605 ter
519 1553 582 1605 ut
613 1548 731 1603 ﬁlie
761 1566 883 1615 sue,
919 1565 1031 1620 que
1061 1548 1212 1603 infra
1244 1566 1428 1604 annos
1460 1553 1602 1616 erat,
1622 1554 1880 1622 tempore
1912 1567 2049 1606 con-
2158 1552 2247 1602 tro
2278 1547 2349 1602 de
2379 1547 2589 1602 Sancto
2622 1544 2898 1602 Gauterio
2929 1549 2988 1600 et
3014 1544 3261 1618 coniuge
3299 1534 3357 1601 et
3403 1544 3521 1601 ﬁlio
3568 1562 3679 1601 suo
3727 1546 3815 1601 vi-

396 1636 551 1711 jugii
583 1637 1020 1703 misererentur,
1056 1636 1135 1691 ita
1176 1637 1396 1692 scilicet
1450 1640 1516 1692 ut
1570 1638 1803 1693 feodum
1854 1639 2050 1695 Sancti
2159 1652 2330 1693 neam
2361 1636 2659 1709 quandam
2692 1651 2828 1691 cum
2860 1638 3015 1691 terra
3059 1633 3348 1690 ediscenti
3393 1634 3813 1707 circumsepta,

405 1725 625 1792 Lazari,
650 1743 823 1797 quem
856 1726 979 1798 ipse
1013 1727 1083 1781 ab
1114 1725 1197 1781 eis
1230 1731 1497 1782 tenuerat
1525 1727 1743 1793 vivens,
1771 1728 1962 1801 puelle
1989 1729 2047 1784 in
2084 1767 2130 1831 Β
2159 1742 2272 1798 que
2296 1724 2662 1781 venientibus
2687 1722 3081 1781 Iherosolimis
3107 1723 3164 1780 in
3186 1739 3425 1797 egressu
3450 1722 3815 1781 Mahurnerie

403 1815 779 1871 matrimonio
814 1816 1169 1884 redderetur,
1204 1816 1286 1871 ita
1315 1817 1619 1872 dumtaxat
1649 1821 1713 1872 ut
1751 1817 2051 1874 servitium
2084 1811 2130 1831 ”
2159 1815 2451 1886 prominet
2478 1813 2539 1868 in
2571 1812 2850 1869 sinistrali
2876 1811 3154 1881 convalle,
3170 1813 3240 1869 de
3270 1811 3517 1885 pecunia
3545 1814 3613 1847 ⁷³³
3643 1811 3815 1869 hele-

401 1906 488 1973 πθ,
524 1906 676 1977 quod
705 1904 860 1961 idem
893 1906 1125 1975 fecerat,
1161 1906 1414 1961 coniunx
1443 1907 1510 1941 7‘6
1536 1904 1729 1978 puelle
1759 1907 1857 1979 pia
1884 1924 2053 1963 cano-
2160 1904 2385 1960 mosine
2418 1908 2638 1970 nostre,
2670 1905 2948 1976 perpetuo
2982 1902 3109 1958 iure
3159 1902 3578 1974 possidendam
3610 1902 3671 1957 in
3703 1919 3809 1961 ne-

401 1995 669 2050 nicorum
700 1994 1072 2049 concessione
1100 1994 1418 2066 suppleret,
1444 1999 1499 2050 et
1522 2000 1708 2051 mater
1738 1995 1927 2068 puelle
1960 1997 2049 2051 in-
2159 1991 2427 2048 cessariis
2475 2008 2823 2066 pauperum,
2856 1989 3050 2064 precio
3079 1982 3187 2047 exc
3215 1990 3627 2058 bisantiorum,
3661 1989 3812 2049 Iibe-

401 2083 597 2152 terim,
631 2084 680 2140 si
726 2099 927 2139 eorum
987 2083 1228 2139 consilio
1285 2085 1684 2150 concordaret,
1718 2086 1788 2140 de
1843 2087 2048 2141 eodem
2158 2099 2282 2137 ram
2315 2083 2387 2138 ab
2422 2082 2582 2137 omni
2615 2080 2951 2153 calumpnia
2989 2085 3047 2138 ct
3092 2080 3535 2149 consuetudine,
3569 2085 3815 2154 excepta

402 2172 568 2228 feodo
595 2173 1236 2244 sustentaretur.lgitur
1255 2189 1360 2227 nos
1383 2176 1513 2244 post
1545 2172 1799 2228 multum
1832 2178 2049 2246 tempo-
2158 2169 2406 2236 decima,
2440 2186 2552 2242 que
2583 2174 2782 2225 nostro
2816 2168 2926 2224 iuri
2954 2168 3215 2237 cedebat,
3249 2184 3426 2241 quam
3456 2167 3517 2223 in
3549 2169 3813 2241 capitulo

402 2260 481 2316 ris
530 2260 793 2332 petitioni
840 2262 905 2296 7”
937 2262 1134 2316 fratris
1177 2262 1435 2316 defuncti
1469 2263 2048 2335 condescend[ent}es
2157 2262 2358 2329 postea
2383 2258 2749 2328 remisimus,
2781 2256 3080 2314 communi
3112 2256 3354 2314 consilio
3401 2257 3671 2324 fratrum,
3707 2258 3813 2331 qui

400 2349 488 2415 7‘3,
515 2348 771 2421 puellam
798 2349 1057 2405 nubilem
1082 2349 1313 2406 cuidam
1338 2354 1535 2406 nostro
1558 2351 1781 2406 nutrito
1804 2352 2046 2421 famulo,
2156 2348 2350 2421 sigillo
2381 2366 2487 2405 suo
2520 2348 2793 2421 plumbeo
2824 2349 3052 2404 kartam
3082 2348 3500 2420 75‘vpresentem
3532 2348 3813 2421 insigniri

403 2438 566 2494 Petro
597 2439 854 2505 nomine,
887 2438 1149 2511 legaliter
1177 2438 1449 2510 copulare
1493 2440 1848 2496 studuimus.
1882 2442 2046 2509 Quod
2155 2436 2752 2510 preceperunt.Huius
2781 2436 3098 2510 emptionis
3127 2439 3266 2493 sunt
3290 2439 3470 2497 testes
3502 2452 3516 2491 :

401 2531 590 2583 mater
617 2528 744 2599 ejus
775 2527 1137 2600 nequissima
1168 2528 1573 2600 audiens,post
1603 2527 1810 2602 longas
1844 2530 2046 2586 obiur-
2299 2526 2661 2593 Goisbertus,
2697 2525 3049 2598 prepositus.
3101 2523 3446 2594 Aimericus,
3493 2524 3813 2583 helemosi-

399 2616 662 2691 gationes
683 2620 740 2672 et
761 2616 1149 2672 contumelias
1172 2617 1242 2671 ab
1266 2633 1333 2672 ea
1353 2617 1523 2673 nobis
1548 2616 1741 2673 illatas
1761 2617 2045 2675 voluntati
2324 2672 2341 2681 μ
2369 2616 2591 2671 narius.
2629 2615 2833 2670 Petrus
2882 2613 3215 2671 Clementis.
3244 2613 3582 2683 Anselmus,
3613 2612 3811 2687 capel-

399 2709 595 2761 nostre
620 2709 676 2761 et
701 2704 995 2761 consultui
1029 2704 1141 2761 [ilie
1174 2722 1277 2760 suc
1308 2706 1679 2777 adquiescere
1711 2706 1917 2776 noluit,
1941 2709 2047 2764 do-
2366 2704 2538 2761 Ianus
2583 2702 2964 2760 Mahumerie.
3015 2702 3333 2760 Gaufridus
3382 2705 3550 2759 Acus.
3600 2703 3810 2763 Petrus

397 2794 524 2850 lens
557 2794 615 2849 in
644 2794 761 2849 vita
791 2812 897 2850 sua
930 2794 1163 2850 feodum
1187 2794 1652 2851 amittere.Unde
1675 2796 2043 2865 fratres,cum
2368 2795 2438 2849 de
2491 2798 2724 2865 Ioppen.
2758 2793 2965 2848 Petrus
3013 2793 3262 2849 Guitart.
3314 2792 3666 2860 Bernardus,
3702 2793 3807 2865 qui

398 2884 615 2957 domno
646 2883 977 2956 patriarcha
1008 2884 1347 2956 S[tephano]
1384 2884 1441 2938 in
1494 2885 1750 2957 capitulo
1799 2886 2043 2944 consilio
2368 2882 2546 2939 ﬁliam
2580 2882 2767 2955 ipsius
2798 2880 2948 2937 Petri
2981 2882 3051 2938 de
3081 2883 3291 2940 Sancto
3322 2881 3591 2938 Gauterio
3624 2880 3808 2940 hahe-

398 2972 843 3046 accepto,ﬁliam
876 2990 1009 3027 eum
1042 2976 1225 3028 matre
1256 2978 1389 3029 ante
1420 2990 1482 3029 se
1515 2975 1712 3030 venire
1758 2976 2040 3032 fecerunt.
2365 2972 2483 3029 bat.
2520 2970 2801 3045 Rogerius
2835 2970 3129 3039 Lombart,
3164 2975 3222 3027 et
3253 2969 3423 3026 multi
3455 2969 3574 3026 alii.

398 3064 581 3128 Quam
614 3080 719 3136 ego
764 3079 957 3118 coram
1006 3063 1337 3135 patriarcha
1367 3068 1424 3119 et
1453 3068 1738 3120 conventu
1772 3070 1826 3119 et
1860 3070 2043 3122 matre
2224 3063 2397 3117 Facta
2429 3062 2539 3117 fuit
2569 3064 2730 3117 carta
2760 3059 2867 3116 hec
2917 3077 3070 3117 anno
3117 3059 3190 3117 ab
3241 3059 3645 3117 incarnatione
3690 3059 3807 3115 Βος

398 3168 505 3208 sua
534 3156 590 3207 ct
618 3151 855 3208 victrico
886 3169 993 3207 suo
1016 3155 1071 3207 et
1088 3151 1335 3225 patrinis
1356 3156 1413 3208 et
1435 3152 1703 3225 pluribus
1724 3152 1855 3210 aliis
1875 3154 2041 3212 laicis
2071 3141 2113 3207 ί]
2154 3150 2298 3206 mini
2348 3168 2581 3221 mcxx1x,
2614 3148 2931 3206 indictione
2980 3166 3102 3217 vm,
3136 3148 3393 3206 secundo
3442 3148 3806 3221 patriarcha-

398 3239 702 3313 alloquens
735 3245 933 3296 utrum
964 3240 1100 3296 huic
1128 3258 1232 3295 suo
1264 3241 1470 3296 honori
1503 3247 1561 3297 et
1594 3241 1766 3298 saluti
1805 3260 2041 3299 concor-
2151 3244 2251 3296 tus
2289 3238 2636 3296 venerabilis
2693 3237 2972 3310 Stephani
3033 3237 3361 3311 patriarche
3419 3237 3803 3306 Iherusalem,

398 3329 535 3384 dare
566 3328 1067 3401 vellet,respondit
1099 3328 1258 3385 nullo
1290 3330 1462 3407 modo
1493 3346 1554 3385 se
1587 3330 1671 3384 illi
1702 3331 1821 3386 viro
1852 3332 2037 3400 Petro,
2151 3333 2207 3385 et
2238 3333 2515 3403 regnante
2547 3344 2678 3402 rege
2710 3327 2992 3383 Balduino
3043 3328 3299 3385 secundo
3332 3325 3391 3382 in
3420 3326 3622 3385 eadem
3653 3327 3803 3383 civi-

396 3417 623 3473 nolenle
678 3422 882 3484 matre,
922 3422 1262 3489 nupturam,
1295 3423 1351 3473 ct
1396 3417 1677 3474 libentius
1737 3420 2040 3476 hostiatim
2150 3422 2289 3473 tate.

394 3505 780 3561 mendicando
813 3523 1022 3577 panem
1052 3523 1291 3577 querere
1323 3524 1523 3578 quam,
1557 3512 1741 3563 matre
1773 3509 2038 3579 dimissa,
2222 3509 2339 3581 Ego
2372 3507 2575 3574 Petrus
2606 3506 2675 3562 de
2707 3506 2920 3562 Sancto
2951 3503 3245 3572 Gauterio,
3277 3504 3455 3562 huius
3486 3504 3567 3561 rei
3596 3504 3804 3561 vendi-

395 3594 592 3666 ipsum
651 3593 957 3665 coniugem
1010 3595 1290 3667 accipere.
1326 3596 1388 3650 In
1450 3596 1785 3653 huiusmodi
1844 3603 2039 3655 autem
2151 3600 2259 3665 tor,
2296 3597 2467 3653 istam
2497 3599 2720 3651 cartam
2744 3595 3048 3652 conﬁrmo.

394 3686 643 3738 tractatu
675 3699 870 3738 coram
902 3683 1232 3739 astantibus
1262 3683 1321 3738 in
1355 3701 1531 3739 manu
1563 3691 1762 3741 nostra
1802 3688 2039 3745 feodum
2219 3687 2336 3760 Ego
2366 3685 2627 3741 Audearz
2651 3686 2740 3753 755,
2776 3684 2927 3741 Petri
2959 3684 3190 3753 coniux,
3226 3685 3396 3741 ﬁrmo
3421 3684 3509 3738 ⁷⁸⁸.

392 3770 453 3827 in
472 3776 736 3827 eternum
760 3790 873 3828 non
898 3772 1201 3844 quesitura
1221 3773 1503 3844 reddidit;
1532 3775 1900 3833 solummodo
1923 3794 2039 3833 ma—
2219 3776 2337 3848 Ego
2394 3775 2678 3840 Andreas,
2718 3773 2964 3831 istorum
3022 3773 3199 3840 ﬁlius,
3232 3773 3484 3829 concedo
3542 3776 3600 3829 et
3655 3789 3804 3829 con-

392 3863 481 3916 ter
508 3860 707 3917 vivens
735 3877 869 3916 cum
901 3861 1139 3917 victrico
1186 3862 1420 3918 feodum
1473 3864 1816 3936 possideret.
1852 3867 2038 3922 Feodo
2149 3865 2339 3919 ﬁrmo.

389 3967 523 4006 vero
555 3967 589 4005 a
618 3948 815 4023 puella
861 3950 945 4006 sic
992 3950 1331 4018 deliberate,
1366 3951 1518 4007 hanc
1576 3952 2038 4010 misericordiam
2219 3955 2336 4026 Ego
2376 3951 2706 4019 Petronilla,
2744 3952 3004 4025 ipsorum
3062 3951 3202 4021 ﬁlia,
3237 3952 3489 4009 concedo
3544 3955 3602 4007 et
3658 3967 3801 4009 con-

391 4057 526 4096 cum
556 4040 793 4096 victrico
815 4044 873 4095 et
896 4043 1079 4095 matre
1101 4057 1302 4096 eorum
1336 4041 1763 4113 supplicatione
1794 4043 2039 4100 fecimus
2148 4043 2337 4098 ﬁrmo.

392 4133 458 4183 ut
487 4128 725 4183 unicum
772 4128 977 4196 ﬁlium,
1012 4145 1185 4200 quem
1237 4128 1552 4197 habebant,
1590 4135 1721 4202 post
1769 4132 1953 4204 patris
1984 4137 2041 4189 et
2802 4130 3017 4188 LXXIX
3048 4132 3135 4187 ⁷⁵⁷.

392 4217 600 4273 matris
631 4217 855 4273 obitum
886 4218 944 4272 in
977 4218 1223 4274 ecclesia
1262 4219 1456 4275 Sancti
1509 4219 1769 4292 Sepulcri
1819 4222 2038 4278 victum
2148 4238 2519 4277 PRIVILEGIUM
2559 4239 2723 4277 PETRI
2772 4235 3001 4278 parents
3040 4238 3112 4276 ns
3148 4236 3339 4288 vnum,
3383 4236 3494 4283 ous
3531 4234 3662 4277 FUIT
3699 4234 3803 4275 so-

391 4309 450 4362 et
478 4306 892 4362 vestimentum
932 4306 1274 4362 habiturum
1325 4308 1779 4380 susciperemus.
1813 4310 1873 4366 Si
1905 4311 2040 4383 quis
2732 4309 2903 4348 “oms
2940 4309 3203 4348 0013393-

392 4399 586 4451 autem
630 4396 864 4451 feodum
918 4396 1243 4468 predictum
1297 4396 1487 4467 puelle
1536 4399 1774 4470 prefate,
1809 4406 2037 4457 cassato
2218 4399 2281 4454 In
2314 4401 2549 4455 nomine
2580 4402 2777 4455 sancte
2800 4402 2857 4455 et
2878 4398 3180 4453 individua
3199 4396 3505 4455 Trinitatis
3532 4394 3717 4453 Patris
3739 4403 3803 4453 et

392 4502 534 4540 sano
566 4484 842 4580 capitulo,
878 4486 1115 4540 reddere
1163 4489 1220 4539 et
1266 4484 1573 4541 ecclesiam
1624 4492 1883 4544 nostram
1932 4508 2039 4546 sua
2067 4516 2114 4580 Ι)
2148 4487 2277 4544 Filii
2305 4492 2360 4544 et
2391 4487 2644 4560 Spiritus
2675 4470 2897 4551 Sancti,
2932 4486 3147 4561 [amen]
3179 4487 3266 4542 ⁷⁵⁸.

390 4573 760 4645 possessione
808 4574 1058 4647 Spoliare
1105 4576 1549 4646 presumpserit,
1583 4575 1775 4631 divine
1830 4577 2036 4634 ultioni
2067 4572 2108 4580 ”
2215 4577 2333 4650 Ego
2362 4578 2583 4643 Petrus,
2617 4576 2717 4632 Dei
2748 4575 2938 4650 gratia
2966 4573 3254 4635 Dominici
3302 4573 3568 4648 Sepulcri
3614 4572 3799 4647 prior,

389 4662 708 4718 subiaceat.
736 4663 918 4718 [luius
941 4661 1375 4719 deliberationis
1402 4668 1539 4719 sunt
1568 4667 1876 4739 testes,qui
1905 4684 2035 4740 pre-
2145 4684 2261 4722 una
2292 4683 2424 4721 cum
2459 4666 2738 4721 fratribus
2787 4665 3064 4721 omnibus
3113 4667 3319 4720 notum
3370 4663 3638 4732 facimus,
3669 4668 3799 4723 tam

389 4756 584 4808 sentes
614 4754 903 4808 aderant:
2144 4754 2513 4827 presentibus
2572 4771 2750 4827 quam
2807 4753 3042 4821 futuris,
3100 4752 3412 4809 mulierem
3470 4753 3796 4824 quandam,

529 4840 865 4907 Anselmus,
918 4846 1138 4897 cantor.
1198 4842 1331 4897 Azo.
1388 4840 1770 4899 Gislebertus.
1833 4844 2034 4900 Petrus
2144 4841 3205 4909 Odierdam759nominc,habitatricem
3238 4839 3797 4907 Mabumerie,cum

604 4929 894 4985 Bernardi.
931 4929 1294 4985 Gaudentius
1325 4931 1411 4985 πθ.
1438 4934 1662 4999 Petrus,
1696 4930 2033 4989 clemosina-
2143 4931 2342 4987 effecta
2372 4936 2462 4986 est
2490 4930 2745 5003 gratuita
2781 4947 2946 4987 soror
2990 4932 3310 4987 conventus
3361 4928 3558 4987 Sancti
3592 4926 3798 5000 Sepul-

600 5018 745 5073 rius.
779 5018 1119 5074 Aimericus.
1155 5020 1469 5076 Gaul’ridus
1502 5022 1694 5077 Actus.
1730 5021 1933 5078 Petrus
1963 5023 2033 5078 de
2143 5020 2245 5088 cri,
2276 5021 2506 5075 vineam
2534 5036 2916 5091 unam,quam
2950 5018 3228 5087 habebat,
3256 5018 3447 5076 eidem
3475 5019 3797 5077 conventui

599 5106 948 5161 Vendosme.
984 5107 1370 5181 Bercngarius
1400 5114 1638 5165 Parvus.
2142 5109 2553 5183 possidendam
2586 5107 2917 5164 tradidisse.
2938 5109 3125 5175 Quam
3157 5124 3293 5164 cum
3323 5106 3480 5163 ﬁlius
3510 5106 3639 5178 ejus
3666 5107 3798 5163 An-

460 5196 633 5249 Facta
661 5193 770 5248 fuit
798 5194 903 5249 hec
934 5194 1273 5252 deliberatio
1305 5203 1360 5253 et
1390 5203 1550 5254 carta
1581 5216 1732 5254 anno
1754 5200 1826 5255 ab
1852 5200 2034 5255 inear—
2142 5200 2313 5254 dreas
2340 5200 2472 5269 post
2500 5197 2629 5269 ejus
2658 5195 2885 5253 obitum
2913 5196 2967 5252 vi
2995 5200 3051 5252 et
3082 5201 3284 5253 contra
3311 5193 3667 5252 voluntatem
3696 5211 3799 5250 no-

457 5334 697 5410 m},ka
723 5334 813 5401 7i,
842 5348 926 5410 r0;
963 5336 1024 5401 Β,
1057 5337 1119 5402 f0,
1152 5338 1241 5404 81,
1268 5350 1344 5393 κη.
1422 5341 1489 5374 7‘5
1523 5345 1583 5405 Β,
1627 5343 1936 5397 servicium.
2014 5344 2032 5377 τ

2244 5342 2467 5396 coniux.
2544 5340 2609 5373 7”
2660 5339 2722 5405 B,
2771 5340 3055 5410 peticioni.
3132 5338 3213 5410 τιδέ
3246 5335 3507 5410 Restitué
3559 5335 3795 5408 d’apres

387 5407 592 5482 B,___m
621 5406 681 5470 B,
713 5406 1073 5482 Gaudcnqgus.
1153 5409 1220 5441 75°
1244 5410 1315 5482 _A,
1349 5410 1411 5475 f0,
1442 5412 1532 5470 71,
1562 5419 1636 5477 v°,
1674 5414 1733 5479 B,
1772 5414 1814 5467 Γυ
1842 5417 1929 5478 82,
1963 5432 1964 5435 ‘

2217 5413 2274 5476 B,
2307 5412 2499 5466 oculis.
2532 5410 2601 5443 ⁷⁵³
2642 5406 2893 5482 Suppléé
2940 5410 3170 5481 d’apres
3199 5409 3269 5482 ΒἈ
3338 5408 3498 5482 τω-Β,
3526 5406 3790 5482 pecunia.

457 5477 525 5510 75‘
555 5482 616 5545 B,
644 5486 870 5534 certam.
946 5480 1013 5512 755
1044 5480 1104 5534 Β.
1138 5480 1424 5537 Audearls.
1502 5483 1567 5517 ⁷⁵³⁵
1599 5485 1660 5548 Β,
1695 5477 1965 5556 conﬁrmo.

388 5549 449 5603 B.
526 5549 595 5585 "‘9
624 5549 686 5605 B.
721 5549 1030 5605 Odiardam.

2216 5491 2254 5549 λ,
2309 5483 2352 5537 β»
2396 5485 2486 5549 72,
2539 5494 2610 5549 r0,
2658 5477 2815 5547 Bf'f'
2860 5482 2952 5548 83,
3002 5477 3073 5537 r5.
3150 5481 3216 5515 ⁷⁵⁸
3248 5477 3793 5553 Suppléé'd’aprés

438 5590 449 5603 ·
624 5590 686 5616 ν)
