3994 6070
219 291 375 362 ΗΠ

1231 291 1725 356 CARTULAIRE
1771 293 1877 356 DU
1921 291 2154 358 SAINT
2197 292 2629 360 SEPULGRE.

3475 286 3635 355 1178

217 429 405 488 stram
437 423 623 482 multo
653 423 771 482 iam
801 427 1062 499 tempore
1089 424 1396 495 tenuisset,
1429 425 1648 484 iudicio
1683 426 1873 482 archi-
1904 428 1954 495 Α
1988 425 2120 483 aliis
2148 427 2395 485 vendere
2425 427 2716 500 potuerit;
2750 425 2906 500 quod
2938 425 2988 484 si
3018 443 3126 484 nos
3156 442 3348 483 emere
3376 425 3636 483 nolueri-

216 514 649 588 episcoporum,
685 513 918 570 Boberti
948 513 1216 570 videlicet
1244 513 1523 570 Nazareni
1553 519 1609 571 et
1640 515 1876 571 Fulche-

218 603 290 660 rii
323 602 621 676 Tyrensis,
650 607 708 660 et
736 601 1167 676 episcoporum,
1201 603 1478 659 Bernardi
1511 603 1873 660 Sidoniensis

215 693 306 759 ⁷⁸0,
341 691 629 766 Rorgonis
660 691 1168 762 Ptolomaidensis,
1191 692 1365 766 Helye
1393 694 1457 727 ⁷⁶¹
1492 679 1874 766 Tyberiaden-

219 781 304 839 sis
332 785 514 854 atque
541 780 772 854 Rogerii
813 780 1246 848 Ramathensis,
1279 787 1336 838 et
1373 781 1623 838 aliorum
1654 781 1755 855 qui
1785 781 1874 838 in-

216 871 547 930 terfuerunt
574 871 662 939 ⁷⁵³,
695 887 763 926 ex
799 869 1086 926 sententia
1117 870 1285 926 nobis
1316 888 1450 926 cum
1485 871 1773 927 fructibus
1801 871 1874 926 ab

219 976 288 1016 eo
320 959 611 1032 susceptis
639 959 973 1031 adjudicata
1001 963 1109 1016 est.
1144 960 1291 1026 Quia
1318 977 1450 1016 vero
1482 959 1875 1017 misericordie

219 1049 497 1122 operibus
529 1049 810 1106 debemus
841 1047 1130 1120 insistere,
1145 1053 1202 1104 et
1232 1048 1451 1104 nmium
1477 1067 1580 1122 pro
1603 1048 1756 1105 malo
1778 1048 1878 1104 ali-

221 1137 315 1194 cui
348 1138 591 1194 reddere
620 1154 738 1194 non
786 1137 1088 1206 debemus,
1140 1137 1372 1210 pietatis
1422 1138 1639 1194 intuitu
1689 1139 1876 1194 eidem

216 1227 446 1284 Andree
476 1231 780 1299 percsptos
813 1227 1039 1283 fructus
1087 1225 1444 1294 remisimus,
1478 1232 1535 1284 et
1583 1226 1876 1300 prenomi-

217 1319 419 1381 natam
451 1317 678 1371 vineam
711 1316 762 1371 ei
793 1319 1024 1371 tantum
1058 1316 1199 1371 dum
1221 1315 1424 1372 vixerit
1454 1316 1875 1384 concessimus,

219 1422 288 1466 ea
316 1403 584 1460 videlicet
613 1404 836 1461 ratione
884 1409 950 1460 ut
978 1422 1107 1462 eam
1139 1405 1287 1461 bene
1316 1405 1561 1488 excolatl
1608 1409 1665 1461 et
1713 1406 1876 1478 quic-

219 1493 361 1568 quid
395 1493 550 1550 Deus
581 1493 632 1550 ei
663 1493 868 1550 exinde
901 1493 1124 1550 dederit
1161 1498 1353 1566 partes
1384 1489 1550 1550 duas'
1580 1495 1692 1551 sibi
1742 1495 1875 1551 reti-

219 1586 376 1650 neat,
438 1583 678 1642 terciam
740 1599 873 1640 vero
924 1583 1093 1640 nobis
1151 1583 1380 1655 reddat,
1429 1584 1587 1640 salva
1636 1584 1875 1639 omnino

220 1677 420 1730 nostra
493 1671 718 1728 decime
790 1671 1055 1744 portione
1130 1673 1243 1740 763;
1300 1674 1374 1729 ad
1449 1673 1674 1730 obitum
1745 1691 1876 1729 vero

219 1779 398 1819 suum
429 1761 686 1834 predicta
714 1762 880 1818 vinca
929 1763 1000 1818 ab
1045 1761 1291 1818 ecclesia
1338 1769 1539 1818 nostra
1584 1762 1763 1818 libere
1814 1763 1874 1818 in
1911 1805 1955 1874 Β

220 1857 562 1874 _-__-A______
602 1850 970 1874 __-_f_l-_1__._
1015 1852 1215 1874 m--1-_
1251 1855 1437 1874 --_1-_.
1475 1851 1649 1874 L-_!___
1685 1851 1760 1874 _,..!
1796 1851 1872 1874 ιιι

219 1857 568 1926 perpetuum
600 1850 989 1924 possideatur.
1015 1852 1217 1908 Testes
1249 1855 1443 1908 autem
1475 1851 1651 1907 huius
1685 1851 1766 1908 rei
1796 1851 1878 1908 hii

221 1945 409 1997 sunt:

367 2031 736 2097 Lambertu-s,
778 2029 1072 2102 subprior.
1121 2029 1490 2097 Godefridus,
1541 2030 1875 2086 thessaura—

439 2120 560 2176 rius
590 2121 678 2174 7“.
712 2119 1046 2186 Nicholaus,
1080 2117 1440 2176 cellararius.
1475 2120 1724 2176 Obertus
1757 2121 1880 2193 Iop-

437 2209 655 2282 pensis.
690 2209 979 2268 Robertus
1008 2209 1080 2264 de
1119 2208 1352 2264 Acchon
1393 2210 1479 2263 ⁷⁵⁵.
1530 2208 1874 2266 Alexander.

438 2299 810 2354 Bertrand-us.
861 2298 1186 2354 Ademarus
1225 2299 1311 2350 ⁷⁸⁵.
1364 2297 1712 2366 Willelmus,
1749 2316 1876 2371 pre-

439 2387 688 2460 positus.
724 2387 1071 2445 Lambertus
1106 2385 1496 2443 Flandrensis.
1530 2387 1875 2444 Aimcricus.

437 2475 632 2533 Fulco.
669 2475 996 2534 Bertoldus.
1031 2475 1317 2534 Iohannes
1348 2475 1641 2550 Anglicus.

294 2565 374 2621 De
406 2565 751 2627 diaconibus
784 2583 796 2622 ε

365 2655 682 2714 Eurardus.
714 2653 1002 2713 Giraldus.
1035 2659 1223 2728 Hugo.

292 2745 372 2800 De
399 2745 860 2800 suddiaconibus
893 2761 906 2800 :

367 2833 701 2889 Willelmus
731 2832 1086 2889 Berithensis
1117 2835 1202 2888 ⁷⁸⁷.
1240 2833 1527 2889 Iohannes
1561 2835 1880 2891 Pietavien-

436 2922 519 2979 sis
549 2923 638 2977 ⁷⁸⁸.
671 2921 1003 2980 Willelmus
1035 2923 1105 2978 de
1136 2923 1394 2996 Yspania

901 3029 1088 3086 LXXX
1114 3031 1202 3084 ⁷⁸³.

217 3135 390 3174 ALIUD
411 3120 479 3154 ⁷⁷⁰
500 3133 876 3175 Ριῑινιιεοιυλί
909 3136 1069 3174 rem
1103 3135 1332 3174 PRIORIS
1365 3136 1436 3174 ns
1465 3135 1742 3186 uomens,
1766 3138 1877 3186 qua

380 3207 529 3246 SUN’I‘
558 3207 739 3247 SUPER
768 3207 980 3248 VOLTAS
1017 3207 1326 3247 CONCAMBII
1367 3208 1712 3247 HOSPITALIS.

291 3279 357 3336 In
385 3278 621 3336 uomine
650 3284 852 3338 sancte
881 3285 939 3336 et
969 3279 1265 3339 individue
1287 3279 1590 3336 Trinitatis
1612 3280 1801 3337 Patris
1823 3286 1880 3338 et

220 3367 349 3428 Filii
381 3373 440 3426 et
467 3369 719 3441 Spiritus
750 3369 969 3435 Sancti,
1003 3385 1175 3425 amen

291 3458 508 3514 Notum
539 3458 617 3513 sit
645 3459 939 3525 omnibus,
960 3462 1081 3513 tam
1114 3457 1486 3531 presentibus
1517 3476 1694 3531 quam
1728 3459 1881 3516 futu-

219 3547 323 3612 ris,
358 3548 514 3620 quod
543 3564 649 3619 ego
682 3548 906 3613 Petrus,
940 3547 1136 3602 divina
1177 3547 1520 3620 disponente
1570 3548 1879 3604 clementia

220 3636 510 3702 Dominici
542 3634 804 3708 Sepulcri
836 3636 1013 3708 prior,
1060 3654 1178 3692 una
1207 3654 1340 3694 cum
1371 3655 1660 3694 consensu
1694 3642 1751 3694 et
1780 3656 1876 3694 vo-

220 3726 448 3782 luntate
477 3725 747 3781 omnium
781 3725 1028 3781 fratrum
1054 3730 1388 3782 nostrorum
1422 3727 1877 3784 cannonicorum

220 3816 436 3876 damus
465 3819 521 3870 et
553 3813 930 3872 concedimus
957 3814 1222 3882 Arnulfo,
1247 3815 1366 3870 ﬁlio
1400 3815 1670 3872 Berualdi
1691 3818 1754 3851 ⁷⁷⁷
1779 3817 1880 3890 Sy-

221 3903 393 3970 riani,
415 3904 656 3977 suisque
684 3903 1002 3960 heredibus
1033 3903 1155 3959 iure
1189 3909 1468 3977 perpetuo
1493 3906 1876 3977 possidendas

222 3993 430 4050 domos
460 4009 572 4065 que
603 3996 743 4054 sunt
773 4009 952 4066 super
979 3991 1167 4050 voltas
1188 3993 1515 4050 concambii
1536 3995 1876 4067 Hospitalis,

223 4099 336 4156 que
368 4087 507 4138 sunt
536 4098 714 4156 super
744 4081 982 4138 furnum
1027 4086 1318 4150 nostrum,
1369 4083 1469 4154 qui
1518 4088 1606 4139 est
1654 4084 1712 4139 in
1762 4084 1874 4152 via,

223 4189 336 4246 que
368 4172 531 4227 ducit
561 4171 632 4228 ad
664 4175 923 4229 montem
956 4172 1199 4243 Syon,ct
1221 4172 1532 4228 stationem
1558 4189 1877 4246 unam,que

221 4266 311 4318 est
342 4261 504 4316 iuxta
529 4261 855 4333 predictum
889 4260 1147 4327 furnum,
1181 4261 1290 4318 sub
1322 4277 1502 4318 censu
1531 4278 1748 4328 annuo,
1781 4279 1878 4318 no-

221 4367 348 4407 vem
396 4349 663 4406 videlicet
711 4348 1129 4414 bizanciorum,
1175 4349 1231 4406 in
1279 4350 1570 4405 dominice
1619 4368 1877 4407 resurre-

221 4439 436 4496 ctionis
467 4437 684 4495 octavis
715 4437 993 4510 Sepulcro
1024 4438 1325 4494 Dominico
1360 4439 1737 4510 persolvendo
1767 4459 1779 4507 ;
1811 4457 1876 4496 ea

1983 535 2140 583 mus,
2170 517 2264 574 cui
2295 517 2541 574 voluerit
2571 516 2955 589 burgensium
3002 515 3090 572 vel
3140 517 3540 590 Suryanorum
3569 517 3638 556 ⁷⁷³

1980 608 2264 664 vendendi
2297 610 2641 680 potestatem
2673 606 2952 672 obtineat,
2985 606 3068 662 ita
3095 606 3401 661 dumtaxat
3443 609 3507 660 ut
3535 603 3637 677 qui

1984 699 2163 754 emeri
2193 696 2523 770 sta[tu]tum
2557 713 2819 763 censum,
2856 699 2920 752 ut
2950 696 3236 767 preﬁxum
3265 697 3375 762 est,
3430 694 3488 749 in
3535 694 3638 750 do-

1983 785 2194 842 minice
2213 785 2656 842 resurrectionis
2677 785 2895 840 octavis
2913 783 3232 856 Sepulchro
3256 783 3489 840 Domini
3512 783 3641 840 abs-

1984 891 2097 946 que
2140 879 2340 930 nostra
2385 875 2584 946 aliqua
2630 873 2927 930 exactione
2975 872 3300 945 persolvat;
3349 872 3399 928 si
3443 876 3637 928 autem

1985 964 2268 1036 preﬁxum
2300 965 2455 1020 diem
2487 961 3032 1035 pertransierit,nos
3053 963 3259 1018 domos
3280 966 3336 1017 et
3359 959 3636 1033 quicquid

1985 1051 2063 1107 ibi
2097 1051 2296 1107 fecerit
2326 1052 2546 1123 absque
2577 1049 2912 1123 calumpnia
2943 1049 3369 1121 possideamus.
3408 1048 3489 1103 De
3515 1051 3641 1102 sta-

1983 1139 2140 1196 tione
2173 1144 2388 1207 autcm,
2419 1156 2531 1212 que
2563 1143 2651 1195 est
2681 1139 2841 1194 iuxta
2871 1140 3130 1203 furnum,
3164 1137 3334 1193 cuius
3365 1135 3638 1208 superius

1985 1229 2232 1286 fecimus
2266 1229 2704 1296 mentionem,si
2731 1245 2833 1300 per
2861 1244 2989 1284 eam
3021 1227 3070 1282 ei
3104 1226 3364 1298 dapnum
3397 1225 3639 1280 advene-

1986 1318 2084 1383 rit,
2117 1336 2222 1373 nos
2251 1318 2414 1373 nulla
2445 1318 2668 1373 ratione
2716 1317 2767 1372 ei
2799 1316 3152 1389 respondere
3200 1315 3501 1380 debemus,
3535 1313 3637 1368 sed

1986 1407 2058 1461 ab
2091 1407 2216 1479 ipso
2247 1407 2606 1462 emendetur.
2649 1406 2878 1462 Clavem
2929 1404 3218 1477 siquidem
3251 1403 3502 1459 cisterne
3534 1417 3639 1458 sue

1986 1497 2257 1568 potestati
2289 1496 2672 1563 comittimus,
2690 1496 2770 1551 ita
2800 1500 2864 1551 ut
2885 1498 3228 1567 procurator
3248 1492 3404 1548 furni
3431 1492 3492 1546 in
3514 1490 3641 1547 refi-

1987 1585 2207 1641 ciendis
2238 1585 2561 1658 parietibus
2593 1584 2767 1652 furni,
2819 1585 2869 1640 si
2919 1601 3068 1656 Opus
3113 1581 3310 1649 fuerit,
3341 1580 3556 1637 scamis
3585 1583 3642 1636 et

1987 1676 2193 1730 ceteris
2215 1675 2588 1744 utilitatibus,
2611 1691 2721 1748 que
2743 1674 2813 1729 ad
2847 1673 3107 1729 officium
3139 1671 3292 1728 furni
3328 1670 3637 1743 pertinent,

1987 1770 2275 1836 quantum
2304 1781 2452 1836 opus
2483 1764 2653 1820 fuerit
2701 1764 2771 1820 de
2819 1779 2972 1835 aqua
3024 1761 3289 1833 accipiat.
3328 1761 3395 1816 Ut
3442 1763 3642 1816 autem

1985 1851 2092 1906 hec
2123 1858 2326 1909 nostra
2355 1852 2654 1908 concessio
2687 1851 3056 1924 presentibus
3088 1865 3152 1904 ac
3181 1847 3393 1904 futuris
3425 1852 3644 1918 tempo-

1986 1943 2152 1998 ribus
2202 1942 2292 1998 sui
2341 1942 2557 2013 vigoris
2605 1941 2864 1996 obtineat
2913 1939 3276 2005 firmitatem,
3327 1953 3460 1992 cum
3511 1933 3644 1994 istia

1987 2031 2338 2104 subscriptis
2365 2031 2614 2087 testibus
2647 2030 2830 2086 nostri
2863 2028 3038 2107 sigilli
3063 2026 3390 2085 munimine
3413 2025 3644 2082 robora-

1988 2125 2085 2176 tur
2118 2138 2130 2176 :

2132 2210 2418 2266 Iohannes
2448 2207 2783 2264 Vaccarius.
2816 2205 3179 2273 Fulcherius,
3229 2203 3472 2260 aurifex.
3523 2202 3644 2258 Ior-

2201 2301 2411 2364 danus,
2447 2297 2712 2354 clericus.
2738 2297 3074 2362 Herbertus,
3101 2291 3492 2350 numularius.
3517 2290 3645 2347 Siti-

2202 2389 2422 2444 bertus.
2457 2385 2763 2444 Itainerius
2795 2385 2864 2442 de
2889 2389 3061 2439 Arrat
3090 2385 3177 2437 ⁷⁷³.
3215 2383 3416 2439 Petrus
3442 2378 3644 2436 Bardi-

2203 2496 2334 2534 nus.
2370 2475 2718 2543 Willelmus,
2751 2475 3211 2548 drogomannus.
3250 2471 3558 2536 Iohannes,
3581 2469 3645 2526 fi—

2203 2567 2319 2624 lius
2349 2566 2495 2623 eius.
2529 2565 2818 2623 Iohannes
2859 2563 2930 2620 de
2975 2562 3170 2620 Pedio.
3224 2561 3511 2618 Robertus
3541 2561 3646 2616 00-.

2205 2676 2330 2716 CUS.

2059 2752 2271 2803 Actum
2303 2763 2456 2802 anno
2487 2744 2778 2801 dominice
2819 2740 3238 2800 incarnationis
3288 2755 3519 2805 Μελίαν,
3551 2736 3643 2793 i-n-

1989 2837 2243 2894 dictione
2273 2853 2350 2902 vr,
2385 2851 2586 2892 mense
2617 2831 2840 2905 aprilis.

2060 2925 2354 2996 Scriptum
2387 2941 2489 2996 per
2520 2939 2762 2978 manum
2793 2920 3017 2987 Donati,
3068 2917 3299 2977 diaconi
3351 2921 3408 2976 et
3455 2915 3648 2978 scribe

1989 3013 2252 3088 Sepulcri
2285 3012 2536 3070 Domini.

2652 3119 2863 3175 LXXXI
2894 3119 2981 3175 77‘.

1993 3228 2360 3268 PRIVILEGIUM
2394 3227 2654 3266 AMALRICI
2690 3225 2914 3264 PRIORIS
2946 3223 3017 3266 DE
3044 3222 3250 3275 VINEIS,
3281 3220 3427 3267 QUAS
3457 3219 3644 3259 ΝΕΜῑΒ

2061 3300 2350 3341 SURIANUS
2401 3299 2467 3337 ET
2514 3299 2639 3336 mur
2689 3297 2817 3336 slus
2866 3297 2932 3335 ετ
2978 3295 3107 3334 mm
3157 3292 3396 3335 PRA'I‘RIS
3445 3291 3539 3332 svi
3577 3275 3645 3309 ⁷⁷⁵

2060 3373 2282 3410 ΗΑΒΕΝΤ
2318 3371 2468 3409 APUD
2509 3369 2895 3408 CALANDRIAM.

2060 3463 2123 3518 In
2157 3461 2390 3518 nomine
2421 3463 2620 3516 sancte
2650 3464 2706 3515 et
2737 3458 3034 3514 individue
3055 3455 3359 3514 Trinitatis
3382 3451 3574 3510 Patris.
3588 3454 3648 3508 et

1990 3551 2118 3608 Filii
2151 3555 2208 3606 et
2239 3550 2492 3622 Spiritus
2523 3549 2740 3618 Sancti,
2774 3564 2966 3604 amen.

2060 3639 2354 3711 Quidquid
2385 3641 2450 3674 ⁷⁷⁵
2483 3638 2700 3711 aliquis
2729 3641 2930 3693 sancte
2953 3635 3194 3693 ecclesie
3216 3634 3477 3708 peclatus
3501 3635 3646 3690 nutu

1988 3730 2079 3786 sui
2111 3728 2352 3802 capituli
2386 3727 2558 3784 alicui
2583 3725 2866 3793 concedit,
2889 3725 3125 3798 provide
3147 3723 3334 3780 tenaci
3358 3723 3654 3795 scripture.

1984 3819 2217 3876 vinculo
2248 3822 2473 3890 oportet
2526 3816 2804 3872 memorie
2849 3815 3026 3881 tradi,
3077 3831 3150 3869 ne
3202 3809 3654 3870 decurrentibus

1986 3909 2370 3982 temporibus,
2404 3907 2558 3979 quod
2613 3905 2778 3979 prius
2829 3922 2934 3961 suo
2983 3905 3214 3961 decreto
3262 3902 3645 3959 terminatum

1986 4000 2195 4062 fuerat,
2217 4001 2418 4070 postea
2444 3995 2502 4050 in
2535 3995 2898 4052 contrarium
2929 3997 3152 4073 surgat,
3173 3997 3230 4048 et
3250 3990 3442 4064 iurgia
3469 3994 3525 4045 et
3555 4006 3645 4046 re-

1986 4087 2330 4161 plicationes
2365 4085 2507 4140 forte
2538 4085 2673 4139 inde
2703 4087 3074 4156 generentur.
3110 4081 3274 4140 Unde
3317 4095 3422 4152 ego
3453 4077 3646 4134 Amal-

1986 4179 2163 4242 ricus,
2184 4173 2420 4247 gloriosi
2445 4171 2706 4245 Sepulcri
2732 4173 2907 4245 prior,
2922 4176 2978 4228 et
2999 4175 3157 4227 totus
3185 4169 3448 4228 eiusdem
3479 4179 3648 4224 cano"

1985 4266 2250 4322 nieorum
2285 4267 2603 4319 conventus
2636 4261 2847 4317 Nemes
2880 4259 3129 4328 Suriano
3169 4261 3234 4294 ⁷⁷⁷
3267 4263 3324 4314 et
3353 4257 3488 4313 filiis
3519 4255 3646 4314 suis

1985 4359 2041 4410 et
2071 4351 2208 4409 filiis
2238 4349 2432 4406 fratris
2463 4350 2555 4405 sui
2589 4349 2827 4406 Antonii
2857 4352 3063 4416 terras,
3111 4348 3330 4413 vineas,
3366 4363 3514 4418 quas
3560 4349 3644 4402 te-

1985 4448 2126 4498 nent
2156 4440 2310 4513 apud
2342 4438 2732 4503 Calandriam,
2766 4443 2822 4493 et
2864 4454 3013 4508 quas
3047 4437 3169 4508 ipse
3207 4440 3266 4491 et
3293 4435 3395 4490 lilii
3432 4433 3560 4492 eius
3589 4439 3647 4492 et

221 4529 444 4586 scilicet
474 4528 694 4586 ratione
717 4532 799 4595 ut,
821 4527 869 4583 si
894 4544 961 4582 ex
992 4526 1249 4584 inferiori
1281 4532 1444 4600 parte
1475 4529 1878 4602 superioribus
1909 4553 1954 4617 Β
1986 4531 2088 4586 filii
2119 4527 2352 4585 Antonii
2389 4525 2585 4582 fratris
2614 4524 2704 4582 sui
2737 4525 2817 4580 ibi
2847 4523 3115 4581 videlicet
3137 4523 3194 4577 in
3228 4526 3527 4594 posterum
3559 4537 3646 4576 ac-

219 4617 518 4685 domibus,
549 4634 662 4690 que
694 4621 831 4672 sunt
862 4632 1038 4688 super
1069 4616 1278 4685 voltas,
1298 4622 1498 4675 nostra
1526 4618 1882 4692 negligentia

222 4708 548 4781 dampnum
599 4705 928 4768 accesserit,
962 4706 1305 4764 emendetur
1337 4724 1372 4764 a
1401 4707 1608 4774 nobis;
1644 4709 1798 4780 quod
1831 4710 1881 4765 si

222 4796 384 4856 illius
414 4794 769 4870 negligentia
794 4812 827 4854 a
857 4794 1143 4868 superiori
1165 4796 1240 4851 ad
1262 4795 1538 4854 inferiora
1558 4797 1879 4870 dampnum

222 4885 545 4954 advenerit,
575 4885 647 4941 ab
680 4884 808 4957 ipso
841 4884 1200 4941 emendetur.
1222 4885 1506 4957 Quicquid
1538 4891 1730 4942 autem
1765 4887 1883 4943 edi-

223 4975 340 5034 ﬁcii
371 4991 550 5048 super
578 4974 708 5042 hoc,
743 4973 898 5046 quod
927 4972 1264 5030 ediﬁcatum
1296 4979 1404 5040 est,
1438 4974 1808 5044 edificaverit,
1825 4981 1883 5032 et

221 5065 420 5138 aliquo
451 5063 792 5127 adveniente
823 5068 1083 5136 tempore
1114 5062 1288 5120 alicui
1326 5063 1572 5121 vendere
1614 5063 1879 5131 voluerit,

222 5155 394 5212 nobis
425 5170 544 5209 una
573 5151 813 5212 marcha
869 5152 1093 5225 argenti
1143 5151 1428 5207 vendatur
1475 5151 1658 5210 levius
1703 5171 1880 5226 quam

291 5314 360 5349 ⁷⁶⁰
392 5314 454 5378 Β,
506 5313 879 5385 Sydom’ensis.
913 5315 977 5350 ⁷⁸⁷
1021 5318 1083 5379 Β,
1135 5311 1308 5370 Helio.
1337 5313 1406 5348 ⁷⁶²
1444 5314 1505 5376 B,
1558 5315 1876 5385 inter/uera:

2006 5317 2044 5351 5³
2084 5317 2142 5380 Β,

1989 4620 2221 4692 quirere
2251 4615 2525 4690 poterint,
2556 4617 2836 4687 perpetuo
2870 4613 2995 4668 iure
3026 4611 3410 4684 possidendas
3439 4626 3645 4666 conce-

1990 4710 2210 4778 dimus,
2244 4723 2312 4762 ea
2344 4703 2608 4759 videlicet
2636 4703 2969 4758 conditione
3000 4703 3065 4736 ⁷⁷⁸
3100 4705 3164 4758 ut
3194 4699 3442 4772 singulis
3471 4699 3644 4754 annis

1991 4797 2362 4853 medietatem
2378 4796 2404 4848 f
2402 4797 2603 4849 ructus
2618 4796 2790 4857 terre,
2802 4790 3068 4846 videlicet
3084 4789 3349 4846 omnium
3366 4786 3644 4860 anno[na]

1991 4903 2124 4942 rum
2154 4887 2222 4920 "9
2251 4887 2308 4940 et
2333 4884 2636 4939 vinearum
2668 4884 2722 4936 et
2753 4880 3051 4944 arborum,
3075 4895 3223 4950 quas
3247 4876 3357 4950 ipsi
3381 4877 3496 4932 iam
3529 4875 3646 4932 edi-

1993 4977 2310 5031 ﬁcaverunt
2337 4972 2424 5028 vel
2459 4973 2516 5026 in
2567 4974 2869 5043 posterum
2920 4968 3298 5034 ediﬁcabunt,
3348 4965 3644 5024 canonicis

1992 5063 2198 5138 prefati
2227 5066 2547 5119 conventus
2579 5059 2828 5116 fideliter
2870 5059 3134 5115 reddant.
3167 5058 3236 5114 Et
3285 5062 3348 5114 ut
3376 5072 3509 5112 vero
3540 5054 3644 5110 hec

1991 5158 2192 5209 nostra
2216 5150 2514 5206 concessio
2535 5153 2654 5206 tam
2677 5148 3046 5222 presentibus
3065 5163 3246 5218 quam
3269 5144 3484 5202 futuris
3503 5149 3646 5200 tem-

2193 5314 2522 5385 porcione~m_.
2553 5311 2628 5385 ⁷⁶ξ
2668 5310 3172 5385 Βλιῂσηςαυζᾳνᾲεδ.
3215 5307 3283 5344 ⁷⁸⁸
3329 5307 3408 5385 B,_
3438 5305 3640 5385 ΑοΙιοῃ·

220 5385 290 5420 ⁷⁸⁸
319 5385 379 5457 Β,
412 5373 756 5441 Ᾰάαῖιανιάδ.
789 5387 855 5420 ⁷⁸⁷
886 5387 944 5454 Β,
993 5373 1320 5457 Bch/tensis.
1351 5386 1416 5419 ⁷⁵⁸
1450 5373 1507 5449 B,
1559 5373 1876 5443 Pictdvcnsi.

2006 5389 2019 5422 ³
2067 5373 2140 5446 Α(
2169 5373 2211 5439 Γῦ
2238 5387 2328 5448 72,
2361 5390 2456 5457 vi;
2484 5382 2554 5457 Β,
2605 5381 2648 5435 tb
2693 5373 2804 5457 815'
2835 5395 2905 5457 ro.
2946 5381 3023 5457 ,⁷⁷0
3075 5380 3349 5457 Manque_
3377 5378 3524 5432 dans

217 5457 285 5491 ⁷τ¹
316 5456 378 5529 Β2
407 5457 699 5529 Bernardi.
731 5458 800 5491 ⁷⁷²
830 5457 896 5526 Β,
927 5449 1312 5529 Βῃνίαῇονιιηι.
1360 5458 1446 5529 ⁷⁷³ᾃ
1471 5457 1533 5522 Β,
1584 5467 1786 5514 Arms.
1821 5461 1876 5494 ⁷⁷³

2014 5459 2057 5512 t'u
2085 5460 2176 5520 73,
2209 5471 2286 5518 xv,
2315 5459 2370 5508 et
2405 5454 2448 5508 fo
2477 5453 2567 5529 9:5,
2605 5453 2802 5529 r°_;__B,_
2846 5453 2890 5508 fo
2938 5453 3048 5529 84,Δ
3078 5465 3158 5529 v0.
3211 5449 3434 5529 "ibes
3487 5451 3642 5529 mets

215 5534 277 5604 et
317 5519 428 5604 ﬁlii
471 5529 665 5604 [tetris
715 5531 807 5586 sui
857 5519 1181 5600 {nanquent
1231 5529 1379 5586 dans
1431 5527 1492 5582 Β.
1521 5519 1610 5564 ’⁷⁷⁸
1661 5531 1717 5597 Β,
1769 5535 1876 5604 Qui

2006 5531 2066 5584 'd.
2118 5530 2183 5563 ⁷⁷⁷
2236 5529 2297 5583 Β.
2349 5527 2611 5596 Syriano.
2659 5525 2728 5559 ⁷⁷⁸
2776 5526 2833 5591 Β,
2885 5523 3220 5580 condicione.
3273 5520 3342 5555 ⁷⁷⁹
3381 5519 3642 5576 Restitué

218 5598 454 5672 d'apres
485 5603 550 5654 Β.
