4012 6072
211 276 370 339 1189

1216 277 1719 340 CARTULAIRE
1762 275 1869 340 DU
1914 275 2147 337 SAINT
2190 275 2616 339 SEPULCRE.

3465 281 3621 342 1190

209 408 373 467 obitu
402 406 696 463 iusticiam
726 406 964 481 gloriosi
994 407 1257 480 Sepulcri
1286 426 1457 481 posse
1488 408 1733 481 deprimi
1756 408 1864 464 for-
1891 411 1944 476 Α
1975 424 2173 464 remus
2203 408 2330 463 iura
2358 407 2645 464 Dominici
2677 407 2960 480 Sepulcri,
2993 424 3107 480 que
3135 410 3495 482 temporibus
3525 428 3626 467 an-

210 497 525 565 midantes,
561 496 716 569 quod
765 512 862 552 ore
907 498 1096 552 veraci
1128 502 1186 553 et
1224 500 1396 555 corde
1426 497 1670 554 memori
1700 501 1866 553 erant

210 586 635 652 conﬁrmaturi,
669 589 858 641 totum
889 586 961 641 ad
994 584 1232 658 plenum
1264 586 1473 643 litteris
1517 592 1863 643 annotatum

211 675 593 748 reliquerunt,
627 679 692 730 ut
722 674 780 729 in
814 679 1134 746 posterum,
1169 674 1216 731 si
1242 676 1559 732 necessitas
1584 677 1728 732 forte
1748 675 1863 731 exi-

210 764 380 838 gerit,
432 780 536 837 pro
584 763 710 819 viva
757 780 894 820 voce
942 763 1141 837 scripti
1175 782 1289 821 non
1333 766 1483 821 desit
1524 765 1862 822 auctoritas.

212 852 475 910 Testium
509 870 741 925 quoque
773 854 1013 909 nomina
1054 859 1194 910 sunt
1223 854 1366 911 hec:
1408 855 1743 928 Gregorius,
1774 872 1865 911 ec-

214 942 388 999 clesie
420 943 630 999 Sancte
677 942 855 998 Mario
905 947 1140 1012 cantor;
1182 943 1459 1011 Thomas,
1510 946 1863 1012 subcantor;

215 1030 486 1099 Michael,
519 1031 676 1087 ﬁlius
723 1030 972 1088 Molkem
994 1033 1089 1101 858;
1123 1033 1440 1103 Abraham,
1475 1033 1631 1089 ﬁlius
1663 1034 1864 1089 Sucar.

214 1122 502 1178 Omnibus
534 1121 771 1177 tandem
825 1139 940 1177 non
973 1121 1100 1177 sine
1144 1122 1433 1180 lionerosa
1478 1123 1869 1179 differendi83°

212 1210 563 1283 prolixitate,
597 1210 712 1266 Deo
732 1215 986 1279 auctore,
1009 1212 1081 1267 ad
1105 1212 1426 1283 perfectum
1453 1212 1738 1279 deductis,
1762 1228 1867 1285 ego

214 1300 603 1369 Rziimundus,
635 1300 737 1355 Dei
769 1304 916 1356 nutu
950 1302 1224 1374 princeps
1250 1301 1666 1370 Antiochenus,
1692 1302 1792 1357 sed
1815 1305 1872 1358 et

213 1389 457 1445 domina
484 1388 825 1446 Constantia
856 1389 1226 1463 principissa,
1262 1407 1393 1447 mea
1424 1409 1568 1447 uxor
1593 1390 1869 1446 illustris-

214 1479 387 1546 sima,
421 1477 753 1552 legitimum
785 1479 933 1535 facte
964 1479 1353 1536 investitionis
1373 1482 1443 1515 ⁸⁶⁰
1473 1480 1693 1536 donum
1725 1481 1869 1536 Sau-

216 1567 481 1623 clissimo
507 1567 738 1623 Domini
763 1567 1040 1640 Sepulcro
1062 1568 1186 1641 pari
1210 1586 1456 1625 assensu
1486 1574 1544 1625 et
1560 1569 1871 1625 donatione

216 1656 277 1711 in
310 1660 577 1712 eternum
606 1656 800 1729 quiete
830 1656 1254 1729 possidendum
1288 1658 1497 1714 damus
1521 1664 1577 1714 et
1606 1658 1871 1714 concedi-

218 1762 354 1801 mus
381 1761 396 1812 ;
440 1744 750 1816 principali
793 1763 1025 1818 quoque
1055 1746 1234 1803 huius
1264 1746 1546 1821 privilegii
1574 1747 1874 1819 nostrique
1907 1783 1952 1849 Β

220 1832 399 1907 sigilli
428 1833 871 1890 conﬁrmatione
903 1836 1235 1891 decoratum
1258 1840 1539 1908 perpetua
1559 1836 1875 1892 stabilitate

220 1921 653 1995 premunimus.

294 2012 537 2067 Factum
567 2015 655 2067 est
675 2015 869 2068 autem
894 2011 1002 2067 hoc
1024 2011 1390 2086 privilegium
1408 2031 1561 2070 anno
1593 2013 1877 2070 inearnati

222 2100 327 2156 Dei
356 2100 532 2157 Verbi
563 2089 738 2169 Μαι,
769 2117 969 2158 mense
998 2101 1192 2174 aprili,
1217 2102 1532 2160 indictione
1562 2121 1644 2172 ιιι,
1670 2108 1877 2176 quarto

222 2207 459 2262 quoque
490 2206 642 2245 anno
675 2190 1042 2263 principatus
1072 2190 1296 2247 domini
1317 2192 1654 2260 Raimundi,
1679 2194 1877 2249 Antio-

221 2278 392 2334 cheni
426 2278 708 2351 principis
731 2277 1118 2334 invictissimi.
1153 2280 1357 2335 Testes
1389 2280 1734 2353 subscripti:

371 2367 966 2436 DomnusGaudinus,
985 2368 1372 2425 Mamistanus
1383 2370 1877 2443 archiepiscopus.

440 2457 704 2513 Domnus
735 2457 921 2529 Hugo,
955 2456 1306 2513 Gabulensis
1326 2460 1390 2493 ⁸⁶¹
1424 2459 1754 2531 episcopus.
1786 2460 1879 2514 Ai-

441 2545 713 2613 mericus,
749 2546 1004 2601 decanus
1035 2546 1351 2603 Antiochie.
1384 2547 1712 2603 Willelmus
1745 2549 1882 2603 Bra-

445 2635 671 2705 chetus,
696 2639 753 2690 et
783 2635 1121 2703 Aimericus,
1147 2640 1323 2707 atque
1344 2636 1677 2692 Willelmus
1698 2637 1883 2692 Picta-

444 2724 680 2791 viensis,
713 2724 997 2796 capellani
1030 2723 1250 2780 scilicet
1279 2724 1496 2797 palatii.
1532 2725 1882 2795 Willelmus,

450 2814 598 2869 Petri
646 2812 913 2869 clericus.
970 2814 1197 2882 Petrus,
1261 2814 1576 2871 canonicus
1634 2816 1883 2887 Templi.

448 2902 801 2959 Godofridus
837 2903 928 2971 ⁸⁸³,
994 2904 1314 2960 canonicus
1380 2904 1578 2960 Sancti
1633 2905 1884 2961 Abrahe.

448 2992 634 3064 Drogo
664 2995 722 3048 et
748 2992 1104 3062 Goisbertus,
1137 2992 1362 3065 Templi
1398 2992 1633 3051 milites.

378 3080 661 3154 Rogerius
674 3080 743 3135 de
756 3080 1075 3147 Montibus,
1091 3081 1482 3137 constabulari
1493 3100 1579 3138 us.
1597 3082 1889 3139 Galterius

1973 496 2272 568 tiquorum
2291 497 2607 554 Grecorum
2626 502 2684 553 et
2704 498 2955 554 subinde
2975 500 3299 554 Turcorum
3321 498 3509 555 eidem
3533 500 3627 556 Se-

1974 586 2176 657 pulcro
2218 586 2630 654 deservieraut,
2685 587 2836 642 inter
2882 591 3074 643 cetera
3121 586 3313 643 inveni
3345 587 3403 643 in
3436 588 3626 659 capite

1974 675 2168 746 pontis
2200 679 2381 747 porte,
2417 692 2529 747 que
2559 676 2629 732 de
2661 676 2882 732 Comite
2913 680 3305 750 nuncupatur,
3341 693 3517 749 super
3546 677 3624 732 ri-

1976 780 2110 834 pam
2135 764 2394 819 fluminis
2416 764 2660 832 Orontii,
2680 766 2796 821 duo
2819 765 2945 822 loca
2966 767 3037 821 ad
3063 765 3414 829 molendina,
3442 783 3627 822 unum

1974 853 2311 909 ediﬁcatum
2332 858 2391 909 et
2411 853 2567 909 aliud
2592 859 2903 921 vastatum,
2930 871 3041 928 que
3070 854 3166 911 diu
3191 856 3629 927 predecessores

1975 942 2238 998 canonici
2272 942 2555 998 Dominici
2601 943 2863 1015 Sepulcri
2893 944 3071 1000 libere
3103 944 3449 1000 hereditario
3480 944 3626 1013 iure,

1977 1031 2129 1086 sicut
2148 1031 2528 1103 prediximus,
2549 1032 2742 1104 quiete
2766 1033 3163 1105 possederant.
3186 1033 3347 1089 Unde
3364 1033 3631 1107 diligenti

1974 1120 2401 1177 examinatione
2417 1126 2677 1177 scrutata
2690 1139 2825 1178 cum
2844 1122 3079 1179 domino
3102 1122 3452 1191 Raimundo,
3477 1122 3633 1196 prin-

1977 1209 2104 1281 cipe
2135 1208 2396 1265 eiusdem
2442 1210 2715 1278 civitatis,
2748 1215 2925 1283 atque
2953 1228 3089 1267 cum
3135 1212 3397 1284 antiquis
3429 1212 3630 1269 Suria-

1977 1299 2071 1355 nis
2091 1299 2178 1367 37°,
2212 1299 2313 1371 qui
2362 1297 2612 1356 ﬁdeliter
2641 1299 2948 1357 nobiscum
2982 1318 3180 1357 curam
3214 1301 3628 1371 adhibuerunt,

1979 1404 2213 1459 operam
2238 1389 2538 1444 communi
2558 1388 2799 1446 consilio
2822 1390 3091 1446 dedimus
3114 1396 3178 1446 ut
3201 1391 3259 1447 in
3283 1390 3632 1448 molendinis

1979 1476 2116 1544 illis,
2151 1476 2386 1533 nomine
2416 1478 2727 1549 Funeidec,
2772 1479 2871 1550 qui
2903 1478 3020 1535 iam
3053 1480 3267 1552 partim
3316 1480 3632 1537 reediﬁcati

1980 1571 2165 1632 erant,
2198 1566 2345 1622 duas
2376 1572 2533 1623 rotas
2564 1586 2597 1623 a
2627 1572 2790 1639 parte
2820 1568 3082 1625 ﬂuminis
3129 1569 3319 1625 tribus
3368 1570 3635 1627 Surianis

1982 1657 2518 1724 accomodaremus,
2539 1657 2761 1712 scilicet
2778 1656 3100 1723 Nichefore,
3120 1657 3406 1727 Michaeli,
3431 1659 3639 1716 Nicho-

1981 1744 2055 1811 le,
2090 1744 2200 1800 sibi
2233 1750 2289 1801 et
2315 1746 2439 1801 suis
2483 1744 2759 1818 legitimis
2805 1745 3120 1802 heredibus
3168 1749 3636 1805 manutcnendas

1985 1833 2044 1889 in
2078 1834 2241 1890 feodo
2270 1833 2537 1903 villanie;
2570 1834 2655 1890 ita
2681 1840 2747 1891 ut
2770 1852 2975 1891 omnes
3000 1852 3283 1909 expensas
3315 1837 3387 1893 ad
3410 1854 3639 1894 earum-

1985 1924 2117 1978 dem
2136 1940 2311 1996 opera
2332 1924 2713 1991 necessarias,
2736 1928 2856 1980 tam
2874 1925 2933 1980 in
2953 1925 3102 1981 ferro
3126 1924 3356 2000 etligno
3378 1943 3555 1999 quam
3578 1927 3636 1982 in

1986 2012 2179 2085 lapide
2208 2017 2264 2068 et
2308 2013 2584 2069 omnibus
2634 2013 3006 2082 utensilibus,
3052 2014 3163 2087 ipsi
3194 2032 3297 2087 per
3326 2031 3387 2072 se
3418 2019 3636 2088 aptent,

1985 2106 2105 2157 tam
2139 2102 2197 2156 in
2229 2119 2381 2175 aqua
2411 2119 2589 2174 quam
2619 2107 2778 2159 extra
2809 2119 3043 2175 aquam,
3075 2108 3196 2159 tam
3228 2103 3288 2160 in
3319 2105 3494 2161 domo
3516 2121 3640 2161 mo-

1988 2191 2207 2246 lendini
2240 2208 2419 2263 quam
2451 2196 2613 2247 extra
2642 2192 2882 2247 domum
2911 2211 2925 2260 ;
2959 2193 3061 2249 sed
3087 2193 3384 2250 exclusam
3416 2211 3451 2249 a
3482 2199 3643 2267 parte

1991 2280 2271 2345 fluminis,
2305 2280 2457 2335 sicut
2489 2280 2698 2336 melius
2730 2284 3042 2353 potuerint,
3076 2283 3374 2338 communi
3406 2283 3643 2340 utilitati

1990 2369 2256 2424 omnium
2291 2374 2569 2436 rotarum,
2598 2386 2710 2441 que
2733 2370 2790 2424 in
2813 2370 2985 2425 domo
3008 2371 3241 2439 fuerint,
3265 2373 3564 2441 ediﬁcent;
3589 2377 3645 2429 et

1992 2459 2176 2529 utipsi
2195 2459 2264 2513 de
2284 2459 2514 2514 duabus
2532 2458 2673 2514 rotis
2695 2460 2972 2530 predictis
2991 2460 3363 2517 medietatem
3388 2463 3458 2518 de
3480 2467 3642 2522 omni
3720 2518 3729 2529 κ

1992 2547 2405 2619 adquisitione,
2438 2564 2614 2619 quam
2664 2548 2924 2614 fecerint,
2958 2554 3076 2604 tam
3108 2549 3168 2604 in
3203 2567 3436 2606 annona
3465 2569 3643 2624 quam

1993 2636 2050 2690 in
2086 2637 2272 2691 farina
2299 2636 2384 2690 vel
2418 2636 2679 2708 piscibus
2727 2654 2828 2692 seu
2862 2638 3010 2705 aliis,
3044 2639 3316 2706 habeant,
3349 2646 3405 2696 et
3434 2642 3504 2697 de
3536 2658 3645 2697 sua

1997 2726 2306 2781 medietate
2334 2726 2637 2781 custodem
2659 2728 3020 2795 earumdem,
3046 2727 3267 2784 scilicet
3288 2729 3647 2786 molendina-

1996 2814 2171 2879 rium,
2200 2813 2391 2884 precio
2417 2814 2768 2879 conducant,
2791 2819 2849 2869 et
2881 2816 3273 2873 concanonico
3313 2822 3510 2874 nostro
3541 2835 3646 2875 seu

1996 2902 2182 2967 fratri,
2217 2900 2318 2973 qui
2368 2906 2604 2974 propter
2650 2918 2757 2958 nos
2786 2901 3006 2959 ibidem
3058 2904 3297 2961 domina
3335 2906 3644 2978 [bi]tnr"“,

1999 2990 2174 3046 aliam
2207 2993 2428 3063 partem
2474 2990 2742 3057 reddant,
2775 3007 2841 3046 eo
2872 2995 3068 3048 tenore
3101 2997 3165 3048 ut
3192 2993 3432 3050 insimul
3464 2997 3648 3068 partis

1999 3084 2334 3136 conservate
2367 3078 2524 3134 nullo
2557 3080 2729 3135 modo
2774 3081 2996 3153 absque
3044 3086 3242 3139 nostro
3273 3083 3515 3151 famulo,
3548 3085 3649 3159 qui

450 3149 520 3225 de
552 3168 911 3237 Surdavalle,
957 3170 1208 3226 Garento
1250 3170 1320 3226 de
1369 3170 1577 3227 Saone.
1613 3171 1789 3228 Fulco
1818 3173 1889 3229 de
1920 3149 1962 3217 (ἶ
2001 3168 2220 3225 clavem
2247 3169 2517 3236 tenuerit,
2550 3149 2918 3224 dividantur.—
2941 3170 3156 3234 Quodsi
3178 3171 3439 3244 quolibet
3469 3149 3649 3231 infor-

450 3258 652 3315 Boino.
682 3257 1022 3314 Willelmus
1049 3258 1372 3315 Fraisnelli.
1399 3261 1510 3316 Leo
1541 3259 1886 3333 Maiopolus,

452 3348 567 3403 dux
588 3347 911 3403 Antiochie.
936 3348 1253 3405 Gaufridus
1278 3349 1348 3416 de
1369 3349 1661 3405 Guirehia.
1686 3352 1890 3407 Petrus

448 3435 732 3504 Armoini,
793 3436 1167 3493 castellanus.
1232 3438 1530 3495 Guiterius
1587 3440 1659 3495 de
1731 3440 1890 3496 Mozo

452 3526 736 3581 Ricardus
758 3526 828 3581 de
850 3525 1209 3582 Belmontm.
1236 3527 1543 3597 Robertus,
1568 3528 1726 3585 ﬁlius
1747 3529 1894 3585 Gau-

451 3615 608 3670 fridi.
642 3615 911 3687 Paganus
943 3615 1014 3670 de
1068 3615 1186 3671 Fai.
1219 3616 1534 3673 Garnerius
1566 3617 1637 3673 de
1677 3618 1888 3692 Burgo.

451 3704 617 3777 llugo
648 3705 720 3759 de
764 3703 1003 3759 Boleira.
1034 3706 1157 3760 Abo
1189 3706 1259 3759 de
1310 3704 1540 3761 Molins.
1600 3706 1777 3762 Chalo
1823 3707 1893 3762 de

453 3792 806 3849 Masiaco‘“.
824 3792 1094 3859 Basilius,
1114 3795 1494 3863 camerarius,
1513 3800 1569 3850 et
1586 3795 1890 3865 Oliverius,

455 3882 631 3937 frater
676 3881 908 3938 ciuem.
961 3882 1213 3938 Garinus
1262 3882 1513 3939 Malmus
1532 3886 1619 3952 ⁸⁸⁸,
1673 3902 1895 3941 mares-

453 3969 670 4036 calcus,
704 3970 1090 4037 Raimundus,
1124 3971 1623 4029 marescalcus‘“.
1657 3974 1897 4029 Gotefri-

455 4060 566 4115 dus
605 4061 694 4131 ⁸⁵⁸,
764 4060 1104 4116 vicecomes.
1178 4060 1538 4130 Theodorus,
1608 4062 1891 4118 notarius.

454 4148 757 4222 Georgius,
791 4149 1072 4223 magister
1101 4153 1341 4205 secrete.

312 4238 460 4294 Data
485 4236 808 4305 Antiochie,
858 4255 960 4293 x111
1008 4236 1289 4294 kalendas
1321 4238 1480 4308 maii,
1533 4256 1636 4311 per
1683 4257 1897 4297 manus

238 4327 463 4385 Odonis
493 4326 844 4383 cancellarii.

972 4416 1061 4472 XC
1082 4418 1170 4472 869.

2002 3257 2160 3314 tunio
2184 3256 2555 3313 molendinus
2577 3256 2674 3313 ille
2694 3258 3040 3325 vastabitur,
3066 3260 3305 3331 predicti
3326 3261 3559 3318 Suriani
3577 3265 3650 3321 de

1999 3365 2106 3404 suo
2139 3351 2295 3404 rotas
2323 3346 2456 3403 illas
2486 3364 2619 3403 cum
2652 3347 2986 3404 molendino
3009 3353 3066 3405 et
3094 3353 3214 3406 toto
3235 3368 3341 3407 suo
3364 3357 3649 3425 apparatu

2000 3437 2358 3503 reediﬁcent,
2390 3441 2448 3491 et
2479 3435 2631 3491 sicut
2663 3436 2919 3493 fecerant
2945 3444 3315 3507 conservent;
3337 3440 3430 3496 sin
3452 3445 3649 3497 autem

2000 3525 2143 3581 illud
2162 3525 2496 3581 reediﬁcare
2517 3524 2828 3594 noluerint,
2853 3525 3056 3581 moniti
3080 3526 3191 3582 sub
3213 3528 3366 3584 trino
3387 3530 3650 3586 testimo-

2001 3615 2098 3670 nio
2130 3615 2189 3669 in
2221 3618 2566 3686 perpetuum
2599 3614 3001 3670 exeredentur.
3038 3615 3253 3671 lterum
3284 3617 3334 3673 si
3366 3617 3652 3675 molendi-

2002 3704 2204 3759 narius
2232 3719 2433 3758 eorum
2461 3702 2612 3758 furto
2641 3703 2985 3760 convinctus
3004 3704 3074 3738 ⁸⁷³
3099 3704 3291 3772 fuerit,
3324 3711 3467 3778 quot
3497 3724 3651 3764 mar-

2002 3792 2288 3848 cibans‘m
2317 3790 2633 3863 subripuit,
2666 3796 2751 3847 tot
2784 3792 3067 3849 bisantios
3097 3795 3397 3864 emendet;
3430 3799 3486 3851 et
3510 3797 3560 3852 si
3582 3796 3654 3853 de

2003 3898 2109 3938 suo
2140 3898 2254 3936 non
2287 3880 2577 3947 habuerit,
2609 3880 2926 3937 canonicus
2955 3881 3043 3937 vel
3072 3882 3327 3939 famulus
3354 3889 3553 3940 noster
3581 3885 3654 3941 de

2004 3973 2166 4042 parte
2187 3968 2571 4024 Surianorum
2595 3968 2878 4025 bisantios
2901 3970 3249 4041 subputatos
3272 3988 3374 4043 pro
3397 3973 3653 4045 dampno

2003 4061 2358 4129 extorqueat.
2413 4058 2525 4112 Sed
2556 4061 2612 4113 et
2637 4056 2687 4113 si
2718 4058 2953 4114 Suriani
2985 4057 3071 4113 illi
3117 4058 3413 4115 villaniam
3444 4060 3654 4133 predi-

2003 4154 2160 4204 ctam
2180 4146 2427 4203 vendere
2449 4163 2550 4202 seu
2574 4146 2634 4201 in
2653 4145 3052 4202 vadimonium
3074 4163 3285 4220 ponere
3305 4148 3511 4205 alienis
3530 4165 3657 4222 pre-

2004 4234 2382 4308 sumpserint,
2407 4252 2522 4291 non
2543 4234 2627 4291 eis
2647 4234 2817 4291 liceat
2840 4236 2953 4292 nisi
2975 4237 3274 4293 communi
3294 4237 3541 4295 consilio
3564 4255 3657 4295 ca-

2005 4325 2195 4400 pituli,
2230 4324 2367 4397 quia
2396 4323 2691 4379 caritative
2720 4328 2778 4380 et
2814 4326 3033 4395 absque
3064 4325 3311 4398 pecunia
3356 4326 3655 4383 villaniam

2006 4415 2124 4472 illis
2140 4413 2430 4470 dedimus.
2451 4413 2564 4468 Hec
2580 4411 2776 4486 itaque
2794 4414 3045 4469 ﬁrmiter
3060 4415 3382 4471 manebunt
3402 4416 3514 4471 sub
3534 4432 3658 4488 pre-

242 4522 619 4562 PRIVILEGIUM
638 4523 800 4560 Ρετιιι
820 4522 1047 4560 pmoms
1066 4523 1136 4561 DE
1152 4522 1378 4561 DUOBUS
1397 4522 1763 4575 MOLENDINIS,
1786 4523 1899 4569 ous
1928 4524 1974 4589 D
2005 4509 2172 4577 cepto
2196 4502 2456 4558 canonici
2478 4502 2681 4570 nostri,
2705 4501 2806 4575 qui
2828 4519 3005 4575 super
3019 4501 3218 4558 omnia
3236 4503 3654 4560 dominabitur.

351 4594 531 4632 ΗΑΒΒΓ
562 4594 822 4632 ECCLESIA
843 4594 1039 4632 SANCTI
1071 4594 1345 4632 SEPULCRI
1377 4594 1434 4632 IN
1465 4595 1786 4633 ANTIOCHIA.

314 4684 380 4739 In
411 4682 648 4739 nomine
666 4683 851 4739 Patris
874 4688 930 4740 et
952 4682 1080 4740 Filii
1102 4687 1160 4739 et
1184 4683 1440 4756 Spiritus
1462 4684 1683 4751 Sancti,
1706 4701 1897 4740 amen.

316 4774 437 4845 Ego
470 4772 694 4839 Petrus,
728 4772 828 4829 Dei
862 4773 1051 4846 gratia
1081 4771 1238 4845 prior
1262 4773 1549 4829 Dominici
1574 4772 1898 4846 Sepulchri,

245 4860 483 4917 notitico
514 4861 739 4917 cunctis
773 4862 1062 4929 ﬁdelibus,
1088 4866 1207 4917 tam
1232 4862 1600 4934 presentibus
1622 4879 1797 4935 quam
1821 4863 1905 4918 fu-

242 4949 417 5017 turis,
453 4950 607 5022 quod
638 4949 872 5005 veniens
921 4967 1055 5005 cum
1093 4949 1448 5022 quibusdam
1497 4950 1906 5007 concanonicis

246 5039 469 5095 nostris
499 5039 569 5095 ab
594 5037 992 5096 Iherosolimis
1012 5038 1072 5094 in
1094 5037 1484 5108 Antiochiam,
1511 5044 1575 5095 ut
1593 5039 1905 5113 investiga-

2077 4594 2251 4650 Facta
2266 4591 2375 4648 fuit
2394 4595 2552 4647 carta
2573 4607 2725 4647 anno
2743 4590 3033 4648 dominice
3053 4590 3472 4648 incarnationis
3495 4609 3654 4661 MCXI,

2008 4681 2325 4738 indictione
2355 4698 2437 4749 ιιι,
2472 4680 2531 4736 in
2581 4686 2786 4753 quarto
2818 4696 2971 4736 anno
3022 4679 3386 4754 principatus
3433 4680 3659 4738 domini

2011 4770 2345 4835 Raimundi,
2366 4770 2676 4826 venerandi
2701 4769 3001 4843 principis,
3025 4774 3084 4826 et
3104 4786 3208 4826 sue
3229 4770 3497 4843 coniugis
3518 4770 3660 4827 Con-

2012 4861 2246 4917 stantie.
2281 4860 2425 4915 Hinc
2457 4862 2596 4915 sunt
2625 4864 2836 4916 testes:

2155 4947 2477 5021 ngrinus,
2547 4947 2878 5020 prepositus
2947 4948 3144 5005 Sancti
3209 4948 3493 5021 Sepulcri.
3558 4950 3659 5005 At-

2226 5038 2426 5109 que'm
2473 5036 2819 5106 Aimericus,
2868 5036 3126 5095 eiusdem
3172 5038 3509 5096 canonicus.
3561 5038 3662 5095 Ni-

321 5298 390 5333 ⁸³⁸
424 5302 488 5365 Β,
520 5297 759 5354 Molkim.
836 5298 905 5334 θδθ
934 5303 998 5367 Β,
1027 5297 1347 5355 disserendi.
1423 5298 1491 5333 ⁸⁶⁰
1520 5302 1583 5364 Β,
1617 5299 1872 5354 ἱαυεδῑίεῄ

1999 5339 2010 5352 .
2087 5297 2147 5331 ⁸⁸⁸
2185 5299 2245 5361 Β,
2294 5293 2667 5368 pabulantis,
2707 5295 2776 5330 ⁸⁸³
2804 5299 2867 5361 Β,
2921 5294 3256 5368 Godefridus.
3331 5296 3400 5332 ⁸⁸³
3429 5300 3489 5362 Β,
3539 5296 3661 5353 Bel-

249 5377 431 5425 munt.
508 5370 578 5404 ⁸⁸⁸
606 5374 668 5437 Β,
720 5365 989 5440 Masz'ago.
1056 5371 1123 5405 ⁸⁸³
1152 5374 1216 5436 Β,
1247 5370 1371 5425 eius
1415 5372 1609 5440 frater.
1686 5371 1753 5405 ⁸⁸⁸
1784 5374 1847 5439 Β,

1997 5370 2168 5423 Imus.
2244 5367 2309 5440 δεξτ
2343 5365 2419 5420 Le
2451 5367 2709 5440 nommde
2742 5383 2821 5440 ce_
2851 5365 3069 5440 témgoin'
3115 5384 3369 5440 manque
3394 5368 3562 5440 ﬁdens
3590 5369 3657 5422 A.

323 5440 392 5475 ³⁸⁸
415 5444 479 5508 Β,
513 5440 855 5508 ϐοάεῙνίάιιε.

932 5442 1090 5508 δσοΑ,
1125 5441 1171 5495 ιο
1198 5442 1288 5508 82,
1322 5437 1422 5508 ro;
1450 5445 1514 5507 Β,
1547 5440 1710 5508 e96,
1742 5437 1839 5496 ro.‘

1996 5440 2229 5511 ldanque
2261 5438 2409 5511 dans
2443 5440 2511 5511 B._
2532 5508 2549 5511 ῃ
2578 5438 2643 5511 ετξ
2669 5437 2927 5511 Restitue
2949 5437 3177 5511 dfapres
3204 5437 3292 5495 ΒῘ
3341 5439 3409 5473 ⁸⁷⁸
3440 5442 3500 5505 Β,
3524 5454 3660 5511 θρη-

250 5507 473 5590 pictus.
522 5513 591 5590 ετξ
622 5507 698 5569 Ge
729 5518 849 5590 mot
879 5515 1071 5590 paratt
1100 5528 1163 5568 se
1186 5511 1565 5590 _rapprocher
1594 5511 1665 5590 de
1697 5511 1913 5590 l’arabe
2230 5508 2331 5590 qui
2358 5507 2594 5590 sigpiﬁe
2623 5509 2851 5590 bqteau;
2885 5507 3007 5590 il_si

253 5580 508 5641 bateaux
537 5583 785 5660 charges
817 5579 899 5642 de'
914 5584 1137 5660 grains,
1170 5579 1395 5642 don't’le
1423 5584 1690 5642 meunier
1725 5581 2124 5644 détournerait
2150 5581 2235 5643 les
2248 5579 2407 5642 frais
2427 5579 2508 5639 de
2539 5583 2829 5643 mouture.
2904 5580 2974 5619 '7‘

3095 5509 3189 5565 iﬁe
3234 5511 3532 5582 peut-etre
3577 5508 3663 5571 les

3064 5580 3256 5660 anque
3285 5580 3434 5642 dans
3461 5585 3528 5644 Β.
