4012 6072
357 249 509 310 ΗΜ

890 249 992 310 AD
1038 248 1549 311 GODEFRIDUM
1595 244 1927 310 APPEND.
1978 248 2052 310 ΙΙ.
2085 280 2163 293 -
2192 247 2503 310 MONUM.
2550 248 2651 309 DE
2696 247 2943 309 BELLO
2988 245 3265 309 SACRO.

3609 241 3774 308 1192

575 378 764 445 chola,
824 380 1126 449 Gamaliel,
1175 380 1624 452 Garneri[us]m
1671 383 1847 453 atque
1894 379 2009 436 Ro-
2042 384 2096 449 Α
2125 379 2185 435 in
2225 380 2505 436 honorem
2553 370 2854 464 successit.
2909 379 3016 446 Qui
3062 378 3322 450 quelibet
3368 377 3440 434 ab
3490 378 3786 436 aVunculo

573 472 793 536 bertus,
821 471 1220 526 concanonici.
1248 471 1390 526 ltem
1414 471 1700 544 Angerius
1721 471 1808 536 ⁸⁷⁵,
1831 470 2012 526 abbas

573 560 643 615 de
665 559 877 614 Sancto
896 559 1164 632 Georgio.
1189 559 1556 627 Benedictus,
1582 563 1802 615 cantor.
1826 559 2012 614 Guido

572 647 876 721 Sylvester,
897 647 1270 704 concanonici
1295 648 1579 704 eiusdem.
1607 648 2010 718 Ioscerandus,

574 737 930 809 capellanus.
965 737 1327 805 Theodorus,
1360 737 1644 793 notarius.

1070 843 1183 900 XCI
1215 845 1301 900 ⁸⁷⁷.

361 950 732 991 PRIVILEGIUM
772 949 1080 999 RAIMUNDI,
1110 949 1466 989 TRIPOLITANI
1506 951 1731 989 COMITIS
1765 951 1834 988 DE
1866 949 2012 988 DONO

504 1021 717 1072 DOMUS,
747 1022 858 1068 QUE
887 1022 1040 1060 APUD
1074 1022 1311 1060 MONTEM
1346 1023 1717 1060 PEREGRINUM
1747 1022 1865 1060 EST.

433 1095 493 1150 In
521 1094 756 1150 nomine
789 1099 987 1150 sancte
1015 1098 1072 1149 et
1093 1094 1392 1150 individue
1412 1095 1715 1150 Trinitatis
1747 1093 1932 1149 Patris
1956 1097 2014 1149 ct

359 1183 484 1238 Filii
516 1189 572 1239 et
603 1183 856 1255 Spiritus
888 1183 1108 1247 Sancti,
1137 1201 1308 1240 amen
1332 1184 1419 1238 ⁸⁷⁸.

430 1271 892 1343 Quamplnrimis
909 1277 1083 1344 atque
1099 1273 1391 1328 autentica
1409 1271 1766 1327 firmitudine
1780 1272 2015 1344 inexpu~

360 1359 696 1432 gnabilibus
747 1360 1077 1416 divinarum
1135 1361 1608 1433 seculariumque
1657 1360 2013 1416 testimoniis

358 1450 783 1522 scripturarum
816 1450 1040 1522 liquido
1069 1454 1246 1522 patet,
1272 1450 1410 1522 quia
1429 1451 1594 1506 decet
1619 1449 1878 1505 fidelium
1905 1449 2014 1505 cle-

361 1540 642 1594 mentiam
693 1538 1025 1611 principum
1057 1556 1356 1594 servorum
1392 1539 1487 1594 Dei
1519 1540 1685 1611 equis
1717 1537 2012 1611 petitioni-

359 1629 471 1684 bus
490 1629 558 1663 ⁸⁷⁸
587 1628 982 1700 adquiescere,
1008 1633 1064 1683 et
1084 1627 1240 1683 iusta
1261 1629 1492 1700 Deoque
1515 1633 1680 1701 grata
1700 1627 2009 1697 desideria,

358 1722 424 1773 ut
441 1718 512 1773 ad
529 1717 798 1773 ef‘f‘ectum
814 1723 1284 1790 promoveantur,
1304 1719 1509 1772 devota
1527 1721 1718 1772 mente
1731 1732 2006 1772 annuere.

362 1806 540 1875 Unde,
575 1806 775 1862 sedulo
806 1811 980 1878 atque
1010 1805 1437 1862 rationabiliter
1465 1807 1574 1862 hoc
1606 1805 2008 1878 expostulante

357 1896 616 1952 Iohanne
645 1896 738 1968 pie
770 1895 1067 1966 memorie,
1103 1894 1222 1949 filio
1253 1901 1428 1968 atque
1461 1896 1738 1950 canonico
1771 1894 2011 1950 ecclesie

361 1985 559 2040 Sancti
582 1984 868 2056 Sepulcri,
893 1985 1258 2040 Raimundus
1277 2001 1471 2040 comes
1493 1990 1668 2056 atque
1689 1984 2012 2040 Christiane

359 2074 575 2129 milicie
594 2075 662 2108 ⁸⁸η
691 2073 1213 2129 excellentissimus
1244 2073 1513 2145 princeps
1537 2073 1594 2127 in
1618 2073 1884 2143 partibus
1915 2072 2014 2142 Sy-

360 2163 463 2230 rie,
479 2161 744 2218 sollerter
754 2162 946 2217 sciens
959 2163 1098 2233 quia
1115 2162 1372 2233 precium
1388 2161 1807 2232 redemptionis
1819 2164 2012 2216 anime

357 2252 464 2306 viri
497 2256 585 2306 est
616 2252 766 2306 iuste
813 2251 1110 2322 adquisita
1144 2251 1436 2322 possessio
1469 2251 1618 2317 eius,
1651 2267 1753 2322 pro
1783 2251 2011 2305 redem-

360 2340 558 2412 ptione
591 2340 783 2394 anime
813 2355 918 2395 sue
957 2356 1316 2411 suorumque
1345 2344 1676 2412 parentum,
1712 2337 2012 2394 communi

358 2429 553 2484 favore
583 2433 640 2483 et
670 2427 912 2484 consilio
944 2445 1185 2483 suorum
1208 2429 1487 2496 virorum,
1510 2428 1669 2484 dedit
1686 2429 1800 2484 Deo
1821 2433 1876 2483 et
1894 2427 2014 2500 glo-

361 2520 513 2575 riose
543 2516 786 2574 ecclesie
815 2517 1183 2572 Sacrosancti
1234 2517 1495 2589 Sepulcri
1547 2517 1778 2572 Domini
1828 2517 2014 2572 nostri

361 2608 531 2664 lhesu
545 2606 778 2674 Christi,
799 2622 910 2678 que
927 2611 1013 2662 est
1031 2605 1442 2674 Iherosolimis,
1459 2607 1697 2661 domum
1717 2605 2012 2678 quandam

360 2696 421 2752 in
451 2697 642 2752 Monte
659 2695 990 2767 Peregrina,
1016 2711 1127 2767 que
1148 2695 1360 2751 domus
1382 2695 1624 2767 antiquo
1647 2701 1905 2766 tempore
1924 2695 2013 2749 in-

359 2785 603 2841 mundls
635 2801 997 2857 paganorum
1031 2784 1558 2856 supersticionibus
1589 2784 2012 2854 deditafuerat,

363 2875 666 2947 quatinus,
696 2874 855 2929 omni
888 2873 1229 2946 gentilitatis
1259 2873 1477 2929 nefario
1510 2874 1623 2928 ritu
1658 2873 1792 2928 inde
1824 2873 2016 2944 profu-

363 2970 518 3038 gato,
548 2964 665 3019 iam
697 2979 853 3018 nunc
885 2963 1001 3018 Deo
1024 2963 1270 3034 dignum
1294 2963 1456 3018 fieret
1477 2967 1822 3034 perpetuum
1846 2962 2011 3017 habi-

360 3054 641 3109 taculum.
677 3053 857 3108 Cuius
887 3052 1098 3108 domus
1120 3051 1439 3107 christiana
1460 3052 1737 3125 religione
1767 3051 1826 3106 in
1859 3051 2015 3106 Chri-

2124 470 2454 526 Haimundo
2487 471 2632 526 bene
2651 470 2883 542 incepta
2903 468 3022 525 sive
3043 468 3312 524 instituta
3332 481 3448 523 non
3471 466 3659 524 solum
3685 467 3780 523 in-

2125 559 2520 616 contaminata
2567 576 2817 628 servare,
2851 560 2954 614 sed
2985 557 3160 613 etiam
3193 557 3264 613 ad
3295 556 3555 612 debitum
3591 558 3793 630 perfe-

2123 649 2332 705 ctionis
2347 649 2524 704 finem
2544 647 2789 705 sollicite
2810 647 3127 720 perducere
3145 647 3411 713 studens,
3432 645 3585 702 dona
3605 651 3789 717 atque

2124 737 2544 810 promissiones
2567 738 2639 793 ab
2671 735 2954 793 avunculo
2988 734 3317 791 Raimundo
3339 735 3552 791 Sancto
3575 733 3785 806 Sepul-

2125 844 2221 882 cro
2255 827 2436 883 factas
2456 844 2559 898 per
2577 825 2756 882 huius
2778 823 3164 898 preceptionis
3195 824 3494 879 decretum
3525 822 3785 895 legitime

2124 916 2432 972 roboravit.
2458 917 2528 972 Et
2549 916 2791 989 insuper
2807 933 2913 972 sue
2932 929 3291 986 suorumque
3317 917 3625 986 parentum
3648 929 3779 984 pro-

2121 1006 2324 1061 videns
2355 1006 2687 1073 animabus,
2713 1003 3180 1076 prenominatam
3201 1001 3504 1058 ecclesiam
3529 1001 3782 1075 propriis

2123 1093 2533 1167 largitionibus
2547 1094 2934 1166 multiplicare
2948 1097 3221 1165 satagens
3234 1089 3493 1147 eiusdem
3501 1091 3777 1164 premissi

2123 1184 2400 1240 Iohannis
2430 1187 2655 1256 rogatu,
2691 1183 2851 1238 dedit
2880 1183 2931 1238 ei
2958 1181 3256 1254 quandam
3288 1179 3508 1249 villam,
3530 1179 3772 1236 nomine

2126 1273 2354 1339 Buiora,
2378 1289 2513 1328 cum
2531 1271 2806 1328 omnibus
2823 1271 2895 1325 ad
2919 1287 2981 1326 se
3004 1269 3451 1342 pertinentibus,
3468 1273 3585 1324 tam
3611 1268 3670 1324 in
3693 1285 3782 1324 ar-

2122 1361 2364 1418 boribus
2392 1378 2567 1433 quam
2603 1362 2662 1416 in
2695 1360 2826 1416 aliis
2878 1359 3181 1428 universis,
3220 1361 3485 1416 Preterea
3513 1358 3608 1431 pia
3640 1359 3778 1414 affe-

2122 1451 2311 1507 ctione
2340 1451 2684 1516 exuberans,
2717 1448 3004 1505 concessit
3046 1448 3232 1504 eidem
3262 1446 3501 1504 ecclesie
3530 1447 3780 1502 liberam

2123 1539 2459 1596 facultatem
2477 1537 2824 1611 adquirendi
2837 1543 2894 1592 et
2914 1541 3192 1610 perpetuo
3205 1535 3330 1592 iure
3343 1536 3700 1609 possidendi,
3718 1535 3773 1592 si

2121 1631 2262 1702 quid
2289 1630 2360 1685 de
2391 1628 2715 1685 honoribus
2735 1628 2907 1684 suilli"i
2935 1626 3158 1682 terrarii
3192 1625 3568 1699 perhenniter
3589 1626 3645 1682 in
3681 1625 3773 1680 his

2122 1721 2390 1794 partibus
2439 1718 2764 1775 remansuri
2813 1718 2952 1773 dare
2995 1716 3225 1772 vellent.
3261 1716 3548 1782 Quatinus
3577 1719 3778 1771 autem

2120 1811 2297 1866 huius
2317 1809 2556 1881 [nostre]
2575 1809 2643 1844 ⁸⁸⁸
2664 1806 2994 1863 donationis
3013 1806 3306 1862 autentica
3325 1805 3631 1876 dispositio
3653 1821 3780 1875 per—

2119 1903 2294 1972 petua
2325 1896 2932 1952 imcommutabilitate
2961 1895 3113 1950 inter
3131 1895 3197 1929 ⁸⁸⁷
3229 1907 3463 1948 omnem
3507 1893 3777 1966 iniquam

2117 1987 2478 2044 voluntatem
2501 1992 2675 2057 atque
2697 1984 2960 2039 illicitam
2983 1983 3482 2056 presumptionem
3514 1981 3780 2037 inconta-

2119 2077 2342 2132 minata
2367 2079 2541 2146 atque
2563 2073 2904 2130 inconvulsa
2925 2076 3284 2145 permaneat,
3303 2087 3408 2143 ego
3438 2069 3778 2125 Willelmus

2121 2166 2424 2231 lordanus,
2476 2163 2692 2219 Christi
2743 2179 2946 2218 servus
2995 2165 3168 2233 atque
3209 2160 3534 2217 Christiane
3567 2158 3779 2214 militie

2121 2255 2392 2325 [ductor],
2427 2254 2657 2326 proprie
2687 2270 2898 2308 manus
2930 2268 3057 2307 mee
3091 2248 3392 2324 supposito
3417 2250 3484 2284 ⁸⁸⁸
3516 2249 3687 2322 signo
3720 2246 3778 2304 id

2121 2345 2492 2400 corroborare
2509 2342 2940 2399 studiosissime
2954 2345 3126 2412 atque
3140 2339 3234 2413 pia
3246 2337 3459 2394 mentis
3477 2338 3784 2394 effectione

2121 2433 2337 2490 curavL

2299 2521 2544 2595 Signum
2567 2519 2796 2577 comitis
2817 2518 3131 2575 Guillelmi.

2193 2613 2300 2667 Pro
2331 2611 2531 2666 anima
2561 2615 2755 2666 autem
2790 2609 2977 2664 incliti
3008 2612 3185 2680 atque
3216 2607 3404 2663 fidelis
3436 2605 3538 2661 Dei
3571 2602 3784 2659 famuli

2122 2700 2458 2766 Raimundi,
2504 2700 2682 2755 huius
2713 2715 2944 2771 quoque
2984 2695 3323 2753 donacionis
3345 2696 3414 2731 ⁸⁸⁸
3462 2693 3785 2767 inceptoris

2122 2794 2297 2862 atque
2323 2789 2603 2855 auctoris,
2626 2788 2731 2844 hec
2754 2787 3112 2860 quicumque
3129 2785 3323 2859 legitis
3355 2790 3526 2858 atque
3559 2783 3784 2840 auditis

2122 2880 2306 2935 Deum
2339 2877 2682 2951 suppliciter
2710 2881 2892 2932 orate.

2193 2969 2366 3024 Facta
2395 2973 2483 3023 est
2511 2971 2709 3022 autem
2742 2965 2920 3021 huius
2951 2962 3281 3020 donationis
3302 2961 3563 3035 legitima
3583 2977 3783 3016 corro-

2121 3057 2346 3112 horatio
2379 3073 2531 3113 anno
2564 3057 2635 3111 ab
2685 3054 3083 3111 incarnatione
3129 3052 3360 3108 Domini
3411 3050 3597 3107 nostri
3648 3052 3782 3106 lesu

363 3143 439 3198 sti
470 3143 776 3199 ecclesiam
807 3140 1120 3197 salubriter
1138 3141 1420 3196 translate
1441 3141 1785 3208 cultoribus,
1810 3141 2013 3195 eodem
2040 3127 2082 3193 C
2121 3145 2335 3202 Christi
2351 3163 2506 3213 mm,
2535 3161 2736 3201 mense
2753 3141 3393 3217 augusto,xxkalendas
3407 3139 3782 3212 septembris,

361 3232 618 3288 Iohanne
637 3235 895 3303 rogante,
922 3229 1208 3286 concessit
1227 3246 1422 3285 comes
1446 3230 1812 3285 Raimundus
1832 3229 2014 3284 eccle-

363 3322 514 3377 siam
546 3321 742 3377 Sancti
772 3320 1022 3391 Georgii,
1059 3336 1172 3391 que
1200 3324 1290 3374 est
1309 3319 1367 3374 in
1392 3319 1710 3390 montanis,
1733 3335 1867 3374 cum
1889 3318 2014 3373 suis

364 3409 716 3483 appenditiis
734 3410 822 3476 3‘“,
852 3409 910 3463 in
953 3407 1243 3463 evidentia
1273 3414 1328 3463 et
1371 3408 1666 3463 audientia
1693 3407 1895 3463 decani
1943 3408 2013 3462 de

366 3499 692 3554 Poscheriis
721 3503 779 3552 et
807 3495 1089 3568 capellani
1122 3496 1210 3552 sui
1245 3496 1453 3551 l’ointii
1475 3498 1542 3531 ⁸⁸³
1574 3498 1644 3552 de
1677 3495 1929 3552 Grilione
1959 3500 2015 3552 et

365 3588 645 3659 Rostagni
675 3586 744 3641 de
774 3587 910 3640 I’ort
942 3590 998 3640 et
1028 3586 1327 3650 Bernardi,
1355 3585 1566 3657 prioris
1596 3587 1666 3640 de
1701 3584 2010 3641 Bethleem.

366 3677 612 3747 Insuper
631 3690 883 3746 quoque,
905 3674 1043 3728 dum
1064 3677 1298 3745 prOpter
1315 3673 1597 3729 bellorum
1624 3673 2013 3747 ingruentiam

364 3782 482 3820 non
513 3767 800 3836 quantum
831 3761 1000 3818 vellet
1031 3763 1284 3833 presenti
1319 3763 1570 3818 efficatia
1617 3764 1754 3818 dare
1797 3765 2012 3835 posset,

367 3853 523 3926 quod
575 3851 766 3925 potuit
814 3852 968 3917 fecit,
1016 3851 1238 3907 scilicet
1295 3852 1537 3907 firmiter
1593 3852 1880 3907 concessit
1927 3856 2011 3921 ut,

367 3943 602 4015 quando
634 3940 830 3996 divina
848 3939 1136 4005 voluntas,
1163 3939 1495 3996 christianis
1515 3941 1822 3997 desideriis
1850 3942 2018 3998 satis-

367 4031 720 4100 fatiendos“,
745 4047 947 4086 eorum
966 4030 1234 4101 potestati
1248 4029 1316 4064 ⁸⁸⁴
1333 4030 2014 4104 traderetTripolitanam

366 4122 572 4178 urbem
603 4119 1038 4192 possidendam,
1071 4117 1393 4190 prescripta
1423 4119 1664 4174 ecclesia
1692 4119 1890 4176 Sancti
1922 4119 2018 4176 Se-

367 4209 554 4284 pulcri
574 4209 813 4264 haberet
837 4212 894 4264 et
923 4211 1200 4280 perpetuo
1231 4207 1354 4264 iure
1376 4207 1699 4281 possideret
1726 4226 1874 4277 eam,
1902 4225 2016 4280 que

368 4304 502 4373 post
529 4296 909 4371 principalem
933 4295 1238 4352 ecclesiam
1262 4297 1318 4352 in
1343 4302 1463 4353 tota
1478 4298 1618 4353 urbe
1638 4299 1896 4370 predicta
1916 4314 2018 4354 ex-

367 4388 668 4446 cellentior
685 4392 742 4442 et
761 4385 992 4460 dignior
1017 4388 1213 4441 lutura
1233 4387 1514 4442 esset.Cui
1537 4386 1780 4444 ecclesie
1803 4388 2017 4460 promi-

2123 3236 2233 3291 sub
2265 3234 2598 3291 testimonio
2647 3233 2899 3289 universi
2933 3231 3130 3304 populi
3162 3231 3234 3286 ad
3277 3229 3454 3301 de[di]
3484 3228 3781 3284 cationem

2124 3323 2364 3380 ecclesie
2385 3323 2582 3379 Sancti
2605 3321 2888 3395 Sepulcri,
2909 3338 3021 3394 que
3046 3325 3134 3377 est
3153 3319 3212 3375 in
3228 3319 3422 3374 Monte
3444 3316 3783 3390 Peregrino,

2123 3413 2541 3481 convenientis,
2574 3412 2920 3467 nominatim
2943 3415 3140 3467 autem
3161 3409 3272 3465 sub
3293 3405 3584 3464 evidentia
3606 3411 3664 3462 et
3683 3421 3788 3460 au-

2124 3503 2347 3558 dientia
2367 3503 2434 3538 ⁸⁹⁰
2467 3503 2701 3568 horum,
2733 3501 2831 3573 qui
2866 3500 3066 3570 scripti
3099 3503 3257 3566 sunt,
3290 3498 3586 3552 virorum:

2265 3592 2494 3647 Aicardi
2519 3591 2740 3646 scilicet
2770 3589 3118 3645 Arelatensis
3135 3591 3191 3643 et
3215 3585 3418 3642 decani
3441 3585 3510 3639 de
3540 3583 3788 3640 Posche-

2338 3680 2460 3735 riis.
2496 3679 2773 3752 Stephani
2806 3679 2876 3734 de
2916 3678 3109 3732 Brino.
3143 3666 3404 3731 Gaufridi
3427 3675 3489 3709 ⁸⁹¹
3525 3673 3595 3728 de
3640 3673 3788 3728 Pen-

2336 3770 2446 3826 nis.
2479 3768 2757 3824 Willelmi
2789 3768 2966 3833 Petri,
3013 3763 3451 3822 constabularii.
3499 3760 3785 3819 Willelmi

2338 3858 2651 3915 Raimundi
2706 3855 3145 3913 constabularii.
3207 3852 3487 3912 Willelmi
3548 3849 3785 3907 Beralli.

2339 3945 2654 4004 Raimundi
2686 3947 2756 4001 de
2780 3945 2986 4001 Balcis.

2194 4040 2312 4110 Ego
2341 4054 2474 4093 vero
2507 4036 2895 4102 Raimundus,
2929 4018 3120 4090 Pontii
3140 4034 3208 4069 8“
3239 4031 3418 4101 filius,
3451 4046 3648 4086 comes
3673 4045 3784 4101 per

2121 4129 2219 4184 Dei
2243 4127 2492 4200 gratiam
2509 4123 2927 4197 Tripolitanus,
2951 4123 3167 4188 omnia,
3192 4135 3559 4194 quecumque
3575 4117 3782 4191 prede-

2124 4233 2383 4272 cessores
2432 4214 2566 4282 mei,
2620 4213 2736 4270 sive
2786 4211 3134 4268 venerabilis
3165 4226 3360 4267 comes
3408 4204 3781 4263 Raimundus

2124 4305 2242 4362 sive
2271 4303 2608 4360 Willelmus
2657 4303 2960 4367 lordanus,
2991 4300 3248 4372 predicte
3294 4295 3534 4354 ecclesie
3576 4294 3780 4351 Sancti

2124 4392 2388 4466 Sepulcri
2436 4393 2721 4448 dederunt
2769 4407 2868 4463 pro
2914 4389 3100 4445 salute
3130 4388 3460 4443 animarum
3508 4400 3778 4449 suarum,

368 4479 464 4547 sit,
497 4479 679 4533 immo
700 4480 989 4548 quantum
1013 4476 1070 4530 in
1095 4475 1355 4530 futurum
1379 4475 1566 4547 potuit
1588 4480 1713 4532 rata
1733 4478 2018 4533 constitu-
2048 4499 2094 4563 D
2123 4484 2212 4538 vel
2244 4483 2601 4556 quicumque
2631 4479 2729 4534 alii
2783 4479 3052 4553 dignitati
3086 4482 3143 4534 et
3172 4476 3376 4532 honori
3427 4489 3556 4530 meo
3597 4473 3783 4546 perti-

367 4568 525 4624 tione
575 4566 864 4622 concessit
919 4570 1150 4620 tantum
1183 4564 1252 4619 de
1302 4563 1519 4620 honore
1567 4565 1655 4620 vel
1708 4567 2016 4634 reditibus,

370 4661 655 4731 quantum
679 4671 778 4710 xm
801 4653 1148 4710 clericorum
1170 4652 1311 4707 inibi
1332 4653 1746 4711 famulantium
1769 4657 1883 4712 Deo
1906 4655 2020 4712 usi-

370 4749 482 4805 bus
512 4747 754 4803 honeste
783 4744 1051 4799 sufficere
1083 4746 1298 4815 posset.

441 4836 546 4891 Cui
574 4833 808 4890 interim
841 4833 1004 4888 iuxta
1033 4831 1352 4886 humanam
1373 4833 1780 4890 necessitatem
1815 4836 2020 4892 mortis

372 4924 636 4980 debitum
669 4921 1016 4994 persolventi
1039 4919 1275 4975 inclitus
1296 4936 1477 4992 nepos
1498 4922 1642 4990 eius,
1673 4923 2020 4983 Guillelmus

371 5011 653 5079 iordanis,
687 5009 1013 5067 Christiane
1043 5009 1248 5065 militis
1270 5009 1495 5076 ductor,
1521 5010 1868 5070 hereditario
1894 5015 2020 5072 iure

445 5262 513 5299 ⁸⁷⁵
543 5260 803 5317 Restitué
849 5260 1077 5332 d’apres
1109 5263 1171 5325 Β,
1220 5259 1527 5316 Maimundi
1574 5263 1991 5321 constabularii.

473 5333 518 5370 ἢ)
545 5335 616 5370 0‘7
679 5339 728 5370 νο
824 5332 890 5366 878
923 5331 1172 5370 Μοηηιιρ
1223 5332 1371 5370 Anna
1403 5337 1444 5370 n
1541 5333 1610 5367 879
1646 5337 1682 5370 ρ
1739 5337 2013 5370 σιοιέρίηωί]

2135 5267 2327 5322 llelmi.
2405 5265 2473 5301 ετδ
2504 5269 2568 5332 Β,
2616 5265 2931 5370 Ansgerius.

2195 5338 2263 5370 880
2295 5341 2336 5370 D
2411 5337 2614 5370 milio-'0
2710 5336 2774 5370 81
2810 5339 2850 5370 ι)
2923 5355 2931 5370 λ

923 5331 1174 5457 glanqp‘e
1223 5332 1371 5386 dans
1402 5337 1464 5386 Β.
1497 5405 1506 5415 .
1541 5333 1610 5416 θπζ
1641 5337 1703 5400 Β,
1726 5337 2013 5440 ρειίεἰοηίζ

955 5418 1004 5457 o.
1196 5407 1258 5464 B,
1305 5411 1624 5464 posteritati.
1703 5406 1723 5440 ⁸
1750 5406 1770 5440 ⁸
1813 5411 1879 5464 Β.
1923 5425 2013 5464 sui

2195 5338 2263 5372 ⁸⁸0
2295 5341 2356 5405 Β,
2411 5337 2633 5392 militie.
2710 5331 2774 5370 εἴη
2809 5339 2871 5400 Β,
2923 5333 3278 5405 appendiciis.
3353 5332 3424 5366 ⁸³³
3454 5331 3516 5397 Β,
3565 5331 3787 5385 Pan-cii.

2136 5410 2205 5444 ⁸⁸⁸
2249 5408 2502 5464 Sunnléé
2557 5406 2786 5464 d’anres
2832 5410 2894 5459 Β.
2971 5405 3040 5440 ⁸⁸⁷
3089 5409 3152 5464 Β.
3200 5404 3367 5459 intra.
3444 5402 3512 5437 ⁸⁸⁸
3551 5403 3617 5464 Β,
3655 5399 3789 5454 sub-

1353 5422 1624 5459 )szeruau.
1703 5422 1770 5440 "°
1813 5422 1879 5475 Β,
1923 5425 2060 5464 suis.
2136 5422 2205 5444 °°°
2249 5422 2502 5481 Supplee
2557 5422 2786 5478 d'apres
2832 5422 2894 5459 IS.
2972 5422 3036 5440 °°‘
3089 5422 3152 5471 Η,
3200 5422 3367 5459 intra.
3445 5422 3512 5437 ’δ’
3551 5422 3617 5472 ὕ,
3655 5422 3788 5470 auo-

1353 5474 1607 5555 Mapque
1655 5476 1802 5555 dans
1843 5483 1906 5536 B.
1982 5482 2048 5518 391
2079 5485 2142 5552 Β,
2196 5480 2484 5555 Gaufredi.
2559 5478 2629 5516 ⁸⁵⁵
2655 5482 2718 5546 Β,
2769 5478 2985 5535 Poncii.
3060 5476 3130 5513 “3
3159 5473 3412 5551 Suppléé
3461 5473 3692 5546 d‘aprés
3723 5473 3788 5526 B.

376 5339 440 5398 B,
473 5333 518 5389 ὒν
545 5335 635 5402 97,
679 5339 748 5387 r'.

375 5407 444 5442 ⁸⁸³
474 5409 538 5474 Β,
588 5404 1004 5475 satisfaciendo.

371 5478 564 5590 posito.
640 5473 800 5542 “VB,
851 5473 1178 5532 donationis.

401 5550 445 5589 os
476 5551 532 5590 A,
571 5547 614 5590 s-
645 5547 731 5590 m.
771 5558 858 5590 po-
895 5550 956 5590 ῃ-
993 5547 1151 5590 ξορα

401 5550 445 5589 οι
469 5551 538 5621 Α,
569 5547 614 5606 f‘
645 5547 735 5620 84,
769 5558 859 5620 r°;
895 5550 958 5618 Β,
991 5549 1038 5604 t°
1064 5547 1154 5618 99,
1188 5557 1260 5604 r°.
1335 5546 1403 5586 ⁸⁸⁸
1431 5549 1496 5616 Β,
1529 5548 1819 5608 oomitz’sse.

1103 5403 1159 5509 Ξῖ
1196 5405 1624 5509 Βένῖίίἃίὲζὶίῖἶίέί
1656 5406 1723 5509 ΑΞ

2126 4576 2332 4628 nentes
2361 4571 2421 4626 in
2452 4568 2897 4626 helemosimam
2930 4567 3173 4641 [sepius]
3199 4567 3266 4601 ⁸9³
3288 4563 3584 4620 nominate
3603 4560 3787 4617 eccle-

2127 4661 2212 4718 sie
2228 4662 2514 4716 dederunt
2534 4662 2637 4714 aut
2661 4656 2852 4713 daturi
2875 4660 3013 4712 sunt
3033 4657 3101 4711 de
3119 4654 3245 4711 suis
3270 4653 3442 4709 iustis
3462 4650 3787 4727 possessio-

2129 4749 2323 4812 nibus.
2356 4748 2608 4805 concedo
2633 4751 2691 4803 et
2716 4745 2896 4820 sigilli
2928 4745 3042 4800 mei
3073 4741 3457 4818 impressione
3486 4739 3545 4796 in
3576 4755 3785 4812 perpe-

2127 4845 2295 4896 tuum
2327 4839 2608 4896 confirmo
2638 4841 2693 4891 et
2718 4835 3046 4891 corroboro.

2828 4924 2970 4981 XClI
2989 4925 3076 4978 3".

2131 5033 2503 5098 parvxnsowm
2568 5031 2801 5081 CECILIE,
2858 5028 3185 5069 COMI'I'I'ISSE
3212 5012 3281 5047 ⁸9⁵
3333 5024 3611 5077 ΤΗῙΡΟΠΒ,
3671 5013 3790 5069 ous

3009 5258 3784 5326 8“7A,li’83,r‘et8’7,v';

2760 5336 2871 5400 ‘B,
2923 5333 3278 5405 appendiciis.
3353 5330 3516 5405 ⁸³³
3563 5329 3787 5405 Pan-cii.
