  <div class='ocr_page' id='page_1' title='image "/cluster/home/n/w/nwhite01/storage/ocr_20150623/155/hvd.32044054760137/602.png"; bbox 0 0 4012 6072; ppageno 0'>
   <div class='ocr_carea' id='block_1_1' title="bbox 172 374 333 435">
    <p class='ocr_par' dir='ltr' id='par_1_1' title="bbox 172 374 333 435">
     <span class='ocr_line' id='line_1_1' title="bbox 172 374 333 435; baseline -0.006 -1"><span class='ocrx_word' id='word_1_1' title='bbox 172 374 333 435; x_wconf 81' lang='grc'><strong>1197</strong></span> 
     </span>
    </p>
   </div>
   <div class='ocr_carea' id='block_1_2' title="bbox 1191 378 2580 443">
    <p class='ocr_par' dir='ltr' id='par_1_2' title="bbox 1191 378 2580 443">
     <span class='ocr_line' id='line_1_2' title="bbox 1191 378 2580 443; baseline 0.001 -5"><span class='ocrx_word' id='word_1_2' title='bbox 1191 378 1685 442; x_wconf 71' lang='lat' dir='ltr'>CAlt&#39;l‘ULAlltE</span> <span class='ocrx_word' id='word_1_3' title='bbox 1730 380 1836 442; x_wconf 91' lang='lat' dir='ltr'>DU</span> <span class='ocrx_word' id='word_1_4' title='bbox 1880 379 2109 441; x_wconf 74' lang='lat' dir='ltr'>SAINT</span> <span class='ocrx_word' id='word_1_5' title='bbox 2154 380 2580 443; x_wconf 80' lang='lat' dir='ltr'>SEPULCRE.</span> 
     </span>
    </p>
   </div>
   <div class='ocr_carea' id='block_1_3' title="bbox 3426 384 3580 445">
    <p class='ocr_par' dir='ltr' id='par_1_3' title="bbox 3426 384 3580 445">
     <span class='ocr_line' id='line_1_3' title="bbox 3426 384 3580 445; baseline 0.013 -2"><span class='ocrx_word' id='word_1_6' title='bbox 3426 384 3580 445; x_wconf 79' lang='grc'>1198</span> 
     </span>
    </p>
   </div>
   <div class='ocr_carea' id='block_1_4' title="bbox 168 492 3579 586">
    <p class='ocr_par' dir='ltr' id='par_1_4' title="bbox 168 492 3579 586">
     <span class='ocr_line' id='line_1_4' title="bbox 168 492 3579 586; baseline 0.002 -25"><span class='ocrx_word' id='word_1_7' title='bbox 168 507 413 564; x_wconf 86' lang='lat' dir='ltr'>furnum</span> <span class='ocrx_word' id='word_1_8' title='bbox 442 508 618 565; x_wconf 90' lang='lat' dir='ltr'>etiam</span> <span class='ocrx_word' id='word_1_9' title='bbox 648 525 783 566; x_wconf 90' lang='lat' dir='ltr'>cum</span> <span class='ocrx_word' id='word_1_10' title='bbox 815 509 1088 566; x_wconf 86' lang='lat' dir='ltr'>domibus</span> <span class='ocrx_word' id='word_1_11' title='bbox 1118 510 1225 566; x_wconf 83' lang='lat' dir='ltr'>sibi</span> <span class='ocrx_word' id='word_1_12' title='bbox 1262 511 1710 583; x_wconf 82' lang='lat' dir='ltr'>pertinentibus,</span> <span class='ocrx_word' id='word_1_13' title='bbox 1741 512 1823 568; x_wconf 88' lang='lat' dir='ltr'>ita</span> <span class='ocrx_word' id='word_1_14' title='bbox 1851 512 1905 579; x_wconf 80' lang='grc' dir='ltr'><strong>Α</strong></span> <span class='ocrx_word' id='word_1_15' title='bbox 1934 492 2233 569; x_wconf 79' lang='lat' dir='ltr'>habendos</span> <span class='ocrx_word' id='word_1_16' title='bbox 2263 511 2502 569; x_wconf 89' lang='lat' dir='ltr'>ecclesie</span> <span class='ocrx_word' id='word_1_17' title='bbox 2534 514 3055 569; x_wconf 88' lang='lat' dir='ltr'>concedimus.lsta</span> <span class='ocrx_word' id='word_1_18' title='bbox 3084 514 3281 568; x_wconf 80' lang='lat' dir='ltr'>omnia</span> <span class='ocrx_word' id='word_1_19' title='bbox 3310 515 3579 586; x_wconf 87' lang='lat' dir='ltr'>supradi-</span> 
     </span>
    </p>
   </div>
   <div class='ocr_carea' id='block_1_5' title="bbox 166 596 1821 670">
    <p class='ocr_par' dir='ltr' id='par_1_5' title="bbox 166 596 1821 670">
     <span class='ocr_line' id='line_1_5' title="bbox 166 596 1821 670; baseline 0.003 -18"><span class='ocrx_word' id='word_1_20' title='bbox 166 596 393 654; x_wconf 86' lang='lat' dir='ltr'>scilicet</span> <span class='ocrx_word' id='word_1_21' title='bbox 422 602 486 653; x_wconf 90' lang='lat' dir='ltr'>ut</span> <span class='ocrx_word' id='word_1_22' title='bbox 515 598 737 670; x_wconf 85' lang='lat' dir='ltr'>absque</span> <span class='ocrx_word' id='word_1_23' title='bbox 768 604 967 655; x_wconf 88' lang='lat' dir='ltr'>nostra</span> <span class='ocrx_word' id='word_1_24' title='bbox 1013 604 1115 655; x_wconf 89' lang='lat' dir='ltr'>aut</span> <span class='ocrx_word' id='word_1_25' title='bbox 1163 599 1446 655; x_wconf 80' lang='lat' dir='ltr'>heredum</span> <span class='ocrx_word' id='word_1_26' title='bbox 1488 605 1821 658; x_wconf 89' lang='lat' dir='ltr'>nostrorum</span> 
     </span>
    </p>
   </div>
   <div class='ocr_carea' id='block_1_6' title="bbox 159 685 1819 761">
    <p class='ocr_par' dir='ltr' id='par_1_6' title="bbox 159 685 1819 761">
     <span class='ocr_line' id='line_1_6' title="bbox 159 685 1819 761; baseline 0.002 -20"><span class='ocrx_word' id='word_1_27' title='bbox 159 685 625 743; x_wconf 83' lang='lat' dir='ltr'>contradictione</span> <span class='ocrx_word' id='word_1_28' title='bbox 653 686 883 743; x_wconf 82' lang='lat' dir='ltr'>valeant</span> <span class='ocrx_word' id='word_1_29' title='bbox 914 686 995 743; x_wconf 90' lang='lat' dir='ltr'>ibi</span> <span class='ocrx_word' id='word_1_30' title='bbox 1024 704 1272 760; x_wconf 87' lang='lat' dir='ltr'>coquere</span> <span class='ocrx_word' id='word_1_31' title='bbox 1302 705 1526 755; x_wconf 91' lang='lat' dir='ltr'>omnes,</span> <span class='ocrx_word' id='word_1_32' title='bbox 1552 690 1819 761; x_wconf 90' lang='lat' dir='ltr'>quicum-</span> 
     </span>
    </p>
   </div>
   <div class='ocr_carea' id='block_1_7' title="bbox 156 774 1820 849">
    <p class='ocr_par' dir='ltr' id='par_1_7' title="bbox 156 774 1820 849">
     <span class='ocr_line' id='line_1_7' title="bbox 156 774 1820 849; baseline 0.004 -20"><span class='ocrx_word' id='word_1_33' title='bbox 156 791 275 847; x_wconf 87' lang='lat' dir='ltr'>que</span> <span class='ocrx_word' id='word_1_34' title='bbox 303 774 614 845; x_wconf 82' lang='lat' dir='ltr'>voluerint,</span> <span class='ocrx_word' id='word_1_35' title='bbox 649 777 723 832; x_wconf 91' lang='lat' dir='ltr'>ad</span> <span class='ocrx_word' id='word_1_36' title='bbox 776 775 1092 832; x_wconf 82' lang='lat' dir='ltr'>utilitatem</span> <span class='ocrx_word' id='word_1_37' title='bbox 1144 782 1200 833; x_wconf 88' lang='lat' dir='ltr'>et</span> <span class='ocrx_word' id='word_1_38' title='bbox 1248 779 1577 849; x_wconf 75' lang='lat' dir='ltr'>proficuum</span> <span class='ocrx_word' id='word_1_39' title='bbox 1610 780 1820 835; x_wconf 89' lang='lat' dir='ltr'>domus</span> 
     </span>
    </p>
   </div>
   <div class='ocr_carea' id='block_1_8' title="bbox 152 863 1819 939">
    <p class='ocr_par' dir='ltr' id='par_1_8' title="bbox 152 863 1819 939">
     <span class='ocr_line' id='line_1_8' title="bbox 152 863 1819 939; baseline 0.002 -20"><span class='ocrx_word' id='word_1_40' title='bbox 152 865 382 937; x_wconf 79' lang='lat' dir='ltr'>prefate</span> <span class='ocrx_word' id='word_1_41' title='bbox 411 863 670 934; x_wconf 90' lang='lat' dir='ltr'>ecclesie,</span> <span class='ocrx_word' id='word_1_42' title='bbox 705 866 1032 921; x_wconf 91' lang='lat' dir='ltr'>secundum</span> <span class='ocrx_word' id='word_1_43' title='bbox 1057 866 1211 939; x_wconf 91' lang='lat' dir='ltr'>quod</span> <span class='ocrx_word' id='word_1_44' title='bbox 1235 870 1421 921; x_wconf 88' lang='lat' dir='ltr'>mater</span> <span class='ocrx_word' id='word_1_45' title='bbox 1450 867 1819 933; x_wconf 86' lang='lat' dir='ltr'>mea,Cecilia</span> 
     </span>
    </p>
   </div>
   <div class='ocr_carea' id='block_1_9' title="bbox 150 953 1815 1028">
    <p class='ocr_par' dir='ltr' id='par_1_9' title="bbox 150 953 1815 1028">
     <span class='ocr_line' id='line_1_9' title="bbox 150 953 1815 1028; baseline 0.002 -20"><span class='ocrx_word' id='word_1_46' title='bbox 150 953 479 1020; x_wconf 87' lang='lat' dir='ltr'>comitissa,</span> <span class='ocrx_word' id='word_1_47' title='bbox 515 970 712 1009; x_wconf 89' lang='lat' dir='ltr'>coram</span> <span class='ocrx_word' id='word_1_48' title='bbox 768 954 937 1011; x_wconf 92' lang='lat' dir='ltr'>nobis</span> <span class='ocrx_word' id='word_1_49' title='bbox 986 956 1359 1028; x_wconf 88' lang='lat' dir='ltr'>presentibus</span> <span class='ocrx_word' id='word_1_50' title='bbox 1390 961 1446 1011; x_wconf 91' lang='lat' dir='ltr'>et</span> <span class='ocrx_word' id='word_1_51' title='bbox 1484 956 1629 1011; x_wconf 91' lang='lat' dir='ltr'>illud</span> <span class='ocrx_word' id='word_1_52' title='bbox 1662 956 1815 1012; x_wconf 91' lang='lat' dir='ltr'>idem</span> 
     </span>
    </p>
   </div>
   <div class='ocr_carea' id='block_1_10' title="bbox 146 1042 1816 1116">
    <p class='ocr_par' dir='ltr' id='par_1_10' title="bbox 146 1042 1816 1116">
     <span class='ocr_line' id='line_1_10' title="bbox 146 1042 1816 1116; baseline 0.003 -20"><span class='ocrx_word' id='word_1_53' title='bbox 146 1042 669 1111; x_wconf 74' lang='lat' dir='ltr'>confirmantibus,</span> <span class='ocrx_word' id='word_1_54' title='bbox 721 1044 958 1100; x_wconf 86' lang='lat' dir='ltr'>donavit</span> <span class='ocrx_word' id='word_1_55' title='bbox 1013 1053 1187 1116; x_wconf 87' lang='lat' dir='ltr'>atque</span> <span class='ocrx_word' id='word_1_56' title='bbox 1233 1046 1557 1112; x_wconf 86' lang='lat' dir='ltr'>concessit;</span> <span class='ocrx_word' id='word_1_57' title='bbox 1610 1046 1816 1101; x_wconf 91' lang='lat' dir='ltr'>domos</span> 
     </span>
    </p>
   </div>
   <div class='ocr_carea' id='block_1_11' title="bbox 104 1131 1814 1206">
    <p class='ocr_par' dir='ltr' id='par_1_11' title="bbox 104 1131 1814 1206">
     <span class='ocr_line' id='line_1_11' title="bbox 104 1131 1814 1206; baseline 0.002 -20"><span class='ocrx_word' id='word_1_58' title='bbox 104 1156 119 1163; x_wconf 84' lang='lat'><strong>-</strong></span> <span class='ocrx_word' id='word_1_59' title='bbox 147 1131 588 1204; x_wconf 88' lang='lat' dir='ltr'>etiam,quasin</span> <span class='ocrx_word' id='word_1_60' title='bbox 607 1132 800 1189; x_wconf 90' lang='lat' dir='ltr'>Monte</span> <span class='ocrx_word' id='word_1_61' title='bbox 833 1132 1142 1205; x_wconf 89' lang='lat' dir='ltr'>Peregrino</span> <span class='ocrx_word' id='word_1_62' title='bbox 1174 1138 1232 1190; x_wconf 90' lang='lat' dir='ltr'>et</span> <span class='ocrx_word' id='word_1_63' title='bbox 1263 1134 1483 1206; x_wconf 85' lang='lat' dir='ltr'>Tripoli</span> <span class='ocrx_word' id='word_1_64' title='bbox 1507 1135 1725 1190; x_wconf 82' lang='lat' dir='ltr'>habent</span> <span class='ocrx_word' id='word_1_65' title='bbox 1746 1151 1814 1190; x_wconf 79' lang='lat' dir='ltr'>ex</span> 
     </span>
    </p>
   </div>
   <div class='ocr_carea' id='block_1_12' title="bbox 150 1220 1816 1294">
    <p class='ocr_par' dir='ltr' id='par_1_12' title="bbox 150 1220 1816 1294">
     <span class='ocr_line' id='line_1_12' title="bbox 150 1220 1816 1294; baseline 0.002 -19"><span class='ocrx_word' id='word_1_66' title='bbox 150 1220 441 1276; x_wconf 79' lang='lat' dir='ltr'>devexum</span> <span class='ocrx_word' id='word_1_67' title='bbox 472 1220 709 1289; x_wconf 89' lang='lat' dir='ltr'>montis,</span> <span class='ocrx_word' id='word_1_68' title='bbox 743 1236 812 1277; x_wconf 85' lang='lat' dir='ltr'>ex</span> <span class='ocrx_word' id='word_1_69' title='bbox 841 1226 1088 1294; x_wconf 91' lang='lat' dir='ltr'>utraque</span> <span class='ocrx_word' id='word_1_70' title='bbox 1114 1228 1277 1294; x_wconf 88' lang='lat' dir='ltr'>parte</span> <span class='ocrx_word' id='word_1_71' title='bbox 1306 1222 1395 1278; x_wconf 91' lang='lat' dir='ltr'>vie</span> <span class='ocrx_word' id='word_1_72' title='bbox 1423 1223 1816 1290; x_wconf 89' lang='lat' dir='ltr'>veteris,sicut</span> 
     </span>
    </p>
   </div>
   <div class='ocr_carea' id='block_1_13' title="bbox 151 1308 1810 1383">
    <p class='ocr_par' dir='ltr' id='par_1_13' title="bbox 151 1308 1810 1383">
     <span class='ocr_line' id='line_1_13' title="bbox 151 1308 1810 1383; baseline 0.002 -19"><span class='ocrx_word' id='word_1_73' title='bbox 151 1312 211 1364; x_wconf 89' lang='lat' dir='ltr'>et</span> <span class='ocrx_word' id='word_1_74' title='bbox 243 1327 403 1365; x_wconf 89' lang='lat' dir='ltr'>nunc</span> <span class='ocrx_word' id='word_1_75' title='bbox 428 1308 747 1382; x_wconf 87' lang='lat' dir='ltr'>possident,</span> <span class='ocrx_word' id='word_1_76' title='bbox 789 1328 823 1366; x_wconf 91' lang='lat' dir='ltr'>a</span> <span class='ocrx_word' id='word_1_77' title='bbox 872 1327 1042 1366; x_wconf 89' lang='lat' dir='ltr'>muro</span> <span class='ocrx_word' id='word_1_78' title='bbox 1094 1328 1282 1383; x_wconf 88' lang='lat' dir='ltr'>usque</span> <span class='ocrx_word' id='word_1_79' title='bbox 1311 1312 1384 1367; x_wconf 90' lang='lat' dir='ltr'>ad</span> <span class='ocrx_word' id='word_1_80' title='bbox 1419 1312 1810 1381; x_wconf 88' lang='lat' dir='ltr'>conductum;</span> 
     </span>
    </p>
   </div>
   <div class='ocr_carea' id='block_1_14' title="bbox 149 1399 1812 1472">
    <p class='ocr_par' dir='ltr' id='par_1_14' title="bbox 149 1399 1812 1472">
     <span class='ocr_line' id='line_1_14' title="bbox 149 1399 1812 1472; baseline 0.002 -19"><span class='ocrx_word' id='word_1_81' title='bbox 149 1399 472 1471; x_wconf 87' lang='lat' dir='ltr'>gardinum</span> <span class='ocrx_word' id='word_1_82' title='bbox 502 1399 1061 1455; x_wconf 87' lang='lat' dir='ltr'>etiam.Libertatem</span> <span class='ocrx_word' id='word_1_83' title='bbox 1091 1417 1324 1472; x_wconf 91' lang='lat' dir='ltr'>quoque</span> <span class='ocrx_word' id='word_1_84' title='bbox 1345 1400 1403 1455; x_wconf 91' lang='lat' dir='ltr'>in</span> <span class='ocrx_word' id='word_1_85' title='bbox 1423 1405 1593 1472; x_wconf 91' lang='lat' dir='ltr'>portu</span> <span class='ocrx_word' id='word_1_86' title='bbox 1613 1405 1812 1457; x_wconf 90' lang='lat' dir='ltr'>nostro</span> 
     </span>
    </p>
   </div>
   <div class='ocr_carea' id='block_1_15' title="bbox 148 1487 1811 1562">
    <p class='ocr_par' dir='ltr' id='par_1_15' title="bbox 148 1487 1811 1562">
     <span class='ocr_line' id='line_1_15' title="bbox 148 1487 1811 1562; baseline 0.002 -19"><span class='ocrx_word' id='word_1_87' title='bbox 148 1487 409 1560; x_wconf 86' lang='lat' dir='ltr'>Tripolis</span> <span class='ocrx_word' id='word_1_88' title='bbox 439 1488 1041 1555; x_wconf 83' lang='lat' dir='ltr'>atl&#39;erendi,deferendi</span> <span class='ocrx_word' id='word_1_89' title='bbox 1075 1489 1209 1544; x_wconf 92' lang='lat' dir='ltr'>inde</span> <span class='ocrx_word' id='word_1_90' title='bbox 1235 1489 1571 1562; x_wconf 88' lang='lat' dir='ltr'>omnia,que</span> <span class='ocrx_word' id='word_1_91' title='bbox 1606 1490 1811 1546; x_wconf 89' lang='lat' dir='ltr'>usibus</span> 
     </span>
    </p>
   </div>
   <div class='ocr_carea' id='block_1_16' title="bbox 146 1576 1814 1651">
    <p class='ocr_par' dir='ltr' id='par_1_16' title="bbox 146 1576 1814 1651">
     <span class='ocr_line' id='line_1_16' title="bbox 146 1576 1814 1651; baseline 0.001 -18"><span class='ocrx_word' id='word_1_92' title='bbox 146 1577 277 1633; x_wconf 86' lang='lat' dir='ltr'>suis</span> <span class='ocrx_word' id='word_1_93' title='bbox 312 1577 610 1634; x_wconf 89' lang='lat' dir='ltr'>necssaria</span> <span class='ocrx_word' id='word_1_94' title='bbox 642 1578 876 1646; x_wconf 85' lang='lat' dir='ltr'>fuerint,</span> <span class='ocrx_word' id='word_1_95' title='bbox 911 1576 1103 1649; x_wconf 88' lang='lat' dir='ltr'>quiete</span> <span class='ocrx_word' id='word_1_96' title='bbox 1135 1583 1191 1634; x_wconf 92' lang='lat' dir='ltr'>et</span> <span class='ocrx_word' id='word_1_97' title='bbox 1237 1579 1461 1651; x_wconf 85' lang='lat' dir='ltr'>absque</span> <span class='ocrx_word' id='word_1_98' title='bbox 1509 1585 1814 1634; x_wconf 88' lang='lat' dir='ltr'>consuetu-</span> 
     </span>
    </p>
   </div>
   <div class='ocr_carea' id='block_1_17' title="bbox 143 1665 1807 1740">
    <p class='ocr_par' dir='ltr' id='par_1_17' title="bbox 143 1665 1807 1740">
     <span class='ocr_line' id='line_1_17' title="bbox 143 1665 1807 1740; baseline 0.001 -17"><span class='ocrx_word' id='word_1_99' title='bbox 143 1666 284 1723; x_wconf 90' lang='lat' dir='ltr'>dine</span> <span class='ocrx_word' id='word_1_100' title='bbox 316 1670 418 1722; x_wconf 90' lang='lat' dir='ltr'>aut</span> <span class='ocrx_word' id='word_1_101' title='bbox 462 1665 585 1722; x_wconf 90' lang='lat' dir='ltr'>ulla</span> <span class='ocrx_word' id='word_1_102' title='bbox 615 1667 911 1723; x_wconf 83' lang='lat' dir='ltr'>exactione</span> <span class='ocrx_word' id='word_1_103' title='bbox 945 1668 1157 1723; x_wconf 90' lang='lat' dir='ltr'>damus</span> <span class='ocrx_word' id='word_1_104' title='bbox 1189 1673 1363 1740; x_wconf 87' lang='lat' dir='ltr'>atque</span> <span class='ocrx_word' id='word_1_105' title='bbox 1394 1669 1768 1725; x_wconf 89' lang='lat' dir='ltr'>concedimus</span> <span class='ocrx_word' id='word_1_106' title='bbox 1794 1687 1807 1736; x_wconf 91' lang='lat'>;</span> 
     </span>
    </p>
   </div>
   <div class='ocr_carea' id='block_1_18' title="bbox 1931 602 3582 674">
    <p class='ocr_par' dir='ltr' id='par_1_18' title="bbox 1931 602 3582 674">
     <span class='ocr_line' id='line_1_18' title="bbox 1931 602 3582 674; baseline 0.002 -19"><span class='ocrx_word' id='word_1_107' title='bbox 1931 604 2023 656; x_wconf 90' lang='lat' dir='ltr'>cta</span> <span class='ocrx_word' id='word_1_108' title='bbox 2053 606 2109 656; x_wconf 92' lang='lat' dir='ltr'>et</span> <span class='ocrx_word' id='word_1_109' title='bbox 2138 602 2252 657; x_wconf 88' lang='lat' dir='ltr'>alia</span> <span class='ocrx_word' id='word_1_110' title='bbox 2283 608 2512 670; x_wconf 88' lang='lat' dir='ltr'>cuncta,</span> <span class='ocrx_word' id='word_1_111' title='bbox 2548 620 2658 674; x_wconf 91' lang='lat' dir='ltr'>que</span> <span class='ocrx_word' id='word_1_112' title='bbox 2691 603 2841 658; x_wconf 89' lang='lat' dir='ltr'>iuste</span> <span class='ocrx_word' id='word_1_113' title='bbox 2871 602 3132 658; x_wconf 84' lang='lat' dir='ltr'>canonici</span> <span class='ocrx_word' id='word_1_114' title='bbox 3164 602 3397 658; x_wconf 87' lang='lat' dir='ltr'>inantea</span> <span class='ocrx_word' id='word_1_115' title='bbox 3440 608 3582 659; x_wconf 84' lang='lat' dir='ltr'>sunt</span> 
     </span>
    </p>
   </div>
   <div class='ocr_carea' id='block_1_19' title="bbox 1929 691 3579 764">
    <p class='ocr_par' dir='ltr' id='par_1_19' title="bbox 1929 691 3579 764">
     <span class='ocr_line' id='line_1_19' title="bbox 1929 691 3579 764; baseline 0.002 -20"><span class='ocrx_word' id='word_1_116' title='bbox 1929 691 2278 762; x_wconf 88' lang='lat' dir='ltr'>adquisituri</span> <span class='ocrx_word' id='word_1_117' title='bbox 2299 709 2401 747; x_wconf 89' lang='lat' dir='ltr'>seu</span> <span class='ocrx_word' id='word_1_118' title='bbox 2420 692 2731 747; x_wconf 84' lang='lat' dir='ltr'>donatione</span> <span class='ocrx_word' id='word_1_119' title='bbox 2745 708 3253 764; x_wconf 87' lang='lat' dir='ltr'>quorumcumque</span> <span class='ocrx_word' id='word_1_120' title='bbox 3271 692 3579 748; x_wconf 86' lang='lat' dir='ltr'>hominum</span> 
     </span>
    </p>
   </div>
   <div class='ocr_carea' id='block_1_20' title="bbox 1925 778 3579 853">
    <p class='ocr_par' dir='ltr' id='par_1_20' title="bbox 1925 778 3579 853">
     <span class='ocr_line' id='line_1_20' title="bbox 1925 778 3579 853; baseline 0.002 -20"><span class='ocrx_word' id='word_1_121' title='bbox 1925 778 2013 834; x_wconf 93' lang='lat' dir='ltr'>vel</span> <span class='ocrx_word' id='word_1_122' title='bbox 2046 780 2340 852; x_wconf 90' lang='lat' dir='ltr'>emptione</span> <span class='ocrx_word' id='word_1_123' title='bbox 2371 784 2471 836; x_wconf 85' lang='lat' dir='ltr'>aut</span> <span class='ocrx_word' id='word_1_124' title='bbox 2501 781 2695 853; x_wconf 90' lang='lat' dir='ltr'>aliqua</span> <span class='ocrx_word' id='word_1_125' title='bbox 2726 782 3179 837; x_wconf 88' lang='lat' dir='ltr'>commutatione</span> <span class='ocrx_word' id='word_1_126' title='bbox 3201 781 3289 836; x_wconf 80' lang='lat' dir='ltr'>vel</span> <span class='ocrx_word' id='word_1_127' title='bbox 3338 782 3409 837; x_wconf 91' lang='lat' dir='ltr'>ad</span> <span class='ocrx_word' id='word_1_128' title='bbox 3450 798 3579 853; x_wconf 91' lang='lat' dir='ltr'>pre-</span> 
     </span>
    </p>
   </div>
   <div class='ocr_carea' id='block_1_21' title="bbox 1926 869 3575 943">
    <p class='ocr_par' dir='ltr' id='par_1_21' title="bbox 1926 869 3575 943">
     <span class='ocr_line' id='line_1_21' title="bbox 1926 869 3575 943; baseline 0.002 -20"><span class='ocrx_word' id='word_1_129' title='bbox 1926 884 2063 923; x_wconf 89' lang='lat' dir='ltr'>sens</span> <span class='ocrx_word' id='word_1_130' title='bbox 2095 869 2415 940; x_wconf 88' lang='lat' dir='ltr'>possident,</span> <span class='ocrx_word' id='word_1_131' title='bbox 2451 874 2769 926; x_wconf 80' lang='lat' dir='ltr'>memorate</span> <span class='ocrx_word' id='word_1_132' title='bbox 2800 871 3039 926; x_wconf 87' lang='lat' dir='ltr'>ecclesie</span> <span class='ocrx_word' id='word_1_133' title='bbox 3070 871 3264 926; x_wconf 89' lang='lat' dir='ltr'>Sancti</span> <span class='ocrx_word' id='word_1_134' title='bbox 3315 870 3575 943; x_wconf 89' lang='lat' dir='ltr'>Sepulcri</span> 
     </span>
    </p>
   </div>
   <div class='ocr_carea' id='block_1_22' title="bbox 1925 957 3576 1032">
    <p class='ocr_par' dir='ltr' id='par_1_22' title="bbox 1925 957 3576 1032">
     <span class='ocr_line' id='line_1_22' title="bbox 1925 957 3576 1032; baseline 0.002 -21"><span class='ocrx_word' id='word_1_135' title='bbox 1925 957 2181 1028; x_wconf 86' lang='lat' dir='ltr'>presenti</span> <span class='ocrx_word' id='word_1_136' title='bbox 2214 958 2512 1031; x_wconf 88' lang='lat' dir='ltr'>privilegio</span> <span class='ocrx_word' id='word_1_137' title='bbox 2545 959 2987 1031; x_wconf 80' lang='lat' dir='ltr'>praemunimus,</span> <span class='ocrx_word' id='word_1_138' title='bbox 3022 965 3096 1026; x_wconf 89' lang='lat' dir='ltr'>et,</span> <span class='ocrx_word' id='word_1_139' title='bbox 3131 960 3282 1014; x_wconf 88' lang='lat' dir='ltr'>sicut</span> <span class='ocrx_word' id='word_1_140' title='bbox 3310 960 3576 1032; x_wconf 88' lang='lat' dir='ltr'>prephati</span> 
     </span>
    </p>
   </div>
   <div class='ocr_carea' id='block_1_23' title="bbox 1926 1046 3575 1121">
    <p class='ocr_par' dir='ltr' id='par_1_23' title="bbox 1926 1046 3575 1121">
     <span class='ocr_line' id='line_1_23' title="bbox 1926 1046 3575 1121; baseline 0.003 -21"><span class='ocrx_word' id='word_1_141' title='bbox 1926 1052 2363 1113; x_wconf 89' lang='lat' dir='ltr'>sumus,nostro</span> <span class='ocrx_word' id='word_1_142' title='bbox 2382 1046 2575 1119; x_wconf 88' lang='lat' dir='ltr'>sigillo</span> <span class='ocrx_word' id='word_1_143' title='bbox 2595 1049 3042 1121; x_wconf 84' lang='lat' dir='ltr'>insignimus,ut</span> <span class='ocrx_word' id='word_1_144' title='bbox 3056 1048 3299 1105; x_wconf 87' lang='lat' dir='ltr'>liberere</span> <span class='ocrx_word' id='word_1_145' title='bbox 3312 1053 3368 1105; x_wconf 88' lang='lat' dir='ltr'>et</span> <span class='ocrx_word' id='word_1_146' title='bbox 3383 1049 3575 1121; x_wconf 91' lang='lat' dir='ltr'>quiete</span> 
     </span>
    </p>
   </div>
   <div class='ocr_carea' id='block_1_24' title="bbox 1924 1134 3576 1210">
    <p class='ocr_par' dir='ltr' id='par_1_24' title="bbox 1924 1134 3576 1210">
     <span class='ocr_line' id='line_1_24' title="bbox 1924 1134 3576 1210; baseline 0.003 -21"><span class='ocrx_word' id='word_1_147' title='bbox 1924 1134 2144 1206; x_wconf 86' lang='lat' dir='ltr'>absque</span> <span class='ocrx_word' id='word_1_148' title='bbox 2167 1135 2465 1191; x_wconf 78' lang='lat' dir='ltr'>exactione</span> <span class='ocrx_word' id='word_1_149' title='bbox 2488 1136 2686 1208; x_wconf 90' lang='lat' dir='ltr'>aliqua</span> <span class='ocrx_word' id='word_1_150' title='bbox 2716 1143 2770 1192; x_wconf 88' lang='lat' dir='ltr'>et</span> <span class='ocrx_word' id='word_1_151' title='bbox 2802 1138 3043 1193; x_wconf 84' lang='lat' dir='ltr'>servicio</span> <span class='ocrx_word' id='word_1_152' title='bbox 3064 1138 3123 1192; x_wconf 88' lang='lat' dir='ltr'>in</span> <span class='ocrx_word' id='word_1_153' title='bbox 3154 1142 3418 1193; x_wconf 87' lang='lat' dir='ltr'>eternum</span> <span class='ocrx_word' id='word_1_154' title='bbox 3446 1155 3576 1210; x_wconf 88' lang='lat' dir='ltr'>pos-</span> 
     </span>
    </p>
   </div>
   <div class='ocr_carea' id='block_1_25' title="bbox 1924 1223 3576 1298">
    <p class='ocr_par' dir='ltr' id='par_1_25' title="bbox 1924 1223 3576 1298">
     <span class='ocr_line' id='line_1_25' title="bbox 1924 1223 3576 1298; baseline 0.004 -21"><span class='ocrx_word' id='word_1_155' title='bbox 1924 1223 2173 1291; x_wconf 85' lang='lat' dir='ltr'>sideant,</span> <span class='ocrx_word' id='word_1_156' title='bbox 2196 1224 2446 1281; x_wconf 85' lang='lat' dir='ltr'>testibus</span> <span class='ocrx_word' id='word_1_157' title='bbox 2476 1226 2653 1281; x_wconf 88' lang='lat' dir='ltr'>etiam</span> <span class='ocrx_word' id='word_1_158' title='bbox 2685 1227 3035 1298; x_wconf 84' lang='lat' dir='ltr'>subscriptis</span> <span class='ocrx_word' id='word_1_159' title='bbox 3065 1225 3209 1281; x_wconf 92' lang='lat' dir='ltr'>illud</span> <span class='ocrx_word' id='word_1_160' title='bbox 3232 1227 3386 1282; x_wconf 90' lang='lat' dir='ltr'>idem</span> <span class='ocrx_word' id='word_1_161' title='bbox 3410 1244 3576 1283; x_wconf 90' lang='lat' dir='ltr'>sanc-</span> 
     </span>
    </p>
   </div>
   <div class='ocr_carea' id='block_1_26' title="bbox 1922 1311 3575 1382">
    <p class='ocr_par' dir='ltr' id='par_1_26' title="bbox 1922 1311 3575 1382">
     <span class='ocr_line' id='line_1_26' title="bbox 1922 1311 3575 1382; baseline 0.004 -16"><span class='ocrx_word' id='word_1_162' title='bbox 1922 1311 2159 1382; x_wconf 88' lang='lat' dir='ltr'>cientes,</span> <span class='ocrx_word' id='word_1_163' title='bbox 2192 1318 2256 1368; x_wconf 92' lang='lat' dir='ltr'>ut</span> <span class='ocrx_word' id='word_1_164' title='bbox 2286 1331 2531 1370; x_wconf 89' lang='lat' dir='ltr'>censure</span> <span class='ocrx_word' id='word_1_165' title='bbox 2563 1320 2757 1371; x_wconf 89' lang='lat' dir='ltr'>nostre</span> <span class='ocrx_word' id='word_1_166' title='bbox 2786 1316 3211 1371; x_wconf 88' lang='lat' dir='ltr'>monimentum</span> <span class='ocrx_word' id='word_1_167' title='bbox 3243 1317 3575 1373; x_wconf 84' lang='lat' dir='ltr'>inviolabile</span> 
     </span>
    </p>
   </div>
   <div class='ocr_carea' id='block_1_27' title="bbox 1922 1404 3574 1476">
    <p class='ocr_par' dir='ltr' id='par_1_27' title="bbox 1922 1404 3574 1476">
     <span class='ocr_line' id='line_1_27' title="bbox 1922 1404 3574 1476; baseline 0.004 -21"><span class='ocrx_word' id='word_1_168' title='bbox 1922 1404 2571 1474; x_wconf 87' lang='lat' dir='ltr'>permaneat,quatinus</span> <span class='ocrx_word' id='word_1_169' title='bbox 2602 1409 2666 1459; x_wconf 90' lang='lat' dir='ltr'>ut</span> <span class='ocrx_word' id='word_1_170' title='bbox 2696 1422 2800 1459; x_wconf 90' lang='lat' dir='ltr'>nec</span> <span class='ocrx_word' id='word_1_171' title='bbox 2831 1422 2934 1476; x_wconf 90' lang='lat' dir='ltr'>per</span> <span class='ocrx_word' id='word_1_172' title='bbox 2960 1423 3065 1461; x_wconf 90' lang='lat' dir='ltr'>nos</span> <span class='ocrx_word' id='word_1_173' title='bbox 3086 1405 3172 1460; x_wconf 86' lang='lat' dir='ltr'>vel</span> <span class='ocrx_word' id='word_1_174' title='bbox 3206 1422 3574 1462; x_wconf 87' lang='lat' dir='ltr'>successores</span> 
     </span>
    </p>
   </div>
   <div class='ocr_carea' id='block_1_28' title="bbox 1921 1491 3215 1565">
    <p class='ocr_par' dir='ltr' id='par_1_28' title="bbox 1921 1491 3215 1565">
     <span class='ocr_line' id='line_1_28' title="bbox 1921 1491 3215 1565; baseline 0.005 -21"><span class='ocrx_word' id='word_1_175' title='bbox 1921 1494 2154 1545; x_wconf 85' lang='lat' dir='ltr'>nostros</span> <span class='ocrx_word' id='word_1_176' title='bbox 2187 1491 2246 1545; x_wconf 92' lang='lat' dir='ltr'>in</span> <span class='ocrx_word' id='word_1_177' title='bbox 2277 1491 2470 1564; x_wconf 89' lang='lat' dir='ltr'>aliquo</span> <span class='ocrx_word' id='word_1_178' title='bbox 2498 1497 2757 1565; x_wconf 90' lang='lat' dir='ltr'>tempore</span> <span class='ocrx_word' id='word_1_179' title='bbox 2788 1499 2962 1564; x_wconf 84' lang='lat' dir='ltr'>queat</span> <span class='ocrx_word' id='word_1_180' title='bbox 2990 1493 3215 1550; x_wconf 85' lang='lat' dir='ltr'>violari.</span> 
     </span>
    </p>
   </div>
   <div class='ocr_carea' id='block_1_29' title="bbox 2064 1579 3574 1648">
    <p class='ocr_par' dir='ltr' id='par_1_29' title="bbox 2064 1579 3574 1648">
     <span class='ocr_line' id='line_1_29' title="bbox 2064 1579 3574 1648; baseline 0.004 -15"><span class='ocrx_word' id='word_1_181' title='bbox 2064 1579 2891 1648; x_wconf 81' lang='lat' dir='ltr'>Rainerius,constabularius.</span> <span class='ocrx_word' id='word_1_182' title='bbox 2910 1583 3113 1638; x_wconf 86' lang='lat' dir='ltr'>Petrus</span> <span class='ocrx_word' id='word_1_183' title='bbox 3136 1584 3204 1638; x_wconf 92' lang='lat' dir='ltr'>de</span> <span class='ocrx_word' id='word_1_184' title='bbox 3230 1584 3401 1640; x_wconf 89' lang='lat' dir='ltr'>Podio</span> <span class='ocrx_word' id='word_1_185' title='bbox 3424 1584 3574 1639; x_wconf 88' lang='lat' dir='ltr'>Lau-</span> 
     </span>
    </p>
   </div>
   <div class='ocr_carea' id='block_1_30' title="bbox 2133 1669 3573 1729">
    <p class='ocr_par' dir='ltr' id='par_1_30' title="bbox 2133 1669 3573 1729">
     <span class='ocr_line' id='line_1_30' title="bbox 2133 1669 3573 1729; baseline 0.005 -6"><span class='ocrx_word' id='word_1_186' title='bbox 2133 1669 2324 1724; x_wconf 88' lang='lat' dir='ltr'>rentii.</span> <span class='ocrx_word' id='word_1_187' title='bbox 2353 1670 2662 1726; x_wconf 87' lang='lat' dir='ltr'>Gocelinus</span> <span class='ocrx_word' id='word_1_188' title='bbox 2694 1672 2763 1725; x_wconf 91' lang='lat' dir='ltr'>de</span> <span class='ocrx_word' id='word_1_189' title='bbox 2796 1672 3165 1727; x_wconf 87' lang='lat' dir='ltr'>Cavomonte.</span> <span class='ocrx_word' id='word_1_190' title='bbox 3202 1673 3368 1728; x_wconf 84' lang='lat' dir='ltr'>Saxo.</span> <span class='ocrx_word' id='word_1_191' title='bbox 3390 1672 3573 1729; x_wconf 88' lang='lat' dir='ltr'>Giral-</span> 
     </span>
    </p>
   </div>
   <div class='ocr_carea' id='block_1_31' title="bbox 139 1755 1809 1829">
    <p class='ocr_par' dir='ltr' id='par_1_31' title="bbox 139 1755 1809 1829">
     <span class='ocr_line' id='line_1_31' title="bbox 139 1755 1809 1829; baseline 0.001 -18"><span class='ocrx_word' id='word_1_192' title='bbox 139 1755 583 1828; x_wconf 81' lang='lat' dir='ltr'>transitumque</span> <span class='ocrx_word' id='word_1_193' title='bbox 601 1772 703 1829; x_wconf 90' lang='lat' dir='ltr'>per</span> <span class='ocrx_word' id='word_1_194' title='bbox 718 1760 917 1828; x_wconf 88' lang='lat' dir='ltr'>portas</span> <span class='ocrx_word' id='word_1_195' title='bbox 949 1756 1198 1812; x_wconf 90' lang='lat' dir='ltr'>civitatis</span> <span class='ocrx_word' id='word_1_196' title='bbox 1222 1773 1447 1812; x_wconf 88' lang='lat' dir='ltr'>necnon</span> <span class='ocrx_word' id='word_1_197' title='bbox 1471 1762 1525 1812; x_wconf 81' lang='lat' dir='ltr'>et</span> <span class='ocrx_word' id='word_1_198' title='bbox 1551 1775 1653 1829; x_wconf 89' lang='lat' dir='ltr'>per</span> <span class='ocrx_word' id='word_1_199' title='bbox 1675 1757 1809 1813; x_wconf 89' lang='lat' dir='ltr'>uni-</span> 
     </span>
    </p>
   </div>
   <div class='ocr_carea' id='block_1_32' title="bbox 133 1845 1887 1949">
    <p class='ocr_par' dir='ltr' id='par_1_32' title="bbox 133 1845 1887 1949">
     <span class='ocr_line' id='line_1_32' title="bbox 133 1845 1887 1949; baseline 0.001 -48"><span class='ocrx_word' id='word_1_200' title='bbox 133 1862 371 1901; x_wconf 84' lang='lat' dir='ltr'>versam</span> <span class='ocrx_word' id='word_1_201' title='bbox 388 1848 607 1901; x_wconf 86' lang='lat' dir='ltr'>terram</span> <span class='ocrx_word' id='word_1_202' title='bbox 622 1849 885 1900; x_wconf 89' lang='lat' dir='ltr'>nostram</span> <span class='ocrx_word' id='word_1_203' title='bbox 906 1846 1107 1902; x_wconf 89' lang='lat' dir='ltr'>eadem</span> <span class='ocrx_word' id='word_1_204' title='bbox 1122 1845 1389 1902; x_wconf 86' lang='lat' dir='ltr'>libertate</span> <span class='ocrx_word' id='word_1_205' title='bbox 1402 1850 1457 1901; x_wconf 89' lang='lat' dir='ltr'>et</span> <span class='ocrx_word' id='word_1_206' title='bbox 1469 1846 1809 1917; x_wconf 89' lang='lat' dir='ltr'>quietudine</span> <span class='ocrx_word' id='word_1_207' title='bbox 1840 1885 1887 1949; x_wconf 83' lang='lat' dir='ltr'><strong>B</strong></span> 
     </span>
    </p>
   </div>
   <div class='ocr_carea' id='block_1_33' title="bbox 140 1933 1810 2011">
    <p class='ocr_par' dir='ltr' id='par_1_33' title="bbox 140 1933 1810 2011">
     <span class='ocr_line' id='line_1_33' title="bbox 140 1933 1810 2011; baseline 0.001 -21"><span class='ocrx_word' id='word_1_208' title='bbox 140 1935 478 2011; x_wconf 86' lang='lat' dir='ltr'>ﬁrmamus.</span> <span class='ocrx_word' id='word_1_209' title='bbox 511 1933 832 1991; x_wconf 86' lang='lat' dir='ltr'>Ecclesiam</span> <span class='ocrx_word' id='word_1_210' title='bbox 877 1934 1073 1990; x_wconf 87' lang='lat' dir='ltr'>Sancti</span> <span class='ocrx_word' id='word_1_211' title='bbox 1124 1935 1355 2008; x_wconf 83' lang='lat' dir='ltr'>Georgii</span> <span class='ocrx_word' id='word_1_212' title='bbox 1402 1935 1462 1990; x_wconf 93' lang='lat' dir='ltr'>in</span> <span class='ocrx_word' id='word_1_213' title='bbox 1514 1935 1810 1992; x_wconf 90' lang='lat' dir='ltr'>montanis</span> 
     </span>
    </p>
   </div>
   <div class='ocr_carea' id='block_1_34' title="bbox 142 2023 1816 2097">
    <p class='ocr_par' dir='ltr' id='par_1_34' title="bbox 142 2023 1816 2097">
     <span class='ocr_line' id='line_1_34' title="bbox 142 2023 1816 2097; baseline 0.001 -18"><span class='ocrx_word' id='word_1_214' title='bbox 142 2040 281 2079; x_wconf 92' lang='lat' dir='ltr'>cum</span> <span class='ocrx_word' id='word_1_215' title='bbox 314 2024 443 2080; x_wconf 91' lang='lat' dir='ltr'>suis</span> <span class='ocrx_word' id='word_1_216' title='bbox 465 2023 761 2080; x_wconf 88' lang='lat' dir='ltr'>casalibus</span> <span class='ocrx_word' id='word_1_217' title='bbox 777 2027 952 2096; x_wconf 91' lang='lat' dir='ltr'>atque</span> <span class='ocrx_word' id='word_1_218' title='bbox 979 2024 1207 2080; x_wconf 90' lang='lat' dir='ltr'>cunctis</span> <span class='ocrx_word' id='word_1_219' title='bbox 1225 2023 1356 2080; x_wconf 89' lang='lat' dir='ltr'>aliis</span> <span class='ocrx_word' id='word_1_220' title='bbox 1376 2025 1504 2081; x_wconf 89' lang='lat' dir='ltr'>suis</span> <span class='ocrx_word' id='word_1_221' title='bbox 1527 2024 1816 2097; x_wconf 85' lang='lat' dir='ltr'>pertinen-</span> 
     </span>
    </p>
   </div>
   <div class='ocr_carea' id='block_1_35' title="bbox 2133 1758 3575 1832">
    <p class='ocr_par' dir='ltr' id='par_1_35' title="bbox 2133 1758 3575 1832">
     <span class='ocr_line' id='line_1_35' title="bbox 2133 1758 3575 1832; baseline 0.004 -20"><span class='ocrx_word' id='word_1_222' title='bbox 2133 1758 2243 1813; x_wconf 91' lang='lat' dir='ltr'>dus</span> <span class='ocrx_word' id='word_1_223' title='bbox 2299 1759 2469 1815; x_wconf 93' lang='lat' dir='ltr'>Isnel.</span> <span class='ocrx_word' id='word_1_224' title='bbox 2536 1759 2864 1826; x_wconf 89' lang='lat' dir='ltr'>Brunellus,</span> <span class='ocrx_word' id='word_1_225' title='bbox 2922 1761 3167 1832; x_wconf 81' lang='lat' dir='ltr'>dapit‘er.</span> <span class='ocrx_word' id='word_1_226' title='bbox 3228 1762 3575 1818; x_wconf 82' lang='lat' dir='ltr'>Ramundus</span> 
     </span>
    </p>
   </div>
   <div class='ocr_carea' id='block_1_36' title="bbox 2133 1846 3571 1922">
    <p class='ocr_par' dir='ltr' id='par_1_36' title="bbox 2133 1846 3571 1922">
     <span class='ocr_line' id='line_1_36' title="bbox 2133 1846 3571 1922; baseline 0.004 -21"><span class='ocrx_word' id='word_1_227' title='bbox 2133 1846 2445 1902; x_wconf 86' lang='lat' dir='ltr'>Lamberti.</span> <span class='ocrx_word' id='word_1_228' title='bbox 2483 1849 2722 1904; x_wconf 88' lang='lat' dir='ltr'>Pontius</span> <span class='ocrx_word' id='word_1_229' title='bbox 2755 1850 3571 1922; x_wconf 84' lang='lat' dir='ltr'>Giraldi.Stcphanus,mona-</span> 
     </span>
    </p>
   </div>
   <div class='ocr_carea' id='block_1_37' title="bbox 2139 1937 3045 2007">
    <p class='ocr_par' dir='ltr' id='par_1_37' title="bbox 2139 1937 3045 2007">
     <span class='ocr_line' id='line_1_37' title="bbox 2139 1937 3045 2007; baseline 0.004 -16"><span class='ocrx_word' id='word_1_230' title='bbox 2139 1953 2261 1991; x_wconf 92' lang='lat' dir='ltr'>cus.</span> <span class='ocrx_word' id='word_1_231' title='bbox 2298 1937 2611 2007; x_wconf 86' lang='lat' dir='ltr'>Otrannus,</span> <span class='ocrx_word' id='word_1_232' title='bbox 2645 1938 3045 1995; x_wconf 85' lang='lat' dir='ltr'>cancellerius.</span> 
     </span>
    </p>
   </div>
   <div class='ocr_carea' id='block_1_38' title="bbox 1996 2025 3573 2086">
    <p class='ocr_par' dir='ltr' id='par_1_38' title="bbox 1996 2025 3573 2086">
     <span class='ocr_line' id='line_1_38' title="bbox 1996 2025 3573 2086; baseline 0.003 -6"><span class='ocrx_word' id='word_1_233' title='bbox 1996 2025 2171 2080; x_wconf 88' lang='lat' dir='ltr'>Facta</span> <span class='ocrx_word' id='word_1_234' title='bbox 2200 2029 2360 2080; x_wconf 85' lang='lat' dir='ltr'>carta</span> <span class='ocrx_word' id='word_1_235' title='bbox 2391 2042 2544 2082; x_wconf 90' lang='lat' dir='ltr'>anno</span> <span class='ocrx_word' id='word_1_236' title='bbox 2568 2028 2640 2083; x_wconf 88' lang='lat' dir='ltr'>ab</span> <span class='ocrx_word' id='word_1_237' title='bbox 2662 2026 3061 2084; x_wconf 89' lang='lat' dir='ltr'>incarnatione</span> <span class='ocrx_word' id='word_1_238' title='bbox 3092 2029 3325 2085; x_wconf 90' lang='lat' dir='ltr'>Domini</span> <span class='ocrx_word' id='word_1_239' title='bbox 3358 2046 3573 2086; x_wconf 69' lang='lat' dir='ltr'>meum</span> 
     </span>
    </p>
   </div>
   <div class='ocr_carea' id='block_1_39' title="bbox 142 2113 1819 2185">
    <p class='ocr_par' dir='ltr' id='par_1_39' title="bbox 142 2113 1819 2185">
     <span class='ocr_line' id='line_1_39' title="bbox 142 2113 1819 2185; baseline 0.001 -17"><span class='ocrx_word' id='word_1_240' title='bbox 142 2113 269 2179; x_wconf 88' lang='lat' dir='ltr'>tiis,</span> <span class='ocrx_word' id='word_1_241' title='bbox 296 2113 804 2185; x_wconf 89' lang='lat' dir='ltr'>quemadmodum</span> <span class='ocrx_word' id='word_1_242' title='bbox 839 2113 1126 2185; x_wconf 89' lang='lat' dir='ltr'>probatur</span> <span class='ocrx_word' id='word_1_243' title='bbox 1154 2113 1553 2170; x_wconf 86' lang='lat' dir='ltr'>dinosciturve</span> <span class='ocrx_word' id='word_1_244' title='bbox 1575 2130 1703 2169; x_wconf 86' lang='lat' dir='ltr'>eam</span> <span class='ocrx_word' id='word_1_245' title='bbox 1727 2114 1819 2170; x_wconf 91' lang='lat' dir='ltr'>de-</span> 
     </span>
    </p>
   </div>
   <div class='ocr_carea' id='block_1_40' title="bbox 145 2201 1817 2276">
    <p class='ocr_par' dir='ltr' id='par_1_40' title="bbox 145 2201 1817 2276">
     <span class='ocr_line' id='line_1_40' title="bbox 145 2201 1817 2276; baseline 0.001 -19"><span class='ocrx_word' id='word_1_246' title='bbox 145 2202 309 2258; x_wconf 85' lang='lat' dir='ltr'>disse</span> <span class='ocrx_word' id='word_1_247' title='bbox 329 2219 525 2258; x_wconf 89' lang='lat' dir='ltr'>comes</span> <span class='ocrx_word' id='word_1_248' title='bbox 548 2202 925 2258; x_wconf 80' lang='lat' dir='ltr'>Raimundus</span> <span class='ocrx_word' id='word_1_249' title='bbox 941 2201 1139 2257; x_wconf 89' lang='lat' dir='ltr'>Sancti</span> <span class='ocrx_word' id='word_1_250' title='bbox 1159 2202 1344 2275; x_wconf 90' lang='lat' dir='ltr'>Egidii</span> <span class='ocrx_word' id='word_1_251' title='bbox 1369 2202 1625 2276; x_wconf 89' lang='lat' dir='ltr'>predicte</span> <span class='ocrx_word' id='word_1_252' title='bbox 1642 2202 1817 2259; x_wconf 79' lang='lat' dir='ltr'>eccle~</span> 
     </span>
    </p>
   </div>
   <div class='ocr_carea' id='block_1_41' title="bbox 146 2290 1816 2365">
    <p class='ocr_par' dir='ltr' id='par_1_41' title="bbox 146 2290 1816 2365">
     <span class='ocr_line' id='line_1_41' title="bbox 146 2290 1816 2365; baseline 0 -17"><span class='ocrx_word' id='word_1_253' title='bbox 146 2292 266 2348; x_wconf 86' lang='lat' dir='ltr'>sie:</span> <span class='ocrx_word' id='word_1_254' title='bbox 302 2290 499 2347; x_wconf 90' lang='lat' dir='ltr'>casale</span> <span class='ocrx_word' id='word_1_255' title='bbox 527 2290 735 2347; x_wconf 88' lang='lat' dir='ltr'>Buiola</span> <span class='ocrx_word' id='word_1_256' title='bbox 764 2307 900 2346; x_wconf 90' lang='lat' dir='ltr'>cum</span> <span class='ocrx_word' id='word_1_257' title='bbox 924 2290 1157 2347; x_wconf 85' lang='lat' dir='ltr'>villanis</span> <span class='ocrx_word' id='word_1_258' title='bbox 1206 2292 1331 2347; x_wconf 91' lang='lat' dir='ltr'>suis</span> <span class='ocrx_word' id='word_1_259' title='bbox 1361 2297 1417 2347; x_wconf 89' lang='lat' dir='ltr'>et</span> <span class='ocrx_word' id='word_1_260' title='bbox 1446 2291 1816 2365; x_wconf 90' lang='lat' dir='ltr'>pertinentiis</span> 
     </span>
    </p>
   </div>
   <div class='ocr_carea' id='block_1_42' title="bbox 147 2379 1812 2453">
    <p class='ocr_par' dir='ltr' id='par_1_42' title="bbox 147 2379 1812 2453">
     <span class='ocr_line' id='line_1_42' title="bbox 147 2379 1812 2453; baseline -0.001 -16"><span class='ocrx_word' id='word_1_261' title='bbox 147 2380 278 2437; x_wconf 88' lang='lat' dir='ltr'>suis</span> <span class='ocrx_word' id='word_1_262' title='bbox 309 2386 367 2437; x_wconf 90' lang='lat' dir='ltr'>et</span> <span class='ocrx_word' id='word_1_263' title='bbox 393 2397 501 2437; x_wconf 88' lang='lat' dir='ltr'>suo</span> <span class='ocrx_word' id='word_1_264' title='bbox 534 2380 757 2453; x_wconf 89' lang='lat' dir='ltr'>integro</span> <span class='ocrx_word' id='word_1_265' title='bbox 790 2379 1193 2452; x_wconf 91' lang='lat' dir='ltr'>oliveto,quod</span> <span class='ocrx_word' id='word_1_266' title='bbox 1216 2380 1545 2437; x_wconf 87' lang='lat' dir='ltr'>Willelmus</span> <span class='ocrx_word' id='word_1_267' title='bbox 1582 2381 1812 2436; x_wconf 90' lang='lat' dir='ltr'>Iordani</span> 
     </span>
    </p>
   </div>
   <div class='ocr_carea' id='block_1_43' title="bbox 154 2468 1815 2543">
    <p class='ocr_par' dir='ltr' id='par_1_43' title="bbox 154 2468 1815 2543">
     <span class='ocr_line' id='line_1_43' title="bbox 154 2468 1815 2543; baseline 0.001 -17"><span class='ocrx_word' id='word_1_268' title='bbox 154 2487 359 2526; x_wconf 91' lang='lat' dir='ltr'>comes</span> <span class='ocrx_word' id='word_1_269' title='bbox 384 2469 619 2525; x_wconf 89' lang='lat' dir='ltr'>donavit</span> <span class='ocrx_word' id='word_1_270' title='bbox 649 2469 707 2524; x_wconf 91' lang='lat' dir='ltr'>in</span> <span class='ocrx_word' id='word_1_271' title='bbox 740 2468 1101 2525; x_wconf 88' lang='lat' dir='ltr'>dedicatione</span> <span class='ocrx_word' id='word_1_272' title='bbox 1131 2468 1369 2525; x_wconf 90' lang='lat' dir='ltr'>ecclesie</span> <span class='ocrx_word' id='word_1_273' title='bbox 1400 2470 1684 2542; x_wconf 88' lang='lat' dir='ltr'>Sepulcri,</span> <span class='ocrx_word' id='word_1_274' title='bbox 1703 2487 1815 2543; x_wconf 86' lang='lat' dir='ltr'>que</span> 
     </span>
    </p>
   </div>
   <div class='ocr_carea' id='block_1_44' title="bbox 154 2557 1819 2630">
    <p class='ocr_par' dir='ltr' id='par_1_44' title="bbox 154 2557 1819 2630">
     <span class='ocr_line' id='line_1_44' title="bbox 154 2557 1819 2630; baseline -0.001 -14"><span class='ocrx_word' id='word_1_275' title='bbox 154 2564 251 2616; x_wconf 89' lang='lat' dir='ltr'>est</span> <span class='ocrx_word' id='word_1_276' title='bbox 282 2560 340 2615; x_wconf 90' lang='lat' dir='ltr'>in</span> <span class='ocrx_word' id='word_1_277' title='bbox 375 2559 568 2614; x_wconf 90' lang='lat' dir='ltr'>Monte</span> <span class='ocrx_word' id='word_1_278' title='bbox 598 2557 938 2630; x_wconf 80' lang='lat' dir='ltr'>Peregrina;</span> <span class='ocrx_word' id='word_1_279' title='bbox 972 2559 1084 2614; x_wconf 86' lang='lat' dir='ltr'>tria</span> <span class='ocrx_word' id='word_1_280' title='bbox 1114 2559 1228 2614; x_wconf 89' lang='lat' dir='ltr'>alia</span> <span class='ocrx_word' id='word_1_281' title='bbox 1257 2558 1492 2626; x_wconf 88' lang='lat' dir='ltr'>casalia,</span> <span class='ocrx_word' id='word_1_282' title='bbox 1527 2576 1638 2630; x_wconf 92' lang='lat' dir='ltr'>que</span> <span class='ocrx_word' id='word_1_283' title='bbox 1678 2562 1819 2615; x_wconf 88' lang='lat' dir='ltr'>sunt</span> 
     </span>
    </p>
   </div>
   <div class='ocr_carea' id='block_1_45' title="bbox 154 2646 1809 2720">
    <p class='ocr_par' dir='ltr' id='par_1_45' title="bbox 154 2646 1809 2720">
     <span class='ocr_line' id='line_1_45' title="bbox 154 2646 1809 2720; baseline -0.001 -17"><span class='ocrx_word' id='word_1_284' title='bbox 154 2648 217 2704; x_wconf 89' lang='lat' dir='ltr'>in</span> <span class='ocrx_word' id='word_1_285' title='bbox 254 2647 571 2712; x_wconf 87' lang='lat' dir='ltr'>montanis,</span> <span class='ocrx_word' id='word_1_286' title='bbox 597 2664 730 2702; x_wconf 89' lang='lat' dir='ltr'>cum</span> <span class='ocrx_word' id='word_1_287' title='bbox 752 2646 983 2702; x_wconf 83' lang='lat' dir='ltr'>villanis</span> <span class='ocrx_word' id='word_1_288' title='bbox 1010 2653 1067 2702; x_wconf 91' lang='lat' dir='ltr'>et</span> <span class='ocrx_word' id='word_1_289' title='bbox 1098 2648 1465 2720; x_wconf 86' lang='lat' dir='ltr'>pertinentiis</span> <span class='ocrx_word' id='word_1_290' title='bbox 1499 2648 1644 2713; x_wconf 86' lang='lat' dir='ltr'>suis,</span> <span class='ocrx_word' id='word_1_291' title='bbox 1669 2648 1809 2703; x_wconf 38' lang='lat' dir='ltr'>scili.</span> 
     </span>
    </p>
   </div>
   <div class='ocr_carea' id='block_1_46' title="bbox 156 2736 1816 2809">
    <p class='ocr_par' dir='ltr' id='par_1_46' title="bbox 156 2736 1816 2809">
     <span class='ocr_line' id='line_1_46' title="bbox 156 2736 1816 2809; baseline -0.001 -15"><span class='ocrx_word' id='word_1_292' title='bbox 156 2742 250 2794; x_wconf 89' lang='lat' dir='ltr'>cet</span> <span class='ocrx_word' id='word_1_293' title='bbox 280 2736 736 2804; x_wconf 83' lang='lat' dir='ltr'>Abdin,Bedula,</span> <span class='ocrx_word' id='word_1_294' title='bbox 772 2737 1217 2809; x_wconf 88' lang='lat' dir='ltr'>Benehara,que</span> <span class='ocrx_word' id='word_1_295' title='bbox 1251 2754 1446 2793; x_wconf 86' lang='lat' dir='ltr'>comes</span> <span class='ocrx_word' id='word_1_296' title='bbox 1467 2738 1816 2793; x_wconf 86' lang='lat' dir='ltr'>Bertrandus</span> 
     </span>
    </p>
   </div>
   <div class='ocr_carea' id='block_1_47' title="bbox 157 2826 1817 2898">
    <p class='ocr_par' dir='ltr' id='par_1_47' title="bbox 157 2826 1817 2898">
     <span class='ocr_line' id='line_1_47' title="bbox 157 2826 1817 2898; baseline 0.001 -16"><span class='ocrx_word' id='word_1_297' title='bbox 157 2828 356 2882; x_wconf 90' lang='lat' dir='ltr'>eidem</span> <span class='ocrx_word' id='word_1_298' title='bbox 387 2826 628 2882; x_wconf 88' lang='lat' dir='ltr'>ecclesie</span> <span class='ocrx_word' id='word_1_299' title='bbox 661 2826 842 2893; x_wconf 90' lang='lat' dir='ltr'>dedit,</span> <span class='ocrx_word' id='word_1_300' title='bbox 875 2831 931 2882; x_wconf 91' lang='lat' dir='ltr'>et</span> <span class='ocrx_word' id='word_1_301' title='bbox 962 2843 1029 2881; x_wconf 84' lang='lat' dir='ltr'>ex</span> <span class='ocrx_word' id='word_1_302' title='bbox 1054 2826 1169 2881; x_wconf 87' lang='lat' dir='ltr'>alia</span> <span class='ocrx_word' id='word_1_303' title='bbox 1197 2830 1360 2898; x_wconf 84' lang='lat' dir='ltr'>parte</span> <span class='ocrx_word' id='word_1_304' title='bbox 1410 2831 1684 2881; x_wconf 86' lang='lat' dir='ltr'>montane</span> <span class='ocrx_word' id='word_1_305' title='bbox 1717 2844 1817 2883; x_wconf 85' lang='lat' dir='ltr'>ca-</span> 
     </span>
    </p>
   </div>
   <div class='ocr_carea' id='block_1_48' title="bbox 158 2914 1816 2987">
    <p class='ocr_par' dir='ltr' id='par_1_48' title="bbox 158 2914 1816 2987">
     <span class='ocr_line' id='line_1_48' title="bbox 158 2914 1816 2987; baseline 0.001 -16"><span class='ocrx_word' id='word_1_306' title='bbox 158 2916 282 2972; x_wconf 88' lang='lat' dir='ltr'>sale</span> <span class='ocrx_word' id='word_1_307' title='bbox 309 2916 543 2971; x_wconf 87' lang='lat' dir='ltr'>Medera</span> <span class='ocrx_word' id='word_1_308' title='bbox 571 2932 705 2971; x_wconf 90' lang='lat' dir='ltr'>cum</span> <span class='ocrx_word' id='word_1_309' title='bbox 736 2914 1009 2983; x_wconf 84' lang='lat' dir='ltr'>vill[an]is</span> <span class='ocrx_word' id='word_1_310' title='bbox 1029 2920 1084 2970; x_wconf 88' lang='lat' dir='ltr'>et</span> <span class='ocrx_word' id='word_1_311' title='bbox 1098 2914 1467 2987; x_wconf 89' lang='lat' dir='ltr'>pertinentiis</span> <span class='ocrx_word' id='word_1_312' title='bbox 1489 2915 1816 2987; x_wconf 86' lang='lat' dir='ltr'>suis,quem</span> 
     </span>
    </p>
   </div>
   <div class='ocr_carea' id='block_1_49' title="bbox 156 3004 1819 3078">
    <p class='ocr_par' dir='ltr' id='par_1_49' title="bbox 156 3004 1819 3078">
     <span class='ocr_line' id='line_1_49' title="bbox 156 3004 1819 3078; baseline 0 -18"><span class='ocrx_word' id='word_1_313' title='bbox 156 3004 502 3061; x_wconf 91' lang='lat' dir='ltr'>Willelmus</span> <span class='ocrx_word' id='word_1_314' title='bbox 534 3005 967 3078; x_wconf 87' lang='lat' dir='ltr'>Ermengardus</span> <span class='ocrx_word' id='word_1_315' title='bbox 997 3004 1260 3073; x_wconf 88' lang='lat' dir='ltr'>donavit;</span> <span class='ocrx_word' id='word_1_316' title='bbox 1294 3005 1628 3077; x_wconf 85' lang='lat' dir='ltr'>gaustinam</span> <span class='ocrx_word' id='word_1_317' title='bbox 1660 3004 1819 3060; x_wconf 89' lang='lat' dir='ltr'>insu-</span> 
     </span>
    </p>
   </div>
   <div class='ocr_carea' id='block_1_50' title="bbox 157 3093 1819 3168">
    <p class='ocr_par' dir='ltr' id='par_1_50' title="bbox 157 3093 1819 3168">
     <span class='ocr_line' id='line_1_50' title="bbox 157 3093 1819 3168; baseline -0.001 -18"><span class='ocrx_word' id='word_1_318' title='bbox 157 3111 285 3168; x_wconf 86' lang='lat' dir='ltr'>per,</span> <span class='ocrx_word' id='word_1_319' title='bbox 318 3110 434 3167; x_wconf 90' lang='lat' dir='ltr'>que</span> <span class='ocrx_word' id='word_1_320' title='bbox 464 3093 680 3149; x_wconf 92' lang='lat' dir='ltr'>dicitur</span> <span class='ocrx_word' id='word_1_321' title='bbox 710 3093 943 3165; x_wconf 88' lang='lat' dir='ltr'>Loisan,</span> <span class='ocrx_word' id='word_1_322' title='bbox 978 3110 1155 3166; x_wconf 89' lang='lat' dir='ltr'>quam</span> <span class='ocrx_word' id='word_1_323' title='bbox 1190 3093 1559 3149; x_wconf 82' lang='lat' dir='ltr'>Raimundus</span> <span class='ocrx_word' id='word_1_324' title='bbox 1588 3093 1658 3147; x_wconf 93' lang='lat' dir='ltr'>de</span> <span class='ocrx_word' id='word_1_325' title='bbox 1690 3093 1819 3149; x_wconf 82' lang='lat' dir='ltr'>Rai-</span> 
     </span>
    </p>
   </div>
   <div class='ocr_carea' id='block_1_51' title="bbox 158 3181 1814 3253">
    <p class='ocr_par' dir='ltr' id='par_1_51' title="bbox 158 3181 1814 3253">
     <span class='ocr_line' id='line_1_51' title="bbox 158 3181 1814 3253; baseline -0.002 -13"><span class='ocrx_word' id='word_1_326' title='bbox 158 3200 261 3240; x_wconf 88' lang='lat' dir='ltr'>sac</span> <span class='ocrx_word' id='word_1_327' title='bbox 293 3183 481 3251; x_wconf 87' lang='lat' dir='ltr'>dedit;</span> <span class='ocrx_word' id='word_1_328' title='bbox 515 3182 707 3239; x_wconf 84' lang='lat' dir='ltr'>casale</span> <span class='ocrx_word' id='word_1_329' title='bbox 724 3181 1019 3239; x_wconf 89' lang='lat' dir='ltr'>Helmedel</span> <span class='ocrx_word' id='word_1_330' title='bbox 1036 3199 1171 3238; x_wconf 91' lang='lat' dir='ltr'>cum</span> <span class='ocrx_word' id='word_1_331' title='bbox 1189 3182 1237 3236; x_wconf 90' lang='lat' dir='ltr'>vi</span> <span class='ocrx_word' id='word_1_332' title='bbox 1246 3181 1421 3237; x_wconf 89' lang='lat' dir='ltr'>llanis</span> <span class='ocrx_word' id='word_1_333' title='bbox 1447 3186 1504 3236; x_wconf 83' lang='lat' dir='ltr'>et</span> <span class='ocrx_word' id='word_1_334' title='bbox 1520 3182 1814 3253; x_wconf 90' lang='lat' dir='ltr'>pertinen-</span> 
     </span>
    </p>
   </div>
   <div class='ocr_carea' id='block_1_52' title="bbox 1922 2112 2344 2170">
    <p class='ocr_par' dir='ltr' id='par_1_52' title="bbox 1922 2112 2344 2170">
     <span class='ocr_line' id='line_1_52' title="bbox 1922 2112 2344 2170; baseline 0.005 -2"><span class='ocrx_word' id='word_1_335' title='bbox 1922 2112 2240 2169; x_wconf 88' lang='lat' dir='ltr'>indictione</span> <span class='ocrx_word' id='word_1_336' title='bbox 2270 2132 2344 2170; x_wconf 78' lang='grc' dir='ltr'>νι.</span> 
     </span>
    </p>
   </div>
   <div class='ocr_carea' id='block_1_53' title="bbox 2579 2203 2912 2260">
    <p class='ocr_par' dir='ltr' id='par_1_53' title="bbox 2579 2203 2912 2260">
     <span class='ocr_line' id='line_1_53' title="bbox 2579 2203 2912 2260; baseline 0.006 -2"><span class='ocrx_word' id='word_1_337' title='bbox 2579 2203 2797 2260; x_wconf 79' lang='lat' dir='ltr'><strong>XCVIII</strong></span> <span class='ocrx_word' id='word_1_338' title='bbox 2827 2205 2912 2260; x_wconf 58' lang='grc'>9⁸⁵.</span> 
     </span>
    </p>
   </div>
   <div class='ocr_carea' id='block_1_54' title="bbox 1925 2300 3576 2367">
    <p class='ocr_par' dir='ltr' id='par_1_54' title="bbox 1925 2300 3576 2367">
     <span class='ocr_line' id='line_1_54' title="bbox 1925 2300 3576 2367; baseline 0.005 -21"><span class='ocrx_word' id='word_1_339' title='bbox 1925 2307 2296 2347; x_wconf 80' lang='lat' dir='ltr'>PRIVILEGIUM</span> <span class='ocrx_word' id='word_1_340' title='bbox 2336 2307 2677 2360; x_wconf 58' lang='lat' dir='ltr'>nmmum,</span> <span class='ocrx_word' id='word_1_341' title='bbox 2718 2310 3075 2349; x_wconf 63' lang='lat' dir='ltr'>&#39;rmpou&#39;ram</span> <span class='ocrx_word' id='word_1_342' title='bbox 3115 2312 3340 2354; x_wconf 70' lang='lat' dir='ltr'>comms</span> <span class='ocrx_word' id='word_1_343' title='bbox 3380 2300 3465 2367; x_wconf 64' lang='lat'>9‘7,</span> <span class='ocrx_word' id='word_1_344' title='bbox 3505 2316 3576 2354; x_wconf 77' lang='lat' dir='ltr'>os</span> 
     </span>
    </p>
   </div>
   <div class='ocr_carea' id='block_1_55' title="bbox 1957 2368 3535 2435">
    <p class='ocr_par' dir='ltr' id='par_1_55' title="bbox 1957 2368 3535 2435">
     <span class='ocr_line' id='line_1_55' title="bbox 1957 2368 3535 2435; baseline 0.005 -18"><span class='ocrx_word' id='word_1_345' title='bbox 1957 2379 2166 2418; x_wconf 82' lang='lat' dir='ltr'>TRIBUS</span> <span class='ocrx_word' id='word_1_346' title='bbox 2205 2380 2528 2431; x_wconf 81' lang='lat' dir='ltr'>CASALIBUS,</span> <span class='ocrx_word' id='word_1_347' title='bbox 2568 2382 2767 2433; x_wconf 76' lang='lat' dir='ltr'>ARDIN,</span> <span class='ocrx_word' id='word_1_348' title='bbox 2809 2383 3024 2421; x_wconf 58' lang='lat' dir='ltr'>uanam</span> <span class='ocrx_word' id='word_1_349' title='bbox 3063 2368 3149 2435; x_wconf 51' lang='grc' dir='ltr'>θη,</span> <span class='ocrx_word' id='word_1_350' title='bbox 3195 2386 3535 2427; x_wconf 78' lang='lat' dir='ltr'>BENIHARAN.</span> 
     </span>
    </p>
   </div>
   <div class='ocr_carea' id='block_1_56' title="bbox 1995 2470 3577 2544">
    <p class='ocr_par' dir='ltr' id='par_1_56' title="bbox 1995 2470 3577 2544">
     <span class='ocr_line' id='line_1_56' title="bbox 1995 2470 3577 2544; baseline 0.006 -20"><span class='ocrx_word' id='word_1_351' title='bbox 1995 2470 2156 2525; x_wconf 82' lang='lat' dir='ltr'>Anno</span> <span class='ocrx_word' id='word_1_352' title='bbox 2189 2470 2493 2525; x_wconf 82' lang='lat' dir='ltr'>dominicae</span> <span class='ocrx_word' id='word_1_353' title='bbox 2528 2470 2946 2528; x_wconf 87' lang='lat' dir='ltr'>incarnationis</span> <span class='ocrx_word' id='word_1_354' title='bbox 2996 2490 3175 2544; x_wconf 69' lang='lat' dir='ltr'>mox”,</span> <span class='ocrx_word' id='word_1_355' title='bbox 3207 2475 3471 2533; x_wconf 85' lang='lat' dir='ltr'>kalendis</span> <span class='ocrx_word' id='word_1_356' title='bbox 3508 2478 3577 2513; x_wconf 66' lang='lat'>5‘“</span> 
     </span>
    </p>
   </div>
   <div class='ocr_carea' id='block_1_57' title="bbox 1925 2557 3575 2632">
    <p class='ocr_par' dir='ltr' id='par_1_57' title="bbox 1925 2557 3575 2632">
     <span class='ocr_line' id='line_1_57' title="bbox 1925 2557 3575 2632; baseline 0.004 -20"><span class='ocrx_word' id='word_1_357' title='bbox 1925 2557 2273 2625; x_wconf 90' lang='lat' dir='ltr'>decembris,</span> <span class='ocrx_word' id='word_1_358' title='bbox 2325 2576 2430 2632; x_wconf 88' lang='lat' dir='ltr'>ego</span> <span class='ocrx_word' id='word_1_359' title='bbox 2479 2561 2850 2627; x_wconf 88' lang='lat' dir='ltr'>Bertrandus,</span> <span class='ocrx_word' id='word_1_360' title='bbox 2886 2560 3124 2618; x_wconf 91' lang='lat' dir='ltr'>inclitus</span> <span class='ocrx_word' id='word_1_361' title='bbox 3173 2581 3390 2631; x_wconf 88' lang='lat' dir='ltr'>comes,</span> <span class='ocrx_word' id='word_1_362' title='bbox 3441 2566 3575 2621; x_wconf 79' lang='lat' dir='ltr'>Bai-</span> 
     </span>
    </p>
   </div>
   <div class='ocr_carea' id='block_1_58' title="bbox 1928 2646 3574 2719">
    <p class='ocr_par' dir='ltr' id='par_1_58' title="bbox 1928 2646 3574 2719">
     <span class='ocr_line' id='line_1_58' title="bbox 1928 2646 3574 2719; baseline 0.006 -19"><span class='ocrx_word' id='word_1_363' title='bbox 1928 2646 2131 2701; x_wconf 89' lang='lat' dir='ltr'>mundi</span> <span class='ocrx_word' id='word_1_364' title='bbox 2182 2648 2377 2703; x_wconf 87' lang='lat' dir='ltr'>Sancti</span> <span class='ocrx_word' id='word_1_365' title='bbox 2435 2648 2620 2719; x_wconf 82' lang='lat' dir='ltr'>Egidii</span> <span class='ocrx_word' id='word_1_366' title='bbox 2672 2649 2890 2718; x_wconf 83' lang='lat' dir='ltr'>[ﬁlius],</span> <span class='ocrx_word' id='word_1_367' title='bbox 2950 2651 3124 2706; x_wconf 85' lang='lat' dir='ltr'>reddo</span> <span class='ocrx_word' id='word_1_368' title='bbox 3173 2658 3230 2708; x_wconf 90' lang='lat' dir='ltr'>et</span> <span class='ocrx_word' id='word_1_369' title='bbox 3278 2653 3406 2709; x_wconf 86' lang='lat' dir='ltr'>laxo</span> <span class='ocrx_word' id='word_1_370' title='bbox 3465 2655 3574 2710; x_wconf 93' lang='lat' dir='ltr'>Do-</span> 
     </span>
    </p>
   </div>
   <div class='ocr_carea' id='block_1_59' title="bbox 1928 2736 3575 2810">
    <p class='ocr_par' dir='ltr' id='par_1_59' title="bbox 1928 2736 3575 2810">
     <span class='ocr_line' id='line_1_59' title="bbox 1928 2736 3575 2810; baseline 0.005 -21"><span class='ocrx_word' id='word_1_371' title='bbox 1928 2736 2086 2789; x_wconf 89' lang='lat' dir='ltr'>mino</span> <span class='ocrx_word' id='word_1_372' title='bbox 2118 2737 2233 2791; x_wconf 91' lang='lat' dir='ltr'>Deo</span> <span class='ocrx_word' id='word_1_373' title='bbox 2265 2741 2320 2791; x_wconf 89' lang='lat' dir='ltr'>et</span> <span class='ocrx_word' id='word_1_374' title='bbox 2352 2737 2592 2793; x_wconf 82' lang='lat' dir='ltr'>ecclesie</span> <span class='ocrx_word' id='word_1_375' title='bbox 2624 2738 2883 2810; x_wconf 84' lang='lat' dir='ltr'>Sepulcri</span> <span class='ocrx_word' id='word_1_376' title='bbox 2917 2740 3147 2795; x_wconf 88' lang='lat' dir='ltr'>Domini</span> <span class='ocrx_word' id='word_1_377' title='bbox 3181 2742 3365 2797; x_wconf 86' lang='lat' dir='ltr'>nostri</span> <span class='ocrx_word' id='word_1_378' title='bbox 3405 2743 3575 2799; x_wconf 87' lang='lat' dir='ltr'>Ihesu</span> 
     </span>
    </p>
   </div>
   <div class='ocr_carea' id='block_1_60' title="bbox 1924 2823 3575 2903">
    <p class='ocr_par' dir='ltr' id='par_1_60' title="bbox 1924 2823 3575 2903">
     <span class='ocr_line' id='line_1_60' title="bbox 1924 2823 3575 2903; baseline 0.005 -26"><span class='ocrx_word' id='word_1_379' title='bbox 1924 2823 2157 2890; x_wconf 88' lang='lat' dir='ltr'>Christi,</span> <span class='ocrx_word' id='word_1_380' title='bbox 2212 2841 2327 2896; x_wconf 91' lang='lat' dir='ltr'>que</span> <span class='ocrx_word' id='word_1_381' title='bbox 2377 2825 2491 2881; x_wconf 89' lang='lat' dir='ltr'>sita</span> <span class='ocrx_word' id='word_1_382' title='bbox 2538 2830 2627 2881; x_wconf 87' lang='lat' dir='ltr'>est</span> <span class='ocrx_word' id='word_1_383' title='bbox 2670 2825 2729 2880; x_wconf 90' lang='lat' dir='ltr'>in</span> <span class='ocrx_word' id='word_1_384' title='bbox 2782 2831 2972 2882; x_wconf 91' lang='lat' dir='ltr'>castro</span> <span class='ocrx_word' id='word_1_385' title='bbox 3013 2829 3227 2884; x_wconf 85' lang='lat' dir='ltr'>Montis</span> <span class='ocrx_word' id='word_1_386' title='bbox 3258 2830 3575 2903; x_wconf 87' lang='lat' dir='ltr'>Peregrini,</span> 
     </span>
    </p>
   </div>
   <div class='ocr_carea' id='block_1_61' title="bbox 1925 2912 3574 2988">
    <p class='ocr_par' dir='ltr' id='par_1_61' title="bbox 1925 2912 3574 2988">
     <span class='ocr_line' id='line_1_61' title="bbox 1925 2912 3574 2988; baseline 0.006 -22"><span class='ocrx_word' id='word_1_387' title='bbox 1925 2912 2037 2967; x_wconf 90' lang='lat' dir='ltr'>tria</span> <span class='ocrx_word' id='word_1_388' title='bbox 2095 2913 2331 2981; x_wconf 84' lang='lat' dir='ltr'>casalia,</span> <span class='ocrx_word' id='word_1_389' title='bbox 2390 2913 2612 2969; x_wconf 90' lang='lat' dir='ltr'>scilicet</span> <span class='ocrx_word' id='word_1_390' title='bbox 2669 2915 2858 2971; x_wconf 87' lang='lat' dir='ltr'>Addin</span> <span class='ocrx_word' id='word_1_391' title='bbox 2912 2917 2999 2983; x_wconf 67' lang='grc'>9⁵⁵0,</span> <span class='ocrx_word' id='word_1_392' title='bbox 3060 2916 3277 2973; x_wconf 84' lang='lat' dir='ltr'>Habela</span> <span class='ocrx_word' id='word_1_393' title='bbox 3335 2920 3421 2988; x_wconf 70' lang='lat'>95&#39;,</span> <span class='ocrx_word' id='word_1_394' title='bbox 3474 2924 3574 2976; x_wconf 88' lang='lat' dir='ltr'>Bc-</span> 
     </span>
    </p>
   </div>
   <div class='ocr_carea' id='block_1_62' title="bbox 1926 3002 3574 3079">
    <p class='ocr_par' dir='ltr' id='par_1_62' title="bbox 1926 3002 3574 3079">
     <span class='ocr_line' id='line_1_62' title="bbox 1926 3002 3574 3079; baseline 0.005 -23"><span class='ocrx_word' id='word_1_395' title='bbox 1926 3002 2130 3057; x_wconf 89' lang='lat' dir='ltr'>niaran</span> <span class='ocrx_word' id='word_1_396' title='bbox 2161 3004 2392 3071; x_wconf 41' lang='lat' dir='ltr'>“ﬁcum</span> <span class='ocrx_word' id='word_1_397' title='bbox 2426 3003 2701 3059; x_wconf 90' lang='lat' dir='ltr'>omnibus</span> <span class='ocrx_word' id='word_1_398' title='bbox 2730 3002 3098 3076; x_wconf 89' lang='lat' dir='ltr'>pertinentiis</span> <span class='ocrx_word' id='word_1_399' title='bbox 3129 3005 3273 3075; x_wconf 88' lang='lat' dir='ltr'>suis,</span> <span class='ocrx_word' id='word_1_400' title='bbox 3299 3023 3412 3079; x_wconf 91' lang='lat' dir='ltr'>que</span> <span class='ocrx_word' id='word_1_401' title='bbox 3434 3007 3574 3064; x_wconf 86' lang='lat' dir='ltr'>olim</span> 
     </span>
    </p>
   </div>
   <div class='ocr_carea' id='block_1_63' title="bbox 1924 3090 3575 3166">
    <p class='ocr_par' dir='ltr' id='par_1_63' title="bbox 1924 3090 3575 3166">
     <span class='ocr_line' id='line_1_63' title="bbox 1924 3090 3575 3166; baseline 0.005 -21"><span class='ocrx_word' id='word_1_402' title='bbox 1924 3090 2133 3146; x_wconf 90' lang='lat' dir='ltr'>donavi</span> <span class='ocrx_word' id='word_1_403' title='bbox 2167 3092 2239 3146; x_wconf 89' lang='lat' dir='ltr'>ad</span> <span class='ocrx_word' id='word_1_404' title='bbox 2271 3092 2555 3165; x_wconf 86' lang='lat' dir='ltr'>prefatam</span> <span class='ocrx_word' id='word_1_405' title='bbox 2587 3092 2894 3148; x_wconf 90' lang='lat' dir='ltr'>ecclesiam</span> <span class='ocrx_word' id='word_1_406' title='bbox 2940 3110 3043 3166; x_wconf 90' lang='lat' dir='ltr'>pro</span> <span class='ocrx_word' id='word_1_407' title='bbox 3094 3097 3350 3152; x_wconf 90' lang='lat' dir='ltr'>remedio</span> <span class='ocrx_word' id='word_1_408' title='bbox 3382 3096 3575 3154; x_wconf 87' lang='lat' dir='ltr'>anime</span> 
     </span>
    </p>
   </div>
   <div class='ocr_carea' id='block_1_64' title="bbox 1922 3178 3577 3258">
    <p class='ocr_par' dir='ltr' id='par_1_64' title="bbox 1922 3178 3577 3258">
     <span class='ocr_line' id='line_1_64' title="bbox 1922 3178 3577 3258; baseline 0.006 -25"><span class='ocrx_word' id='word_1_409' title='bbox 1922 3178 2217 3234; x_wconf 90' lang='lat' dir='ltr'>Guillelmi</span> <span class='ocrx_word' id='word_1_410' title='bbox 2251 3181 2531 3247; x_wconf 91' lang='lat' dir='ltr'>Iordanis,</span> <span class='ocrx_word' id='word_1_411' title='bbox 2566 3182 2982 3254; x_wconf 86' lang='lat' dir='ltr'>consanguinei</span> <span class='ocrx_word' id='word_1_412' title='bbox 3013 3184 3150 3251; x_wconf 90' lang='lat' dir='ltr'>mei,</span> <span class='ocrx_word' id='word_1_413' title='bbox 3181 3184 3241 3239; x_wconf 92' lang='lat' dir='ltr'>in</span> <span class='ocrx_word' id='word_1_414' title='bbox 3279 3186 3577 3258; x_wconf 89' lang='lat' dir='ltr'>presentia</span> 
     </span>
    </p>
   </div>
   <div class='ocr_carea' id='block_1_65' title="bbox 155 3253 3571 3349">
    <p class='ocr_par' dir='ltr' id='par_1_65' title="bbox 155 3253 3571 3349">
     <span class='ocr_line' id='line_1_65' title="bbox 155 3253 3571 3349; baseline 0.001 -20"><span class='ocrx_word' id='word_1_415' title='bbox 155 3273 236 3329; x_wconf 84' lang='lat' dir='ltr'>tis</span> <span class='ocrx_word' id='word_1_416' title='bbox 266 3272 392 3329; x_wconf 90' lang='lat' dir='ltr'>suis</span> <span class='ocrx_word' id='word_1_417' title='bbox 422 3288 603 3345; x_wconf 89' lang='lat' dir='ltr'>prope</span> <span class='ocrx_word' id='word_1_418' title='bbox 632 3271 1038 3343; x_wconf 88' lang='lat' dir='ltr'>Guibelacard,</span> <span class='ocrx_word' id='word_1_419' title='bbox 1071 3271 1226 3343; x_wconf 89' lang='lat' dir='ltr'>quod</span> <span class='ocrx_word' id='word_1_420' title='bbox 1259 3270 1417 3327; x_wconf 92' lang='lat' dir='ltr'>dedit</span> <span class='ocrx_word' id='word_1_421' title='bbox 1469 3270 1688 3340; x_wconf 81' lang='lat' dir='ltr'>Ribod;</span> <span class='ocrx_word' id='word_1_422' title='bbox 1724 3288 1814 3326; x_wconf 91' lang='lat' dir='ltr'>ca-</span> <span class='ocrx_word' id='word_1_423' title='bbox 1844 3253 1886 3320; x_wconf 84' lang='lat' dir='ltr'>C</span> <span class='ocrx_word' id='word_1_424' title='bbox 1926 3268 2124 3324; x_wconf 90' lang='lat' dir='ltr'>domni</span> <span class='ocrx_word' id='word_1_425' title='bbox 2157 3268 2441 3337; x_wconf 88' lang='lat' dir='ltr'>Balduini,</span> <span class='ocrx_word' id='word_1_426' title='bbox 2476 3270 2629 3344; x_wconf 91' lang='lat' dir='ltr'>regis</span> <span class='ocrx_word' id='word_1_427' title='bbox 2656 3253 3034 3340; x_wconf 79' lang='lat' dir='ltr'>lherusalem,</span> <span class='ocrx_word' id='word_1_428' title='bbox 3067 3276 3124 3328; x_wconf 91' lang='lat' dir='ltr'>et</span> <span class='ocrx_word' id='word_1_429' title='bbox 3153 3253 3571 3349; x_wconf 77' lang='lat' dir='ltr'>archiepiscopi</span> 
     </span>
    </p>
   </div>
   <div class='ocr_carea' id='block_1_66' title="bbox 159 3358 1814 3433">
    <p class='ocr_par' dir='ltr' id='par_1_66' title="bbox 159 3358 1814 3433">
     <span class='ocr_line' id='line_1_66' title="bbox 159 3358 1814 3433; baseline -0.003 -13"><span class='ocrx_word' id='word_1_430' title='bbox 159 3361 286 3420; x_wconf 86' lang='lat' dir='ltr'>sale</span> <span class='ocrx_word' id='word_1_431' title='bbox 316 3360 689 3433; x_wconf 81' lang='lat' dir='ltr'>Cafarsequel</span> <span class='ocrx_word' id='word_1_432' title='bbox 720 3361 779 3416; x_wconf 89' lang='lat' dir='ltr'>in</span> <span class='ocrx_word' id='word_1_433' title='bbox 811 3361 1101 3417; x_wconf 89' lang='lat' dir='ltr'>territorio</span> <span class='ocrx_word' id='word_1_434' title='bbox 1122 3361 1193 3416; x_wconf 90' lang='lat' dir='ltr'>de</span> <span class='ocrx_word' id='word_1_435' title='bbox 1224 3358 1628 3432; x_wconf 87' lang='lat' dir='ltr'>Gibelet,quod</span> <span class='ocrx_word' id='word_1_436' title='bbox 1654 3376 1814 3416; x_wconf 87' lang='lat' dir='ltr'>voca-</span> 
     </span>
    </p>
   </div>
   <div class='ocr_carea' id='block_1_67' title="bbox 158 3448 1812 3522">
    <p class='ocr_par' dir='ltr' id='par_1_67' title="bbox 158 3448 1812 3522">
     <span class='ocr_line' id='line_1_67' title="bbox 158 3448 1812 3522; baseline -0.001 -15"><span class='ocrx_word' id='word_1_437' title='bbox 158 3455 261 3507; x_wconf 90' lang='lat' dir='ltr'>tur</span> <span class='ocrx_word' id='word_1_438' title='bbox 288 3449 479 3507; x_wconf 88' lang='lat' dir='ltr'>casale</span> <span class='ocrx_word' id='word_1_439' title='bbox 506 3450 709 3506; x_wconf 91' lang='lat' dir='ltr'>Pontis</span> <span class='ocrx_word' id='word_1_440' title='bbox 737 3448 1037 3522; x_wconf 86' lang='lat' dir='ltr'>Sici,quod</span> <span class='ocrx_word' id='word_1_441' title='bbox 1069 3448 1402 3522; x_wconf 89' lang='lat' dir='ltr'>Stephanus</span> <span class='ocrx_word' id='word_1_442' title='bbox 1425 3449 1496 3504; x_wconf 91' lang='lat' dir='ltr'>de</span> <span class='ocrx_word' id='word_1_443' title='bbox 1523 3448 1691 3504; x_wconf 90' lang='lat' dir='ltr'>Brolo</span> <span class='ocrx_word' id='word_1_444' title='bbox 1714 3448 1812 3505; x_wconf 90' lang='lat' dir='ltr'>de-</span> 
     </span>
    </p>
   </div>
   <div class='ocr_carea' id='block_1_68' title="bbox 159 3537 1813 3609">
    <p class='ocr_par' dir='ltr' id='par_1_68' title="bbox 159 3537 1813 3609">
     <span class='ocr_line' id='line_1_68' title="bbox 159 3537 1813 3609; baseline -0.002 -13"><span class='ocrx_word' id='word_1_445' title='bbox 159 3542 283 3609; x_wconf 90' lang='lat' dir='ltr'>dit;</span> <span class='ocrx_word' id='word_1_446' title='bbox 317 3539 378 3594; x_wconf 90' lang='lat' dir='ltr'>in</span> <span class='ocrx_word' id='word_1_447' title='bbox 416 3537 594 3595; x_wconf 87' lang='lat' dir='ltr'>casali</span> <span class='ocrx_word' id='word_1_448' title='bbox 645 3538 715 3594; x_wconf 87' lang='lat' dir='ltr'>de</span> <span class='ocrx_word' id='word_1_449' title='bbox 763 3538 1057 3595; x_wconf 89' lang='lat' dir='ltr'>Bocumbe</span> <span class='ocrx_word' id='word_1_450' title='bbox 1110 3537 1392 3593; x_wconf 88' lang='lat' dir='ltr'>villanum</span> <span class='ocrx_word' id='word_1_451' title='bbox 1441 3554 1626 3593; x_wconf 91' lang='lat' dir='ltr'>unum</span> <span class='ocrx_word' id='word_1_452' title='bbox 1678 3554 1813 3592; x_wconf 92' lang='lat' dir='ltr'>cum</span> 
     </span>
    </p>
   </div>
   <div class='ocr_carea' id='block_1_69' title="bbox 161 3626 1815 3700">
    <p class='ocr_par' dir='ltr' id='par_1_69' title="bbox 161 3626 1815 3700">
     <span class='ocr_line' id='line_1_69' title="bbox 161 3626 1815 3700; baseline -0.003 -14"><span class='ocrx_word' id='word_1_453' title='bbox 161 3646 284 3686; x_wconf 90' lang='lat' dir='ltr'>una</span> <span class='ocrx_word' id='word_1_454' title='bbox 313 3631 620 3684; x_wconf 87' lang='lat' dir='ltr'>carrucata</span> <span class='ocrx_word' id='word_1_455' title='bbox 646 3632 819 3695; x_wconf 89' lang='lat' dir='ltr'>terre,</span> <span class='ocrx_word' id='word_1_456' title='bbox 855 3644 1029 3700; x_wconf 91' lang='lat' dir='ltr'>quem</span> <span class='ocrx_word' id='word_1_457' title='bbox 1079 3626 1315 3683; x_wconf 87' lang='lat' dir='ltr'>donavit</span> <span class='ocrx_word' id='word_1_458' title='bbox 1345 3626 1713 3682; x_wconf 83' lang='lat' dir='ltr'>Raimundus</span> <span class='ocrx_word' id='word_1_459' title='bbox 1743 3627 1815 3682; x_wconf 92' lang='lat' dir='ltr'>de</span> 
     </span>
    </p>
   </div>
   <div class='ocr_carea' id='block_1_70' title="bbox 160 3714 1815 3790">
    <p class='ocr_par' dir='ltr' id='par_1_70' title="bbox 160 3714 1815 3790">
     <span class='ocr_line' id='line_1_70' title="bbox 160 3714 1815 3790; baseline -0.002 -16"><span class='ocrx_word' id='word_1_460' title='bbox 160 3719 467 3786; x_wconf 88' lang='lat' dir='ltr'>Narbona;</span> <span class='ocrx_word' id='word_1_461' title='bbox 523 3717 583 3772; x_wconf 94' lang='lat' dir='ltr'>in</span> <span class='ocrx_word' id='word_1_462' title='bbox 614 3716 826 3784; x_wconf 88' lang='lat' dir='ltr'>casale,</span> <span class='ocrx_word' id='word_1_463' title='bbox 861 3717 1016 3790; x_wconf 91' lang='lat' dir='ltr'>quod</span> <span class='ocrx_word' id='word_1_464' title='bbox 1073 3715 1286 3771; x_wconf 90' lang='lat' dir='ltr'>dicitur</span> <span class='ocrx_word' id='word_1_465' title='bbox 1340 3717 1471 3781; x_wconf 85' lang='lat' dir='ltr'>Aer,</span> <span class='ocrx_word' id='word_1_466' title='bbox 1530 3714 1815 3771; x_wconf 91' lang='lat' dir='ltr'>villanum</span> 
     </span>
    </p>
   </div>
   <div class='ocr_carea' id='block_1_71' title="bbox 161 3805 1819 3877">
    <p class='ocr_par' dir='ltr' id='par_1_71' title="bbox 161 3805 1819 3877">
     <span class='ocr_line' id='line_1_71' title="bbox 161 3805 1819 3877; baseline -0.002 -14"><span class='ocrx_word' id='word_1_467' title='bbox 161 3825 353 3864; x_wconf 88' lang='lat' dir='ltr'>unum</span> <span class='ocrx_word' id='word_1_468' title='bbox 385 3824 520 3863; x_wconf 89' lang='lat' dir='ltr'>cum</span> <span class='ocrx_word' id='word_1_469' title='bbox 546 3824 667 3863; x_wconf 90' lang='lat' dir='ltr'>una</span> <span class='ocrx_word' id='word_1_470' title='bbox 694 3810 995 3862; x_wconf 87' lang='lat' dir='ltr'>carrucata</span> <span class='ocrx_word' id='word_1_471' title='bbox 1020 3809 1374 3877; x_wconf 88' lang='lat' dir='ltr'>terre,quem</span> <span class='ocrx_word' id='word_1_472' title='bbox 1397 3805 1557 3861; x_wconf 88' lang='lat' dir='ltr'>dedit</span> <span class='ocrx_word' id='word_1_473' title='bbox 1579 3806 1819 3861; x_wconf 89' lang='lat' dir='ltr'>Bernar-</span> 
     </span>
    </p>
   </div>
   <div class='ocr_carea' id='block_1_72' title="bbox 162 3893 1817 3963">
    <p class='ocr_par' dir='ltr' id='par_1_72' title="bbox 162 3893 1817 3963">
     <span class='ocr_line' id='line_1_72' title="bbox 162 3893 1817 3963; baseline -0.002 -11"><span class='ocrx_word' id='word_1_474' title='bbox 162 3898 277 3953; x_wconf 90' lang='lat' dir='ltr'>dus</span> <span class='ocrx_word' id='word_1_475' title='bbox 294 3896 469 3952; x_wconf 89' lang='lat' dir='ltr'>Derat</span> <span class='ocrx_word' id='word_1_476' title='bbox 487 3914 501 3963; x_wconf 91' lang='lat'>;</span> <span class='ocrx_word' id='word_1_477' title='bbox 521 3896 579 3950; x_wconf 91' lang='lat' dir='ltr'>in</span> <span class='ocrx_word' id='word_1_478' title='bbox 603 3894 793 3950; x_wconf 89' lang='lat' dir='ltr'>casale</span> <span class='ocrx_word' id='word_1_479' title='bbox 813 3894 989 3951; x_wconf 89' lang='lat' dir='ltr'>etiam</span> <span class='ocrx_word' id='word_1_480' title='bbox 1005 3893 1463 3951; x_wconf 89' lang='lat' dir='ltr'>Derievillanum</span> <span class='ocrx_word' id='word_1_481' title='bbox 1481 3910 1665 3949; x_wconf 90' lang='lat' dir='ltr'>unum</span> <span class='ocrx_word' id='word_1_482' title='bbox 1682 3910 1817 3949; x_wconf 92' lang='lat' dir='ltr'>cum</span> 
     </span>
    </p>
   </div>
   <div class='ocr_carea' id='block_1_73' title="bbox 159 3981 1820 4057">
    <p class='ocr_par' dir='ltr' id='par_1_73' title="bbox 159 3981 1820 4057">
     <span class='ocr_line' id='line_1_73' title="bbox 159 3981 1820 4057; baseline -0.002 -16"><span class='ocrx_word' id='word_1_483' title='bbox 159 3986 323 4057; x_wconf 86' lang='lat' dir='ltr'>[una]</span> <span class='ocrx_word' id='word_1_484' title='bbox 357 3988 661 4040; x_wconf 88' lang='lat' dir='ltr'>carrucata</span> <span class='ocrx_word' id='word_1_485' title='bbox 691 3988 841 4040; x_wconf 88' lang='lat' dir='ltr'>terre</span> <span class='ocrx_word' id='word_1_486' title='bbox 890 3988 946 4038; x_wconf 89' lang='lat' dir='ltr'>et</span> <span class='ocrx_word' id='word_1_487' title='bbox 988 4002 1025 4039; x_wconf 84' lang='lat' dir='ltr'><strong>x</strong></span> <span class='ocrx_word' id='word_1_488' title='bbox 1063 3984 1259 4055; x_wconf 86' lang='lat' dir='ltr'>jarras</span> <span class='ocrx_word' id='word_1_489' title='bbox 1289 3981 1418 4050; x_wconf 93' lang='lat' dir='ltr'>olei,</span> <span class='ocrx_word' id='word_1_490' title='bbox 1454 4000 1601 4054; x_wconf 90' lang='lat' dir='ltr'>quas</span> <span class='ocrx_word' id='word_1_491' title='bbox 1650 3983 1820 4038; x_wconf 90' lang='lat' dir='ltr'>debet</span> 
     </span>
    </p>
   </div>
   <div class='ocr_carea' id='block_1_74' title="bbox 164 4071 1820 4149">
    <p class='ocr_par' dir='ltr' id='par_1_74' title="bbox 164 4071 1820 4149">
     <span class='ocr_line' id='line_1_74' title="bbox 164 4071 1820 4149; baseline -0.003 -17"><span class='ocrx_word' id='word_1_492' title='bbox 164 4073 491 4149; x_wconf 87' lang='lat' dir='ltr'>persolvere</span> <span class='ocrx_word' id='word_1_493' title='bbox 521 4073 828 4129; x_wconf 90' lang='lat' dir='ltr'>annuatim</span> <span class='ocrx_word' id='word_1_494' title='bbox 860 4071 1135 4129; x_wconf 91' lang='lat' dir='ltr'>dominus</span> <span class='ocrx_word' id='word_1_495' title='bbox 1156 4072 1513 4144; x_wconf 89' lang='lat' dir='ltr'>quicumque</span> <span class='ocrx_word' id='word_1_496' title='bbox 1535 4071 1710 4127; x_wconf 86' lang='lat' dir='ltr'>fuerit</span> <span class='ocrx_word' id='word_1_497' title='bbox 1731 4088 1820 4128; x_wconf 90' lang='lat' dir='ltr'>ca-</span> 
     </span>
    </p>
   </div>
   <div class='ocr_carea' id='block_1_75' title="bbox 166 4155 1818 4236">
    <p class='ocr_par' dir='ltr' id='par_1_75' title="bbox 166 4155 1818 4236">
     <span class='ocr_line' id='line_1_75' title="bbox 166 4155 1818 4236; baseline -0.004 -15"><span class='ocrx_word' id='word_1_498' title='bbox 166 4163 330 4234; x_wconf 90' lang='lat' dir='ltr'>salis,</span> <span class='ocrx_word' id='word_1_499' title='bbox 365 4180 478 4236; x_wconf 92' lang='lat' dir='ltr'>que</span> <span class='ocrx_word' id='word_1_500' title='bbox 508 4161 669 4218; x_wconf 88' lang='lat' dir='ltr'>dedit</span> <span class='ocrx_word' id='word_1_501' title='bbox 697 4162 907 4218; x_wconf 72' lang='lat' dir='ltr'>Petrus</span> <span class='ocrx_word' id='word_1_502' title='bbox 938 4155 1009 4217; x_wconf 88' lang='lat' dir='ltr'>de</span> <span class='ocrx_word' id='word_1_503' title='bbox 1056 4159 1232 4217; x_wconf 91' lang='lat' dir='ltr'>Podio</span> <span class='ocrx_word' id='word_1_504' title='bbox 1266 4160 1588 4228; x_wconf 88' lang='lat' dir='ltr'>Laurentii,</span> <span class='ocrx_word' id='word_1_505' title='bbox 1616 4176 1818 4216; x_wconf 89' lang='lat' dir='ltr'>conce-</span> 
     </span>
    </p>
   </div>
   <div class='ocr_carea' id='block_1_76' title="bbox 167 4250 1821 4319">
    <p class='ocr_par' dir='ltr' id='par_1_76' title="bbox 167 4250 1821 4319">
     <span class='ocr_line' id='line_1_76' title="bbox 167 4250 1821 4319; baseline -0.004 -10"><span class='ocrx_word' id='word_1_506' title='bbox 167 4255 343 4309; x_wconf 89' lang='lat' dir='ltr'>dente</span> <span class='ocrx_word' id='word_1_507' title='bbox 370 4268 549 4309; x_wconf 85' lang='lat' dir='ltr'>uxore</span> <span class='ocrx_word' id='word_1_508' title='bbox 579 4269 715 4319; x_wconf 88' lang='lat' dir='ltr'>sua;</span> <span class='ocrx_word' id='word_1_509' title='bbox 749 4254 807 4306; x_wconf 90' lang='lat' dir='ltr'>et</span> <span class='ocrx_word' id='word_1_510' title='bbox 826 4250 1107 4307; x_wconf 90' lang='lat' dir='ltr'>villanum</span> <span class='ocrx_word' id='word_1_511' title='bbox 1126 4266 1309 4305; x_wconf 90' lang='lat' dir='ltr'>unum</span> <span class='ocrx_word' id='word_1_512' title='bbox 1335 4266 1469 4304; x_wconf 92' lang='lat' dir='ltr'>cum</span> <span class='ocrx_word' id='word_1_513' title='bbox 1492 4266 1610 4304; x_wconf 87' lang='lat' dir='ltr'>una</span> <span class='ocrx_word' id='word_1_514' title='bbox 1629 4266 1821 4317; x_wconf 77' lang='lat' dir='ltr'>carru-</span> 
     </span>
    </p>
   </div>
   <div class='ocr_carea' id='block_1_77' title="bbox 168 4338 1824 4413">
    <p class='ocr_par' dir='ltr' id='par_1_77' title="bbox 168 4338 1824 4413">
     <span class='ocr_line' id='line_1_77' title="bbox 168 4338 1824 4413; baseline -0.003 -15"><span class='ocrx_word' id='word_1_515' title='bbox 168 4347 300 4399; x_wconf 83' lang='lat' dir='ltr'>cata</span> <span class='ocrx_word' id='word_1_516' title='bbox 330 4345 687 4413; x_wconf 90' lang='lat' dir='ltr'>terre,quem</span> <span class='ocrx_word' id='word_1_517' title='bbox 712 4339 872 4396; x_wconf 90' lang='lat' dir='ltr'>dedit</span> <span class='ocrx_word' id='word_1_518' title='bbox 904 4339 1316 4411; x_wconf 89' lang='lat' dir='ltr'>Petrus,nepos</span> <span class='ocrx_word' id='word_1_519' title='bbox 1342 4338 1573 4411; x_wconf 83' lang='lat' dir='ltr'>Rogerii</span> <span class='ocrx_word' id='word_1_520' title='bbox 1597 4341 1824 4393; x_wconf 88' lang='lat' dir='ltr'>consta-</span> 
     </span>
    </p>
   </div>
   <div class='ocr_carea' id='block_1_78' title="bbox 169 4426 1824 4497">
    <p class='ocr_par' dir='ltr' id='par_1_78' title="bbox 169 4426 1824 4497">
     <span class='ocr_line' id='line_1_78' title="bbox 169 4426 1824 4497; baseline -0.002 -11"><span class='ocrx_word' id='word_1_521' title='bbox 169 4430 407 4496; x_wconf 86' lang='lat' dir='ltr'>bularii,</span> <span class='ocrx_word' id='word_1_522' title='bbox 438 4429 498 4485; x_wconf 91' lang='lat' dir='ltr'>in</span> <span class='ocrx_word' id='word_1_523' title='bbox 532 4428 723 4485; x_wconf 87' lang='lat' dir='ltr'>casale</span> <span class='ocrx_word' id='word_1_524' title='bbox 751 4427 967 4497; x_wconf 83' lang='lat' dir='ltr'>Ardin;</span> <span class='ocrx_word' id='word_1_525' title='bbox 1000 4433 1057 4484; x_wconf 91' lang='lat' dir='ltr'>et</span> <span class='ocrx_word' id='word_1_526' title='bbox 1102 4427 1162 4483; x_wconf 91' lang='lat' dir='ltr'>in</span> <span class='ocrx_word' id='word_1_527' title='bbox 1211 4426 1400 4484; x_wconf 87' lang='lat' dir='ltr'>casale</span> <span class='ocrx_word' id='word_1_528' title='bbox 1432 4427 1504 4482; x_wconf 90' lang='lat' dir='ltr'>de</span> <span class='ocrx_word' id='word_1_529' title='bbox 1551 4426 1824 4482; x_wconf 87' lang='lat' dir='ltr'>Buissera</span> 
     </span>
    </p>
   </div>
   <div class='ocr_carea' id='block_1_79' title="bbox 168 4515 1825 4587">
    <p class='ocr_par' dir='ltr' id='par_1_79' title="bbox 168 4515 1825 4587">
     <span class='ocr_line' id='line_1_79' title="bbox 168 4515 1825 4587; baseline -0.004 -11"><span class='ocrx_word' id='word_1_530' title='bbox 168 4537 357 4576; x_wconf 91' lang='lat' dir='ltr'>unum</span> <span class='ocrx_word' id='word_1_531' title='bbox 373 4518 659 4574; x_wconf 91' lang='lat' dir='ltr'>villanum</span> <span class='ocrx_word' id='word_1_532' title='bbox 680 4535 813 4574; x_wconf 91' lang='lat' dir='ltr'>cum</span> <span class='ocrx_word' id='word_1_533' title='bbox 834 4535 951 4573; x_wconf 89' lang='lat' dir='ltr'>una</span> <span class='ocrx_word' id='word_1_534' title='bbox 968 4521 1271 4573; x_wconf 87' lang='lat' dir='ltr'>carrucata</span> <span class='ocrx_word' id='word_1_535' title='bbox 1286 4521 1640 4587; x_wconf 90' lang='lat' dir='ltr'>terre,quem</span> <span class='ocrx_word' id='word_1_536' title='bbox 1666 4515 1825 4570; x_wconf 89' lang='lat' dir='ltr'>dedit</span> 
     </span>
    </p>
   </div>
   <div class='ocr_carea' id='block_1_80' title="bbox 167 4604 1820 4677">
    <p class='ocr_par' dir='ltr' id='par_1_80' title="bbox 167 4604 1820 4677">
     <span class='ocr_line' id='line_1_80' title="bbox 167 4604 1820 4677; baseline -0.004 -12"><span class='ocrx_word' id='word_1_537' title='bbox 167 4608 528 4677; x_wconf 84' lang='lat' dir='ltr'>Adalardus;</span> <span class='ocrx_word' id='word_1_538' title='bbox 558 4608 620 4663; x_wconf 91' lang='lat' dir='ltr'>in</span> <span class='ocrx_word' id='word_1_539' title='bbox 637 4605 859 4663; x_wconf 88' lang='lat' dir='ltr'>causali</span> <span class='ocrx_word' id='word_1_540' title='bbox 883 4608 949 4642; x_wconf 68' lang='lat'>9‘5</span> <span class='ocrx_word' id='word_1_541' title='bbox 966 4606 1146 4662; x_wconf 87' lang='lat' dir='ltr'>Sorbe</span> <span class='ocrx_word' id='word_1_542' title='bbox 1169 4604 1453 4660; x_wconf 88' lang='lat' dir='ltr'>villanum</span> <span class='ocrx_word' id='word_1_543' title='bbox 1479 4619 1664 4659; x_wconf 90' lang='lat' dir='ltr'>unum</span> <span class='ocrx_word' id='word_1_544' title='bbox 1687 4619 1820 4658; x_wconf 91' lang='lat' dir='ltr'>cum</span> 
     </span>
    </p>
   </div>
   <div class='ocr_carea' id='block_1_81' title="bbox 170 4693 1826 4768">
    <p class='ocr_par' dir='ltr' id='par_1_81' title="bbox 170 4693 1826 4768">
     <span class='ocr_line' id='line_1_81' title="bbox 170 4693 1826 4768; baseline -0.004 -15"><span class='ocrx_word' id='word_1_545' title='bbox 170 4715 290 4754; x_wconf 88' lang='lat' dir='ltr'>una</span> <span class='ocrx_word' id='word_1_546' title='bbox 318 4701 623 4753; x_wconf 90' lang='lat' dir='ltr'>carrucata</span> <span class='ocrx_word' id='word_1_547' title='bbox 650 4701 822 4765; x_wconf 90' lang='lat' dir='ltr'>terre,</span> <span class='ocrx_word' id='word_1_548' title='bbox 855 4712 1031 4768; x_wconf 91' lang='lat' dir='ltr'>quem</span> <span class='ocrx_word' id='word_1_549' title='bbox 1063 4695 1224 4751; x_wconf 90' lang='lat' dir='ltr'>dedit</span> <span class='ocrx_word' id='word_1_550' title='bbox 1254 4693 1569 4750; x_wconf 87' lang='lat' dir='ltr'>Gaufridus</span> <span class='ocrx_word' id='word_1_551' title='bbox 1595 4693 1665 4748; x_wconf 92' lang='lat' dir='ltr'>de</span> <span class='ocrx_word' id='word_1_552' title='bbox 1683 4696 1826 4748; x_wconf 88' lang='lat' dir='ltr'>Pen-</span> 
     </span>
    </p>
   </div>
   <div class='ocr_carea' id='block_1_82' title="bbox 170 4780 1825 4858">
    <p class='ocr_par' dir='ltr' id='par_1_82' title="bbox 170 4780 1825 4858">
     <span class='ocr_line' id='line_1_82' title="bbox 170 4780 1825 4858; baseline -0.004 -16"><span class='ocrx_word' id='word_1_553' title='bbox 170 4786 299 4855; x_wconf 86' lang='lat' dir='ltr'>nis;</span> <span class='ocrx_word' id='word_1_554' title='bbox 334 4785 395 4841; x_wconf 93' lang='lat' dir='ltr'>in</span> <span class='ocrx_word' id='word_1_555' title='bbox 424 4785 717 4841; x_wconf 89' lang='lat' dir='ltr'>territorio</span> <span class='ocrx_word' id='word_1_556' title='bbox 748 4784 821 4840; x_wconf 90' lang='lat' dir='ltr'>de</span> <span class='ocrx_word' id='word_1_557' title='bbox 850 4783 1075 4858; x_wconf 90' lang='lat' dir='ltr'>Nophis</span> <span class='ocrx_word' id='word_1_558' title='bbox 1123 4800 1203 4839; x_wconf 83' lang='lat' dir='ltr'>xu</span> <span class='ocrx_word' id='word_1_559' title='bbox 1249 4798 1483 4855; x_wconf 89' lang='lat' dir='ltr'>quoque</span> <span class='ocrx_word' id='word_1_560' title='bbox 1530 4780 1825 4837; x_wconf 89' lang='lat' dir='ltr'>Bizancios</span> 
     </span>
    </p>
   </div>
   <div class='ocr_carea' id='block_1_83' title="bbox 171 4869 1825 4946">
    <p class='ocr_par' dir='ltr' id='par_1_83' title="bbox 171 4869 1825 4946">
     <span class='ocr_line' id='line_1_83' title="bbox 171 4869 1825 4946; baseline -0.004 -15"><span class='ocrx_word' id='word_1_561' title='bbox 171 4879 274 4931; x_wconf 92' lang='lat' dir='ltr'>aut</span> <span class='ocrx_word' id='word_1_562' title='bbox 302 4892 409 4930; x_wconf 81' lang='lat' dir='ltr'>cxx</span> <span class='ocrx_word' id='word_1_563' title='bbox 437 4873 632 4930; x_wconf 86' lang='lat' dir='ltr'>littras</span> <span class='ocrx_word' id='word_1_564' title='bbox 656 4873 944 4946; x_wconf 88' lang='lat' dir='ltr'>olei,quos</span> <span class='ocrx_word' id='word_1_565' title='bbox 975 4873 1211 4929; x_wconf 90' lang='lat' dir='ltr'>donavit</span> <span class='ocrx_word' id='word_1_566' title='bbox 1231 4870 1560 4944; x_wconf 88' lang='lat' dir='ltr'>supradicte</span> <span class='ocrx_word' id='word_1_567' title='bbox 1585 4869 1825 4926; x_wconf 88' lang='lat' dir='ltr'>ecclesie</span> 
     </span>
    </p>
   </div>
   <div class='ocr_carea' id='block_1_84' title="bbox 171 4958 1828 5036">
    <p class='ocr_par' dir='ltr' id='par_1_84' title="bbox 171 4958 1828 5036">
     <span class='ocr_line' id='line_1_84' title="bbox 171 4958 1828 5036; baseline -0.003 -17"><span class='ocrx_word' id='word_1_568' title='bbox 171 4962 449 5020; x_wconf 77' lang='lat' dir='ltr'>Adalaxia</span> <span class='ocrx_word' id='word_1_569' title='bbox 478 4980 583 5035; x_wconf 90' lang='lat' dir='ltr'>pro</span> <span class='ocrx_word' id='word_1_570' title='bbox 614 4964 812 5019; x_wconf 86' lang='lat' dir='ltr'>anima</span> <span class='ocrx_word' id='word_1_571' title='bbox 860 4963 1049 5036; x_wconf 83' lang='lat' dir='ltr'>Vgoni</span> <span class='ocrx_word' id='word_1_572' title='bbox 1096 4961 1345 5029; x_wconf 89' lang='lat' dir='ltr'>Ebriaci,</span> <span class='ocrx_word' id='word_1_573' title='bbox 1386 4960 1494 5015; x_wconf 90' lang='lat' dir='ltr'>viri</span> <span class='ocrx_word' id='word_1_574' title='bbox 1543 4958 1656 5029; x_wconf 90' lang='lat' dir='ltr'>sui,</span> <span class='ocrx_word' id='word_1_575' title='bbox 1712 4975 1828 5014; x_wconf 90' lang='lat' dir='ltr'>una</span> 
     </span>
    </p>
   </div>
   <div class='ocr_carea' id='block_1_85' title="bbox 172 5048 1825 5121">
    <p class='ocr_par' dir='ltr' id='par_1_85' title="bbox 172 5048 1825 5121">
     <span class='ocr_line' id='line_1_85' title="bbox 172 5048 1825 5121; baseline -0.003 -13"><span class='ocrx_word' id='word_1_576' title='bbox 172 5069 309 5109; x_wconf 91' lang='lat' dir='ltr'>cum</span> <span class='ocrx_word' id='word_1_577' title='bbox 339 5050 460 5109; x_wconf 82' lang='lat' dir='ltr'>ﬁlio</span> <span class='ocrx_word' id='word_1_578' title='bbox 490 5052 920 5121; x_wconf 86' lang='lat' dir='ltr'>suo,Willelmo</span> <span class='ocrx_word' id='word_1_579' title='bbox 950 5051 1212 5118; x_wconf 90' lang='lat' dir='ltr'>Ebriaco,</span> <span class='ocrx_word' id='word_1_580' title='bbox 1246 5049 1550 5105; x_wconf 84' lang='lat' dir='ltr'>annuatim</span> <span class='ocrx_word' id='word_1_581' title='bbox 1580 5048 1640 5103; x_wconf 91' lang='lat' dir='ltr'>in</span> <span class='ocrx_word' id='word_1_582' title='bbox 1671 5064 1825 5104; x_wconf 86' lang='lat' dir='ltr'>sem-</span> 
     </span>
    </p>
   </div>
   <div class='ocr_carea' id='block_1_86' title="bbox 172 5137 1824 5215">
    <p class='ocr_par' dir='ltr' id='par_1_86' title="bbox 172 5137 1824 5215">
     <span class='ocr_line' id='line_1_86' title="bbox 172 5137 1824 5215; baseline -0.005 -16"><span class='ocrx_word' id='word_1_583' title='bbox 172 5142 471 5215; x_wconf 86' lang='lat' dir='ltr'>piternum</span> <span class='ocrx_word' id='word_1_584' title='bbox 503 5142 861 5209; x_wconf 90' lang='lat' dir='ltr'>reddendos;</span> <span class='ocrx_word' id='word_1_585' title='bbox 894 5157 1076 5197; x_wconf 89' lang='lat' dir='ltr'>unum</span> <span class='ocrx_word' id='word_1_586' title='bbox 1109 5156 1341 5212; x_wconf 88' lang='lat' dir='ltr'>quoque</span> <span class='ocrx_word' id='word_1_587' title='bbox 1365 5137 1649 5193; x_wconf 91' lang='lat' dir='ltr'>villanum</span> <span class='ocrx_word' id='word_1_588' title='bbox 1690 5153 1824 5193; x_wconf 90' lang='lat' dir='ltr'>cum</span> 
     </span>
    </p>
   </div>
   <div class='ocr_carea' id='block_1_87' title="bbox 172 5224 1822 5303">
    <p class='ocr_par' dir='ltr' id='par_1_87' title="bbox 172 5224 1822 5303">
     <span class='ocr_line' id='line_1_87' title="bbox 172 5224 1822 5303; baseline -0.005 -16"><span class='ocrx_word' id='word_1_589' title='bbox 172 5230 452 5287; x_wconf 89' lang='lat' dir='ltr'>omnibus</span> <span class='ocrx_word' id='word_1_590' title='bbox 465 5230 590 5287; x_wconf 89' lang='lat' dir='ltr'>suis</span> <span class='ocrx_word' id='word_1_591' title='bbox 613 5231 1061 5303; x_wconf 88' lang='lat' dir='ltr'>pertinentibus,</span> <span class='ocrx_word' id='word_1_592' title='bbox 1076 5233 1133 5285; x_wconf 90' lang='lat' dir='ltr'>et</span> <span class='ocrx_word' id='word_1_593' title='bbox 1142 5235 1327 5285; x_wconf 87' lang='lat' dir='ltr'>terras</span> <span class='ocrx_word' id='word_1_594' title='bbox 1352 5226 1594 5282; x_wconf 87' lang='lat' dir='ltr'>alterius</span> <span class='ocrx_word' id='word_1_595' title='bbox 1607 5224 1822 5291; x_wconf 78' lang='lat' dir='ltr'>villani,</span> 
     </span>
    </p>
   </div>
   <div class='ocr_carea' id='block_1_88' title="bbox 173 5313 1827 5393">
    <p class='ocr_par' dir='ltr' id='par_1_88' title="bbox 173 5313 1827 5393">
     <span class='ocr_line' id='line_1_88' title="bbox 173 5313 1827 5393; baseline -0.005 -17"><span class='ocrx_word' id='word_1_596' title='bbox 173 5337 351 5393; x_wconf 90' lang='lat' dir='ltr'>quem</span> <span class='ocrx_word' id='word_1_597' title='bbox 372 5319 534 5375; x_wconf 91' lang='lat' dir='ltr'>dedit</span> <span class='ocrx_word' id='word_1_598' title='bbox 550 5319 885 5376; x_wconf 90' lang='lat' dir='ltr'>Willelmus</span> <span class='ocrx_word' id='word_1_599' title='bbox 906 5321 974 5375; x_wconf 92' lang='lat' dir='ltr'>de</span> <span class='ocrx_word' id='word_1_600' title='bbox 997 5318 1270 5387; x_wconf 89' lang='lat' dir='ltr'>Boschet;</span> <span class='ocrx_word' id='word_1_601' title='bbox 1296 5316 1541 5371; x_wconf 90' lang='lat' dir='ltr'>villanos</span> <span class='ocrx_word' id='word_1_602' title='bbox 1562 5313 1827 5387; x_wconf 89' lang='lat' dir='ltr'>supradi-</span> 
     </span>
    </p>
   </div>
   <div class='ocr_carea' id='block_1_89' title="bbox 173 5401 1828 5482">
    <p class='ocr_par' dir='ltr' id='par_1_89' title="bbox 173 5401 1828 5482">
     <span class='ocr_line' id='line_1_89' title="bbox 173 5401 1828 5482; baseline -0.006 -15"><span class='ocrx_word' id='word_1_603' title='bbox 173 5414 299 5467; x_wconf 88' lang='lat' dir='ltr'>ctos</span> <span class='ocrx_word' id='word_1_604' title='bbox 330 5425 651 5482; x_wconf 87' lang='lat' dir='ltr'>eorumque</span> <span class='ocrx_word' id='word_1_605' title='bbox 684 5408 930 5466; x_wconf 88' lang='lat' dir='ltr'>heredes</span> <span class='ocrx_word' id='word_1_606' title='bbox 959 5426 1093 5465; x_wconf 91' lang='lat' dir='ltr'>cum</span> <span class='ocrx_word' id='word_1_607' title='bbox 1114 5406 1286 5464; x_wconf 91' lang='lat' dir='ltr'>terris</span> <span class='ocrx_word' id='word_1_608' title='bbox 1308 5405 1433 5462; x_wconf 91' lang='lat' dir='ltr'>suis</span> <span class='ocrx_word' id='word_1_609' title='bbox 1454 5401 1828 5477; x_wconf 89' lang='lat' dir='ltr'>perhenniter</span> 
     </span>
    </p>
   </div>
   <div class='ocr_carea' id='block_1_90' title="bbox 246 5533 772 5591">
    <p class='ocr_par' dir='ltr' id='par_1_90' title="bbox 246 5533 772 5591">
     <span class='ocr_line' id='line_1_90' title="bbox 246 5533 772 5591; baseline 0.002 -2"><span class='ocrx_word' id='word_1_610' title='bbox 246 5534 315 5570; x_wconf 65' lang='lat'>&quot;5</span> <span class='ocrx_word' id='word_1_611' title='bbox 343 5534 570 5590; x_wconf 87' lang='lat' dir='ltr'>Corriez</span> <span class='ocrx_word' id='word_1_612' title='bbox 599 5533 772 5591; x_wconf 77' lang='lat' dir='ltr'>casal.</span> 
     </span>
    </p>
   </div>
   <div class='ocr_carea' id='block_1_91' title="bbox 887 5526 1857 5604">
    <p class='ocr_par' dir='ltr' id='par_1_91' title="bbox 887 5526 1857 5604">
     <span class='ocr_line' id='line_1_91' title="bbox 887 5526 1857 5604; baseline 0.04 -37"><span class='ocrx_word' id='word_1_613' title='bbox 887 5534 954 5569; x_wconf 71' lang='lat' dir='ltr'>su</span> <span class='ocrx_word' id='word_1_614' title='bbox 982 5534 1048 5604; x_wconf 58' lang='grc' dir='ltr'>Α,</span> <span class='ocrx_word' id='word_1_615' title='bbox 1083 5532 1126 5587; x_wconf 76' lang='lat' dir='ltr'>f-</span> <span class='ocrx_word' id='word_1_616' title='bbox 1154 5532 1244 5600; x_wconf 84' lang='lat'>89,</span> <span class='ocrx_word' id='word_1_617' title='bbox 1296 5542 1378 5600; x_wconf 89' lang='lat' dir='ltr'>r°;</span> <span class='ocrx_word' id='word_1_618' title='bbox 1430 5533 1513 5604; x_wconf 58' lang='lat' dir='ltr'>B,</span> <span class='ocrx_word' id='word_1_619' title='bbox 1542 5526 1584 5583; x_wconf 71' lang='grc' dir='ltr'>Γο</span> <span class='ocrx_word' id='word_1_620' title='bbox 1623 5528 1857 5604; x_wconf 40' lang='lat' dir='ltr'>mihi”:</span> 
     </span>
    </p>
   </div>
   <div class='ocr_carea' id='block_1_92' title="bbox 1919 3356 3573 3437">
    <p class='ocr_par' dir='ltr' id='par_1_92' title="bbox 1919 3356 3573 3437">
     <span class='ocr_line' id='line_1_92' title="bbox 1919 3356 3573 3437; baseline 0.005 -26"><span class='ocrx_word' id='word_1_621' title='bbox 1919 3356 2277 3414; x_wconf 81' lang='lat' dir='ltr'>Albariensis</span> <span class='ocrx_word' id='word_1_622' title='bbox 2299 3362 2356 3413; x_wconf 90' lang='lat' dir='ltr'>et</span> <span class='ocrx_word' id='word_1_623' title='bbox 2374 3358 2597 3414; x_wconf 84' lang='lat' dir='ltr'>Arnulﬁ</span> <span class='ocrx_word' id='word_1_624' title='bbox 2619 3359 3013 3416; x_wconf 86' lang='lat' dir='ltr'>archidiaconi</span> <span class='ocrx_word' id='word_1_625' title='bbox 3046 3361 3410 3436; x_wconf 90' lang='lat' dir='ltr'>aliorumque</span> <span class='ocrx_word' id='word_1_626' title='bbox 3439 3380 3573 3437; x_wconf 86' lang='lat' dir='ltr'>pro-</span> 
     </span>
    </p>
   </div>
   <div class='ocr_carea' id='block_1_93' title="bbox 1922 3446 3572 3526">
    <p class='ocr_par' dir='ltr' id='par_1_93' title="bbox 1922 3446 3572 3526">
     <span class='ocr_line' id='line_1_93' title="bbox 1922 3446 3572 3526; baseline 0.004 -24"><span class='ocrx_word' id='word_1_627' title='bbox 1922 3446 2132 3502; x_wconf 91' lang='lat' dir='ltr'>borum</span> <span class='ocrx_word' id='word_1_628' title='bbox 2163 3447 2444 3513; x_wconf 90' lang='lat' dir='ltr'>virorum,</span> <span class='ocrx_word' id='word_1_629' title='bbox 2476 3452 2532 3504; x_wconf 93' lang='lat' dir='ltr'>et</span> <span class='ocrx_word' id='word_1_630' title='bbox 2561 3449 2620 3504; x_wconf 90' lang='lat' dir='ltr'>in</span> <span class='ocrx_word' id='word_1_631' title='bbox 2647 3466 2827 3505; x_wconf 90' lang='lat' dir='ltr'>manu</span> <span class='ocrx_word' id='word_1_632' title='bbox 2876 3451 3100 3507; x_wconf 90' lang='lat' dir='ltr'>domini</span> <span class='ocrx_word' id='word_1_633' title='bbox 3141 3452 3437 3521; x_wconf 89' lang='lat' dir='ltr'>Iohannis,</span> <span class='ocrx_word' id='word_1_634' title='bbox 3472 3453 3572 3526; x_wconf 93' lang='lat' dir='ltr'>qui</span> 
     </span>
    </p>
   </div>
   <div class='ocr_carea' id='block_1_94' title="bbox 1922 3537 3576 3614">
    <p class='ocr_par' dir='ltr' id='par_1_94' title="bbox 1922 3537 3576 3614">
     <span class='ocr_line' id='line_1_94' title="bbox 1922 3537 3576 3614; baseline 0.005 -24"><span class='ocrx_word' id='word_1_635' title='bbox 1922 3538 2063 3591; x_wconf 92' lang='lat' dir='ltr'>tunc</span> <span class='ocrx_word' id='word_1_636' title='bbox 2090 3537 2371 3608; x_wconf 87' lang='lat' dir='ltr'>temporis</span> <span class='ocrx_word' id='word_1_637' title='bbox 2401 3541 2524 3592; x_wconf 91' lang='lat' dir='ltr'>erat</span> <span class='ocrx_word' id='word_1_638' title='bbox 2546 3537 2704 3609; x_wconf 90' lang='lat' dir='ltr'>prior</span> <span class='ocrx_word' id='word_1_639' title='bbox 2724 3539 2989 3609; x_wconf 87' lang='lat' dir='ltr'>ejusdem</span> <span class='ocrx_word' id='word_1_640' title='bbox 3006 3540 3432 3614; x_wconf 87' lang='lat' dir='ltr'>ecclesie,quod</span> <span class='ocrx_word' id='word_1_641' title='bbox 3455 3559 3576 3599; x_wconf 89' lang='lat' dir='ltr'>om-</span> 
     </span>
    </p>
   </div>
   <div class='ocr_carea' id='block_1_95' title="bbox 1925 3623 3576 3698">
    <p class='ocr_par' dir='ltr' id='par_1_95' title="bbox 1925 3623 3576 3698">
     <span class='ocr_line' id='line_1_95' title="bbox 1925 3623 3576 3698; baseline 0.005 -19"><span class='ocrx_word' id='word_1_642' title='bbox 1925 3623 2098 3681; x_wconf 89' lang='lat' dir='ltr'>nibus</span> <span class='ocrx_word' id='word_1_643' title='bbox 2128 3625 2469 3681; x_wconf 90' lang='lat' dir='ltr'>hominibus</span> <span class='ocrx_word' id='word_1_644' title='bbox 2502 3626 2879 3683; x_wconf 82' lang='lat' dir='ltr'>manifestum</span> <span class='ocrx_word' id='word_1_645' title='bbox 2912 3629 3179 3698; x_wconf 91' lang='lat' dir='ltr'>est,slcut</span> <span class='ocrx_word' id='word_1_646' title='bbox 3208 3635 3367 3687; x_wconf 87' lang='lat' dir='ltr'>carta</span> <span class='ocrx_word' id='word_1_647' title='bbox 3387 3631 3576 3688; x_wconf 78' lang='lat' dir='ltr'>decla-</span> 
     </span>
    </p>
   </div>
   <div class='ocr_carea' id='block_1_96' title="bbox 1924 3714 3601 3793">
    <p class='ocr_par' dir='ltr' id='par_1_96' title="bbox 1924 3714 3601 3793">
     <span class='ocr_line' id='line_1_96' title="bbox 1924 3714 3601 3793; baseline 0.004 -23"><span class='ocrx_word' id='word_1_648' title='bbox 1924 3714 2416 3770; x_wconf 87' lang='lat' dir='ltr'>rat.Manifestum</span> <span class='ocrx_word' id='word_1_649' title='bbox 2435 3719 2522 3770; x_wconf 89' lang='lat' dir='ltr'>est</span> <span class='ocrx_word' id='word_1_650' title='bbox 2555 3715 2692 3787; x_wconf 85' lang='lat' dir='ltr'>quia</span> <span class='ocrx_word' id='word_1_651' title='bbox 2720 3734 2824 3789; x_wconf 87' lang='lat' dir='ltr'>ego</span> <span class='ocrx_word' id='word_1_652' title='bbox 2858 3720 3431 3788; x_wconf 88' lang='lat' dir='ltr'>Bertrandus,comes</span> <span class='ocrx_word' id='word_1_653' title='bbox 3453 3737 3601 3793; x_wconf 71' lang='lat' dir='ltr'>pre-</span> 
     </span>
    </p>
   </div>
   <div class='ocr_carea' id='block_1_97' title="bbox 1925 3803 3579 3876">
    <p class='ocr_par' dir='ltr' id='par_1_97' title="bbox 1925 3803 3579 3876">
     <span class='ocr_line' id='line_1_97' title="bbox 1925 3803 3579 3876; baseline 0.004 -17"><span class='ocrx_word' id='word_1_654' title='bbox 1925 3803 2198 3876; x_wconf 88' lang='lat' dir='ltr'>scriptus,</span> <span class='ocrx_word' id='word_1_655' title='bbox 2233 3804 2485 3876; x_wconf 88' lang='lat' dir='ltr'>peccatis</span> <span class='ocrx_word' id='word_1_656' title='bbox 2525 3805 2670 3860; x_wconf 88' lang='lat' dir='ltr'>meis</span> <span class='ocrx_word' id='word_1_657' title='bbox 2702 3805 3083 3875; x_wconf 88' lang='lat' dir='ltr'>irruentibus,</span> <span class='ocrx_word' id='word_1_658' title='bbox 3118 3809 3329 3864; x_wconf 91' lang='lat' dir='ltr'>tradidi</span> <span class='ocrx_word' id='word_1_659' title='bbox 3364 3809 3579 3868; x_wconf 89' lang='lat' dir='ltr'>iniuste</span> 
     </span>
    </p>
   </div>
   <div class='ocr_carea' id='block_1_98' title="bbox 1926 3893 3575 3970">
    <p class='ocr_par' dir='ltr' id='par_1_98' title="bbox 1926 3893 3575 3970">
     <span class='ocr_line' id='line_1_98' title="bbox 1926 3893 3575 3970; baseline 0.005 -23"><span class='ocrx_word' id='word_1_660' title='bbox 1926 3893 2313 3965; x_wconf 90' lang='lat' dir='ltr'>prescriptum</span> <span class='ocrx_word' id='word_1_661' title='bbox 2346 3893 2625 3949; x_wconf 89' lang='lat' dir='ltr'>honorem</span> <span class='ocrx_word' id='word_1_662' title='bbox 2657 3894 2715 3947; x_wconf 91' lang='lat' dir='ltr'>in</span> <span class='ocrx_word' id='word_1_663' title='bbox 2747 3912 2876 3951; x_wconf 90' lang='lat' dir='ltr'>meo</span> <span class='ocrx_word' id='word_1_664' title='bbox 2902 3896 3160 3952; x_wconf 90' lang='lat' dir='ltr'>dominio</span> <span class='ocrx_word' id='word_1_665' title='bbox 3189 3903 3245 3953; x_wconf 89' lang='lat' dir='ltr'>et</span> <span class='ocrx_word' id='word_1_666' title='bbox 3272 3903 3575 3970; x_wconf 84' lang='lat' dir='ltr'>potestate.</span> 
     </span>
    </p>
   </div>
   <div class='ocr_carea' id='block_1_99' title="bbox 1927 3981 3579 4056">
    <p class='ocr_par' dir='ltr' id='par_1_99' title="bbox 1927 3981 3579 4056">
     <span class='ocr_line' id='line_1_99' title="bbox 1927 3981 3579 4056; baseline 0.005 -20"><span class='ocrx_word' id='word_1_667' title='bbox 1927 3982 2082 4037; x_wconf 91' lang='lat' dir='ltr'>Nutu</span> <span class='ocrx_word' id='word_1_668' title='bbox 2114 3981 2215 4037; x_wconf 90' lang='lat' dir='ltr'>Dei</span> <span class='ocrx_word' id='word_1_669' title='bbox 2247 3986 2439 4037; x_wconf 88' lang='lat' dir='ltr'>actum</span> <span class='ocrx_word' id='word_1_670' title='bbox 2454 3983 2708 4054; x_wconf 90' lang='lat' dir='ltr'>estquod</span> <span class='ocrx_word' id='word_1_671' title='bbox 2733 3984 3053 4056; x_wconf 87' lang='lat' dir='ltr'>capitulum</span> <span class='ocrx_word' id='word_1_672' title='bbox 3086 3986 3445 4043; x_wconf 90' lang='lat' dir='ltr'>lherusalem</span> <span class='ocrx_word' id='word_1_673' title='bbox 3468 3987 3579 4044; x_wconf 87' lang='lat' dir='ltr'>ele-</span> 
     </span>
    </p>
   </div>
   <div class='ocr_carea' id='block_1_100' title="bbox 1927 4069 3574 4145">
    <p class='ocr_par' dir='ltr' id='par_1_100' title="bbox 1927 4069 3574 4145">
     <span class='ocr_line' id='line_1_100' title="bbox 1927 4069 3574 4145; baseline 0.005 -21"><span class='ocrx_word' id='word_1_674' title='bbox 1927 4069 2011 4143; x_wconf 89' lang='lat' dir='ltr'>git</span> <span class='ocrx_word' id='word_1_675' title='bbox 2040 4087 2227 4125; x_wconf 91' lang='lat' dir='ltr'>unum</span> <span class='ocrx_word' id='word_1_676' title='bbox 2249 4072 2320 4125; x_wconf 89' lang='lat' dir='ltr'>de</span> <span class='ocrx_word' id='word_1_677' title='bbox 2340 4070 2620 4127; x_wconf 85' lang='lat' dir='ltr'>fratribus</span> <span class='ocrx_word' id='word_1_678' title='bbox 2645 4072 2839 4128; x_wconf 90' lang='lat' dir='ltr'>suisin</span> <span class='ocrx_word' id='word_1_679' title='bbox 2855 4073 3115 4145; x_wconf 87' lang='lat' dir='ltr'>prioratu</span> <span class='ocrx_word' id='word_1_680' title='bbox 3148 4075 3390 4132; x_wconf 89' lang='lat' dir='ltr'>ecclesie</span> <span class='ocrx_word' id='word_1_681' title='bbox 3412 4076 3574 4133; x_wconf 90' lang='lat' dir='ltr'>Mon-</span> 
     </span>
    </p>
   </div>
   <div class='ocr_carea' id='block_1_101' title="bbox 1926 4159 3578 4234">
    <p class='ocr_par' dir='ltr' id='par_1_101' title="bbox 1926 4159 3578 4234">
     <span class='ocr_line' id='line_1_101' title="bbox 1926 4159 3578 4234; baseline 0.005 -20"><span class='ocrx_word' id='word_1_682' title='bbox 1926 4159 2003 4215; x_wconf 88' lang='lat' dir='ltr'>tis</span> <span class='ocrx_word' id='word_1_683' title='bbox 2036 4159 2284 4231; x_wconf 88' lang='lat' dir='ltr'>Pegrini,</span> <span class='ocrx_word' id='word_1_684' title='bbox 2321 4159 2542 4215; x_wconf 87' lang='lat' dir='ltr'>scilicet</span> <span class='ocrx_word' id='word_1_685' title='bbox 2569 4160 2863 4217; x_wconf 84' lang='lat' dir='ltr'>Arnaldus</span> <span class='ocrx_word' id='word_1_686' title='bbox 2921 4164 2987 4197; x_wconf 69' lang='lat'>953</span> <span class='ocrx_word' id='word_1_687' title='bbox 3035 4163 3134 4234; x_wconf 91' lang='lat' dir='ltr'>qui</span> <span class='ocrx_word' id='word_1_688' title='bbox 3174 4166 3395 4222; x_wconf 90' lang='lat' dir='ltr'>missus</span> <span class='ocrx_word' id='word_1_689' title='bbox 3425 4170 3513 4222; x_wconf 90' lang='lat' dir='ltr'>est</span> <span class='ocrx_word' id='word_1_690' title='bbox 3543 4183 3578 4222; x_wconf 86' lang='lat' dir='ltr'>a</span> 
     </span>
    </p>
   </div>
   <div class='ocr_carea' id='block_1_102' title="bbox 1929 4247 3575 4326">
    <p class='ocr_par' dir='ltr' id='par_1_102' title="bbox 1929 4247 3575 4326">
     <span class='ocr_line' id='line_1_102' title="bbox 1929 4247 3575 4326; baseline 0.005 -23"><span class='ocrx_word' id='word_1_691' title='bbox 1929 4247 2097 4303; x_wconf 89' lang='lat' dir='ltr'>nobis</span> <span class='ocrx_word' id='word_1_692' title='bbox 2124 4250 2188 4301; x_wconf 91' lang='lat' dir='ltr'>ut</span> <span class='ocrx_word' id='word_1_693' title='bbox 2220 4247 2499 4303; x_wconf 89' lang='lat' dir='ltr'>honorem</span> <span class='ocrx_word' id='word_1_694' title='bbox 2548 4249 2881 4320; x_wconf 89' lang='lat' dir='ltr'>supradicte</span> <span class='ocrx_word' id='word_1_695' title='bbox 2927 4251 3166 4308; x_wconf 89' lang='lat' dir='ltr'>ecclesie</span> <span class='ocrx_word' id='word_1_696' title='bbox 3216 4254 3575 4326; x_wconf 87' lang='lat' dir='ltr'>adquisitam</span> 
     </span>
    </p>
   </div>
   <div class='ocr_carea' id='block_1_103' title="bbox 1928 4336 3577 4410">
    <p class='ocr_par' dir='ltr' id='par_1_103' title="bbox 1928 4336 3577 4410">
     <span class='ocr_line' id='line_1_103' title="bbox 1928 4336 3577 4410; baseline 0.004 -17"><span class='ocrx_word' id='word_1_697' title='bbox 1928 4340 2298 4393; x_wconf 86' lang='lat' dir='ltr'>conservaret</span> <span class='ocrx_word' id='word_1_698' title='bbox 2328 4340 2384 4391; x_wconf 92' lang='lat' dir='ltr'>et</span> <span class='ocrx_word' id='word_1_699' title='bbox 2413 4336 2706 4409; x_wconf 86' lang='lat' dir='ltr'>perditam</span> <span class='ocrx_word' id='word_1_700' title='bbox 2757 4340 3042 4410; x_wconf 85' lang='lat' dir='ltr'>acquirat.</span> <span class='ocrx_word' id='word_1_701' title='bbox 3080 4340 3181 4397; x_wconf 85' lang='lat' dir='ltr'>Illo</span> <span class='ocrx_word' id='word_1_702' title='bbox 3212 4344 3477 4398; x_wconf 88' lang='lat' dir='ltr'>veniente</span> <span class='ocrx_word' id='word_1_703' title='bbox 3520 4348 3577 4399; x_wconf 89' lang='lat' dir='ltr'>et</span> 
     </span>
    </p>
   </div>
   <div class='ocr_carea' id='block_1_104' title="bbox 1929 4424 3577 4505">
    <p class='ocr_par' dir='ltr' id='par_1_104' title="bbox 1929 4424 3577 4505">
     <span class='ocr_line' id='line_1_104' title="bbox 1929 4424 3577 4505; baseline 0.004 -23"><span class='ocrx_word' id='word_1_704' title='bbox 1929 4426 2147 4482; x_wconf 89' lang='lat' dir='ltr'>honore</span> <span class='ocrx_word' id='word_1_705' title='bbox 2176 4424 2401 4496; x_wconf 90' lang='lat' dir='ltr'>perdito</span> <span class='ocrx_word' id='word_1_706' title='bbox 2424 4425 2565 4481; x_wconf 90' lang='lat' dir='ltr'>mihi</span> <span class='ocrx_word' id='word_1_707' title='bbox 2589 4426 3206 4501; x_wconf 86' lang='lat' dir='ltr'>proclamantc,divino</span> <span class='ocrx_word' id='word_1_708' title='bbox 3229 4437 3577 4505; x_wconf 89' lang='lat' dir='ltr'>suggerente</span> 
     </span>
    </p>
   </div>
   <div class='ocr_carea' id='block_1_105' title="bbox 1928 4515 3579 4588">
    <p class='ocr_par' dir='ltr' id='par_1_105' title="bbox 1928 4515 3579 4588">
     <span class='ocr_line' id='line_1_105' title="bbox 1928 4515 3579 4588; baseline 0.005 -19"><span class='ocrx_word' id='word_1_709' title='bbox 1928 4516 2159 4580; x_wconf 90' lang='lat' dir='ltr'>timore,</span> <span class='ocrx_word' id='word_1_710' title='bbox 2191 4515 2504 4571; x_wconf 90' lang='lat' dir='ltr'>consilium</span> <span class='ocrx_word' id='word_1_711' title='bbox 2536 4516 2728 4588; x_wconf 88' lang='lat' dir='ltr'>accepi</span> <span class='ocrx_word' id='word_1_712' title='bbox 2762 4534 2796 4571; x_wconf 90' lang='lat' dir='ltr'>a</span> <span class='ocrx_word' id='word_1_713' title='bbox 2826 4517 3092 4587; x_wconf 91' lang='lat' dir='ltr'>Domino,</span> <span class='ocrx_word' id='word_1_714' title='bbox 3126 4523 3183 4574; x_wconf 90' lang='lat' dir='ltr'>et</span> <span class='ocrx_word' id='word_1_715' title='bbox 3229 4537 3364 4576; x_wconf 91' lang='lat' dir='ltr'>cum</span> <span class='ocrx_word' id='word_1_716' title='bbox 3395 4521 3579 4577; x_wconf 91' lang='lat' dir='ltr'>omni-</span> 
     </span>
    </p>
   </div>
   <div class='ocr_carea' id='block_1_106' title="bbox 1853 4603 3577 4692">
    <p class='ocr_par' dir='ltr' id='par_1_106' title="bbox 1853 4603 3577 4692">
     <span class='ocr_line' id='line_1_106' title="bbox 1853 4603 3577 4692; baseline 0.003 -31"><span class='ocrx_word' id='word_1_717' title='bbox 1853 4627 1899 4692; x_wconf 82' lang='lat' dir='ltr'>D</span> <span class='ocrx_word' id='word_1_718' title='bbox 1932 4605 2044 4661; x_wconf 89' lang='lat' dir='ltr'>bus</span> <span class='ocrx_word' id='word_1_719' title='bbox 2074 4603 2372 4661; x_wconf 90' lang='lat' dir='ltr'>nobilibus</span> <span class='ocrx_word' id='word_1_720' title='bbox 2402 4605 2570 4674; x_wconf 91' lang='lat' dir='ltr'>meis,</span> <span class='ocrx_word' id='word_1_721' title='bbox 2594 4606 2981 4661; x_wconf 89' lang='lat' dir='ltr'>submonente</span> <span class='ocrx_word' id='word_1_722' title='bbox 3011 4607 3222 4679; x_wconf 87' lang='lat' dir='ltr'>pietate</span> <span class='ocrx_word' id='word_1_723' title='bbox 3243 4612 3299 4664; x_wconf 94' lang='lat' dir='ltr'>et</span> <span class='ocrx_word' id='word_1_724' title='bbox 3320 4609 3577 4667; x_wconf 89' lang='lat' dir='ltr'>remedio</span> 
     </span>
    </p>
   </div>
   <div class='ocr_carea' id='block_1_107' title="bbox 1932 4692 3577 4768">
    <p class='ocr_par' dir='ltr' id='par_1_107' title="bbox 1932 4692 3577 4768">
     <span class='ocr_line' id='line_1_107' title="bbox 1932 4692 3577 4768; baseline 0.003 -18"><span class='ocrx_word' id='word_1_725' title='bbox 1932 4692 2125 4750; x_wconf 83' lang='lat' dir='ltr'>anime</span> <span class='ocrx_word' id='word_1_726' title='bbox 2157 4709 2281 4749; x_wconf 90' lang='lat' dir='ltr'>mee</span> <span class='ocrx_word' id='word_1_727' title='bbox 2329 4698 2388 4749; x_wconf 91' lang='lat' dir='ltr'>et</span> <span class='ocrx_word' id='word_1_728' title='bbox 2435 4695 2628 4750; x_wconf 90' lang='lat' dir='ltr'>anime</span> <span class='ocrx_word' id='word_1_729' title='bbox 2657 4695 2841 4767; x_wconf 92' lang='lat' dir='ltr'>patris</span> <span class='ocrx_word' id='word_1_730' title='bbox 2880 4696 2994 4751; x_wconf 91' lang='lat' dir='ltr'>mei</span> <span class='ocrx_word' id='word_1_731' title='bbox 3017 4702 3192 4768; x_wconf 89' lang='lat' dir='ltr'>atque</span> <span class='ocrx_word' id='word_1_732' title='bbox 3215 4698 3419 4755; x_wconf 86' lang='lat' dir='ltr'>matris</span> <span class='ocrx_word' id='word_1_733' title='bbox 3451 4716 3577 4755; x_wconf 81' lang='lat' dir='ltr'>meo</span> 
     </span>
    </p>
   </div>
   <div class='ocr_carea' id='block_1_108' title="bbox 1933 4782 3578 4862">
    <p class='ocr_par' dir='ltr' id='par_1_108' title="bbox 1933 4782 3578 4862">
     <span class='ocr_line' id='line_1_108' title="bbox 1933 4782 3578 4862; baseline 0.004 -24"><span class='ocrx_word' id='word_1_734' title='bbox 1933 4782 2317 4854; x_wconf 90' lang='lat' dir='ltr'>omniumque</span> <span class='ocrx_word' id='word_1_735' title='bbox 2348 4789 2658 4855; x_wconf 84' lang='lat' dir='ltr'>parentum</span> <span class='ocrx_word' id='word_1_736' title='bbox 2690 4801 2977 4853; x_wconf 92' lang='lat' dir='ltr'>meorum,</span> <span class='ocrx_word' id='word_1_737' title='bbox 3000 4786 3175 4842; x_wconf 91' lang='lat' dir='ltr'>reddo</span> <span class='ocrx_word' id='word_1_738' title='bbox 3206 4792 3261 4843; x_wconf 91' lang='lat' dir='ltr'>et</span> <span class='ocrx_word' id='word_1_739' title='bbox 3281 4787 3578 4862; x_wconf 88' lang='lat' dir='ltr'>guirpisco</span> 
     </span>
    </p>
   </div>
   <div class='ocr_carea' id='block_1_109' title="bbox 1933 4871 3580 4943">
    <p class='ocr_par' dir='ltr' id='par_1_109' title="bbox 1933 4871 3580 4943">
     <span class='ocr_line' id='line_1_109' title="bbox 1933 4871 3580 4943; baseline 0.005 -18"><span class='ocrx_word' id='word_1_740' title='bbox 1933 4887 2037 4943; x_wconf 89' lang='lat' dir='ltr'>ego</span> <span class='ocrx_word' id='word_1_741' title='bbox 2070 4871 2422 4927; x_wconf 85' lang='lat' dir='ltr'>Bertrandus</span> <span class='ocrx_word' id='word_1_742' title='bbox 2452 4872 3062 4931; x_wconf 82' lang='lat' dir='ltr'>comesetﬁliusmeus</span> <span class='ocrx_word' id='word_1_743' title='bbox 3084 4876 3324 4933; x_wconf 90' lang='lat' dir='ltr'>Pontius</span> <span class='ocrx_word' id='word_1_744' title='bbox 3345 4878 3454 4934; x_wconf 87' lang='lat' dir='ltr'>sub</span> <span class='ocrx_word' id='word_1_745' title='bbox 3478 4877 3580 4934; x_wconf 89' lang='lat' dir='ltr'>tali</span> 
     </span>
    </p>
   </div>
   <div class='ocr_carea' id='block_1_110' title="bbox 1932 4961 3581 5038">
    <p class='ocr_par' dir='ltr' id='par_1_110' title="bbox 1932 4961 3581 5038">
     <span class='ocr_line' id='line_1_110' title="bbox 1932 4961 3581 5038; baseline 0.007 -24"><span class='ocrx_word' id='word_1_746' title='bbox 1932 4963 2130 5015; x_wconf 89' lang='lat' dir='ltr'>tenore</span> <span class='ocrx_word' id='word_1_747' title='bbox 2161 4964 2217 5015; x_wconf 91' lang='lat' dir='ltr'>et</span> <span class='ocrx_word' id='word_1_748' title='bbox 2248 4961 2584 5029; x_wconf 86' lang='lat' dir='ltr'>stabilitate,</span> <span class='ocrx_word' id='word_1_749' title='bbox 2618 4963 2774 5034; x_wconf 90' lang='lat' dir='ltr'>quod</span> <span class='ocrx_word' id='word_1_750' title='bbox 2806 4980 2909 5019; x_wconf 89' lang='lat' dir='ltr'>nec</span> <span class='ocrx_word' id='word_1_751' title='bbox 2932 4981 3036 5038; x_wconf 89' lang='lat' dir='ltr'>ego</span> <span class='ocrx_word' id='word_1_752' title='bbox 3070 4981 3174 5021; x_wconf 90' lang='lat' dir='ltr'>nec</span> <span class='ocrx_word' id='word_1_753' title='bbox 3205 4965 3363 5023; x_wconf 82' lang='lat' dir='ltr'>filius</span> <span class='ocrx_word' id='word_1_754' title='bbox 3413 4984 3581 5025; x_wconf 92' lang='lat' dir='ltr'>meus</span> 
     </span>
    </p>
   </div>
   <div class='ocr_carea' id='block_1_111' title="bbox 1934 5049 3580 5129">
    <p class='ocr_par' dir='ltr' id='par_1_111' title="bbox 1934 5049 3580 5129">
     <span class='ocr_line' id='line_1_111' title="bbox 1934 5049 3580 5129; baseline 0.005 -25"><span class='ocrx_word' id='word_1_755' title='bbox 1934 5049 2174 5105; x_wconf 85' lang='lat' dir='ltr'>Pontius</span> <span class='ocrx_word' id='word_1_756' title='bbox 2205 5066 2307 5105; x_wconf 91' lang='lat' dir='ltr'>nec</span> <span class='ocrx_word' id='word_1_757' title='bbox 2339 5050 2496 5107; x_wconf 88' lang='lat' dir='ltr'>ullus</span> <span class='ocrx_word' id='word_1_758' title='bbox 2526 5069 2594 5108; x_wconf 78' lang='lat' dir='ltr'>ex</span> <span class='ocrx_word' id='word_1_759' title='bbox 2624 5052 2895 5110; x_wconf 88' lang='lat' dir='ltr'>eredibus</span> <span class='ocrx_word' id='word_1_760' title='bbox 2924 5056 2992 5089; x_wconf 64' lang='lat'>95‘</span> <span class='ocrx_word' id='word_1_761' title='bbox 3022 5056 3166 5111; x_wconf 89' lang='lat' dir='ltr'>meis</span> <span class='ocrx_word' id='word_1_762' title='bbox 3200 5073 3304 5112; x_wconf 88' lang='lat' dir='ltr'>nec</span> <span class='ocrx_word' id='word_1_763' title='bbox 3332 5056 3450 5113; x_wconf 91' lang='lat' dir='ltr'>ulla</span> <span class='ocrx_word' id='word_1_764' title='bbox 3478 5074 3580 5129; x_wconf 90' lang='lat' dir='ltr'>po-</span> 
     </span>
    </p>
   </div>
   <div class='ocr_carea' id='block_1_112' title="bbox 1937 5139 3582 5215">
    <p class='ocr_par' dir='ltr' id='par_1_112' title="bbox 1937 5139 3582 5215">
     <span class='ocr_line' id='line_1_112' title="bbox 1937 5139 3582 5215; baseline 0.007 -24"><span class='ocrx_word' id='word_1_765' title='bbox 1937 5140 2115 5193; x_wconf 88' lang='lat' dir='ltr'>testas</span> <span class='ocrx_word' id='word_1_766' title='bbox 2138 5155 2253 5193; x_wconf 91' lang='lat' dir='ltr'>non</span> <span class='ocrx_word' id='word_1_767' title='bbox 2271 5140 2338 5174; x_wconf 76' lang='grc'>⁰⁵⁵</span> <span class='ocrx_word' id='word_1_768' title='bbox 2351 5139 2426 5196; x_wconf 92' lang='lat' dir='ltr'>sit</span> <span class='ocrx_word' id='word_1_769' title='bbox 2447 5158 2627 5197; x_wconf 89' lang='lat' dir='ltr'>ausus</span> <span class='ocrx_word' id='word_1_770' title='bbox 2646 5142 3010 5215; x_wconf 82' lang='lat' dir='ltr'>dirrumpere</span> <span class='ocrx_word' id='word_1_771' title='bbox 3034 5162 3137 5200; x_wconf 91' lang='lat' dir='ltr'>nec</span> <span class='ocrx_word' id='word_1_772' title='bbox 3154 5144 3409 5202; x_wconf 88' lang='lat' dir='ltr'>alienare</span> <span class='ocrx_word' id='word_1_773' title='bbox 3424 5147 3582 5203; x_wconf 90' lang='lat' dir='ltr'>hunc</span> 
     </span>
    </p>
   </div>
   <div class='ocr_carea' id='block_1_113' title="bbox 1933 5225 3584 5301">
    <p class='ocr_par' dir='ltr' id='par_1_113' title="bbox 1933 5225 3584 5301">
     <span class='ocr_line' id='line_1_113' title="bbox 1933 5225 3584 5301; baseline 0.008 -22"><span class='ocrx_word' id='word_1_774' title='bbox 1933 5225 2213 5282; x_wconf 89' lang='lat' dir='ltr'>honorem</span> <span class='ocrx_word' id='word_1_775' title='bbox 2248 5229 2659 5301; x_wconf 86' lang='lat' dir='ltr'>prescriptum,</span> <span class='ocrx_word' id='word_1_776' title='bbox 2710 5233 2810 5287; x_wconf 91' lang='lat' dir='ltr'>sed</span> <span class='ocrx_word' id='word_1_777' title='bbox 2860 5233 2937 5287; x_wconf 90' lang='lat' dir='ltr'>sit</span> <span class='ocrx_word' id='word_1_778' title='bbox 2984 5233 3162 5289; x_wconf 90' lang='lat' dir='ltr'>libere</span> <span class='ocrx_word' id='word_1_779' title='bbox 3217 5239 3273 5290; x_wconf 88' lang='lat' dir='ltr'>et</span> <span class='ocrx_word' id='word_1_780' title='bbox 3320 5236 3584 5293; x_wconf 87' lang='lat' dir='ltr'>absolute</span> 
     </span>
    </p>
   </div>
   <div class='ocr_carea' id='block_1_114' title="bbox 1933 5318 3583 5388">
    <p class='ocr_par' dir='ltr' id='par_1_114' title="bbox 1933 5318 3583 5388">
     <span class='ocr_line' id='line_1_114' title="bbox 1933 5318 3583 5388; baseline 0.007 -19"><span class='ocrx_word' id='word_1_781' title='bbox 1933 5331 2093 5369; x_wconf 90' lang='lat' dir='ltr'>nunc</span> <span class='ocrx_word' id='word_1_782' title='bbox 2120 5318 2176 5370; x_wconf 89' lang='lat' dir='ltr'>et</span> <span class='ocrx_word' id='word_1_783' title='bbox 2204 5332 2435 5388; x_wconf 90' lang='lat' dir='ltr'>semper</span> <span class='ocrx_word' id='word_1_784' title='bbox 2475 5318 2720 5374; x_wconf 90' lang='lat' dir='ltr'>Domino</span> <span class='ocrx_word' id='word_1_785' title='bbox 2769 5321 2884 5377; x_wconf 90' lang='lat' dir='ltr'>Deo</span> <span class='ocrx_word' id='word_1_786' title='bbox 2934 5326 2989 5377; x_wconf 89' lang='lat' dir='ltr'>et</span> <span class='ocrx_word' id='word_1_787' title='bbox 3036 5322 3307 5379; x_wconf 87' lang='lat' dir='ltr'>iamdicte</span> <span class='ocrx_word' id='word_1_788' title='bbox 3340 5322 3583 5380; x_wconf 87' lang='lat' dir='ltr'>ecclesie</span> 
     </span>
    </p>
   </div>
   <div class='ocr_carea' id='block_1_115' title="bbox 1934 5402 3587 5487">
    <p class='ocr_par' dir='ltr' id='par_1_115' title="bbox 1934 5402 3587 5487">
     <span class='ocr_line' id='line_1_115' title="bbox 1934 5402 3587 5487; baseline 0.007 -30"><span class='ocrx_word' id='word_1_789' title='bbox 1934 5402 2130 5458; x_wconf 89' lang='lat' dir='ltr'>Sancti</span> <span class='ocrx_word' id='word_1_790' title='bbox 2161 5404 2421 5476; x_wconf 92' lang='lat' dir='ltr'>Sepulcri</span> <span class='ocrx_word' id='word_1_791' title='bbox 2453 5406 2578 5462; x_wconf 90' lang='lat' dir='ltr'>sine</span> <span class='ocrx_word' id='word_1_792' title='bbox 2608 5407 2864 5481; x_wconf 88' lang='lat' dir='ltr'>inganno</span> <span class='ocrx_word' id='word_1_793' title='bbox 2896 5414 2954 5466; x_wconf 89' lang='lat' dir='ltr'>et</span> <span class='ocrx_word' id='word_1_794' title='bbox 2978 5410 3131 5468; x_wconf 90' lang='lat' dir='ltr'>malo</span> <span class='ocrx_word' id='word_1_795' title='bbox 3160 5412 3587 5487; x_wconf 90' lang='lat' dir='ltr'>ingenio.1nsu-</span> 
     </span>
    </p>
   </div>
   <div class='ocr_carea' id='block_1_116' title="bbox 1962 5527 3585 5604">
    <p class='ocr_par' dir='ltr' id='par_1_116' title="bbox 1962 5527 3585 5604">
     <span class='ocr_line' id='line_1_116' title="bbox 1962 5527 3585 5604; baseline 0.009 -23"><span class='ocrx_word' id='word_1_796' title='bbox 1962 5527 2025 5562; x_wconf 70' lang='lat'>9‘7</span> <span class='ocrx_word' id='word_1_797' title='bbox 2058 5532 2116 5594; x_wconf 82' lang='grc' dir='ltr'>Β,</span> <span class='ocrx_word' id='word_1_798' title='bbox 2151 5531 2361 5585; x_wconf 73' lang='lat' dir='ltr'>comitis</span> <span class='ocrx_word' id='word_1_799' title='bbox 2398 5532 2749 5604; x_wconf 70' lang='lat' dir='ltr'>Tripolitani,</span> <span class='ocrx_word' id='word_1_800' title='bbox 2863 5536 2928 5570; x_wconf 71' lang='grc'>9⁸⁸</span> <span class='ocrx_word' id='word_1_801' title='bbox 2958 5540 3021 5604; x_wconf 86' lang='grc' dir='ltr'>Β,</span> <span class='ocrx_word' id='word_1_802' title='bbox 3056 5539 3277 5594; x_wconf 82' lang='lat' dir='ltr'>Babela.</span> <span class='ocrx_word' id='word_1_803' title='bbox 3390 5539 3457 5574; x_wconf 64' lang='lat'>9‘9</span> <span class='ocrx_word' id='word_1_804' title='bbox 3502 5539 3585 5596; x_wconf 87' lang='lat' dir='ltr'>La</span> 
     </span>
    </p>
   </div>
   <div class='ocr_carea' id='block_1_117' title="bbox 173 5596 3583 5685">
    <p class='ocr_par' dir='ltr' id='par_1_117' title="bbox 173 5596 3583 5685">
     <span class='ocr_line' id='line_1_117' title="bbox 173 5596 3583 5685; baseline -0.002 -20"><span class='ocrx_word' id='word_1_805' title='bbox 173 5604 344 5685; x_wconf 68' lang='lat' dir='ltr'>locon</span> <span class='ocrx_word' id='word_1_806' title='bbox 377 5605 654 5685; x_wconf 45' lang='lat' dir='ltr'>desines.</span> <span class='ocrx_word' id='word_1_807' title='bbox 688 5611 777 5685; x_wconf 73' lang='lat' dir='ltr'>est</span> <span class='ocrx_word' id='word_1_808' title='bbox 804 5605 920 5663; x_wconf 81' lang='lat' dir='ltr'>fort</span> <span class='ocrx_word' id='word_1_809' title='bbox 948 5596 1264 5685; x_wconf 50' lang='lat' dir='ltr'>douteuse;</span> <span class='ocrx_word' id='word_1_810' title='bbox 1297 5596 1806 5685; x_wconf 39' lang='lat' dir='ltr'>pe&#39;ut-etrenﬁaqt-i&#39;l</span> <span class='ocrx_word' id='word_1_811' title='bbox 1830 5597 1990 5685; x_wconf 56' lang='lat' dir='ltr'>lira&quot;:</span> <span class='ocrx_word' id='word_1_812' title='bbox 2027 5616 2336 5685; x_wconf 47' lang='lat' dir='ltr'>annales},</span> <span class='ocrx_word' id='word_1_813' title='bbox 2370 5619 2409 5657; x_wconf 82' lang='grc' dir='ltr'>ιι</span> <span class='ocrx_word' id='word_1_814' title='bbox 2441 5596 2776 5685; x_wconf 31' lang='lat' dir='ltr'>kalendas;</span> <span class='ocrx_word' id='word_1_815' title='bbox 2797 5606 2864 5643; x_wconf 70' lang='grc' dir='ltr'>πο</span> <span class='ocrx_word' id='word_1_816' title='bbox 2892 5612 2951 5680; x_wconf 82' lang='grc' dir='ltr'>Β,</span> <span class='ocrx_word' id='word_1_817' title='bbox 2982 5596 3175 5668; x_wconf 74' lang='grc' dir='ltr'>Αὺάίη.</span> <span class='ocrx_word' id='word_1_818' title='bbox 3253 5609 3317 5647; x_wconf 79' lang='grc'>⁹⁵¹</span> <span class='ocrx_word' id='word_1_819' title='bbox 3368 5610 3429 5685; x_wconf 74' lang='grc' dir='ltr'>Β²</span> <span class='ocrx_word' id='word_1_820' title='bbox 3476 5611 3583 5674; x_wconf 67' lang='lat' dir='ltr'>Ba.</span> 
     </span>
    </p>
   </div>
   <div class='ocr_carea' id='block_1_118' title="bbox 176 5668 2800 5756">
    <p class='ocr_par' dir='ltr' id='par_1_118' title="bbox 176 5668 2800 5756">
     <span class='ocr_line' id='line_1_118' title="bbox 176 5668 2800 5756; baseline -0.001 -16"><span class='ocrx_word' id='word_1_821' title='bbox 176 5668 317 5740; x_wconf 72' lang='lat' dir='ltr'>bela.</span> <span class='ocrx_word' id='word_1_822' title='bbox 394 5677 464 5719; x_wconf 72' lang='grc'>⁸⁸³</span> <span class='ocrx_word' id='word_1_823' title='bbox 491 5677 557 5754; x_wconf 81' lang='lat' dir='ltr'>B,</span> <span class='ocrx_word' id='word_1_824' title='bbox 589 5678 919 5737; x_wconf 77' lang='lat' dir='ltr'>Beniharcn.</span> <span class='ocrx_word' id='word_1_825' title='bbox 997 5677 1064 5715; x_wconf 69' lang='lat'>953</span> <span class='ocrx_word' id='word_1_826' title='bbox 1093 5680 1151 5747; x_wconf 79' lang='grc' dir='ltr'>Β,</span> <span class='ocrx_word' id='word_1_827' title='bbox 1183 5668 1509 5734; x_wconf 63' lang='lat' dir='ltr'>Arnoldum.</span> <span class='ocrx_word' id='word_1_828' title='bbox 1585 5670 1653 5710; x_wconf 67' lang='lat'>9“</span> <span class='ocrx_word' id='word_1_829' title='bbox 1681 5674 1740 5744; x_wconf 87' lang='lat' dir='ltr'>B,</span> <span class='ocrx_word' id='word_1_830' title='bbox 1773 5668 2081 5731; x_wconf 70' lang='lat' dir='ltr'>heredibus.</span> <span class='ocrx_word' id='word_1_831' title='bbox 2159 5672 2245 5733; x_wconf 71' lang='lat'>9”.</span> <span class='ocrx_word' id='word_1_832' title='bbox 2280 5672 2533 5756; x_wconf 87' lang='lat' dir='ltr'>Manque</span> <span class='ocrx_word' id='word_1_833' title='bbox 2564 5676 2710 5736; x_wconf 87' lang='lat' dir='ltr'>dans</span> <span class='ocrx_word' id='word_1_834' title='bbox 2741 5680 2800 5738; x_wconf 85' lang='grc' dir='ltr'>Β.</span> 
     </span>
    </p>
   </div>
  </div>
