4012 6072
430 246 585 310 1203

935 246 1036 308 AD
1084 247 1597 311 GODEFRIDUM
1639 246 1974 308 APPEND.
2006 246 2079 308 II.
2108 279 2184 291 α»-
2216 246 2523 312 MONUM.
2570 250 2672 312 DE
2714 250 2963 312 BELLO
3008 249 3282 313 SACRO.

3670 245 3838 313 I204

425 385 646 449 serunt,
683 384 738 436 et
767 385 855 436 ter
896 380 956 435 in
988 398 1159 449 anno,
1195 380 1253 436 in
1305 380 1496 437 natale
1540 380 1807 436 videlicet
1836 379 2068 435 Domini
2100 383 2153 448 Α
2186 384 2725 455 Bu[r]sardo,quam
2747 384 3028 457 Georgius
3050 388 3271 442 emerat
3299 401 3334 440 a
3364 384 3528 441 Petro
3549 384 3843 441 Britanno

424 475 481 527 et
509 470 569 526 in
604 471 824 526 Pascha
853 474 910 525 et
935 470 992 525 in
1023 471 1237 527 festum
1272 470 1871 539 Iherusalem,iustam
1899 486 2076 524 unam

421 559 540 614 vini
571 577 705 615 cum
737 560 966 615 duobus
997 560 1250 631 panibus
1282 561 1355 614 ob
1388 558 1771 614 fraternitatis
1804 559 2078 613 recorda-

421 649 641 704 tionem
676 649 1002 703 habendam
1038 648 1453 720 permiserunt.
1487 650 1692 703 Testes
1724 652 1865 703 sunt
1900 664 1912 701 :

567 739 828 794 Domnus
862 737 1190 807 patriarcha
1220 736 1575 792 Willelmus.
1609 738 1677 791 Et
1712 735 2074 801 Fulcherius,

638 825 975 899 capellanus
1033 828 1183 881 eius.
1233 828 1301 880 Et
1351 826 1634 892 Amelius,
1668 825 1970 881 diaconus.
2006 826 2076 880 Et

636 915 1006 980 Aschetinus,
1039 915 1381 970 viceeomes.
1406 916 1475 969 Et
1502 915 1834 979 Umbertus,
1863 914 2076 969 aurifa-

639 1004 760 1059 her.
793 1004 861 1058 Et
891 1004 1205 1059 Herbertus
1257 1020 1393 1059 cum
1443 1004 1645 1059 barba.
1680 1004 1748 1058 Et
1777 1002 2069 1069 Giraldus,

639 1092 835 1149 Sancti
884 1092 1144 1165 Sepulcri
1188 1092 1490 1160 diaconus,
1516 1093 1618 1165 qui
1668 1092 1819 1147 hanc
1851 1096 2069 1147 cartam

637 1181 986 1254 composuit.
1020 1182 1088 1236 Et
1118 1182 1447 1237 Willelmus
1477 1183 1547 1237 de
1580 1180 1897 1236 Babilonia.

1145 1324 1240 1380 CII
1270 1325 1356 1378 993.

421 1432 793 1474 PRIVILEGIUM
863 1430 1047 1480 PETRI,
1107 1430 1338 1469 PRIORIS
1398 1430 1591 1468 SANC'I‘I
1655 1429 1950 1478 SEPULCRI,
2007 1430 2072 1468 ΕΤ

528 1504 936 1545 CANONICORUM
975 1503 1044 1540 DE
1082 1502 1421 1540 VENDITIONE
1459 1501 1709 1539 EIUSDEM
1742 1501 1956 1539 DOMUS.

488 1598 654 1651 Anno
686 1594 756 1649 ab
791 1592 1188 1648 incarnatione
1218 1591 1447 1647 Domini
1479 1607 1727 1658 mcxxxv,
1753 1590 2069 1646 indictione

418 1703 536 1753 xm,
572 1686 794 1748 Petrus,
828 1682 1023 1738 Sancti
1070 1680 1373 1753 Sepulchri
1424 1680 1600 1753 prior,
1636 1684 1912 1752 cetusque
1946 1680 2062 1735 fra-

420 1779 577 1830 trum
607 1773 872 1829 eiusdem
906 1770 1014 1826 loci
1046 1770 1459 1825 canonicorum
1505 1770 1768 1840 domum,
1804 1787 1914 1841 que
1961 1768 2070 1824 fuit
2099 1757 2145 1821 Β

419 1862 696 1919 Bernardi
728 1860 1133 1925 Bituricensis,
1166 1864 1220 1914 et
1252 1858 1448 1925 aliam,
1484 1876 1597 1931 que
1646 1859 1756 1914 fuit
1783 1856 2066 1912 Willolmi

421 1949 1102 2025 drugomanni,predicte
1137 1949 1338 2004 domui
1369 1946 2065 2020 eontiguam,Petronille,

419 2040 649 2097 mulieri
682 2038 986 2111 Ungarice,
1020 2054 1229 2093 ccccxr.
1270 2036 1537 2092 bisentiis
1593 2036 1979 2091 vendiderunt
2009 2035 2066 2090 in

418 2128 767 2202 hospitalem
801 2128 1042 2181 domum
1074 2144 1178 2182 sue
1208 2126 1459 2197 genti,ut
1481 2126 1608 2197 ipsa
1636 2142 1733 2180 eas
1764 2128 2063 2197 tamquam

416 2218 649 2292 proprio
680 2234 857 2272 censu
890 2220 1119 2287 emptas
1150 2215 1285 2282 sibi,
1318 2220 1383 2268 ut
1431 2214 1652 2269 dictum
1706 2218 1813 2282 est,
1847 2230 2069 2285 sueque

417 2308 573 2381 genti
608 2306 869 2362 venditas
918 2304 1252 2359 eternaliter
1284 2303 1602 2375 possideat.
1636 2304 1797 2369 Quod
1844 2303 1892 2358 si
1941 2304 2069 2375 ipsa

413 2396 503 2453 vel
536 2396 663 2467 ejus
693 2411 1060 2450 successores
1092 2392 1382 2465 Ungarici,
1419 2393 1766 2448 necessitate
1806 2392 2068 2464 qualibet

414 2485 743 2558 ingruente,
763 2484 1018 2555 prefatas
1049 2483 1255 2537 domos
1288 2482 1345 2535 in
1379 2487 1678 2554 posterum
1711 2482 1959 2537 vendere
1980 2480 2066 2537 vel

416 2573 713 2631 invadiare
743 2571 1050 2639 voluerint,
1087 2571 1264 2643 priori
1298 2575 1353 2626 et
1383 2570 1680 2626 canonicis
1719 2570 1915 2625 Sancti
1960 2570 2067 2625 Se-

414 2661 604 2737 pulcri
655 2661 889 2717 venales
940 2659 1029 2715 vel
1078 2659 1463 2737 invadiandas
1513 2659 1787 2725 offerant;
1821 2658 1868 2714 si
1928 2675 2063 2715 vero

415 2753 575 2825 prior
601 2755 657 2807 et
688 2748 951 2806 canonici
983 2750 1219 2806 easdem
1264 2749 1470 2804 domos
1521 2748 1603 2804 ita
1652 2753 1717 2803 ut
1746 2747 1844 2803 alii
1875 2765 2068 2804 emere

416 2840 725 2904 noluerint,
755 2839 1104 2910 cuicumque
1130 2837 1419 2893 voluerint
1449 2838 1576 2893 sine
1608 2837 2069 2893 contradictione

415 2931 673 2985 vendant
715 2933 773 2984 et
820 2928 1138 2983 invadiant.
1172 2926 1583 2983 Prenominata
1630 2930 1825 2982 autem
1857 2927 2070 2982 mulier

415 3019 770 3092 prehendam
804 3022 1053 3089 quatuor
1083 3016 1388 3073 hominum
1438 3017 1508 3072 de
1538 3015 1838 3071 refectorio
1870 3016 2066 3071 Sancti

416 3108 677 3181 Sepulcri
710 3107 1031 3179 accipiebat
1060 3106 1298 3205 cotidie;
1333 3107 1454 3205 sed,
1489 3123 1610 3205 pro“
1641 3104 1828 3161 salute
1871 3105 2064 3205 anime
2094 3128 2137 3195 ρ

417 3214 542 3265 sue,
575 3197 726 3252 sicut
757 3213 919 3251 soror
947 3195 1186 3251 ecclesie
1218 3195 1549 3250 necessitati
1582 3195 1829 3249 fratrum
1871 3195 2063 3266 provi-

416 3286 580 3353 dens,
615 3290 837 3358 partem
871 3286 1301 3357 prebendarum
1332 3282 1675 3349 remisit,ita
1704 3288 1768 3337 ut
1791 3283 2064 3355 deinceps

414 3376 645 3430 duabus
666 3379 938 3429 contenta
970 3372 1300 3445 prebendis,
1334 3390 1453 3427 una
1483 3371 1659 3427 unius
1708 3372 1971 3427 canonici
2004 3376 2063 3427 et

413 3464 598 3518 altera
620 3462 794 3518 unius
826 3461 1128 3516 servientis
1157 3465 1514 3533 permaneat.

486 3553 657 3606 Facta
688 3556 775 3605 est
800 3556 994 3604 autem
1043 3550 1220 3604 huius
1267 3554 1421 3603 carte
1468 3548 1789 3619 inscriptio,
1823 3549 2060 3603 domino

409 3639 706 3694 Willelmo
736 3643 933 3693 sancte
967 3637 1475 3693 Iberosolimitane
1524 3638 1763 3692 ecclesie
1813 3638 2057 3709 patriar-

410 3728 604 3783 chatui
660 3728 1010 3799 presidente,
1047 3726 1295 3781 Fulcone
1355 3725 1724 3782 nobilissimo
1775 3743 1907 3799 rege
1964 3744 2056 3782 re-

408 3821 643 3891 gnante.
678 3817 864 3872 lIuius
898 3817 977 3871 rei
1010 3820 1188 3871 testes
1220 3819 1359 3869 sunt
1390 3832 1401 3868 :

549 3904 853 3979 Rogerius,
897 3902 1307 3959 Ramathensis
1354 3903 1685 3975 episcopus.
1719 3902 2053 3972 Anselmus,

620 3993 1001 4050 Bethleemita
1032 3994 1364 4065 episcopus.
1396 3993 1678 4059 Acardus,
1704 3993 1862 4064 prior
1893 3995 2057 4049 Tem-

619 4082 697 4155 pli
759 4081 1005 4137 Domini.
1041 4081 1355 4149 Arnaldus,
1388 4082 1549 4153 prior
1610 4081 1822 4137 Montis
1876 4082 2051 4155 Syon.

622 4171 901 4227 lIenricus
937 4171 1091 4243 prior
1123 4171 1338 4226 Montis
1368 4170 1593 4227 Oliveti.
1619 4171 1925 4238 Robertus,
1959 4172 2055 4227 ab-

617 4260 723 4315 bas
781 4260 961 4316 Vallis
1021 4260 1311 4332 Iosaphat.
1363 4260 1644 4315 Chosmas
1704 4260 2047 4333 Ungaricus,

616 4349 920 4407 heremila.
973 4348 1330 4416 Bonefatius,
1365 4349 1559 4404 socius
1619 4349 1765 4404 eius.
1801 4350 2049 4421 Symeon

614 4438 961 4511 Ungaricus,
996 4437 1463 4493 archidiaconus.
1500 4438 1784 4501 Itoardus,
1835 4436 2050 4492 viceco—

613 4544 757 4582 mes.
792 4527 1174 4592 Raimondus,
1211 4526 1491 4598 magister
1537 4525 1873 4597 Hospitalis.
1918 4527 2047 4581 Rai-

610 4616 820 4671 naldus
853 4618 923 4671 de
953 4617 1123 4681 Pons,
1157 4620 1214 4670 et
1244 4614 1573 4687 complures
1605 4614 1722 4669 alii.

466 4703 831 4777 Quicumque
889 4705 1039 4760 hanc
1095 4704 1535 4760 conventionem
1602 4703 1899 4759 infirmare
1954 4703 2039 4760 vel

391 4791 604 4850 violare
635 4794 1184 4867 temptaverit,apud
1208 4794 1390 4850 Deum
1422 4797 1479 4849 et
1509 4791 1776 4848 homines
1801 4792 2039 4849 anathe-

393 4897 491 4937 ma
520 4882 615 4939 sit.

1091 4990 1214 5045 CIII
1244 4990 1329 5043 99°.

388 5093 459 5131 DE
478 5088 763 5131 EMPTIONE
785 5094 1077 5133 CUIUSDAM
1106 5094 1321 5144 DOMUS,
1346 5093 1506 5139 QUAM
1529 5094 1664 5131 EM-T
1695 5093 2036 5135 BERNARDUS

654 5165 905 5203 CASTELLI
948 5165 1192 5204 RADULFI
1231 5168 1265 5203 A
1304 5164 1546 5203 GEORGIO
1585 5164 1768 5203 RAICO.

2187 475 2243 526 et
2274 472 2548 536 Geifrido.
2571 472 2725 528 socio
2758 489 2884 539 suo,
2910 490 3013 545 pro
3047 490 3187 528 Lxxx
3215 472 3494 529 hisanciis
3524 472 3674 527 inter
3704 489 3840 529 om-

2186 578 2288 615 nes
2321 562 2796 617 consuetudines.
2824 563 3156 618 Bernardus
3207 562 3316 617 iste
3364 560 3505 617 emit
3547 561 3699 617 hanc
3733 562 3846 617 do-

2186 667 2351 705 mum
2384 651 2443 706 in
2474 655 2734 725 tempore
2767 651 3091 707 Garmundi
3122 650 3452 724 patriarche
3480 655 3537 707 et
3567 650 3844 706 Balduini

2185 739 2337 811 regis
2368 740 2631 806 saeundi,
2658 741 2890 813 quando
2926 740 3029 795 ivit
3072 740 3455 812 pugnandum
3503 739 3575 795 ad
3624 744 3846 795 Bursa-

2184 828 2446 897 chinum,
2472 846 2667 884 coram
2697 828 3423 895 Anschetino,vicecomite
3454 828 3840 899 lherusalem,

2182 918 2283 990 qui
2317 917 2723 975 rectitudinem
2754 918 2890 974 inde
2921 918 3162 991 accepit,
3196 922 3343 974 teste
3376 935 3389 973 :

2324 1007 2542 1075 Odone,
2577 1025 2777 1064 socero
2811 1006 3027 1076 Piselli,
3057 1012 3116 1063 et
3144 1007 3421 1063 Bertrano
3449 1004 3759 1081 Alobroge,
3782 1012 3842 1064 et

2395 1097 2642 1152 Roberto
2674 1097 2800 1153 sine
2831 1097 3033 1165 barba,
3066 1101 3123 1152 et
3153 1097 3404 1163 Andrea,
3438 1112 3545 1151 suo
3598 1112 3837 1169 genero,

2392 1190 2450 1241 et
2481 1184 2729 1242 Fulcone
2758 1191 3023 1252 Berruer,
3057 1190 3114 1242 et
3143 1185 3440 1258 Stephano
3469 1184 3831 1250 Alvernensi,

2393 1278 2450 1330 et
2482 1274 2710 1347 Pagano
2738 1274 3011 1345 Stulto,et
3039 1273 3334 1331 Willelmo
3364 1274 3597 1341 Grosso,
3614 1273 3836 1347 places:

2391 1363 2499 1430 rio,
2523 1368 2581 1419 et
2607 1362 2861 1430 Alberto,
2886 1362 3006 1419 ﬁlio
3044 1362 3429 1433 A[nschetini]
3449 1363 3834 1429 vicecomitis,

2389 1457 2446 1508 et
2475 1453 2802 1509 Eudeberto
2855 1452 3043 1520 Ruti‘o,
3076 1456 3133 1508 et
3165 1451 3357 1507 Baldri
3389 1452 3461 1507 de
3489 1452 3754 1525 Temple,
3779 1457 3840 1508 et

2391 1542 2614 1615 Rogero
2647 1541 2718 1598 de
2751 1542 2939 1610 Baios,
2975 1545 3032 1598 et
3061 1540 3344 1609 Soiberto,
3377 1544 3434 1597 et
3465 1541 3716 1597 Radulfo
3764 1543 3838 1599 de

2392 1629 2705 1704 Baugenci,
2739 1634 2795 1686 et
2825 1631 3108 1698 Cudener,
3143 1634 3200 1686 et
3238 1634 3582 1703 Berengero,
3616 1634 3674 1686 et
3722 1631 3839 1686 Ra-

2392 1719 2613 1793 dulpho
2664 1718 2854 1783 Fabri.
2888 1724 2944 1774 et
2975 1718 3274 1787 Theaudo,
3313 1723 3369 1775 et
3411 1723 3649 1787 Brunet,
3682 1736 3841 1776 cam-

2393 1810 2635 1873 biatore.
2657 1814 2715 1865 et
2746 1810 3016 1877 Roberto,
3050 1808 3299 1865 ianitore
3341 1812 3511 1882 porte
3541 1808 3746 1881 David,
3782 1813 3842 1865 et

2393 1898 2559 1953 Petro
2593 1898 2782 1954 Fabri.

2249 1988 2408 2043 Hanc
2425 1992 2644 2043 cartam
2664 1987 2800 2043 fecit
2829 1987 3050 2060 Ogerus
3082 1985 3327 2043 clericus
3347 1987 3406 2042 in
3434 1990 3595 2043 turre
3628 1987 3834 2056 David,

2178 2076 2336 2133 Hanc
2368 2078 2608 2132 domum
2639 2076 2783 2132 emit
2813 2077 3144 2132 Bernardus
3177 2093 3209 2132 a
3240 2077 3484 2151 Georgio
3528 2081 3586 2133 et
3626 2094 3662 2133 a
3688 2082 3835 2133 Bur-

2178 2167 2349 2221 sardo
2382 2166 2506 2222 sine
2528 2164 2725 2238 aliqua
2759 2165 3139 2238 calu[m]pnia
3164 2166 3235 2221 ad
3262 2166 3629 2222 vendendum
3664 2171 3722 2222 et
3754 2167 3830 2223 ad

2178 2256 2437 2311 dandum
2470 2256 2542 2310 ad
2577 2272 2745 2310 suam
2770 2254 3132 2311 voluntatem
3164 2253 3504 2310 fatiendam.

2252 2345 2387 2399 Inde
2415 2348 2503 2399 est
2533 2344 2701 2400 testis
2743 2344 3029 2417 Marages,
3065 2343 3222 2400 filius
3253 2343 3555 2421 Bursardi,
3589 2344 3692 2417 qui
3726 2344 3836 2400 fuit

2176 2433 2248 2488 ad
2279 2433 2636 2505 potationem
2669 2432 2847 2489 huius
2881 2432 2982 2489 rei.

2880 2593 3001 2650 CIV
3032 2595 3140 2651 ¹⁰⁰⁰.

2249 2699 2637 2747 ΡιιινειεριυΜ,
2680 2698 2831 2745 QUOD
2872 2700 3027 2738 FECIT
3066 2698 3307 2751 PETRUS,
3351 2699 3523 2739 PRIOR
3560 2698 3763 2741 BANCI'I

2434 2771 2749 2810 SEPULCIIBI
2792 2771 3095 2811 BERNARDO
3134 2772 3200 2809 ET
3238 2770 3410 2810 UXORI
3450 2771 3577 2810 SUB.

2247 2879 2461 2934 Notum
2495 2879 2573 2934 sit
2600 2879 2897 2947 omnibus,
2929 2883 3050 2935 tam
3084 2878 3298 2935 futuris
3327 2896 3502 2952 quam
3534 2881 3836 2952 presenti-

2176 2967 2307 3033 bus,
2343 2968 2499 3039 quod
2533 2984 2638 3041 ego
2673 2969 2894 3035 Petrus,
2929 2967 3218 3024 Dominici
3269 2967 3529 3041 Sepulcri
3562 2967 3746 3040 prior,
3780 2974 3839 3026 et

2176 3056 2369 3111 omnis
2400 3062 2715 3112 conventus
2746 3056 3009 3113 eiusdem
3059 3057 3356 3129 quandam
3404 3056 3649 3112 domum
3695 3074 3835 3114 cum

2174 3163 2294 3201 una
2323 3146 2569 3202 statione
2601 3146 2895 3201 Bernardo
2922 3150 2979 3201 et
3012 3146 3174 3201 uxori
3207 3162 3332 3213 sue,
3364 3145 3424 3201 in
3461 3146 3833 3205 fraternitate

2174 3240 2375 3290 nostra
2405 3235 2713 3307 susceptis,
2749 3236 3163 3308 possidendam
3196 3234 3297 3291 tali
3326 3235 3659 3292 conditione
3691 3254 3834 3293 con-

2172 3323 2436 3378 cedimus
2470 3340 2482 3377 :
2519 3323 2799 3395 quamdiu
2826 3323 3090 3390 vixerint,
3123 3327 3306 3379 totam
3338 3324 3577 3379 domum
3610 3328 3669 3380 et
3701 3328 3830 3382 sta-

2171 3411 2388 3467 tionem
2412 3412 2743 3483 habuerint,
2762 3412 3017 3485 exceptis
3039 3413 3269 3468 duabus
3292 3412 3552 3468 eiusdem
3572 3414 3829 3471 cameris

2170 3506 2225 3555 et
2243 3502 2417 3556 etiam
2443 3500 2843 3573 stabulis,que
2874 3518 2977 3573 pro
3009 3502 3318 3557 Lamberto
3348 3501 3705 3558 Ptolomensi
3729 3502 3831 3560 ho-

2170 3591 2439 3661 spitando
2462 3595 2516 3645 et
2539 3608 2640 3662 pro
2662 3590 2784 3645 suis
2802 3590 3207 3646 custodiendis
3230 3591 3286 3645 in
3313 3594 3513 3646 nostra
3536 3596 3829 3664 potestate

2170 3679 2280 3733 sub
2311 3680 2649 3735 eorumdem
2700 3679 2966 3735 custodia
2992 3680 3341 3747 retinemus;
3378 3680 3427 3735 si
3466 3685 3664 3736 autem
3711 3680 3827 3755 ipsi

2167 3768 2403 3839 propria
2434 3767 2760 3841 relinquere
2784 3773 2840 3823 et
2870 3785 3001 3824 cum
3037 3768 3315 3825 omnibus
3346 3768 3471 3825 suis
3501 3770 3572 3825 ad
3606 3786 3714 3825 nos
3737 3787 3830 3827 ve-

2167 3856 2291 3911 nire
2321 3856 2631 3920 voluerint,
2656 3856 2864 3913 deinde
2890 3857 3079 3913 victus
3109 3860 3166 3914 et
3193 3858 3525 3914 vestimenti
3560 3874 3828 3915 necessa-

2166 3944 2252 4001 ria
2282 3945 2366 4000 eis
2396 3946 2836 4017 impendamus;
2869 3947 2971 4002 sed
3007 3962 3141 4002 cum
3174 3945 3321 4002 alter
3348 3963 3551 4002 eorum
3591 3947 3824 4016 obierit,

2164 4035 2343 4089 totius
2375 4035 2650 4106 peccunie
2684 4035 3052 4090 medietatem
3084 4034 3456 4100 habebimus,
3481 4040 3539 4090 et
3569 4035 3670 4108 qui
3723 4053 3824 4091 su-

2164 4122 2473 4195 pervixerit
2503 4140 2637 4177 cum
2670 4124 2785 4178 alia
2817 4140 2921 4178 sua
2952 4122 3261 4179 medietate
3292 4124 3365 4179 ad
3398 4141 3525 4190 nos,
3541 4125 3589 4180 si
3621 4123 3822 4181 volue-

2162 4211 2239 4265 rit
2268 4210 2421 4266 ultra
2452 4212 2782 4266 necessaria
2824 4228 2858 4266 a
2902 4211 3069 4266 nobis
3124 4217 3530 4284 suscepturus,
3560 4213 3814 4269 venerit:

2161 4300 2251 4354 sin
2284 4305 2502 4367 autem,
2528 4316 2630 4372 per
2659 4316 2831 4355 omne
2860 4303 3093 4371 tempus
3121 4300 3239 4356 vite
3271 4317 3375 4357 sue
3405 4300 3463 4355 in
3496 4301 3669 4357 domo
3692 4302 3818 4358 fue-

2158 4388 2251 4456 rit,
2285 4394 2361 4457 et,
2392 4405 2526 4444 cum
2550 4388 2777 4454 obierit,
2798 4389 3039 4444 domum
3068 4394 3127 4445 et
3158 4388 3465 4445 stationem
3500 4389 3720 4446 solutas
3754 4397 3815 4448 et

2081 4499 2127 4563 ι)
2158 4478 2385 4549 quietas
2414 4483 2471 4533 et
2502 4477 2700 4531 omnia
2746 4494 2854 4532 sua
2897 4477 3065 4533 nobis
3111 4477 3427 4547 dimiserit;
3462 4495 3566 4534 nec
3609 4496 3724 4535 non
3753 4480 3806 4536 si

2156 4566 2439 4621 infantem
2471 4583 2538 4621 ex
2563 4582 2625 4621 se
2656 4564 2971 4620 habuerint
2999 4582 3131 4621 cum
3163 4566 3590 4634 obierint,duas
3606 4573 3806 4640 partes

2155 4671 2356 4710 eorum
2383 4654 2657 4726 peccunie
2689 4653 2857 4709 nobis
2889 4652 3311 4726 reliquerint,et
3327 4655 3566 4711 terciam
3589 4656 3805 4712 infanti

2151 4743 2446 4808 dederint;
2472 4743 2667 4798 infans
2695 4734 2829 4797 vero
2851 4742 2911 4797 in
2934 4743 3107 4799 domo
3137 4743 3256 4799 sive
3278 4743 3802 4817 stationealiquam

2149 4831 2540 4903 calumpniam
2573 4847 2687 4887 non
2720 4831 2922 4887 fecerit
2961 4848 3065 4887 nec
3111 4831 3394 4889 habuerit.
3433 4833 3698 4889 Preterea
3746 4835 3800 4890 si

2145 4920 2252 4987 vir,
2286 4924 2518 4975 mortua
2550 4936 2746 4986 uxore,
2781 4918 2956 4975 aliam
2988 4921 3235 4990 duxerit,
3261 4926 3363 4977 aut
3393 4920 3625 4988 mulier,
3648 4939 3805 4980 mor—

2146 5013 2246 5065 tuo
2278 5010 2462 5080 [viro],
2497 5008 2685 5064 alieno
2716 5008 3006 5081 nupserit,
3035 5008 3319 5082 quamdiu
3347 5010 3655 5079 vixeri[n]t,
3689 5012 3797 5067 do-

2145 5114 2310 5153 mum
2341 5102 2399 5154 et
2429 5097 2742 5154 stationem
2775 5097 3047 5154 similiter
3074 5098 3470 5171 possederint;
3495 5099 3595 5155 sed
3654 5116 3796 5156 cum

2142 5193 2388 5261 uterque
2420 5191 2687 5242 mortuus
2721 5187 2916 5255 fuerit,
2935 5187 3163 5244 alienus
3192 5187 3439 5244 maritus
3459 5187 3579 5244 sive
3599 5188 3798 5247 aliena

2140 5275 2350 5331 coniux
2374 5275 2614 5330 domum
2637 5291 2739 5330 seu
2774 5276 3088 5331 stationem
3119 5292 3232 5332 non
3252 5276 3697 5343 habuerint,sed
3713 5278 3791 5334 ad

2141 5381 2246 5419 nos
2278 5363 2466 5419 solute
2498 5367 2555 5418 et
2585 5363 2780 5433 quiete
2811 5380 2945 5419 cum
2978 5365 3261 5436 peccunia
3309 5365 3526 5421 mortui
3574 5365 3789 5424 domus

458 5271 789 5328 Bernardus
810 5272 1042 5327 Castelli
1063 5270 1353 5344 Radulphi
1378 5277 1433 5327 et
1457 5271 1863 5340 Havidis,uxor
1882 5274 2028 5343 eius,

385 5364 654 5415 emerunt
700 5378 875 5415 unam
926 5363 1167 5417 domum
1214 5362 1284 5417 de
1331 5360 1573 5434 Georgio
1625 5361 1798 5417 Raico
1856 5368 2031 5435 atque

451 5538 516 5574 99°
546 5541 615 5610 A,
650 5538 694 5594 [ο
724 5540 815 5608 92,
847 5548 931 5610 v°;
971 5556 1225 5612 manque
1256 5539 1403 5595 dans
1435 5539 1496 5595 B.
1574 5542 1640 5575 999
1666 5543 1729 5598 Α.
1768 5540 1812 5594 f0
1842 5542 1931 5609 93,
1964 5551 2047 5611 r°;
2082 5558 2338 5614 manque
2363 5542 2511 5599 dans
2543 5546 2584 5596 B
2684 5542 2770 5578 ίοοο
2800 5545 2870 5611 A,
2903 5543 2950 5600 f0
2977 5543 3067 5613 93,
3099 5554 3187 5614 v°;
3232 5559 3488 5617 manque
3534 5544 3686 5607 dans
3714 5550 3784 5604 B.
