3980 6084
157 241 323 308 1905

1179 239 1679 307 CARTULAIRE
1723 239 1828 304 DU
1872 237 2099 305 SAINT
2144 243 2566 308 SEPULCRE.

3412 247 3437 308 I
3450 239 3570 312 206

149 385 214 436 et
248 379 419 435 statio
453 376 756 447 redierint;
791 378 892 435 sed
924 377 1204 452 peccunia
1235 377 1340 434 hoc
1392 379 1562 433 modo
1611 375 1805 432 distri-
1838 373 1893 442 Α
1924 392 2028 449 ego
2048 377 2284 435 Mabilia
2305 397 2408 451 pro
2428 380 2824 454 redemptione
2847 379 3568 440 animemaritimeietlilii

148 470 372 526 buetur
407 485 420 524 :
455 467 825 524 medietatem
859 466 1046 523 aliene
1077 467 1307 539 coniugi
1339 467 1457 523 sive
1479 466 1667 522 alieno
1691 465 1808 521 viro

147 559 520 631 reliquerint,
553 561 626 624 et,
651 557 702 614 si
749 556 1034 613 infantem
1085 557 1168 612 sic
1219 555 1427 612 alienis
1474 554 1804 624 habuerint,

143 654 378 720 partem
413 646 690 720 peccunie
723 663 826 702 sue
859 663 1037 702 unam
1069 645 1259 714 nobis,
1297 644 1540 701 alteram
1571 643 1802 712 infanti,

141 739 384 794 tertiam
423 737 630 793 marito
662 735 905 792 dederit.

222 829 398 884 Facta
427 831 516 882 est
545 831 704 882 carta
731 825 846 880 ista
877 842 1028 881 anno
1059 825 1131 881 ab
1153 825 1552 881 incarnatione
1569 824 1801 880 Domini

141 934 430 985 MCXXXIII,
466 914 780 971 indielione
811 933 886 970 χι.

218 1006 408 1080 Super
434 1005 755 1061 retentioue
779 1020 1145 1060 camerarum
1177 1009 1233 1059 et
1259 1002 1801 1074 stabulorum,quos

136 1113 251 1169 pro
299 1095 610 1151 Lamberto
660 1093 1010 1166 hospitando
1043 1094 1414 1162 retinuimus,
1449 1093 1576 1164 ipso
1635 1092 1800 1147 Lam-

133 1187 309 1243 berto
341 1183 902 1251 deiuncto,solutum
925 1179 1204 1251 facimus;
1231 1200 1374 1237 uxor
1394 1186 1588 1237 tamen
1613 1180 1798 1252 ipsius

137 1275 462 1340 Lamberti,
497 1272 780 1346 quamdiu
813 1273 1034 1344 absque
1062 1272 1183 1327 viro
1215 1272 1412 1336 fuerit,
1434 1270 1493 1324 in
1526 1271 1609 1326 eis
1640 1270 1799 1326 simi-

130 1365 276 1422 liter
304 1362 717 1436 hospitabitur.

289 1455 492 1509 Testes
548 1455 688 1507 sunt
735 1471 752 1505 :
801 1449 1110 1507 Umbertus
1171 1448 1483 1517 aurifaber,
1539 1453 1595 1504 et
1659 1446 1793 1504 Hol-

359 1543 554 1608 dreus,
589 1546 646 1597 et
699 1541 1027 1596 Turstanus
1086 1539 1364 1611 Angelus,
1400 1543 1458 1594 et
1506 1537 1794 1594 Iohannes

361 1630 582 1703 Galiga.
605 1635 662 1686 et
694 1630 828 1685 Milo
861 1628 1266 1695 Curvesarius,
1293 1633 1350 1684 et
1380 1629 1583 1683 Petrus
1606 1627 1796 1682 Petra-

359 1721 616 1795 goricus,
651 1723 707 1775 et
753 1718 970 1784 Helias,
1000 1720 1175 1816 frater
1221 1718 1367 1785 eius,
1399 1721 1474 1816 ct‘
1504 1717 1791 1816 Robertus
1822 1752 1867 1816 B

353 1811 558 1878 Cocus,
593 1813 648 1865 et
680 1813 886 1863 Petrus
916 1807 986 1862 de
1033 1806 1298 1873 Ramata,
1333 1810 1392 1861 ot
1440 1805 1685 1861 Bernard
1699 1821 1786 1872 us,

357 1897 668 1962 aurifaber,
682 1901 738 1952 et
765 1895 1058 1965 Giraldus,
1075 1895 1357 1951 diaconus
1386 1898 1442 1950 et
1473 1894 1791 1950 canonicus

357 1987 552 2045 Sancti
603 1985 886 2059 Sepulcri,
922 1984 1023 2057 qui
1075 1985 1225 2040 hanc
1276 1987 1496 2040 cartam
1549 1998 1790 2055 compo-

353 2077 492 2134 suit.

969 2165 1078 2218 1001.

207 2272 585 2314 PRIVILEGIUM
615 2269 843 2310 RICARDI
876 2269 1120 2309 IAFERINI
1159 2269 1228 2307 DE
1268 2265 1499 2315 QUADAM
1539 2267 1715 2306 DOMO.

203 2365 426 2422 Notum
487 2361 564 2417 sit
603 2359 878 2417 omnibus
922 2359 1211 2415 dominica
1259 2358 1421 2414 vinee
1467 2356 1789 2414 cultoribus

128 2455 297 2529 quod
317 2469 422 2526 ego
453 2450 790 2515 Nicholaus,
817 2450 976 2522 prior
999 2448 1196 2504 Sancti
1228 2447 1510 2519 Sepulcri,
1543 2463 1788 2504 assensu

124 2544 317 2600 totius
339 2540 522 2597 nostri
555 2539 1097 2612 capituli,domum,
1125 2553 1301 2608 quam
1337 2535 1522 2591 tenuit
1543 2536 1786 2591 Bernar-

125 2635 248 2689 dus
279 2630 611 2697 Bursarius,
647 2627 892 2684 Ricardo
926 2626 1174 2682 Iaferino
1205 2630 1260 2682 ct
1307 2625 1616 2681 heredibus
1661 2624 1786 2681 eius

123 2721 318 2778 libere
348 2724 406 2776 et
436 2717 625 2790 quiete
659 2717 716 2771 in
748 2720 1095 2789 perpetuum
1145 2715 1218 2770 ad
1268 2713 1687 2786 possidendum
1731 2717 1788 2770 et

125 2809 569 2868 emendandum
603 2803 1095 2871 concedimus,sie
1127 2820 1334 2876 nempe
1364 2807 1428 2858 ut
1460 2820 1562 2875 per
1591 2802 1788 2875 singu-

123 2900 218 2956 los
251 2915 438 2955 annos
471 2897 755 2952 Ricardus
776 2895 1070 2966 predictus
1099 2893 1189 2948 vel
1221 2893 1347 2948 eius
1365 2908 1670 2948 successor
1688 2909 1787 2948 no-

124 2991 224 3044 bis
256 2987 589 3058 nostrisque
617 2983 1056 3040 successoribus
1078 2981 1340 3039 kalendis
1372 2981 1676 3037 martiixw
1697 2981 1783 3036 bi-

125 3077 368 3135 sancios
385 3073 737 3131 censualiter
753 3071 1389 3146 persolvent.Addimus
1408 3071 1584 3126 etiam
1604 3071 1780 3142 quod,

125 3168 174 3224 si
217 3167 460 3221 domum
492 3162 652 3218 illam
684 3162 930 3217 vendere
960 3160 1269 3227 voluerint,
1303 3159 1562 3231 primum
1613 3159 1784 3214 nobis

123 3254 399 3312 venalem
457 3253 728 3319 oil'erent;
761 3267 938 3323 quam
990 3249 1038 3304 si
1098 3249 1348 3304 retinere
1405 3247 1782 3314 voluerimus,

128 3344 437 3400 marcham
469 3340 691 3414 argenti
719 3339 900 3395 levius
925 3339 1302 3405 habebimus;
1325 3337 1416 3392 sin
1448 3336 1788 3402 autem,cui-

127 3449 390 3504 cumque
422 3431 558 3486 dare
589 3447 690 3485 seu
721 3429 968 3484 vendere
998 3427 1307 3491 voluerint,
1341 3426 1617 3482 omnibus
1640 3425 1785 3481 mili-

127 3523 293 3580 tibus
325 3526 498 3593 atque
532 3518 792 3575 ecclesiis
823 3518 1058 3590 penitus
1081 3516 1357 3588 exceptis,
1391 3515 1548 3571 salvo
1582 3531 1785 3587 preno-

129 3612 359 3668 minato
390 3627 590 3674 censu,
625 3607 919 3663 licentiam
953 3606 1224 3661 habeant.

201 3702 414 3757 Actum
445 3702 533 3754 est
562 3697 670 3752 hoc
695 3714 748 3752 IV
777 3712 964 3750 nonas
994 3695 1381 3763 martii,anno
1414 3693 1484 3748 ab
1515 3692 1788 3748 incarna-

129 3791 290 3846 tione
322 3786 552 3843 Domini
588 3803 757 3841 MCLX.
778 3785 965 3839 Huius
997 3783 1076 3838 rei
1109 3787 1288 3838 testes
1320 3786 1457 3838 sunt
1487 3799 1500 3836 :

275 3876 615 3942 Nicholaus,
647 3873 823 3947 prior.
855 3871 1214 3943 Arnulphus,
1240 3871 1530 3944 subprior.
1556 3873 1792 3925 Bernar-

350 3965 717 4032 dus,cantor.
752 3962 1121 4028 Godefridus,
1144 3960 1566 4015 thesaurarius.
1587 3961 1791 4014 Ebrar—

351 4055 482 4110 dus.
509 4053 779 4108 libertus.
815 4051 1019 4106 Petrus
1068 4051 1138 4104 de
1190 4047 1531 4119 Sepulchro.
1585 4047 1788 4104 Petrus

351 4143 638 4198 Clemens.
672 4139 945 4195 Achilles.
988 4139 1152 4210 Hugo
1201 4138 1272 4192 de
1311 4135 1554 4209 Nigella.
1587 4137 1789 4192 Petrus

353 4233 425 4287 de
454 4231 679 4286 Latina.
717 4230 916 4285 Petrus
947 4227 1342 4282 Lumbardus.
1379 4225 1699 4281 Rainaldus
1721 4227 1790 4280 de

354 4320 549 4376 Ochis.
587 4319 875 4375 Robertus
905 4315 1226 4372 Antiochia.

210 4413 293 4468 De
322 4409 488 4465 laicis
522 4425 534 4463 :

1921 467 2034 520 mei
2058 471 2114 522 et
2135 469 2327 524 anime
2341 486 2466 525 mee
2484 474 2538 524 et
2555 471 2812 542 corporis
2837 470 3029 544 inopia
3043 470 3348 527 relevanda
3361 472 3492 528 dedi
3509 477 3568 530 et

1919 558 2181 612 concessi
2205 559 2498 614 canonicis
2533 559 2727 614 Sancti
2761 559 3482 632 Sepulchri,confratribus
3510 567 3567 617 et

1918 643 2172 700 dominis
2187 647 2550 713 meis,ortum
2571 665 2765 703 meum
2789 649 2845 703 in
2859 649 2978 704 vita
2994 653 3205 714 mea,et
3226 655 3357 720 post
3371 651 3566 707 deces-

1915 749 2048 789 sum
2081 752 2278 791 meum
2309 737 2544 792 domum
2570 755 2780 802 meam,
2801 743 3116 809 utrumque
3139 739 3260 793 iure
3284 744 3560 810 perpetuo

1913 823 2477 895 possidendumﬁcc
2490 830 2678 882 totum
2707 827 2812 882 fuit
2833 827 3044 898 gratis;
3071 827 3180 898 ipsi
3203 829 3356 883 enim
3381 829 3559 885 michi

1912 912 2154 982 proinde
2185 931 2216 968 c
2247 918 2302 967 et
2333 933 2472 970 Lxxx
2503 915 2786 971 bisantios
2809 921 3477 987 recompensaverunt,ct
3499 919 3558 973 in

1917 1006 2040 1058 orto
2073 1002 2395 1058 claudendo
2425 1006 2763 1075 maceria,et
2794 1005 2852 1059 in
2885 1005 3152 1072 cisterna,
3179 1023 3290 1077 que
3313 1007 3389 1061 ibi
3413 1012 3555 1076 erat,

1911 1092 2170 1146 curanda
2199 1109 2270 1146 XL
2300 1093 2592 1149 bisancios
2625 1095 3064 1165 dispendcrunt,
3097 1100 3154 1149 et
3191 1095 3406 1150 victum
3455 1097 3559 1151 mi-

1908 1179 2022 1246 chi,
2053 1182 2332 1251 quamdiu
2363 1181 2632 1249 viverem,
2664 1185 2960 1238 communi
2995 1184 3234 1238 consilio
3283 1185 3554 1240 determi-

1908 1273 2111 1324 natum
2143 1275 2578 1337 concesserunt,
2614 1271 2836 1327 scilicet
2887 1273 3096 1327 cotidie
3129 1290 3337 1344 panem
3369 1291 3554 1331 unum

1907 1358 2320 1414 canonicorum
2352 1363 2408 1415 et
2438 1360 2745 1416 dimidiam
2777 1361 2971 1416 litram
3003 1361 3120 1415 vini
3165 1363 3470 1434 temperati
3487 1367 3556 1419 et

1906 1447 2212 1504 scutellam
2237 1449 2305 1504 de
2337 1449 2737 1521 coquinato,in
2763 1450 2853 1506 die
2877 1467 3008 1506 vero
3042 1451 3337 1506 dominica
3359 1457 3414 1507 et
3437 1470 3556 1508 ma-

1905 1537 2036 1609 gnis
2078 1537 2614 1609 sollempnitatibus
2648 1539 2892 1595 recentis
2924 1540 3209 1595 frustrum
3244 1541 3436 1596 carnis
3466 1542 3553 1598 vel

1904 1624 1974 1678 de
2005 1623 2153 1691 cibo,
2187 1641 2361 1697 quem
2395 1627 2617 1682 domini.
2651 1629 3044 1683 comederent.

1979 1715 2092 1769 lloc
2125 1719 2320 1770 autem
2353 1716 2572 1771 factum
2596 1721 2684 1772 est
2709 1734 2860 1772 anno
2895 1718 2964 1772 ab
2993 1717 3390 1772 incarnatione
3440 1718 3551 1774 Do—

1905 1802 2051 1857 mini
2083 1821 2336 1871 MCXXXII,
2370 1822 2442 1860 vn
2467 1805 2747 1861 kalendas
2778 1805 3067 1878 iulii,rcge
3092 1805 3551 1864 Fulconelhero—

1899 1893 2235 1949 solimitano
2269 1900 2545 1966 regnante
2568 1900 2624 1950 et
2647 1896 2891 1952 Domino
2911 1895 3200 1952 Willclmo
3218 1896 3550 1969 patriarcha

1900 1983 2252 2056 presidente.
2287 1983 2476 2040 Huius
2504 1983 2700 2056 itaque
2733 1984 2814 2039 rei
2845 1989 2982 2040 sunt
3013 1989 3191 2041 testes
3227 2003 3238 2040 :

2040 2071 2324 2128 Dominus
2352 2072 2684 2129 Willelmus
2715 2074 3064 2145 patriarcha.

1969 2161 2040 2216 Et
2070 2160 2334 2217 canonici
2367 2161 2563 2218 Sancti
2597 2161 2859 2234 Sepulcri
2893 2181 2906 2218 :

2041 2249 2264 2317 Petrus,
2300 2250 2476 2322 prior.
2513 2251 2715 2308 Petrus
2749 2251 2817 2308 de
2844 2251 3162 2308 Barcilona.
3198 2253 3384 2325 Hugo,
3415 2271 3545 2326 pre-

2113 2340 2362 2412 positus.
2397 2340 2712 2396 Gaufridus
2759 2342 2828 2396 de
2872 2341 3393 2414 Constantinopoli.
3441 2344 3548 2399 Ita-

2111 2428 2311 2484 dulfus
2335 2429 2768 2486 Parisiacensis.
2795 2430 2996 2485 Petrus
3033 2431 3376 2487 Bcrnardus.
3411 2432 3549 2488 Gar-

2112 2517 2310 2573 nerius
2342 2519 2410 2574 da
2438 2522 2825 2574 Cenomanue.
2866 2519 3071 2575 Guido.
3124 2519 3416 2574 Giraldus.
3453 2521 3546 2576 Pe-

2109 2611 2236 2662 trus
2267 2607 2599 2663 Clementis.
2635 2609 3025 2674 Eurardus,ct
3057 2609 3228 2663 ceteri
3260 2609 3542 2666 canonici.

2106 2695 2520 2762 Anschetinus,
2543 2697 2884 2752 vicecomes.
2911 2696 3232 2752 Itainaldus
3264 2699 3333 2752 de
3358 2699 3547 2754 Ponti-

2109 2785 2240 2841 bus.
2277 2784 2592 2841 Gaul‘ridus
2619 2788 2786 2840 Acus.
2822 2786 3090 2842 Tosctus.
3126 2785 3457 2843 Hildrcdus.

2582 2875 2726 2930 CVII
2758 2875 2866 2930 1°03.

2181 2979 2556 3019 PRIVILEGIUM
2595 2979 2820 3019 ANDREE
2861 2980 2928 3018 ET
2965 2980 3248 3020 HOSANNE.

1965 3051 2179 3107 Notum
2211 3051 2286 3106 sit
2315 3051 2611 3116 omnibus,
2636 3056 2757 3107 tam
2790 3052 3003 3108 futuris
3035 3069 3210 3125 quam
3255 3053 3542 3123 presenti-

1815 3119 1858 3186 C
1896 3141 2028 3208 bus,
2063 3141 2216 3212 quod
2249 3157 2353 3212 ego
2396 3141 2598 3196 Petrus
2650 3140 2946 3208 Bernardi,
2973 3119 3288 3197 canonicus
3343 3141 3544 3197 Sancti

1897 3229 2178 3301 Sepulcri,
2205 3246 2496 3285 consensu
2525 3229 2674 3284 Petri
2709 3229 2920 3301 prioris
2941 3234 2996 3285 et
3017 3230 3544 3286 concanonicorum

1898 3335 2188 3386 meorum,
2220 3319 2483 3374 concessi
2532 3319 2758 3373 Andree
2790 3322 2846 3372 et
2876 3319 3164 3386 Hosanne,
3200 3319 3366 3374 uxori
3397 3319 3545 3388 eius,

1897 3408 2167 3463 ediﬁcare
2213 3408 2454 3463 domum
2511 3408 2580 3462 de
2631 3407 2863 3479 proprio
2898 3426 3073 3480 super
3104 3412 3319 3463 terram
3352 3409 3551 3466 Sancti

1898 3496 2310 3568 Sepulcri,que
2342 3500 2432 3551 est
2462 3495 2520 3549 in
2549 3495 2928 3562 lherusalem,
2964 3497 3023 3551 in
3057 3502 3218 3568 parte
3240 3497 3413 3569 regis,
3447 3498 3552 3553 cir-

1897 3587 2172 3640 cumdata
2219 3585 2289 3639 ab
2343 3602 2457 3639 una
2505 3589 2667 3656 parte
2715 3585 2887 3639 domo
2930 3586 3124 3640 Sancti
3159 3586 3444 3657 Sepulcri,
3478 3587 3550 3641 ab

1899 3673 2014 3728 alia
2045 3675 2216 3728 domo
2254 3673 2583 3744 lIospitalis,
2621 3690 2733 3744 que
2764 3674 2873 3728 fuit
2904 3673 3124 3740 Garsic,
3159 3676 3231 3728 ab
3263 3673 3378 3730 alia
3416 3691 3548 3730 vero

1898 3767 2061 3834 parte
2092 3767 2179 3818 est
2201 3762 2564 3818 circumdata
2593 3764 2786 3830 domo,
2821 3780 2932 3834 quc
2965 3763 3075 3817 fuit
3106 3764 3342 3819 Roberti
3383 3763 3550 3820 Gala-

1897 3851 2017 3907 tine
2051 3867 2062 3907 :
2099 3850 2198 3906 tali
2228 3851 2555 3906 conditione
2587 3857 2653 3906 ut
2683 3869 2809 3907 eam
2841 3852 3094 3907 habeant
3124 3857 3179 3908 et
3211 3854 3551 3924 possideant

1899 3941 2082 3996 donec
2106 3940 2372 4009 vixerint,
2410 3945 2466 3995 et
2491 3941 2736 3996 reddant
2769 3959 2804 3996 ιι
2839 3941 3133 3997 bisancios
3182 3960 3284 4014 pro
3317 3942 3550 3998 redditu

1899 4028 2110 4085 Sancto
2143 4029 2418 4100 Sepulcro
2449 4029 2508 4084 in
2541 4046 2897 4100 unoquoque
2930 4047 3112 4097 anno;
3143 4031 3192 4086 si
3215 4035 3410 4086 autem
3440 4033 3552 4087 An-

1900 4119 2066 4174 dreas
2098 4123 2368 4174 mortuus
2400 4119 2592 4185 fuerit,
2619 4118 2790 4173 liceat
2822 4120 3040 4189 prcfate
3075 4120 3236 4175 uxori
3269 4120 3394 4176 eius
3423 4137 3550 4176 ma-

1900 4223 2034 4263 nere
2064 4206 2123 4261 in
2155 4207 2327 4261 domo
2377 4207 2518 4261 dum
2568 4205 2792 4270 vixerit,
2825 4207 2972 4262 duos
3024 4208 3337 4273 bisancios,
3372 4213 3435 4263 ut
3463 4208 3550 4263 di-

1900 4300 2060 4351 ctum
2093 4297 2198 4362 est,
2236 4293 2484 4365 singulis
2519 4294 2689 4350 annis
2741 4296 3066 4362 rendendo;
3102 4295 3372 4352 similiter
3418 4313 3552 4352 vero

1898 4385 2123 4441 Andree
2155 4385 2340 4439 facere
2373 4383 2563 4449 liceat,
2599 4383 2648 4436 si
2683 4388 2814 4454 post
2843 4401 3080 4439 uxorem
3132 4385 3550 4456 supervixerit;

283 4497 551 4564 Pisellus,
609 4495 924 4552 aurifaber.
975 4493 1294 4549 Baldoinus
1349 4493 1554 4548 Borne.
1585 4492 1789 4548 Petrus
1819 4489 1867 4554 D
1900 4479 2033 4548 Ροεί
2091 4478 2334 4529 mortem
2386 4489 2516 4527 νθτο
2559 4473 2874 4564 Fufius?”
2925 4474 3136 4529 domus
3184 4473 3305 4564 in?
3334 4478 3454 4528 ίοίῖδ
3498 4478 3556 4564 eli

355 4586 704 4643 Salomonis.
758 4585 1046 4640 Robertus
1104 4583 1308 4638 Cocus.
1360 4581 1652 4650 Uldretus,
1687 4598 1788 4636 au-

356 4676 586 4732 rifaber.
621 4673 894 4730 Giraldus
953 4671 1303 4728 Salomonis.
1338 4671 1543 4727 Petrus
1601 4671 1791 4726 Petra-

355 4781 511 4837 gere.

986 4850 1093 4905 1002.

137 4961 209 5000 οε
239 4959 479 5007 QUODAM
501 4957 666 5011 ORTO,
681 4957 840 5004 QUEM
863 4956 1026 4995 DEDIT
1049 4955 1284 4995 MABILIA
1304 4953 1564 4993 ECCLESIE
1597 4955 1797 4994 SANCTI

805 5028 948 5067 SEPU
959 5027 1146 5067 LCHRI.

210 5108 280 5159 In
311 5102 549 5158 nomine
569 5106 769 5157 sancte
787 5106 845 5157 et
869 5098 1170 5155 individue
1191 5097 1495 5154 Trinitatis
1517 5098 1710 5154 Patris
1743 5103 1800 5153 et

143 5192 274 5251 Filii
307 5197 364 5248 et
396 5191 650 5264 Spiritus
681 5190 904 5256 Sancti,
938 5205 1131 5246 amen.

215 5279 536 5339 Sciendum
553 5284 644 5336 ast
663 5283 721 5336 et
741 5279 987 5352 dignum
1011 5275 1290 5334 memorie
1301 5276 1649 5333 tradendum
1665 5277 1802 5349 quia

220 5478 308 5515 ιοοί
340 5481 412 5546 Δ,
444 5477 491 5533 f°
519 5478 608 5547 94,
637 5486 724 5546 r°;
757 5493 1012 5550 manque
1056 5477 1202 5533 dans
1250 5479 1312 5530 B.

151 5552 300 5609 dans
329 5554 393 5606 B.

1433 5474 1520 5509 1002
1550 5476 1620 5544 Α,
1655 5475 1701 5531 fo
1726 5476 1817 5546 94,
1845 5481 1931 5544 νο;
1965 5485 2221 5544 manque
2269 5469 2418 5525 dans
2469 5474 2528 5526 Β.

1901 4564 2101 4636 quieta
2133 4566 2428 4617 remaneat
2459 4560 2716 4616 eeclesie.
2755 4561 3018 4616 Pretcrea
3048 4562 3449 4617 concessimus
3499 4562 3550 4617 ei

1903 4657 1967 4708 ut
2023 4653 2094 4707 de
2143 4651 2395 4706 cisterna
2444 4654 2662 4719 nostra,
2697 4667 2810 4720 que
2859 4654 2946 4704 est
2995 4650 3065 4704 ad
3105 4649 3281 4720 pedes
3311 4649 3550 4722 gradus,

1903 4758 2136 4813 quoque
2157 4741 2248 4795 die
2279 4739 2628 4794 sufﬁtienter
2657 4756 2872 4811 aquam
2905 4737 3169 4810 accipiat.
3189 4739 3376 4794 Huius
3398 4738 3552 4810 pacti

1903 4835 2081 4887 testes
2113 4833 2252 4884 sunt
2283 4847 2297 4882 :

2050 4918 2393 4981 Holdredus,
2428 4916 2618 4972 iudex.
2643 4916 2918 4972 Albertus
2950 4915 3019 4972 de
3048 4915 3328 4971 Virduno.
3355 4915 3553 4972 Ricar-

2121 5009 2252 5062 dus.
2288 5005 2890 5079 Rogerius,magister
2912 5004 3190 5060 clientum
3223 5005 3422 5061 Sancti
3462 5006 3559 5062 Se-

2121 5095 2329 5168 pulcri.
2354 5095 2652 5150 Arnuldus
2687 5095 2984 5151 Fellarius.
3013 5095 3215 5152 Petrus
3243 5093 3556 5162 Porcellus,

2126 5184 2361 5240 Halbert
2443 5185 2512 5240 de
2590 5183 3002 5257 Falconberga.
3069 5184 3395 5241 Bernardus
3463 5182 3562 5239 Ri-

2127 5272 2332 5346 quitie.

2647 5469 2736 5506 ¹⁰⁰³
2768 5473 2838 5535 Α,
2870 5470 2916 5526 f°
2947 5469 3016 5524 94
3049 5469 3150 5540 bis,
3185 5482 3276 5538 r°;
3309 5477 3570 5532 manque
