3980 6084
394 280 551 363 {so-1

907 300 1008 361 AD
1054 297 1564 362 GODEFRIDUM
1609 296 1945 358 APPEND.
1991 292 2069 357 II.
2100 292 2516 359 -—MONUM.
2563 294 2668 358 DE
2712 290 2963 359 BELLO
3009 296 3280 360 SACRO.

3646 288 3815 361 {208

466 437 667 490 Actum
719 449 870 490 anno
927 435 999 490 ab
1058 433 1454 490 incarnatione
1500 430 1733 487 Domini
1764 446 2035 496 MCXXXVI,
2069 431 2122 498 Α
2150 433 2272 486 tore
2302 433 2359 486 et
2388 430 2645 487 Goli‘rido
2689 429 3057 487 thesaurario
3107 433 3164 487 et
3211 429 3496 505 magistro
3528 431 3811 501 Habet-to,

393 523 710 580 indictione
738 541 863 590 xm,
892 540 982 579 xvn
1014 523 1295 578 kalendas
1325 520 1670 577 decembris.

468 612 761 685 Scriptum
811 630 914 685 per
958 628 1202 667 manum
1254 609 1527 667 Iohannis
1578 608 1796 677 Pisani,
1831 608 1931 681 qui
1976 626 2042 665 eo

395 705 657 775 tempore
690 702 761 757 ad
791 700 1179 774 Sepulchrum
1211 698 1516 755 clericulos
1548 699 1809 754 docebat.

1067 807 1243 863 CVIII
1276 808 1386 861 “’0‘.

400 916 471 957 DE
508 913 843 955 VENDITIONE
878 912 1120 952 DUARUM
1176 911 1494 951 STATIONUM
1549 908 1805 949 ECCLISIE
1850 909 2045 949 SANCI‘I

1073 984 1369 1022 SEPULCRI.

474 1060 539 1117 In
587 1058 824 1115 nomine
889 1056 1074 1113 Patris
1124 1059 1180 1112 et
1230 1055 1356 1112 Filii
1405 1060 1462 1112 et
1513 1055 1769 1128 Spiritus
1827 1053 2045 1125 Sancti,

403 1162 595 1206 amen.

472 1239 591 1311 Ego
636 1235 795 1293 Alois
842 1253 977 1291 eum
1026 1235 1145 1291 viro
1195 1249 1324 1289 meo
1369 1233 1611 1290 Girardo
1642 1236 1699 1289 et
1729 1231 1868 1288 filiis
1902 1231 2050 1288 meis

402 1326 669 1401 Rogerio,
701 1325 929 1382 Alboim
979 1328 1035 1380 et
1082 1325 1275 1379 Marco
1325 1328 1381 1379 et
1422 1322 1707 1389 Amelina,
1738 1321 2050 1378 vendimus

402 1414 712 1474 conventui
739 1413 1104 1470 Sanctissimi
1130 1411 1391 1484 Sepulcri
1424 1412 1572 1468 duas
1602 1411 1885 1467 stationes
1913 1426 2048 1466 eum

402 1523 510 1563 suo
561 1503 772 1561 solario
823 1519 925 1576 pro
957 1518 989 1557 c
1019 1507 1076 1558 et
1123 1519 1227 1556 Lxx
1276 1500 1557 1557 bisanciis
1601 1500 1728 1556 iure
1772 1504 2050 1572 perpetuo

402 1593 810 1669 possidendas,
843 1592 1018 1647 certis
1048 1590 1318 1646 terminis
1348 1591 1597 1663 prelian
1630 1606 1643 1645 :
1679 1592 1769 1645 est
1815 1591 1972 1644 enim
2017 1606 2051 1643 a

403 1689 568 1758 parte
599 1681 839 1738 orientis
887 1679 1219 1735 communis
1257 1678 1367 1745 via,
1401 1679 1473 1734 ab
1505 1678 1805 1734 occidente
1833 1677 2046 1732 atrium

402 1771 597 1830 Sancti
627 1769 906 1843 Sepulcri,
941 1787 974 1825 a
1005 1767 1249 1870 meridie
1280 1765 1848 1870 domus‘ltiic‘haelis,
1883 1783 1917 1822 a
1960 1783 2051 1822 se-
2083 1805 2131 1870 Β

316 1846 321 1853 ’
404 1860 755 1935 ptemtrione
786 1858 997 1914 domus
1028 1856 1228 1914 Guisle
1259 1855 1449 1911 Sancti
1481 1855 1731 1911 Ahrahe.

475 1950 717 2005 Factum
749 1952 840 2003 est
870 1945 1162 2018 siquidem
1193 1944 1303 2001 hoc
1334 1961 1485 2001 anno
1530 1945 1603 1999 ab
1654 1942 2056 1999 incarnatione

404 2037 638 2095 Domini
658 2053 823 2103 manv,
838 2035 1155 2091 indictione
1177 2050 1259 2103 III,
1278 2051 1350 2089 xv
1371 2032 1652 2089 kalendas
1683 2031 2052 2104 septembris,

404 2125 721 2184 venerabili
752 2125 929 2180 fratre
951 2122 1254 2179 Fulcherio
1286 2123 1343 2177 in
1376 2121 1691 2177 Ierusalem
1725 2120 2055 2193 presidente

404 2213 720 2272 venerabili
752 2212 1102 2285 patriarcha,
1138 2226 1271 2283 rege
1302 2209 1575 2266 Baldoino
1606 2212 1836 2281 quarto.

476 2303 664 2361 Huius
686 2306 881 2358 autem
913 2300 995 2356 rei
1028 2303 1207 2356 testes
1237 2303 1374 2355 sunt
1406 2315 1419 2354 :

547 2395 755 2448 Petrus
783 2388 1131 2455 Salomonis,
1155 2388 1432 2445 Gibertus
1461 2386 1853 2460 Papais,regie
1874 2387 2053 2443 maie-

618 2479 756 2537 stati
776 2477 1250 2535 iurati.Albertus
1268 2476 1878 2533 Lombardi.Giraldus
1892 2476 2056 2533 Alde—

617 2567 788 2626 narii.
814 2567 1100 2623 Rohertus
1130 2567 1336 2623 Cocus.
1371 2563 1722 2631 Willelmus,
1755 2581 1936 2638 nepos
1964 2565 2055 2621 Ai-

617 2655 843 2726 merici,
875 2655 1087 2729 prioris
1119 2655 1332 2712 Montis
1362 2653 1589 2711 Oliveti.

1100 2761 1218 2819 CIX
1249 2760 1356 2816 "’0'.

398 2870 753 2912 BBCORDATIO
798 2868 1206 2909 CONVENTIONIS
1246 2868 1312 2907 ET
1349 2866 1708 2915 DONATIONIS,
1739 2865 1849 2913 QUE
1888 2867 2054 2906 FACTB

473 2943 741 2983 FUERUNT
778 2942 946 2982 INTER
983 2941 1204 2981 MARIAM
1244 2940 1312 2979 DE
1351 2939 1562 2979 SANCTO
1602 2939 1809 2978 LAZARO
1848 2939 1914 2978 ΕΤ
1951 2939 2052 2978 RO-

475 3015 711 3055 GBBIUH.

474 3108 650 3161 Breve
680 3101 1097 3159 recordationis
1146 3099 1545 3156 conventionis
1594 3102 1652 3155 et
1699 3097 2051 3165 donationis,

2152 518 2449 575 canonicis
2507 519 2701 574 Sancti
2758 518 3041 591 Sepulcri,
3075 524 3133 575 et
3183 535 3378 576 coram
3426 520 3810 589 Ansebetino,

2153 608 2451 681 quondam
2507 608 2847 665 vicecomite
2905 608 3244 675 Ierusalem,
3287 613 3345 665 et
3402 609 3687 667 Rainaldo
3736 613 3813 668 de

2154 697 2437 753 Pontibus
2468 700 2525 753 et
2554 697 2829 753 Goitt‘rido
2860 698 2979 753 Aen
3009 713 3021 753 :
3047 697 3152 753 tali
3179 696 3448 754 videlicet
3475 700 3813 757 conditione

2154 790 2221 842 ut
2250 785 2367 841 iam
2401 785 2594 842 dictus
2627 787 2956 843 Bernardus
2986 790 3258 859 quartam
3306 790 3529 859 partem
3570 789 3811 858 domus,

2154 886 2333 945 qnam
2364 872 2493 945 ipsa
2520 873 2705 928 Maria
2735 888 2868 929 cum
2893 874 3138 947 Rogerio
3160 876 3419 931 secundo
3453 876 3577 933 viro
3606 879 3811 950 acqui-

2157 961 2354 1027 sierat,
2374 966 2507 1034 post
2532 966 2779 1018 mortem
2812 963 2938 1019 eius
2970 962 3150 1019 libere
3179 968 3235 1019 et
3255 963 3381 1020 sine
3407 963 3604 1038 aliqua
3628 968 3814 1039 possi-

2156 1050 2290 1106 deat
2319 1050 2688 1123 calumpnia;
2723 1050 2899 1108 aliam
2929 1067 3062 1108 vero
3094 1056 3365 1124 quartam
3404 1060 3629 1126 partem
3680 1062 3813 1129 post

2157 1143 2406 1195 mortem
2440 1139 2545 1195 ﬁlii
2579 1140 2853 1197 similiter
2881 1140 3007 1197 sine
3038 1140 3411 1198 contentione
3437 1142 3672 1200 habeat.

2230 1229 2402 1284 Facta
2430 1233 2519 1284 est
2548 1233 2744 1285 autem
2771 1229 2876 1285 hec
2907 1224 3401 1295 carta,Willelmo
3440 1231 3677 1289 iubente
3708 1248 3812 1306 ρει

2156 1315 2434 1385 triarcba,
2470 1332 2624 1374 anno
2655 1317 2727 1373 ab
2757 1317 3161 1374 incarnatione
3188 1318 3421 1375 Domini
3451 1336 3690 1390 ucxxxv,
3723 1322 3813 1379 in-

2157 1405 2412 1461 dictione
2440 1423 2537 1472 xn,
2573 1410 2853 1480 regnante
2895 1407 2954 1463 in
3000 1392 3318 1464 Ieru’salem
3373 1408 3644 1479 Fulcone,
3677 1426 3814 1485 rege

2162 1495 2518 1551 Francorum
2550 1494 2742 1551 tertio.

2231 1582 2417 1665 liuius
2447 1587 2643 1639 autem
2676 1585 3083 1641 conventionis
3114 1588 3254 1641 sunt
3283 1590 3462 1643 testes
3494 1604 3508 1642 :

2303 1672 2529 1741 Petrus,
2562 1672 2740 1745 prior.
2766 1674 2971 1730 Petrus
3015 1674 3087 1730 dc
3118 1673 3462 1733 Barcinona.
3485 1676 3821 1736 Willelmus

2371 1762 2767 1818 Normannus.
2822 1763 3192 1819 Godel‘ridus.
3246 1764 3821 1839 ngrinus.Eurar-

2377 1851 2509 1906 dus.
2543 1850 2874 1907 Gervasius.

2234 1939 2315 1994 De
2347 1939 2763 2013 burgensibus.

2306 2028 2572 2085 Oldreus.
2604 2027 2761 2083 Milo.
2796 2028 3165 2086 Bentnlinus.
3199 2026 3533 2088 Bernardus
3559 2032 3822 2090 Lemovi-

2376 2117 2587 2184 censis,
2628 2106 2831 2174 Petrus
2858 2116 3227 2192 Petragorici.
3258 2119 3542 2178 Arnull'us
3570 2122 3645 2177 de
3681 2121 3822 2179 Gor-

2377 2205 2549 2262 ranti.
2579 2206 2911 2263 Bernardus
2941 2207 3339 2266 Bituricensis.

2872 2306 2960 2370 CX
2989 2316 3100 2371 ¹⁰⁰³.

2163 2420 2230 2458 ne
2269 2418 2617 2458 concessum:
2656 2416 2926 2459 Caiuscur
2964 2422 3139 2461 nouus
3180 2418 3347 2463 neu
3383 2416 3709 2464 semesum
3758 2426 3823 2467 s1-

2830 2494 2853 2530 ι
2862 2488 2991 2532 ιοιιι
3028 2494 3151 2533 SUB.

2234 2566 2300 2617 In
2360 2562 2597 2620 nomine
2651 2563 2838 2621 Patris
2897 2568 2955 2621 et
3003 2564 3133 2622 Filii
3180 2570 3239 2622 et
3290 2566 3550 2641 Spiritus
3595 2569 3819 2639 Sancti,

2163 2668 2335 2708 amen
2344 2694 2356 2707 .

2231 2740 2447 2798 Notum
2477 2740 2554 2799 sit
2599 2743 2876 2799 omnibus
2923 2745 3436 2802 commanentibus
3481 2745 3542 2803 in
3586 2746 3821 2805 civitate

2163 2835 2368 2888 sancta
2398 2831 2713 2887 Ierusalem
2758 2833 2913 2905 quod
2963 2850 3069 2907 ego
3119 2834 3445 2892 Amalricus
3474 2835 3657 2907 prior,
3682 2853 3819 2894 cum

2161 2919 2424 2992 plenario
2453 2920 2708 2993 capitulo
2724 2920 2967 2979 ecclesie
2987 2921 3355 2980 Sanctissimi
3378 2924 3664 2997 Sepulcri,
3678 2941 3818 2982 con-

2161 3008 2425 3065 cedimus
2448 3009 2784 3065 Benscellno
2804 3014 2861 3066 et
2877 3011 3041 3067 uxori
3061 3010 3187 3068 eius
3208 3013 3362 3069 Bode
3384 3012 3818 3087 heredibueque

2163 3097 2287 3153 suis
2317 3098 2559 3154 domum
2593 3099 2819 3172 Rogerii
2854 3104 2911 3156 et
2943 3101 3121 3156 Marie
3150 3101 3343 3158 Sancti
3379 3103 3601 3169 Lazari,
3636 3121 3819 3177 quam

406 3208 519 3266 que
568 3193 721 3248 facta
768 3194 858 3247 est
903 3190 1198 3264 quondam
1248 3189 1402 3244 inter
1445 3188 1690 3244 Mariam
1740 3188 1810 3243 de
1842 3189 2055 3244 Sancto
2086 3177 2128 3243 C
2166 3186 2384 3243 habent
2416 3188 2486 3244 de
2516 3193 2725 3244 Sancto
2756 3189 3052 3262 Sepulcro,
3083 3207 3195 3262 que
3225 3190 3341 3247 sita
3369 3197 3496 3263 [est]
3528 3191 3682 3249 inter
3710 3194 3820 3249 do-

406 3282 642 3348 Lazaro,
676 3297 913 3336 uxorem
945 3278 1250 3335 cuiusdam
1304 3276 1554 3349 Rogerii,
1588 3276 1818 3332 clientis
1859 3276 2053 3333 Sancti

402 3370 686 3444 Sepulcri,
709 3373 766 3425 et
810 3367 1191 3435 Bernardum,
1226 3365 1496 3421 clientem
1556 3365 1903 3438 patriarcha,
1938 3366 2054 3421 fra-

399 3463 551 3515 trem
610 3458 779 3521 Petri,
810 3457 1025 3529 prioris
1073 3454 1263 3510 Sancti
1322 3453 1604 3526 Sepulcri.
1639 3454 1786 3508 Nam
1830 3456 2055 3526 profata

402 3547 588 3604 Maria
618 3545 877 3619 predicto
908 3543 1203 3599 Bernardo
1233 3542 1531 3615 quandam
1564 3541 1747 3597 ﬁliam
1792 3559 1959 3598 suam
1992 3544 2049 3597 in

402 3634 845 3691 matrimonium
878 3632 1115 3688 tradidit
1146 3631 1204 3686 in
1239 3632 1533 3704 presentia
1580 3631 1817 3703 capituli
1856 3632 2048 3687 Sancti

399 3723 660 3796 Sepulcri
691 3727 746 3778 et
771 3719 1047 3794 legalium
1078 3720 1541 3792 virorum,quam
1566 3719 1746 3776 ﬁliam
1771 3720 2053 3776 habuerat

400 3813 472 3869 de
503 3812 692 3886 priore
720 3811 863 3877 viro,
890 3810 1124 3865 nomine
1159 3809 1562 3878 Petro,dotans
1592 3825 1718 3865 eam
1751 3809 1884 3865 dote
1916 3825 2052 3865 cen-

397 3905 526 3956 tum
558 3898 968 3968 bisantiorum,
1000 3904 1058 3954 et
1083 3898 1336 3954 vestiens
1359 3914 1509 3965 eam,
1544 3901 1608 3952 ut
1638 3896 1719 3952 ita
1748 3897 1960 3964 dicam,
1990 3898 2048 3953 in

402 3990 575 4046 dorso
602 3992 659 4045 et
688 3988 748 4043 in
780 3986 948 4054 lecto,
983 3987 1247 4059 dansque
1277 3987 1449 4043 etiam
1497 3985 1579 4040 illi
1615 3987 2047 4042 usumfructum

403 4078 711 4135 cuiusdam
743 4075 1111 4149 vinee,quam
1135 4080 1300 4148 pater
1328 4074 1522 4147 puelle
1550 4074 1927 4146 plantaverat.
1963 4072 2052 4132 In-

401 4182 580 4239 super
607 4170 800 4221 autcm
828 4165 1016 4221 eidem
1050 4164 1341 4219 Bernardo
1375 4163 1432 4219 in
1475 4163 1623 4237 ipsis
1671 4164 2048 4237 sponsalibus

401 4270 598 4313 coram
630 4254 880 4310 testibus
910 4258 966 4310 et
1016 4253 1461 4309 ﬁdeiussoribus
1511 4258 1781 4326 quartam
1822 4260 2047 4326 partem

400 4344 707 4401 Cuiusdam
738 4344 969 4412 domus,
1004 4359 1116 4414 que
1146 4342 1260 4398 sita
1289 4346 1377 4398 est
1405 4342 1464 4397 in
1497 4342 1691 4414 platea
1716 4341 1943 4414 Templi
1986 4342 2046 4397 in

395 4431 715 4489 Ierusalem
772 4431 935 4486 iuxta
988 4431 1230 4485 domum
1278 4428 1590 4496 Bentulini,
1629 4433 1765 4501 post
1799 4434 2045 4484 mortem

398 4534 568 4579 suam
597 4520 911 4587 concessit;
944 4520 1119 4574 aliam
1152 4522 1375 4591 partem
1408 4534 1540 4573 vero
1579 4518 1835 4583 cuidam,
1870 4533 2044 4589 quem
2083 4540 2129 4612 Β

394 4609 667 4675 habebat,
702 4608 1011 4665 reservavit
1069 4607 1211 4673 tilio,
1240 4611 1371 4678 post
1428 4605 1596 4661 cuius
1641 4604 1744 4659 filii
1797 4610 2044 4662 mortem

396 4698 572 4755 aliam
606 4703 873 4771 quartam
909 4702 1131 4769 partem
1160 4696 1419 4767 prel'atus
1454 4694 1784 4750 Bernardus
1803 4694 2048 4767 eiusque

394 4787 640 4844 heredes
671 4787 798 4843 sine
830 4785 929 4842 lite
958 4791 1014 4841 et
1042 4783 1411 4841 contentione
1433 4783 1558 4837 iure
1579 4786 1856 4854 perpetuo
1879 4782 2050 4840 habe-

395 4881 484 4932 ret
513 4881 569 4932 et
600 4877 939 4948 possxderet.
973 4876 1157 4939 Quam
1186 4873 1396 4927 domus
1436 4871 1829 4937 donationem,
1863 4888 2044 4928 anno-

395 4980 527 5020 rum
560 4963 943 5019 interlabente
974 4960 1284 5027 curriculo,
1323 4959 1601 5032 predieta,
1636 4960 1941 5033 denegavit
1983 4978 2045 5017 se

396 5053 602 5110 fecisse
625 5052 838 5117 Maria;
863 5052 1015 5105 unde
1046 5051 1194 5104 inter
1215 5049 1401 5120 ipsam
1425 5054 1481 5103 et
1501 5065 1777 5121 generum
1801 5066 1915 5104 non
1940 5050 2045 5105 mi-

397 5142 559 5199 nima
583 5144 710 5196 orta
739 5143 829 5195 est
853 5138 1272 5203 controversia;
1307 5153 1419 5209 que
1450 5142 1649 5208 postea
1678 5137 1928 5192 difﬁnita
1957 5144 2045 5194 est

395 5230 456 5287 in
490 5228 744 5301 capitulo
773 5228 967 5284 Sancti
999 5225 1257 5298 Sepulcri
1289 5242 1486 5282 coram
1516 5226 1754 5282 domino
1794 5226 2041 5299 patriar-

395 5318 507 5375 cha
530 5315 824 5372 Willelmo
857 5321 912 5372 et
943 5317 1108 5371 Petro
1140 5315 1444 5388 subpriore
1489 5318 1545 5371 et
1590 5312 1867 5371 Anselmo
1899 5331 2040 5371 can-

462 5511 555 5549 ¹⁰⁰⁴
580 5514 652 5579 Α,
682 5511 727 5568 ib
752 5510 821 5567 94
853 5512 951 5581 bis,
983 5524 1071 5581 v°;
1104 5527 1359 5583 manque
1388 5510 1535 5567 dans
1566 5515 1625 5565 B.

392 5584 540 5642 dans
572 5584 632 5642 B.

2163 3292 2329 3332 mum
2353 3277 2689 3350 Leodegarii
2722 3277 3131 3335 molendinarii
3164 3283 3219 3335 et
3252 3281 3513 3352 predicte
3542 3282 3724 3348 Gode,
3754 3282 3817 3338 in

2163 3365 2367 3420 dextra
2400 3370 2565 3438 parte
2596 3366 2805 3438 platee,
2829 3383 2946 3439 qua
2977 3367 3097 3423 itUr
3125 3368 3197 3423 ad
3222 3367 3567 3442 Templum;
3588 3387 3659 3427 ea
3686 3386 3822 3427 con-

2163 3453 2384 3510 ditione
2414 3454 2498 3510 eis
2530 3455 2908 3511 concedimus
2939 3456 3235 3528 ut,sopitis
3263 3458 3542 3515 omnibus
3563 3459 3821 3532 querelis

2161 3542 2315 3598 inter
2344 3560 2451 3599 nos
2478 3548 2535 3598 et
2564 3543 2696 3600 illos
2727 3548 2861 3601 ante
2891 3543 3129 3614 habitis,
3162 3544 3431 3603 videlicet
3460 3547 3532 3603 de
3572 3553 3732 3604 terra
3761 3554 3820 3606 ει

2158 3631 2327 3687 vinea
2357 3637 2414 3687 et
2442 3632 2602 3687 omni
2637 3634 2823 3699 feodo,
2859 3634 3015 3706 quod
3045 3635 3233 3689 tenuit
3262 3635 3393 3707 ipsa
3422 3635 3586 3692 Geda
3615 3641 3675 3693 et
3694 3646 3821 3710 pre-

2160 3720 2495 3777 decessores
2526 3721 2617 3777 sui
2648 3723 2800 3795 apud
2834 3727 3115 3779 Sanctum
3150 3724 3569 3798 Lazarum,pro
3595 3726 3818 3799 quibus

2159 3826 2339 3864 unam
2370 3809 2741 3867 medietatem
2773 3812 2985 3867 domus
3016 3810 3194 3868 libere
3216 3818 3274 3868 et
3295 3813 3492 3886 quiete
3512 3815 3821 3886 possideam

2159 3897 2294 3953 dam
2325 3897 2510 3954 eidem
2538 3899 2875 3956 Benscelino
2893 3906 2948 3956 et
2965 3902 3128 3957 uxori
3149 3901 3277 3958 eius
3294 3902 3452 3959 Gode
3472 3902 3820 3961 heredibus-

2158 4002 2271 4059 que
2301 3986 2427 4043 suis
2457 3988 2851 4055 concedimus,
2885 3994 2943 4045 et
2972 3996 3037 4044 ut
3074 3989 3329 4046 habeant
3358 4008 3463 4064 pro
3501 3990 3675 4049 libitu
3706 4011 3816 4050 suo

2157 4080 2216 4130 et
2244 4074 2541 4131 voluntate
2564 4081 2908 4148 potestatem
2939 4078 3228 4134 vendendi
3259 4094 3389 4137 eam
3412 4080 3531 4137 sive
3551 4080 3815 4139 donandi

2157 4163 2633 4236 quibuscumque
2662 4165 2972 4222 voluerlnt.
2994 4183 3096 4238 pro
3128 4168 3442 4224 medietate
3470 4180 3604 4224 vero
3625 4169 3817 4228 altera

2158 4253 2463 4308 annuatim
2486 4252 2742 4325 capitulo
2772 4255 2967 4310 Sancti
2997 4254 3256 4328 Sepulcri
3289 4256 3361 4312 ad
3396 4257 3619 4313 Pascha
3667 4275 3817 4332 qua-

2155 4345 2290 4397 tuor
2310 4341 2603 4398 bizancios
2633 4342 2746 4415 ipsi
2777 4344 2896 4400 sive
2926 4343 3170 4401 heredes
3220 4345 3313 4401 sui
3364 4346 3726 4419 persolvent;
3760 4349 3813 4406 si

2155 4447 2288 4486 vero
2300 4430 2605 4486 annuatim
2626 4430 2687 4486 in
2710 4431 2930 4488 Pascha
2954 4433 3209 4506 predicto
3223 4434 3532 4491 conventui
3552 4442 3815 4508 quatuor

2158 4518 2451 4575 bisancios
2481 4537 2595 4575 non
2641 4520 3039 4593 persolverint,
3072 4523 3397 4595 capitulum
3430 4526 3811 4596 prenomina-

2155 4611 2282 4663 tum
2312 4625 2384 4663 xv
2413 4608 2621 4664 diebus
2654 4616 2785 4681 post
2814 4610 3035 4667 Pascha
3064 4611 3305 4668 habebit
3334 4611 3580 4670 liberam
3611 4620 3810 4686 potes-

2156 4701 2335 4752 tatem
2368 4697 2689 4769 accipiendi
2712 4700 2924 4756 domus
2947 4700 3203 4773 predicte
3230 4702 3625 4758 medietatem.
3648 4702 3809 4760 Hanc

2155 4790 2351 4840 autem
2409 4786 2866 4855 concessionem,
2898 4787 3165 4844 videlicet
3219 4790 3290 4845 de
3332 4790 3644 4846 medietate
3703 4793 3808 4849 do-

2155 4890 2289 4929 mus
2319 4873 2497 4946 illius,
2526 4892 2592 4931 eo
2622 4880 2820 4933 tenore
2850 4876 3187 4934 Benscelino
3217 4883 3274 4934 et
3301 4878 3457 4934 Gode
3488 4881 3655 4936 uxori
3678 4880 3809 4937 eius

2154 4961 2583 5036 heredibusque
2614 4965 2741 5020 suis
2770 4966 3017 5022 facimus
3042 4970 3126 5032 ut,
3150 4967 3197 5023 si
3222 4967 3595 5023 medietatem
3615 4968 3809 5039 illam,

2154 5052 2495 5109 necessitate
2518 5052 2713 5125 aliqua
2759 5052 3163 5126 compellente,
3193 5054 3510 5127 aliquando
3552 5059 3808 5114 vendere

2149 5138 2456 5209 voluerint,
2493 5141 2651 5197 salvo
2681 5142 2873 5199 debito
2926 5156 3126 5210 censu,
3161 5156 3337 5217 quem
3384 5144 3628 5202 ecclesie
3668 5158 3807 5219 pre-

2151 5233 2341 5284 taxate
2369 5229 2621 5303 singulis
2644 5231 2813 5288 annis
2862 5231 3188 5306 persolvere
3234 5226 3550 5305 debebunt,
3583 5235 3811 5308 qm’bus

2148 5317 2440 5374 voluerint
2470 5332 2599 5375 eam
2619 5321 2876 5377 vendant
2895 5326 3001 5378 aut
3017 5322 3523 5397 donent,exceptie
3541 5318 3680 5381 Tam
3689 5316 3808 5400 pta-

1742 5510 2047 5578 “’“A,ﬁ'£

2262 5524 2349 5581 vo;
2381 5524 2637 5586 manque
2666 5513 2818 5572 dans
2846 5520 2911 5570 Β.
3008 5517 3096 5553 ¹⁰⁰⁶
3123 5519 3191 5585 Α,
3224 5518 3268 5574 ί·
3295 5522 3391 5587 95,
3419 5526 3505 5588 νος
3540 5528 3806 5594 marique
