3980 6084
368 233 520 299 ﬂii

883 232 985 296 AD
1032 229 1547 336 GODEFBIPUM
1589 229 1920 294 APPEND.
1965 227 2043 292 II.
2077 260 2155 276 —
2187 226 2498 294 MONUM.
2545 229 2648 293 DE
2688 228 2939 293 BELLO
2981 227 3258 291 SACRO.

3614 223 3806 288 12ίῖ

369 369 556 440 lilium
589 367 820 424 Martini
859 368 1132 436 Caroene,
1167 385 1269 440 pro
1321 367 1614 434 domibus,
1650 383 1797 438 quas
1847 369 2010 437 pater
2037 365 2094 432 Α
2123 363 2206 418 vel
2242 381 2446 420 murus
2477 364 2768 430 ceciderit,
2805 362 2982 418 nichil
3015 363 3148 418 inde
3179 360 3322 416 mihi
3355 359 3440 417 vel
3476 361 3624 416 meis
3657 377 3792 416 res-

369 457 555 530 ipsius
588 458 798 513 Sancto
831 458 1107 528 Sepulcro
1141 456 1394 523 donavit,
1429 473 1531 528 per
1567 472 1778 510 manus
1805 455 2015 525 probo-

365 563 496 601 rum
511 546 816 602 hominum
833 546 1300 602 Ierosolimorum
1322 545 1566 599 inferius
1581 543 2012 598 nominatorum

366 636 437 690 ad
470 635 645 689 finem
690 635 994 690 concordie
1026 633 1382 706 perducitur.
1421 633 1526 688 Pro
1558 633 1666 687 hac
1705 649 1836 687 vero
1869 649 2010 688 con-

365 724 562 779 cordia
607 724 857 778 tenenda
906 741 1009 796 ego
1061 721 1444 795 Niicbolaus],
1495 721 1690 776 Sancti
1749 720 2010 793 Sepulcri

365 813 540 885 prior,
566 812 863 868 communi
897 829 1142 866 assensu
1173 812 1352 866 totius
1377 810 1862 882 capituli,Boneto
1887 827 2010 882 pre-

363 901 481 954 fato
524 904 581 954 et
632 899 758 954 eius
809 898 1123 954 heredibus
1177 899 1474 970 quandam
1523 898 1737 954 voltam
1771 897 2006 953 illarum

361 987 648 1062 dom[u]m
681 1005 748 1042 ex
780 989 1002 1060 integro
1043 989 1294 1059 desuper
1341 991 1397 1042 et
1447 987 1656 1042 subtus
1701 988 1826 1042 iure
1877 1003 2006 1059 per-

359 1081 528 1149 petue
558 1077 899 1132 hereditatis
923 1077 1251 1130 habendam
1283 1075 1771 1144 coneedimus,sic
1792 1093 2006 1148 nempe

358 1171 423 1221 ut
452 1165 729 1238 quicquid
764 1183 831 1222 ex
862 1171 1100 1238 paterno
1134 1165 1256 1220 iure
1287 1183 1389 1220 seu
1423 1170 1684 1220 materno
1717 1166 1835 1220 sive
1860 1181 2004 1236 quo-

358 1255 500 1311 libet
549 1256 720 1311 modo
768 1254 1058 1310 clamabat
1105 1255 1192 1309 vel
1241 1255 1493 1310 clamare
1545 1259 1792 1326 poterat,
1835 1255 2003 1310 nobis

354 1345 591 1422 omnino
624 1344 884 1400 dimittit.
919 1343 1206 1398 Addimus
1237 1344 1412 1399 etiam
1468 1345 1622 1414 quod
1674 1347 1917 1399 Bonetes
1947 1348 2003 1399 et

353 1435 479 1492 eius
508 1435 750 1491 heredes
784 1452 882 1506 per
912 1433 1175 1505 singulos
1206 1449 1392 1488 annos
1423 1433 1589 1488 nobis
1620 1437 1676 1488 et
1708 1449 2002 1488 successo-

353 1525 519 1580 ribus
551 1523 764 1580 nostris
797 1525 943 1578 duos
975 1521 1262 1578 bisantios
1307 1522 1365 1576 in
1416 1522 1613 1576 llamis
1665 1521 1997 1576 Palmarum

353 1613 704 1670 sensualiter
731 1611 1097 1684 persolvent;
1132 1614 1188 1666 et
1235 1610 1282 1665 si
1337 1610 1480 1666 forte
1512 1610 1820 1682 contigerit
1867 1627 1997 1682 pre-

351 1703 571 1758 dietum
606 1703 911 1767 Bonetum,
947 1699 1106 1755 nullo
1151 1699 1357 1754 herede
1410 1700 1741 1772 superstite,
1773 1715 1842 1752 ex
1889 1697 1997 1754 hac
2026 1736 2074 1800 B

333 1789 480 1863 luce
512 1789 829 1856 discedere,
861 1788 1016 1844 volta
1049 1787 1147 1842 illa
1177 1805 1312 1843 cum
1361 1787 1520 1842 omni
1568 1787 1896 1860 integritate
1936 1787 1995 1843 in

351 1883 698 1952 potestatem
730 1883 786 1934 et
817 1877 1145 1932 dominium
1175 1881 1444 1932 nostrum
1472 1876 1704 1932 redibit.

423 1973 630 2024 Actum
661 1972 748 2022 est
774 1967 883 2021 hoc
913 1985 964 2020 vn
995 1966 1129 2021 idus
1163 1965 1486 2032 iunii,anno
1510 1966 1581 2020 ab
1601 1965 1998 2021 incarnatione

355 2057 582 2114 Domini
614 2074 785 2113 MCLx.
825 2056 1006 2111 lluius
1036 2055 1116 2110 rei
1148 2059 1324 2110 testes
1355 2060 1494 2110 sunt
1526 2071 1538 2109 :

491 2146 792 2214 Arnulfus,
829 2145 1120 2217 subprior.
1167 2145 1535 2210 Godefribus,
1570 2141 1993 2199 thesaurarius.

566 2235 882 2291 Eurardus.
917 2237 1124 2289 Petrus
1154 2233 1440 2288 Clemens.
1465 2233 1666 2289 Petrus
1695 2233 1765 2287 de
1799 2230 1999 2305 Sepul-

565 2341 682 2380 cro.
714 2323 988 2380 Achilles.
1022 2323 1374 2389 Bernardus,
1413 2325 1633 2377 cantor.
1669 2321 1994 2378 Rainerius.

566 2415 729 2486 [Iugo
762 2414 831 2468 de
860 2411 1316 2485 Nigella.Petrus
1347 2412 1418 2466 de
1452 2410 1998 2466 Latina.Rainaldus

566 2503 637 2558 de
697 2501 923 2558 Lochis.
988 2501 1192 2557 Petrus
1260 2501 1645 2556 Lombardus.
1710 2500 1998 2556 Robertus

565 2589 990 2648 Antiochensis.

427 2681 506 2738 De
535 2680 701 2738 laicis
735 2697 748 2736 :

484 2769 754 2826 Albertus
769 2768 1096 2825 Lombardu
1107 2785 1152 2823 s.
1163 2767 1429 2823 Albertus
1441 2767 1994 2834 Tortus.Robertus,

565 2861 768 2915 Cocus.
804 2859 1091 2914 Robertus
1122 2857 1192 2913 de
1223 2857 1632 2930 Pinqueniaco.
1665 2855 1997 2912 Willelmus

561 2947 904 3004 Normanni.

1015 3035 1176 3092 CXVI
1217 3035 1326 3090 ¹⁰¹².

2122 454 2483 524 pondebunt.

2781 543 2971 598 CXVII
3004 543 3112 596 1°”.

2122 649 2496 688 PRIVILEGIUM
2554 649 2873 688 CONCORDIE
2938 649 3006 686 DE
3063 646 3294 687 DECIMIS
3352 647 3420 684 DE
3458 646 3784 686 CASALIBUS

2189 722 2420 759 EMANUS
2463 722 2629 760 FACTE
2669 721 2836 759 INTER
2889 721 3197 759 CANONICOS
3256 719 3446 757 SANCTI
3488 718 3779 758 SEPULCRI

2189 793 2254 829 ΕΤ
2293 793 2528 831 IIOSPITA
2538 793 2648 830 LES.

2188 901 2251 956 In
2304 899 2538 956 nomine
2597 900 2783 955 Patris
2842 905 2899 955 et
2949 899 3074 955 Filii
3127 903 3182 954 et
3229 897 3482 970 Spiritus
3539 897 3764 965 Sancti,

2116 1006 2308 1044 amen.

2186 1079 2491 1145 Quoniam,
2527 1079 2879 1150 impediente
2918 1078 3046 1135 labe
3079 1077 3508 1150 peccaminum,
3544 1079 3770 1131 morta-

2112 1167 2256 1223 lium
2289 1173 2521 1241 pectora
2549 1168 2722 1223 citius
2750 1168 2809 1222 in
2861 1168 3214 1223 oblivionem
3263 1165 3626 1232 dilabuntur,
3662 1181 3769 1237 ego

2110 1257 2464 1325 Willelmus,
2500 1258 2697 1312 divina
2727 1257 3109 1329 dispositione
3165 1255 3516 1312 lerosolimis
3566 1259 3770 1310 sextus

2114 1347 2454 1402 Latinorum
2487 1346 2836 1418 patriarcha,
2873 1350 2932 1401 et
2959 1346 3183 1412 Petrus,
3218 1343 3456 1418 gloriosi
3497 1343 3769 1415 Sepulcri

2109 1437 2286 1507 prior,
2336 1441 2612 1507 totusque
2663 1435 2928 1490 eiusdem
2975 1434 3390 1490 canonicorum
3439 1437 3767 1489 conventus

2108 1524 2392 1597 scriptum
2413 1525 2658 1580 retinere
2675 1523 3016 1579 studuimus
3037 1523 3190 1595 quod
3219 1523 3428 1578 fratres
3445 1521 3769 1593 tlospitalis

2106 1613 2346 1669 ecclesia
2377 1613 2572 1669 Sancti
2592 1612 2868 1667 Iohannis
2902 1610 3486 1684 Baptiste,communi
3509 1627 3770 1666 assensu

2107 1704 2259 1773 regis
2297 1702 2562 1758 Fulconis
2591 1707 2646 1757 et
2665 1701 2992 1774 principum
3012 1701 3553 1772 ejus,conventione
3570 1701 3767 1755 deter-

2109 1793 2330 1848 minata
2361 1809 2494 1846 cum
2527 1793 2777 1846 Roberto
2809 1791 2879 1845 de
2909 1790 3100 1846 casale
3132 1789 3329 1846 Sancti
3355 1788 3768 1861 Egidii,ﬁrma-

2107 1886 2310 1937 verunt
2344 1885 2558 1936 terram
2589 1881 2887 1936 deEmaus
2903 1896 3034 1935 cum
3061 1879 3186 1935 suis
3200 1878 3495 1935 casalibus
3509 1877 3767 1933 etomni-

2107 1971 2216 2026 bus
2249 1987 2448 2025 eorum
2473 1969 2858 2040 pertinentiis,
2877 1985 2944 2024 eo
2979 1968 3247 2023 videlicet
3267 1973 3464 2024 tenore
3497 1970 3565 2021 ut
3593 1983 3764 2022 cano-

2107 2059 2253 2114 nicis
2313 2057 2600 2114 Dominici
2661 2057 2922 2130 Sepulcri
2981 2057 3353 2113 medietatem
3411 2056 3639 2112 decime
3689 2056 3762 2112 de

2107 2149 2382 2204 omnibus
2413 2146 2923 2210 annonis,scilicet
2955 2147 3025 2202 de
3055 2147 3248 2202 tritico
3277 2150 3335 2201 et
3355 2145 3581 2212 oleo,de
3605 2145 3762 2200 fabis

2107 2242 2164 2293 et
2193 2237 2497 2304 ciceribus,
2533 2237 2604 2292 de
2636 2235 2891 2291 lentibus
2921 2240 2979 2290 et
3001 2234 3224 2307 pisellis
3254 2235 3602 2305 cunctisque
3623 2233 3760 2289 aliis

2105 2326 2524 2399 leguminibus,
2559 2326 2628 2380 de
2655 2323 2841 2381 vineis
2871 2329 2926 2380 et
2955 2323 3202 2389 olivetis,
3237 2324 3486 2379 ﬁdeliter
3531 2327 3590 2378 et
3629 2323 3760 2378 sine

2106 2415 2237 2472 dolo
2284 2415 2550 2483 reddant,
2585 2418 2643 2469 et
2674 2413 2879 2470 fratres
2910 2412 3225 2485 Hospitalis
3256 2412 3373 2469 alia
3403 2413 3622 2480 omnia,
3642 2429 3761 2484 que

2105 2503 2241 2560 inde
2275 2503 2574 2576 provenire
2607 2507 2899 2574 poterunt,
2929 2520 3032 2575 pro
3064 2502 3346 2575 regimine
3375 2517 3619 2558 suorum
3661 2519 3762 2556 ca-

2105 2593 2470 2666 pellanorum
2521 2596 2578 2647 et
2624 2591 3002 2647 ecclesiarum
3053 2591 3362 2658 retineant,
3415 2591 3474 2645 in
3538 2590 3763 2662 quibus

2106 2682 2344 2739 ecclesie
2374 2681 2715 2747 oblationes,
2751 2680 3006 2753 nuptias,
3041 2680 3499 2752 purificationes,
3527 2679 3762 2735 confes-

2106 2772 2330 2828 sionem
2381 2774 2438 2826 et
2484 2769 2846 2825 visitationes
2894 2770 3286 2836 infirmorum,
3317 2767 3660 2840 baptisteria
3701 2771 3764 2822 et

2105 2861 2394 2916 cimiteria
2422 2859 2804 2926 habeant;sed
2839 2863 2894 2914 et
2924 2859 2994 2913 de
3023 2863 3177 2913 terra
3206 2859 3345 2914 etde
3367 2857 3574 2912 ceteris
3596 2873 3763 2912 casa-

2104 2950 2261 3006 libus
2307 2949 2366 3003 in
2417 2948 2564 3021 ipsis
2613 2947 2908 3004 montanis
2957 2946 3382 3016 adiacentibus,
3429 2945 3651 3001 scilicet
3683 2945 3761 3001 de

2104 3037 2295 3095 casale
2327 3037 2543 3093 lluldre
2573 3041 2628 3092 et
2658 3037 2727 3093 de
2758 3035 2955 3092 Porcel
2997 3040 3056 3092 et
3102 3037 3172 3091 de
3225 3035 3500 3092 Gadfrido
3547 3033 3762 3107 Agulle

349 3141 422 3183 us
447 3141 1090 3184 vsumrtonscuwsmm
1124 3140 1516 3193 DOMUS,QUAM
1545 3140 1995 3181 venmruoascs
2025 3105 2068 3173 Ο
2107 3133 2163 3186 et
2214 3129 2285 3183 de
2331 3126 2687 3182 Anschetino
2729 3132 2786 3182 et
2833 3127 2903 3181 de
2953 3124 3228 3180 Bacheler
3273 3129 3329 3180 et
3385 3125 3456 3180 de
3507 3105 3758 3180 Girardo

856 3212 1156 3253 CANONICIS
1186 3213 1479 3252 SEPULCRI.

419 3305 634 3362 Notum
665 3305 744 3360 sit
772 3303 1066 3371 omnibus,
1091 3307 1209 3358 tam
1242 3303 1610 3375 presentibus
1643 3319 1817 3375 quam
1843 3303 1996 3358 futu-

349 3395 454 3460 ris,
505 3394 660 3465 quod
711 3409 817 3464 ego
877 3393 1110 3464 Morage
1160 3391 1317 3458 Raiz,
1364 3394 1601 3447 coactus
1651 3391 1994 3446 necessitate

350 3481 532 3538 debiti
565 3480 739 3554 regis,
772 3480 1027 3545 vendidi,
1062 3496 1304 3536 assensu
1339 3479 1513 3536 etiam
1547 3479 1734 3551 ipsius
1757 3479 1909 3549 regis
1939 3484 1996 3536 et

351 3586 642 3626 consensu
665 3568 947 3624 heredum
967 3571 1025 3623 et
1045 3573 1354 3639 parentum
1375 3584 1658 3634 meorum,
1677 3569 1994 3640 quamdam

352 3663 576 3730 partem
608 3657 820 3712 domus
851 3656 1064 3722 mee,in
1095 3673 1212 3728 qua
1234 3655 1633 3710 molendinum
1653 3656 1996 3722 habueram,

351 3764 386 3802 a
417 3746 797 3802 fundamento
828 3746 886 3800 in
919 3745 1102 3801 altum
1145 3749 1432 3817 quantum
1479 3746 1735 3800 edificari
1785 3750 1995 3818 potest,

351 3835 647 3892 canonicis
679 3835 873 3890 Sancti
906 3834 1164 3908 Sepulcri
1201 3833 1378 3890 libere
1411 3838 1466 3888 et
1495 3833 1688 3905 quiete
1721 3833 1846 3890 iure
1876 3850 2001 3906 per-

353 3930 527 3998 petuo
557 3923 973 3996 possidendam
1005 3941 1108 3996 pro
1139 3941 1246 3978 cxx
1276 3922 1548 3978 bisantiis
1577 3927 1633 3978 et
1662 3940 1738 3979 χιι
1786 3923 1999 3979 modiis

353 4013 650 4070 frumenti.
719 4014 876 4069 Hanc
941 4018 1134 4068 autem
1197 4012 1554 4082 emptionem
1618 4013 1878 4068 fecerunt
1926 4012 2000 4067 ad

353 4102 818 4176 augmentandae
851 4102 1153 4168 stationes,
1186 4117 1334 4172 quas
1365 4101 1625 4157 fecerunt
1662 4102 1720 4157 in
1770 4119 2001 4158 exeam-

355 4193 479 4247 bitu
512 4195 685 4257 terre,
719 4207 895 4262 quam
927 4191 1261 4246 habuerunt
1290 4190 1360 4245 de
1390 4191 1674 4262 Hospitali
1708 4191 1868 4247 iuxta
1897 4192 2001 4246 do-

355 4297 519 4336 mum
552 4297 764 4335 meam.
799 4278 958 4335 Talis
990 4284 1184 4336 autem
1217 4279 1408 4351 pactio
1462 4280 1572 4334 fuit
1619 4281 1770 4336 inter
1817 4297 1908 4336 me
1947 4286 2003 4336 et

355 4368 687 4437 canonicos,
721 4369 876 4441 quod
907 4385 1244 4441 peromnes
1289 4373 1481 4440 partes
1531 4386 1634 4424 sue
1687 4375 1855 4436 terre,
1890 4387 2002 4442 que

2103 3217 2343 3280 Becher,
2395 3232 2506 3287 que
2549 3214 2660 3287 ipsi
2713 3214 3038 3287 possident,
3086 3213 3175 3268 vel
3225 3213 3296 3267 de
3346 3211 3496 3278 aliis,
3524 3227 3637 3283 que
3689 3209 3760 3266 in

2103 3307 2324 3362 eisdem
2355 3303 2651 3360 montanis
2689 3303 2842 3358 iuste
2872 3301 3194 3374 acquirent,
3228 3299 3498 3357 similiter
3530 3299 3760 3354 medie-

2103 3399 2283 3450 tatem
2315 3393 2540 3449 decime
2571 3393 2793 3448 eisdem
2827 3391 3126 3447 canonicis
3147 3390 3386 3463 paciﬁca
3415 3388 3760 3444 reddant.Si

2106 3488 2300 3540 autem
2333 3481 2569 3553 aliquod
2597 3480 2787 3536 casale
2818 3497 2920 3536 seu
2953 3484 3168 3536 terram
3182 3480 3252 3535 de
3283 3479 3500 3534 eisdem
3516 3479 3764 3549 quibus-

2103 3573 2247 3628 libet
2275 3570 2625 3626 Christianis
2653 3568 2742 3625 vel
2776 3569 3114 3625 Sarracenis
3135 3569 3207 3623 ad
3228 3569 3458 3623 ﬁrmam
3491 3566 3766 3623 dederint

2106 3663 2316 3717 fratres
2349 3659 2665 3730 llospitalis
2695 3675 2798 3730 pro
2829 3676 3062 3714 annona
3093 3657 3178 3713 vel
3213 3657 3483 3712 bisantiis
3530 3655 3620 3710 vel
3652 3673 3765 3728 pro

2107 3750 2305 3822 aliqua
2334 3748 2634 3820 peceunia,
2669 3747 2942 3803 similiter
2971 3747 3178 3820 prefati
3219 3744 3485 3802 canonici
3536 3745 3764 3800 medie-

2107 3846 2284 3897 tatem
2317 3839 2560 3904 decime,
2593 3837 2768 3894 veluti
2807 3838 2924 3892 iam
2979 3837 3258 3902 diximus,
3291 3836 3566 3891 habeant.
3604 3837 3767 3890 Hanc

2108 3929 2548 3986 conventionem
2563 3945 2664 3982 seu
2679 3927 3115 3983 concessionem
3141 3924 3390 3980 facimus
3407 3923 3765 3993 Raimundo,

2109 4019 2390 4092 magistro
2423 4015 2733 4089 prescripti
2753 4015 3153 4087 Hospitalis,et
3169 4013 3614 4070 successoribus
3635 4013 3770 4069 eius

2108 4112 2164 4164 et
2217 4106 2495 4162 fratribus
2548 4105 2765 4160 ibidem
2833 4109 2943 4160 Deo
3011 4103 3419 4170 servientibus,
3465 4101 3770 4174 Stephano

2107 4195 2375 4252 videlicet
2418 4195 2488 4249 de
2518 4192 2846 4261 Antiochia,
2884 4193 3048 4248 Petro
3081 4191 3397 4257 Willelmo,
3432 4177 3770 4247 ltaimundo

2111 4285 2181 4340 de
2229 4283 2470 4348 Palatio,
2521 4282 2814 4354 Stephano
2871 4286 3095 4342 Lauret.
3140 4281 3395 4337 Arnaldo
3445 4280 3766 4346 Guasconi,

2111 4372 2402 4444 Stephano
2434 4372 2701 4436 diacono,
2726 4370 3022 4442 Stephano
3050 4371 3118 4425 de
3149 4368 3400 4441 Capella,
3434 4368 3603 4424 Petro
3638 4368 3768 4424 the-

355 4456 1998 4532 iungiturdomuimee,ipsihaberentliberampotestatem
2032 4478 2078 4542 Ι)
2110 4461 2394 4528 saurario,
2443 4461 2686 4515 Girardo
2739 4460 3038 4532 pincerna,
3096 4460 3388 4515 Bernardo
3444 4457 3766 4525 Guasconi,

356 4547 603 4603 faciendi
617 4546 854 4619 pilarios
869 4564 1008 4602 suos
1021 4565 1086 4603 su
1097 4549 1232 4602 btus
1257 4563 1458 4600 muros
1472 4562 1650 4612 meos,
1678 4551 1734 4601 et
1748 4549 2000 4618 ponendi

357 4637 547 4709 capita
573 4635 862 4692 voltarum
896 4652 1136 4691 suarum
1167 4635 1228 4690 in
1259 4634 1480 4689 eisdem
1514 4634 1729 4702 muris;
1755 4640 1812 4690 et
1841 4635 2000 4692 clau-

357 4725 570 4781 dentur
599 4725 796 4780 omnia
821 4724 1107 4780 foramina
1137 4723 1256 4778 sive
1287 4722 1532 4778 inferius
1565 4723 2000 4794 etinferiusw”,

357 4831 470 4886 que
498 4813 558 4869 in
591 4814 779 4869 muris
802 4813 946 4869 meis
969 4817 1108 4868 sunt
1122 4827 1324 4866 versus
1340 4827 1510 4866 suam
1527 4815 2004 4884 partem,scilicet

359 4901 620 4975 po[r]tas,
654 4903 960 4968 fenestras,
993 4900 1302 4966 conducta,
1324 4903 1380 4955 et
1409 4899 1458 4954 si
1491 4917 1608 4972 qua
1638 4908 1776 4958 sunt
1805 4903 2004 4973 alia;et

359 4993 594 5063 quando
618 4991 864 5062 predicti
896 4989 1158 5046 canonici
1183 4988 1269 5044 vel
1302 4988 1500 5061 aliqua
1517 5007 1763 5062 persona
1792 5010 2003 5064 pereos

357 5079 418 5135 in
449 5098 557 5136 sua
584 5084 740 5136 terra
766 5079 927 5134 iuxta
958 5079 1199 5134 domum
1215 5094 1404 5132 meam
1419 5077 2002 5154 laborarevoluerint,

360 5186 453 5224 me
481 5168 568 5224 vel
603 5185 760 5224 meos
791 5167 1234 5234 ammonebunt,
1268 5171 1324 5222 et
1369 5184 1470 5238 per
1502 5184 1594 5223 me
1619 5173 1676 5225 et
1708 5188 1810 5243 per
1841 5189 2002 5230 meos

360 5274 569 5314 murus
599 5272 766 5312 meus
797 5256 1257 5326 sustentabitur;
1291 5261 1348 5312 et
1378 5256 1427 5314 si
1458 5257 1603 5315 forte
1633 5275 1762 5316 mea
1792 5262 2002 5320 domus

2109 4551 2432 4621 ceterisque
2462 4548 2739 4604 omnibus
2770 4549 3144 4620 presentibus
3173 4552 3229 4602 et
3259 4545 3494 4602 futuris.
3515 4547 3678 4612 Quod
3712 4546 3768 4601 si

2111 4639 2211 4712 qui
2243 4638 2582 4694 eorumdem
2613 4637 2863 4692 fratrum
2895 4637 2966 4692 de
2998 4635 3283 4709 Hospitali
3308 4636 3490 4706 hujus
3513 4651 3770 4690 conven-

2109 4727 2285 4784 tionis
2313 4731 2504 4783 totum
2535 4725 2927 4782 machinando
2958 4725 3047 4781 vel
3087 4729 3313 4798 partem
3364 4723 3770 4780 subtrahendo

2111 4816 2528 4883 fraudaverint,
2562 4814 2653 4870 bis
2694 4813 2782 4870 vel
2833 4819 2923 4870 ter
2969 4814 3333 4882 commoniti,
3368 4811 3768 4869 anathematis

2111 4905 2326 4981 gladio,
2361 4903 2474 4960 nisi
2504 4903 2960 4972 emendaverint,
2992 4903 3153 4960 feriri
3184 4918 3514 4958 censemus.
3597 4916 3605 4923 ·

2183 4995 2286 5050 His
2315 5010 2448 5049 vero
2480 4992 2965 5048 conventionibus
2991 4998 3048 5048 et
3077 4991 3384 5048 concordie
3413 5007 3519 5064 ego
3546 4988 3778 5045 Willel-

2113 5101 2246 5140 mus
2277 5081 2610 5155 patriarcha
2642 5080 2898 5150 interfui,
2933 5085 2991 5138 et
3018 5098 3116 5138 eas
3147 5079 3431 5146 concessi,
3457 5079 3621 5135 salva
3651 5078 3782 5152 dig-

2112 5173 2293 5229 nitate
2317 5170 2428 5226 mei
2456 5169 2909 5242 patriarchatus.

2184 5263 2426 5320 Factum
2466 5257 2578 5314 fuit
2629 5258 2738 5315 hoc
2797 5275 2952 5316 anno
3001 5256 3425 5316 incarnationis
3474 5256 3774 5313 dominice

437 5521 526 5558 ¹⁰¹³
554 5524 620 5579 Α.
656 5523 700 5578 f°
728 5523 819 5593 98,
853 5525 936 5596 fb;
971 5541 1227 5599 manque
1259 5525 1408 5583 dans
1434 5529 1498 5584 B.
1579 5527 1668 5564 ¹⁹¹³
1699 5529 1963 5604 Corrigez
1993 5557 2001 5590 ε

2173 5533 2270 5588 ius.
2347 5527 2437 5564 ¹⁰¹⁴
2463 5526 2528 5598 Α,
2563 5525 2610 5582 f°
2637 5524 2730 5596 98,
2758 5533 2854 5598 v°;
2891 5542 3145 5600 manqae
3173 5526 3322 5586 dans
3342 5528 3408 5581 B.
