4012 6072
263 232 420 307 1217

259 472 393 512 vero
415 456 487 512 ad
513 456 860 513 divisionem
887 455 1142 512 Bethsan
1173 462 1229 511 et
1261 457 1598 530 Tyberiadis
1630 473 1816 527 usque
1839 456 1910 511 ad

261 562 486 613 cavam,
520 562 632 618 que
662 550 752 601 est
782 544 1046 618 proxima
1076 545 1275 614 casali,
1309 547 1462 618 quod
1496 546 1711 601 dicitur
1732 547 1913 600 lluxe-

260 634 377 701 nia,
411 634 763 690 extenditur.
798 635 1045 708 Insuper
1089 634 1266 690 etiam
1315 652 1520 691 omnes
1564 634 1908 708 pischarias,

259 740 372 796 que
403 723 473 781 ad
510 740 601 779 me
637 723 949 797 pertinent,
983 724 1223 796 prefatis
1249 725 1548 780 canonicis
1580 725 1777 779 Sancti
1810 725 1909 779 Se-

256 811 466 885 pulcri,
502 817 678 885 prout
705 812 1039 869 Willelmus
1067 814 1137 869 de
1170 814 1339 869 Buris
1372 814 1456 870 eis
1479 814 1734 881 dederat,
1759 813 1911 870 solu-

258 904 350 956 tas
377 907 435 957 et
465 901 693 973 quietas
726 903 785 957 in
819 919 1169 975 unoquoque
1200 921 1352 959 anno
1380 903 1679 959 habendas
1710 905 1914 959 confir-

259 1005 377 1057 mo,
407 990 629 1046 scilicet
657 1008 692 1046 a
720 992 1166 1065 Septuagesima
1224 1010 1413 1065 usque
1455 991 1515 1047 in
1572 993 1817 1059 Pascha,
1852 993 1912 1047 in

260 1095 631 1151 quacumque
654 1079 978 1135 ebdomada
999 1082 1261 1153 accipere
1281 1081 1596 1148 voluerint;
1615 1082 1693 1137 ita
1717 1087 1913 1137 tamen

263 1167 439 1241 quod,
475 1168 523 1223 si
557 1168 614 1223 in
647 1167 739 1225 his
770 1168 998 1236 diebus,
1034 1170 1092 1225 in
1125 1171 1339 1243 quibus
1391 1170 1651 1243 pischari
1686 1172 1913 1244 incepe-

263 1257 401 1325 rint,
436 1275 594 1314 mare
626 1259 928 1316 turbatum
974 1261 1166 1328 fuerit,
1200 1279 1391 1335 neque
1442 1279 1549 1335 pro
1601 1260 1754 1319 velle
1808 1278 1913 1317 suo

263 1346 521 1420 pischari
549 1347 841 1404 voluerint
863 1350 970 1418 ³0³³,
996 1349 1055 1404 in
1079 1350 1229 1420 aliis,
1258 1350 1474 1424 quibus
1505 1350 1804 1425 elegerint,
1830 1351 1914 1406 eis

262 1435 626 1507 persolvatur
657 1441 713 1493 et
744 1444 1238 1510 recompensetur.
1263 1441 1498 1496 Necnon
1529 1445 1711 1496 totam
1744 1457 1917 1512 anga-

262 1525 411 1581 riam
443 1530 498 1581 et
528 1525 810 1582 auxilium
844 1529 1111 1583 omnium
1145 1528 1502 1600 piscatorum
1528 1548 1792 1585 meorum
1816 1547 1919 1602 per

262 1631 449 1669 unum
499 1614 654 1669 diem
702 1614 847 1687 ipsis
893 1617 1197 1671 annuatim
1248 1619 1522 1674 concedo.
1557 1619 1822 1675 Preterea
1854 1624 1918 1675 ut

258 1719 475 1758 navem
520 1720 697 1760 unam
730 1702 789 1758 in
823 1704 970 1759 mari
1022 1704 1235 1760 Galilee
1278 1706 1513 1762 assidue
1560 1707 1814 1763 habeant
1844 1710 1914 1763 ad

258 1791 610 1864 piscandum
642 1792 728 1850 eis
768 1793 1041 1850 similiter
1085 1795 1356 1851 concedo.
1393 1796 1581 1851 Huius
1625 1796 1705 1851 rei
1737 1801 1914 1852 testes

260 1886 448 1937 sunt:

410 1970 744 2041 llerbertus,
765 1969 1075 2043 episcopus
1094 1971 1457 2045 Tyberiadis.
1482 1973 1772 2041 Giralilus,
1796 1973 1918 2029 the-

479 2060 801 2117 saurarius.
881 2061 1144 2118 Domnus
1231 2061 1429 2118 Fulco.
1518 2062 1914 2119 Garinundus.

478 2147 883 2221 W[illelmus],
936 2149 1347 2206 marescalcus.
1400 2148 1710 2215 Galterius,
1761 2151 1916 2207 vice-

481 2253 697 2294 comes.
724 2238 837 2294 Ivo.
865 2238 1203 2294 Lodevicus.
1239 2237 1561 2294 Balduinus
1593 2242 1662 2295 de
1693 2240 1913 2297 Cunilz.

482 2326 655 2384 Fulco
687 2328 756 2384 de
787 2327 1051 2383 Patrona.
1085 2326 1416 2383 Willelmus
1466 2328 1536 2382 de
1580 2328 1789 2386 Sueka.
1818 2330 1914 2384 Vi-

478 2416 708 2473 vianus.
742 2416 1047 2471 Iohannes.
1100 2416 1429 2474 Rodbertus
1474 2417 1912 2491 Neapolitanus.

478 2510 645 2579 Hugo
678 2504 1013 2561 Grassinus.

337 2594 577 2650 Factum
621 2599 710 2650 est
757 2599 954 2653 autem
986 2592 1097 2650 hoc
1129 2598 1185 2649 et
1215 2593 1410 2668 sigillo
1444 2612 1571 2651 meo
1603 2597 1911 2655 confirma-

261 2686 413 2753 tum,
435 2682 726 2740 Amalrico
759 2682 1093 2755 patriarcha
1123 2684 1404 2740 existente
1435 2688 1493 2740 et
1522 2684 1815 2742 Amalrico
1833 2704 1916 2743 re-

259 2788 331 2844 ge
364 2777 664 2845 regnante,
699 2789 850 2827 anno
883 2772 955 2828 ab
988 2771 1392 2829 incarnatione
1436 2774 1670 2830 Domini
1704 2793 1912 2832 MCLXV.

924 2876 1111 2934 CXXV
1144 2880 1253 2936 1°".

550 2984 901 3025 CARRUCATIS
966 2985 1150 3023 TERRE
1217 2985 1326 3025 HAG
1394 2986 1571 3025 PARTE
1638 2986 1911 3026 FLUMINIS

969 3056 1205 3096 CAYPHE.

262 2984 334 3024 DE
388 2984 489 3023 SEX

336 3126 400 3183 In
432 3128 668 3185 nomine
726 3127 912 3184 Patris
972 3131 1029 3184 et
1088 3128 1217 3184 Filii
1276 3133 1333 3185 et
1380 3129 1636 3201 Spiritus
1694 3110 1989 3199 Sancti,C

265 3234 462 3276 amen.

338 3307 551 3364 Notum
573 3307 649 3364 sit
669 3307 965 3377 omnibus,
992 3311 1113 3364 tam
1140 3308 1514 3381 presentibus
1545 3326 1722 3382 quam
1755 3310 1917 3366 futu-

266 3395 371 3463 ris,
396 3396 550 3468 quod
582 3412 687 3470 ego
719 3396 1001 3471 Rogerius
1034 3397 1103 3453 de
1132 3396 1289 3453 Caifa
1311 3401 1367 3454 et
1399 3397 1704 3468 Iohannes,
1740 3399 1917 3457 frater

266 3501 458 3554 meus,
488 3485 760 3541 dedimus
789 3485 1086 3542 canonicis
1119 3486 1488 3547 Sanctissimi
1521 3485 1784 3560 Sepulcri
1816 3504 1917 3543 sex

265 3577 599 3630 carrueatas
656 3578 807 3629 terre
860 3574 943 3629 ita
999 3575 1416 3632 determinatas
1452 3592 1463 3629 :
1500 3579 1617 3632 tres
1647 3576 1915 3633 videlicet

265 3664 417 3719 citra
446 3662 665 3720 ﬂumen
693 3664 763 3719 de
797 3663 971 3735 Cayt‘a
998 3680 1177 3737 prope
1209 3663 1505 3732 fontanas,
1529 3669 1586 3729 et
1614 3669 1733 3722 tres
1765 3664 1916 3721 ultra

264 3753 443 3808 tinem
473 3750 615 3807 sitas
649 3769 822 3824 supra
870 3751 1050 3825 ripas,
1095 3757 1384 3824 quantum
1416 3769 1515 3808 sex
1544 3752 1707 3825 paria
1737 3754 1913 3809 boum

261 3840 528 3896 laborare
560 3846 616 3895 et
645 3839 904 3897 excolere
951 3841 1206 3914 poterint
1251 3858 1354 3913 per
1399 3858 1603 3898 omnes
1637 3842 1912 3912 sationes,

262 3928 485 3985 scilicet
514 3934 632 3985 tres
663 3931 733 3985 ad
765 3929 1203 4001 seminandum,
1227 3934 1284 3985 et
1307 3929 1594 4000 aliasﬁtres
1617 3931 1689 3985 ad
1713 3948 1917 4004 garan—

262 4017 533 4073 tandum.
565 4018 868 4073 Adicimus
918 4018 989 4073 ad
1039 4017 1148 4073 hoc
1195 4023 1252 4075 et
1296 4019 1672 4075 concedimus
1715 4024 1778 4074 ut
1808 4019 1915 4076 has

264 4106 561 4179 predietas
581 4110 733 4162 terre
763 4111 1098 4162 carrucatas
1128 4106 1385 4163 habeant
1411 4107 1652 4176 solutas,
1686 4108 1916 4180 quietas

264 4198 322 4251 et
352 4194 605 4265 francas,
640 4198 698 4251 et
746 4194 817 4249 ab
866 4193 1026 4262 omni
1073 4194 1369 4251 exactione
1400 4199 1458 4251 et
1487 4213 1662 4267 pravo
1693 4196 1915 4252 usatieo

265 4282 505 4350 liberas,
540 4286 596 4338 et
626 4283 965 4355 possideant
994 4282 1118 4339 iure
1140 4282 1487 4339 hereditario
1508 4300 1608 4339 evo
1634 4284 1915 4356 perbenni

267 4376 326 4428 et
356 4388 461 4445 per
491 4376 701 4427 cuncta
729 4370 945 4440 secula,
982 4372 1374 4428 amen.lluius
1397 4372 1479 4428 rei
1502 4377 1640 4427 sunt
1670 4372 1912 4448 [testes]:

1264 236 1761 298 CARTULAIRE
1805 235 1908 294 DU
1956 232 2186 297 SAINT
2230 233 2657 299 SEPULCRE.

261 367 469 436 tendit,
496 370 554 425 et
575 365 659 424 sic
680 367 753 424 ad
780 366 998 427 ﬂumen
1022 367 1284 425 Iordanis
1297 369 1606 442 elongatur
1629 388 1641 438 ;
1666 368 1912 423 latitudo
1941 365 1998 435 Α

3507 235 3669 305 1248

2098 383 2284 422 RABILI
2318 382 2759 425 ARCHIEPISCOPO
2782 384 2957 425 PETRO
2974 384 3144 423 FACTA
3162 384 3448 425 CANONICIS
3470 386 3664 431 SANCTI

2094 455 2387 496 SEPULCRI.

2093 545 2153 599 ln
2186 546 2424 603 nomine
2456 551 2653 604 sancte
2686 551 2741 602 et
2770 545 3067 602 individuo
3111 544 3436 616 Trinitatis,
3471 565 3662 606 amen.

2088 634 2301 690 Notum
2334 635 2410 691 sit
2441 636 2736 703 omnibus,
2762 640 2877 691 tam
2906 635 3273 708 presentibus
3306 652 3480 708 quam
3516 637 3668 697 futu-

2021 723 2120 790 ris,
2156 726 2309 797 quod
2344 742 2447 797 ego
2482 726 2706 791 Petrus,
2738 725 2935 780 divina
2966 725 3179 796 pietate
3209 729 3261 780 et
3295 742 3408 781 non
3442 724 3666 781 meritis

2021 814 2297 885 Tyrensis
2329 814 2568 870 ecclesie
2608 814 3082 886 archiepiscopus
3113 819 3169 869 et
3192 814 3455 870 eiusdem
3488 814 3667 870 eccle-

2021 902 2104 956 sie
2136 903 2457 974 capitulum
2491 903 2606 958 Deo
2638 908 2694 957 et
2723 902 2963 957 ecclesie
2995 903 3192 958 Sancti
3227 902 3489 975 Sepuleri
3521 902 3670 963 eius-

2022 1008 2132 1062 que
2163 991 2477 1047 venerabili
2511 991 2704 1064 priori,
2731 991 2968 1048 domino
2991 991 3289 1059 Nicholao,
3309 995 3367 1048 et
3397 992 3667 1048 universo

2021 1078 2208 1151 ipsius
2240 1080 2549 1135 conventui
2602 1079 2903 1135 ecclesiam
2960 1081 3125 1136 Beate
3157 1079 3355 1150 Marie,
3388 1097 3501 1153 que
3533 1080 3667 1153 Tyri

2024 1169 2212 1240 prima
2246 1169 2353 1224 fuit
2382 1170 2570 1235 sedes,
2604 1168 2763 1224 salva
2799 1174 2993 1225 nostre
3025 1170 3286 1227 metricis
3316 1169 3557 1227 ecclesie
3587 1169 3671 1226 di-

2023 1257 2263 1331 gnitate,
2296 1258 2693 1315 concedimus.
2728 1260 2934 1314 Totam
2968 1275 3199 1330 quoque
3233 1258 3540 1317 cuiusdam
3568 1274 3661 1316 ca-

2025 1346 2165 1403 salis
2199 1347 2506 1414 decimam,
2540 1348 2693 1421 quod
2741 1351 2982 1403 vocatur
3013 1347 3238 1416 Derina,
3269 1349 3338 1404 de
3370 1347 3664 1416 omnibus,

2025 1452 2137 1507 que
2169 1437 2341 1491 modo
2375 1437 2676 1509 possident
2705 1435 2790 1491 vel
2822 1452 2924 1507 per
2955 1453 3016 1492 se
3047 1435 3131 1491 vel
3166 1452 3267 1508 per
3295 1454 3434 1492 suos
3481 1435 3666 1492 homi-

2026 1542 2151 1591 nes,
2186 1525 2364 1580 libcre
2408 1525 2619 1581 habere
2662 1525 3097 1597 permittimus;
3128 1530 3185 1580 et
3216 1525 3263 1581 si
3296 1525 3440 1581 forte
3477 1526 3545 1581 de
3575 1542 3669 1581 ce-

2026 1619 2148 1669 tcro
2181 1613 2424 1686 aliquid,
2460 1614 2614 1686 quod
2647 1614 2717 1670 de
2762 1614 2982 1686 pret‘ato
3030 1612 3209 1670 casali
3265 1614 3471 1671 dicunt
3517 1630 3666 1684 esse,

2026 1702 2422 1775 acquisierint,
2444 1703 2501 1757 in
2520 1703 2722 1759 eadem
2749 1706 2983 1758 maneat
2998 1698 3401 1759 concessione.
3432 1702 3668 1767 Necnon

2025 1796 2082 1847 et
2111 1797 2365 1863 quatuor
2409 1808 2783 1847 carrucarum
2826 1796 2977 1847 terre
3022 1790 3328 1859 decimam,
3365 1808 3511 1863 quas
3546 1790 3672 1847 Bal-

2024 1880 2265 1948 duinus,
2298 1882 2593 1937 secundus
2644 1881 2979 1936 Latinorum
3032 1898 3147 1946 rex,
3182 1881 3422 1938 ecclesie
3470 1880 3668 1938 Sancti

2025 1969 2287 2043 Sepulcri
2312 1970 2470 2025 iuxta
2502 1970 2790 2041 prefatum
2825 1968 3014 2026 casale
3046 1970 3303 2037 donavit,
3329 1970 3665 2027 annuimus.

2022 2063 2169 2114 Item
2200 2063 2255 2114 et
2286 2058 2459 2114 aliam
2492 2058 2780 2114 decimam
2813 2059 2883 2114 de
2918 2059 3170 2130 quodam
3201 2058 3667 2132 viridario,quod

2022 2152 2112 2204 est
2143 2147 2410 2202 clausum
2444 2166 2545 2220 per
2560 2165 2620 2203 se
2639 2165 2771 2203 eum
2798 2146 3080 2219 berquilio
3102 2148 3254 2204 inter
3275 2164 3509 2203 murum
3532 2147 3668 2220 Tyri

2024 2241 2079 2292 et
2110 2236 2236 2293 eius
2266 2236 2650 2304 antemurale,
2683 2237 2886 2292 eodem
2920 2236 3091 2292 modo
3113 2237 3198 2292 eis
3229 2237 3289 2292 in
3321 2241 3668 2310 perpetuum

2023 2325 2236 2381 habere
2267 2327 2663 2382 concedimus.
2702 2324 2887 2381 Huius
2918 2325 3000 2381 rei
3031 2329 3208 2381 testes
3237 2328 3376 2385 sunt
3406 2342 3420 2380 :

2166 2416 2450 2471 Dominus
2483 2416 2845 2482 Mainardus,
2878 2414 2975 2470 Dei
3008 2415 3196 2488 gratia
3235 2414 3546 2472 Beritensis
3577 2431 3668 2471 ec-

2238 2503 2411 2561 clesie
2439 2503 2787 2560 venerabilis
2819 2504 3147 2576 episc0pus.
3180 2502 3463 2559 Dominus
3492 2501 3669 2559 Guel-

2237 2593 2439 2660 terius,
2472 2592 2745 2667 Tyrensis
2787 2592 3027 2648 ecclesie
3069 2592 3344 2649 decanus.
3386 2592 3670 2649 Dominus

2234 2682 2589 2750 Willelmus,
2621 2681 2883 2737 eiusdem
2923 2678 3162 2736 ecclesie
3200 2680 3668 2737 archidiaconus.

2237 2770 2522 2826 Dominus
2574 2769 2762 2838 Aimo,
2823 2768 3085 2825 eiusdem
3147 2769 3389 2826 ecclesie
3445 2774 3665 2826 cantor.

2234 2858 2519 2914 Dominus
2544 2857 2885 2926 Rainaldus,
2900 2857 3162 2914 eiusdem
3184 2858 3425 2914 ecclesie
3437 2859 3671 2915 thesau-

2236 2948 2446 3004 rarius.
2480 2948 2765 3004 Dominus
2797 2946 3085 3014 Matheus,
3119 2947 3455 3003 canonicus.
3480 2947 3671 3003 Domi-

2235 3053 2349 3092 nus
2408 3037 2551 3103 Odo,
2604 3035 2939 3092 canonicus.
3001 3036 3286 3092 Dominus
3344 3036 3666 3109 Philippus,

2236 3125 2572 3181 canonicus.
2612 3125 2893 3180 Dominus
2938 3124 3286 3195 Willelmus,
3328 3126 3665 3184 canonicus.

2239 3214 2524 3270 Dominus
2554 3214 2858 3280 Girardus,
2892 3213 3230 3270 canonicus.

2101 3309 2239 3361 Data
2268 3304 2326 3359 in
2359 3305 2529 3376 Tyro,
2567 3320 2669 3377 per
2708 3320 2950 3359 manum
2995 3301 3239 3371 Alberti,
3272 3302 3546 3378 Tyrensis
3576 3319 3668 3361 ec-

2026 3392 2200 3451 clesie
2258 3391 2608 3461 cancellarii,
2641 3409 2794 3448 anno
2852 3392 2923 3447 ab
2982 3390 3381 3451 incarnatione
3435 3393 3668 3451 Domini

2025 3498 2267 3540 MCLXIII.

2655 3569 2895 3626 CXXVII
2926 3571 3034 3627 1°”.

2162 3734 2169 3741 _
2347 3708 2351 3712 .
2426 3677 2796 3716 PRIVILEGIUM
2837 3678 2908 3716 DE
2946 3678 3118 3717 sum
3158 3663 3266 3718 ¹⁰²⁷.

2096 3754 2161 3805 In
2212 3750 2446 3805 nomine
2494 3748 2681 3805 Patris
2742 3754 2800 3805 et
2844 3748 2971 3804 Filii
3022 3753 3079 3805 et
3136 3749 3390 3823 Spiritus
3446 3753 3665 3821 Sancti,

2025 3856 2216 3896 amen.

2094 3929 2309 3985 Notum
2340 3927 2418 3983 sit
2448 3928 2742 3995 omnibus,
2766 3932 2887 3983 tam
2909 3928 3279 3999 presentibus
3301 3948 3479 4002 quam
3510 3932 3666 3989 futu-

2025 4016 2126 4084 ris,
2156 4017 2312 4089 quod
2344 4032 2448 4088 ego
2479 4015 2758 4077 Vivianus
2791 4016 3065 4073 dominus
3095 4018 3166 4073 de
3197 4018 3391 4091 Cayt‘a,
3425 4023 3479 4075 et
3513 4019 3668 4077 ﬁlius

2026 4122 2192 4161 meus
2217 4106 2503 4177 Paganus,
2529 4122 2632 4177 pro
2655 4104 2843 4160 salute
2870 4110 3073 4162 nostra
3093 4110 3150 4161 et
3170 4108 3434 4163 omnium
3458 4126 3669 4181 paren-

2024 4199 2151 4250 tum
2184 4198 2539 4260 nostrorum,
2566 4193 2858 4249 donamus
2887 4192 3140 4267 glorioso
3173 4196 3300 4252 Iesu
3331 4197 3541 4253 Christi
3567 4199 3668 4255 Se-

2026 4281 2230 4355 pulcro
2261 4285 2318 4336 et
2347 4280 2643 4336 canonicis
2681 4280 2945 4337 eiusdem
2975 4281 3082 4338 loci
3114 4288 3172 4338 et
3200 4287 3576 4344 concedimus
3606 4288 3666 4345 in

2026 4375 2369 4444 perpetuum
2393 4370 2452 4425 in
2476 4368 2610 4426 villa
2641 4370 2891 4439 deserta,
2917 4370 3068 4426 inter
3094 4373 3323 4446 Cayfam
3357 4380 3413 4429 et
3442 4376 3666 4432 Palma-

418 4460 755 4528 Hernesius,
787 4460 1144 4517 Cesariensis
1201 4461 1693 4534 archiepiscopus.
1728 4466 1915 4519 Bone-
1950 4483 1997 4546 D
2029 4476 2186 4516 ream
2212 4459 2434 4527 sita,ab
2456 4458 2696 4531 antiqua
2726 4462 2892 4531 porta
2920 4458 3053 4515 ville
3084 4478 3153 4516 ex
3181 4467 3344 4533 parte
3371 4464 3666 4523 Palmaree

484 4548 695 4618 facins,
725 4552 963 4604 Cesaree
1011 4548 1326 4605 eanonicus
1365 4553 1422 4605 et
1451 4550 1677 4623 Cayphe
1724 4551 1913 4623 capel-

482 4634 1065 4705 1anus.Willelmus,
1112 4636 1266 4709 regis
1322 4636 1733 4693 marescalcus.
1772 4638 1912 4695 Wil-

480 4723 696 4781 lelmus
718 4725 789 4780 de
808 4723 1206 4797 Montegisart.
1235 4724 1541 4793 Iohannes,
1568 4726 1744 4783 frater
1764 4726 1909 4783 eius.

480 4813 764 4870 Henricus
824 4814 894 4869 de
952 4812 1290 4869 Gilebeleth.
1353 4814 1533 4887 Kogh,
1585 4814 1742 4871 ﬁlius
1791 4817 1911 4873 Ma-

480 4919 673 4959 nasse.
706 4901 1067 4972 Hunbertus,
1102 4900 1270 4958 miles
1322 4902 1558 4974 Pagani.
1609 4903 1911 4974 Vivianus,

474 4989 817 5048 vieecomes.
849 4990 1140 5057 Clemens,
1174 4989 1399 5063 dapit'er
1444 4992 1667 5049 domini
1718 4994 1908 5067 Cayl‘e.

903 5094 1118 5153 CXXVI
1158 5097 1268 5151 ³0³⁵.

258 5185 333 5224 DE
368 5185 521 5225 DONO
577 5184 647 5227 ΒΤ
698 5185 1005 5224 LIBERTATE
1052 5185 1319 5225 TYRENSIS
1371 5184 1633 5224 ECCLESIE
1666 5188 1703 5224 Α
1741 5186 1910 5225 VENE-

329 5311 422 5385 ξω
450 5310 714 5385 Corrigez
741 5313 1039 5385 potuerint.

329 5328 422 5346 ιιι-υ
450 5328 714 5438 υοιτιΞθῑ
741 5328 1039 5385 paruerint.
1118 5328 1208 5346 ινιτ
1238 5328 1298 5377 Α,
1329 5328 1361 5366 ι·

257 5383 349 5419 ί⁰²⁸
380 5384 441 5449 Α,
474 5383 521 5437 t‘
551 5385 618 5437 10
660 5428 671 5453 ,
706 5396 801 5452 v0;
838 5399 1092 5453 manque
1120 5382 1268 5438 dans
1298 5387 1361 5437 B.

257 5399 349 5419 ινιτ»
380 5399 441 5449 Α,
474 5399 521 5437 ι·
551 5399 671 5453 ιυδ,
706 5399 801 5452 vo;
838 5400 973 5439 man

255 5453 310 5510 le
341 5454 565 5526 cOpiste
594 5472 628 5513 a
657 5456 806 5514 emis
838 5455 908 5514 de
938 5399 1015 5512 d2

259 5542 339 5585 ou
365 5527 566 5586 casale.

1118 5310 1208 5384 ψει
1238 5310 1298 5377 Α,
1329 5311 1372 5366 r
1405 5311 1528 5384 102,
1558 5322 1657 5378 v0;
1694 5326 1947 5384 marique
2004 5312 2274 5384 ἀπενθ-

1440 5381 1822 5457 ¹⁰²⁷Αθ⁰¹⁹¹¹ῖ8εἲῑ
1851 5381 2045 5457 Cas/fas

1013 5454 1211 5529 signer
1238 5453 1435 5528 l’objet
1465 5455 1656 5511 meme
1686 5452 1758 5512 de
1778 5455 1836 5513 la
1854 5452 2152 5514 donation.
2171 5452 2220 5510 Il
2239 5453 2363 5511 faut
2378 5452 2528 5511 done
2556 5454 2828 5530 suppléer
2855 5473 2934 5514 un
2966 5461 3111 5527 mot,
3129 5460 3416 5534 peut-etre
3436 5452 3657 5532 terram,

2026 4549 2188 4604 iuxta
2217 4548 2572 4620 superiorem
2595 4548 2747 4604 viam
2771 4564 2956 4620 usque
2975 4549 3047 4604 ad
3070 4547 3343 4621 lapidem,
3367 4550 3521 4607 ultra
3549 4569 3667 4609 me-

2025 4638 2298 4693 dietatem
2328 4636 2459 4692 ville
2490 4654 2591 4707 pro
2621 4636 2871 4692 termino
2915 4638 3117 4704 ﬁxum,
3159 4641 3215 4691 et
3245 4638 3318 4691 ab
3347 4638 3550 4693 eodem
3581 4638 3665 4696 la-

2023 4726 2158 4798 pide
2187 4742 2375 4797 usque
2405 4726 2477 4780 ad
2502 4724 2753 4797 lapidem
2785 4743 2963 4797 supra
2994 4725 3387 4781 carublerium
3417 4729 3666 4785 crucesi-

2021 4818 2287 4888 gnatum,
2322 4812 2461 4869 item
2493 4814 2565 4869 ab
2615 4815 2818 4869 eodem
2869 4812 3063 4886 lapide
3115 4815 3514 4889 crucesignato
3562 4836 3666 4893 per

2022 4903 2227 4960 collem
2260 4920 2446 4974 usque
2477 4904 2548 4959 ad
2582 4904 2829 4958 fundum
2857 4920 3013 4970 cave,
3047 4903 3262 4960 relictis
3291 4905 3549 4979 antiquis
3580 4925 3664 4971 se-

2021 4992 2240 5064 pulcris
2271 4992 2425 5047 infra
2455 5008 2656 5047 eorum
2692 4991 2976 5048 terminos
3007 4994 3114 5048 1°”.
3158 4993 3457 5052 Donamus
3485 4997 3661 5063 etiam

2021 5081 2353 5136 universam
2386 5084 2602 5137 terram
2628 5084 2685 5136 et
2713 5081 2840 5137 eius
2860 5080 3158 5153 planitiem
3179 5082 3465 5157 integram
3488 5104 3522 5141 a
3542 5104 3665 5160 pre-

2021 5168 2175 5224 dicta
2202 5165 2339 5223 villa
2368 5184 2539 5224 secus
2567 5168 2719 5225 viam
2751 5168 3049 5241 publicam
3075 5187 3263 5243 usque
3293 5172 3367 5227 ad
3399 5173 3546 5232 duos
3576 5190 3665 5231 ca-

2380 5310 2590 5387 10!5_A,
2652 5312 2696 5365 to
2749 5313 2870 5379 103,
2913 5326 3020 5387 r0;
3081 5330 3339 5387 marique
3390 5316 3539 5372 dans
3595 5322 3657 5375 Β.

2125 5382 2215 5461 “fit
2239 5385 2409 5461 βείω.
2454 5381 2665 5454 phrase
2707 5388 2795 5461 est
2842 5381 3609 5461 évidemmenfincomplete
3643 5406 3656 5447 :
