3980 6084
366 280 518 338 1219

879 276 981 336 AD
1027 275 1535 341 GODEFRIDUM
1580 276 1914 336 APPEND.
1958 273 2138 336 II.-
2167 273 2478 336 MONUM.
2527 274 2626 334 DE
2673 273 2920 335 BELLO
2965 272 3239 335 SAGRO.

3611 272 3789 332 1220

363 407 671 464 ruhlerios.
705 407 786 462 Ex
813 405 949 462 hinc
982 406 1229 478 planicie
1279 407 1494 463 relicta.
1528 424 1639 462 non
1687 405 1874 462 multa
1904 422 2006 478 per
2033 406 2088 473 Α
2117 403 2300 471 vinee,
2334 404 2506 460 certis
2551 404 2722 459 metis
2779 405 3146 477 designatam
3177 407 3234 458 et
3264 401 3530 471 divisam,
3565 401 3682 459 sibi
3718 407 3792 458 et

363 497 658 570 duplicem
690 500 746 550 ct
778 495 1087 567 antiquum
1119 494 1340 550 invium
1373 501 1428 551 et
1458 512 1560 568 per
1591 494 1819 566 spinam
1841 498 1898 550 et
1919 510 2010 548 ca-

364 585 650 642 rublcrios
667 585 963 640 densiores
979 601 1164 656 usque
1187 585 1256 639 ad
1282 601 1554 657 magnam
1578 582 2008 649 caveam,cuius

363 693 513 748 aque
547 675 736 729 fluunt
765 674 824 728 in
857 673 1338 736 Palmarcam,eis
1368 674 1742 729 concedimus
1768 692 1780 741 ;
1805 673 1876 728 ab
1899 672 2008 727 hac

361 764 587 836 prefata
634 779 804 817 cavea
853 777 1041 832 usque
1093 761 1164 816 ad
1199 760 1440 816 alteram
1490 778 1744 828 caveam,
1779 777 1888 833 que
1922 765 2010 816 est

362 851 588 906 descrte
615 848 746 903 villc
768 852 1045 903 eteorum
1068 848 1421 904 ediﬁcationi
1453 850 1804 921 propinqua,
1821 865 2007 920 usque

363 939 434 993 ad
467 937 768 1010 superiora
799 935 1103 992 cacumina
1130 937 1418 992 montium
1452 942 1606 993 recta
1631 937 1783 992 linea
1805 954 2006 993 eorum

361 1027 592 1083 termini
619 1030 820 1080 nostra
839 1026 1150 1081 donatione
1173 1026 1392 1098 absque
1415 1025 1534 1081 ulla
1546 1027 2006 1082 contradictione

360 1115 810 1171 concluduntur.
844 1115 1128 1169 Addimus
1160 1115 1333 1170 etiam
1368 1115 1626 1187 predicto
1649 1116 1799 1170 dono
1820 1133 2006 1170 unum

357 1205 593 1260 hortum
619 1205 772 1260 intra
794 1202 1175 1270 Palmaream,
1201 1203 1260 1258 in
1281 1220 1396 1275 quo
1420 1205 1532 1260 duo
1555 1205 1806 1260 cisterne
1831 1204 2008 1260 conti-

356 1301 586 1352 nentur.
625 1294 738 1349 Hec
793 1293 989 1348 omnia
1047 1293 1336 1348 donamus
1392 1294 1603 1349 Sancto
1645 1293 1922 1366 Sepulcro
1953 1299 2008 1349 et

357 1384 481 1441 eius
513 1381 810 1439 canonicis
843 1381 1033 1437 soluta
1061 1387 1116 1437 et
1146 1381 1361 1454 quieta,
1397 1383 1597 1437 franca
1629 1389 1684 1438 et
1714 1382 1915 1450 libera,
1951 1387 2008 1439 et

357 1475 429 1530 ab
460 1473 618 1529 omni
651 1472 946 1528 exactione
977 1475 1032 1525 et
1063 1489 1237 1542 pravo
1270 1472 1494 1527 usatico
1526 1472 1836 1541 immunia,
1861 1477 1918 1528 et
1942 1478 2006 1528 ut

355 1562 467 1636 ipsi
499 1560 760 1617 canonici
796 1560 1052 1615 habeant
1081 1577 1146 1615 ea
1178 1577 1313 1615 cum
1343 1561 1596 1616 exitibus
1629 1567 1685 1616 ct
1725 1561 2004 1633 regressi-

355 1653 469 1708 bus
492 1652 700 1718 suis,et
718 1649 1053 1722 possideant
1069 1649 1192 1704 iure
1213 1648 1564 1705 hereditario
1585 1667 1686 1705 evo
1701 1651 2002 1722 perhenni.

351 1744 436 1798 Ad
469 1741 574 1798 hec
605 1741 781 1796 etiam
814 1739 1105 1794 adicimus
1133 1743 1187 1793 et
1218 1739 1594 1794 concedimus
1626 1740 1804 1811 quod,
1833 1739 1880 1795 si
1912 1756 2003 1795 res

355 1830 603 1887 mobiles
634 1845 823 1884 emere
843 1828 932 1884 vel
951 1828 1196 1884 vendere
1228 1833 1328 1883 aut
1357 1827 1656 1884 extrahere
1688 1846 1790 1884 seu
1825 1829 2002 1884 intro-

353 1922 584 1978 mittere
624 1918 840 1975 .domui
901 1918 1282 1983 necessarias,
1318 1934 1688 1989 quecumque
1732 1918 1852 1974 sint
1883 1917 1998 1984 ille,

350 2010 659 2075 voluerint,
695 2015 814 2064 tam
843 2007 900 2061 in
932 2006 1070 2061 villa
1119 2023 1294 2078 quam
1347 2010 1506 2061 extra
1536 2005 1754 2074 villam,
1786 2011 1907 2061 tam
1938 2007 1997 2062 in

353 2101 499 2157 mari
533 2116 709 2171 quam
733 2098 791 2151 in
815 2101 986 2163 terra,
1015 2096 1192 2150 libere
1213 2101 1269 2150 et
1291 2095 1416 2151 sine
1451 2095 1567 2150 ulla
1597 2096 1832 2151 dationc
1861 2113 1997 2151 con-

353 2188 756 2247 suetudinaria
784 2190 884 2240 aut
913 2185 1132 2255 premio
1164 2182 1434 2256 fatia[n,‘t.
1475 2189 1681 2238 Domos
1713 2189 1909 2239 autem
1941 2189 1998 2240 et

351 2285 537 2336 terras
567 2278 685 2332 sive
715 2273 1010 2346 quaslibet
1040 2273 1393 2328 hereditates
1433 2273 1558 2328 sine
1590 2278 1786 2328 nostra
1820 2273 1994 2329 licen-

353 2370 434 2425 tia
458 2383 669 2430 emere,
700 2363 788 2419 vel
829 2363 1075 2417 donatas
1105 2360 1219 2415 nisi
1252 2378 1354 2433 per
1383 2378 1603 2416 annum
1636 2367 1694 2418 et
1723 2362 1877 2417 diem
1909 2380 1997 2418 re-

352 2459 556 2524 tinere,
589 2472 703 2510 non
736 2451 1131 2508 concedimus.
1166 2449 1351 2505 Huius
1383 2451 1462 2506 rei
1494 2455 1669 2506 testes
1701 2456 1839 2506 sunt
1872 2467 1884 2506 :

495 2543 838 2607 Amalricus,
874 2538 1221 2612 patriarcha.
1257 2539 1590 2605 Hernesius,
1641 2539 1996 2595 Cesariensis

564 2630 1058 2702 archiepiscopus.
1103 2627 1467 2696 Bonefacius,
1529 2627 1700 2701 Cayfe
1754 2629 2016 2700 capellaa.

567 2739 699 2782 nus.
735 2717 1018 2791 Rogerius
1049 2717 1118 2772 de
1147 2716 1342 2788 Cayfa,
1376 2721 1433 2772 et
1480 2717 1788 2784 Iohannes,
1824 2718 1999 2773 frater

566 2801 712 2868 eius.
736 2805 1086 2871 Willelmus,
1113 2805 1264 2878 regis
1285 2805 1997 2862 marescalcus.Giraudus

566 2903 637 2958 de
667 2897 901 2955 Conins.
937 2895 1218 2952 Henricus
1241 2895 1310 2950 de
1330 2894 1624 2950 Gilebclet.
1656 2895 1994 2963 Balduinus,

569 2985 1040 3060 consanguineus
1075 2983 1326 3057 Rogerii.
1360 2984 1626 3039 Clemens
1656 2984 1862 3053 Rufus,
1895 2985 1996 3040 da-

568 3079 715 3152 pifer
745 3075 966 3131 domini
995 3073 1183 3145 Cayfe.
1217 3071 1516 3139 Vivianus,
1547 3073 1888 3129 vicccomes.

2117 493 2432 549 heredibus
2454 492 2578 549 suis
2601 493 2929 548 habendam
2949 498 3005 548 et
3021 491 3458 564 possidendam,
3473 491 3634 547 salva
3649 490 3788 547 sola

2118 583 2380 650 decima;
2411 599 2524 654 que
2550 581 2726 637 etiam
2757 582 2926 637 vinea
2966 581 3164 637 iuncta
3195 584 3284 637 est
3312 582 3474 637 vince
3505 580 3785 636 eiusdem

2117 671 2398 739 Guiberti,
2436 672 2507 726 de
2539 688 2654 742 qua
2699 671 2798 726 dat
2841 669 3129 726 decimam
3162 676 3217 726 et
3247 668 3610 726 terraticum.
3659 669 3784 724 Hoc

2118 765 2314 816 autem
2367 760 2500 816 fecit
2546 759 2906 832 prescriptus
2949 759 3263 815 Guibertus
3308 758 3552 814 consilio
3591 762 3654 814 et
3683 775 3784 814 as—

2118 866 2295 904 sensu
2328 849 2582 917 Usanne,
2617 848 2814 905 uxoris
2845 865 2969 914 sue,
2994 865 3106 921 que
3137 848 3304 904 heres
3331 851 3454 904 erat
3474 851 3778 921 pretaxate

2117 939 2299 995 vince.

2189 1027 2376 1084 Simili
2428 1028 2599 1084 modo
2649 1027 2823 1084 aliam
2877 1027 3392 1083 commutationem
3443 1026 3582 1082 fecit
3637 1043 3772 1081 cum

2117 1118 2390 1174 Gauterio
2440 1117 2816 1188 Carpentario
2875 1118 2947 1172 de
3005 1117 3261 1189 quadam
3315 1116 3501 1182 vinea,
3538 1131 3658 1186 quc
3690 1121 3775 1170 est

2115 1206 2422 1262 coniuncte
2448 1205 2850 1278 prenominate
2865 1205 3047 1273 vince,
3069 1222 3181 1278 que
3200 1204 3309 1260 fuit
3336 1203 3630 1261 Guitberti
3665 1204 3771 1259 Pa-

2117 1295 2417 1368 pasii;pro
2448 1312 2564 1368 qua
2591 1294 2759 1350 vinea
2788 1294 2947 1350 dedit
2977 1293 3029 1350 ei
3055 1295 3114 1349 in
3146 1293 3326 1350 altera
3357 1298 3519 1366 parte
3555 1309 3772 1366 magne

2112 1384 2299 1452 vince,
2315 1387 2546 1455 juxtam
2573 1385 2660 1420 ¹⁰³⁰
2691 1401 2964 1456 magnam
2996 1383 3171 1450 viam,
3205 1383 3500 1455 quandam
3536 1386 3772 1454 partem

2113 1473 2299 1538 vince,
2322 1473 2494 1529 metis
2527 1472 2912 1546 dcsignatam,
2936 1473 3113 1529 libere
3135 1477 3191 1528 et
3217 1472 3410 1544 quiete
3432 1470 3544 1527 sibi
3579 1476 3640 1526 et
3669 1471 3772 1526 he-

2114 1561 2350 1618 redibus
2384 1562 2508 1618 suis
2539 1561 2868 1618 habendam
2901 1565 2958 1617 et
2989 1560 3422 1634 possidendam,
3447 1559 3613 1616 salva
3647 1557 3778 1616 sola

2115 1651 2363 1706 decima.

2187 1741 2400 1796 Eodem
2416 1740 2587 1796 modo
2609 1740 2768 1795 dedit
2787 1742 2843 1794 in
2864 1740 3066 1795 eadem
3090 1755 3303 1812 magna
3323 1739 3491 1795 vinea
3510 1738 3777 1794 Ainardo

2115 1829 2405 1886 Cavallom
2437 1831 2733 1902 quandam
2757 1834 2980 1901 partem
3003 1828 3186 1898 vince,
3213 1829 3475 1884 iunctam
3498 1828 3655 1901 parti
3687 1829 3774 1883 vi-

2112 1935 2218 1974 nec
2252 1919 2510 1975 Gauterii
2542 1918 2924 1990 Carpentarii,
2957 1918 3128 1974 metis
3181 1917 3453 1974 similiter
3479 1917 3774 1973 termina-

2110 2013 2250 2076 tam,
2285 2014 2341 2063 ct
2378 2007 2536 2064 salva
2593 2007 2838 2074 decima,
2873 2024 2975 2079 pro
3031 2008 3201 2062 vinea
3257 2005 3545 2072 videlicet,
3580 2023 3764 2078 quam

2107 2097 2294 2153 isdem
2327 2096 2620 2151 Ainardus
2653 2096 2905 2151 habebat
2935 2095 3094 2150 iuxta
3123 2095 3371 2164 vineam,
3407 2111 3520 2167 que
3569 2095 3764 2151 fuerat

2108 2186 2367 2242 Gauterii
2397 2184 2777 2258 Carpentarii.
2803 2185 2961 2239 Hanc
2995 2184 3173 2240 etiam
3203 2186 3432 2240 vineam
3464 2185 3762 2257 prescrip-

2107 2281 2201 2331 tus
2223 2273 2528 2340 Ainardus,
2560 2273 2741 2328 nimia
2761 2278 3101 2346 paupertate
3132 2272 3494 2346 compulsus,
3517 2289 3627 2329 nec
3659 2273 3761 2328 ha-

2106 2364 2250 2419 bens
2297 2363 2454 2418 unde
2503 2380 2739 2418 uxorem
2797 2366 3055 2418 suamet
3082 2362 3295 2418 liberos
3334 2367 3669 2418 sustentare
3701 2366 3758 2416 et

2105 2454 2353 2509 educare
2401 2456 2616 2523 posset,
2650 2453 2721 2506 ad
2772 2453 3113 2506 eorumdem
3173 2451 3664 2507 sustentationem
3699 2456 3758 2504 et

2106 2543 2554 2608 nutrimentum,
2579 2557 2645 2596 ac
2665 2557 2864 2596 eorum
2889 2558 3157 2612 assensu,
3180 2545 3236 2595 et
3265 2556 3552 2595 consensu
3574 2539 3756 2594 etiam

2106 2631 2329 2687 domini
2378 2630 2651 2701 iustoque
2707 2629 2914 2684 iuditio
2945 2633 3002 2685 et
3031 2629 3246 2684 intuitu
3289 2627 3467 2695 curie,
3501 2627 3759 2684 Martino

2104 2718 2474 2793 Carpentario
2524 2719 2737 2775 Montis
2785 2719 2992 2774 Gaudii
3025 2735 3127 2790 pro
3156 2736 3283 2774 xxw
3316 2717 3587 2774 bisantiis
3617 2733 3759 2773 ven-

2108 2810 2274 2866 didit.

2179 2899 2368 2954 Aliam
2391 2913 2622 2970 quoque
2655 2897 2786 2952 fecit
2815 2895 3334 2952 commutationem
3356 2912 3492 2951 cum
3515 2895 3762 2951 filiabus

2108 2988 2294 3044 Pontii
2322 2987 2536 3043 Faverii
2560 2991 2616 3041 et
2635 2985 2987 3059 coniugibus
3009 3003 3210 3042 earum
3235 2986 3306 3041 de
3322 2985 3574 3058 quadarn
3599 2990 3764 3040 terra

2107 3079 2264 3133 culta
2313 3077 2626 3131 habentem
2680 3076 2881 3148 iugera
2925 3093 3054 3142 xxx,
3089 3091 3202 3148 que
3250 3079 3338 3130 est
3367 3075 3426 3129 in
3461 3073 3760 3130 territorio

424 3178 592 3227 Anno
623 3169 694 3224 ab
728 3163 1126 3222 incarnatiOIlc
1185 3161 1416 3218 Domini
1473 3179 1656 3217 MCLXV
1715 3163 1867 3218 facta
1911 3167 1999 3218 est
2027 3148 2069 3216 (ἶ
2111 3166 2439 3233 Kalandrie,
2473 3165 2543 3220 de
2575 3182 2692 3236 qua
2720 3164 3008 3220 decimam
3041 3169 3098 3220 et
3129 3163 3465 3219 terraticum
3498 3163 3757 3231 dabant;

353 3266 532 3320 carta.

424 3353 541 3425 Ego
570 3346 871 3410 Vivianus,
905 3341 1180 3397 dominus
1213 3340 1509 3413 predictus
1540 3340 1610 3395 de
1640 3340 1829 3412 Cayfa,
1863 3357 1996 3396 cum

355 3457 530 3499 uxore
557 3453 692 3492 mea
723 3431 976 3488 Bcatrice
1008 3434 1064 3486 et
1093 3429 1213 3484 {ilio
1243 3445 1370 3484 meo
1406 3429 1636 3500 Pagano
1667 3445 1799 3483 cum
1824 3445 1999 3484 uxore

355 3547 463 3587 sua
496 3525 782 3582 Hodierna
827 3521 978 3575 hanc
1010 3523 1230 3574 cartam
1267 3516 1388 3571 fieri
1423 3517 1706 3572 iussimus
1737 3523 1790 3572 ct
1822 3517 1998 3591 sigilli

353 3614 539 3674 nostri
572 3609 953 3684 impressione
985 3605 1480 3662 confirmavimus.

1030 3712 1319 3768 CXXVIII.

355 3826 722 3871 PRIVILEGIUM
761 3823 830 3862 DE
869 3819 1278 3858 OBLATIONIBUS
1309 3819 1374 3856 ET
1406 3817 1714 3858 LIBERTATE
1743 3820 2002 3859 ECCLESIE

426 3900 621 3942 SANC’I‘I
661 3894 933 3935 SEPULCRI
971 3891 1222 3930 EIUSDEM
1259 3891 1520 3929 ECCLESIE
1547 3891 1840 3930 CANONICIS
1873 3893 2002 3932 PER-

422 3967 782 4013 TINENTIBUS.

631 4039 783 4109 (Vide
815 4039 875 4093 in
907 4036 1190 4092 Caelestino
1220 4035 1298 4090 III
1324 4033 1394 4090 ad
1423 4052 1514 4090 an.
1551 4036 1734 4105 1198.)

1005 4142 1218 4197 CXXIX
1251 4143 1358 4197 ¹⁰²⁰.

355 4253 723 4299 PBIVILEGIUM
755 4252 824 4290 DE
855 4246 1397 4310 COMMUTATIONIBUIS
1427 4247 1716 4288 VINEARUM
1739 4247 1858 4286 CUM
1882 4247 2002 4293 QUI-

547 4325 772 4365 BUSDAM
805 4321 1200 4360 BURGENSIBUS
1231 4319 1566 4359 MAHUMERIE
1597 4319 1806 4358 FACTIS.

425 4419 639 4475 Notum
673 4413 747 4470 sit
777 4411 1073 4477 omnibus,
1115 4414 1232 4464 tam
1263 4409 1477 4463 futuris
1510 4424 1685 4478 quam
1718 4407 1999 4480 presenti-

2108 3273 2212 3329 pro
2243 3272 2309 3311 ea
2339 3253 2518 3326 igitur
2548 3257 2700 3308 terra
2731 3252 2891 3308 dedit
2932 3251 3015 3308 eis
3062 3253 3210 3308 duas
3259 3252 3444 3324 pctias
3499 3251 3665 3307 vince
3696 3251 3762 3306 in

2106 3344 2253 3401 valle
2275 3344 2484 3400 Sancte
2507 3341 2704 3409 Marie,
2729 3359 2911 3397 unam
2934 3341 3248 3397 habentem
3272 3341 3473 3413 iugera
3493 3358 3546 3396 IV
3577 3345 3634 3396 et
3665 3339 3762 3395 al-

2106 3438 2291 3490 teram
2319 3432 2518 3506 iugera
2548 3449 2587 3487 ιι
2620 3448 2732 3503 que
2766 3430 3002 3503 quidem
3027 3431 3263 3486 fuerunt
3285 3430 3479 3486 fratris
3502 3428 3651 3485 Petri
3685 3429 3762 3485 de

2109 3521 2390 3587 Rametis,
2425 3523 2494 3577 de
2527 3521 2742 3593 quibus
2773 3519 2884 3592 ipsi
2912 3523 2968 3575 et
2997 3519 3238 3575 heredes
3288 3535 3489 3574 eorum
3521 3519 3761 3574 tertiam

2107 3617 2331 3684 partem
2356 3615 2411 3665 et
2434 3609 2722 3665 decimam
2756 3608 2998 3664 dabunt.
3023 3607 3191 3662 Dedit
3221 3611 3415 3662 autem
3438 3611 3496 3662 et
3515 3606 3762 3678 Stepha-

2108 3717 2182 3756 no
2216 3699 2519 3755 Pastinace
2566 3698 2819 3764 vineam,
2853 3713 2965 3769 que
2999 3696 3109 3751 fuit
3140 3696 3334 3751 fratris
3361 3695 3622 3762 Arnaldi,
3653 3696 3760 3751 tali

2109 3789 2348 3861 quidem
2382 3791 2550 3860 pacto
2585 3791 2649 3842 ut
2678 3785 2959 3841 incultam
2998 3789 3214 3840 terram
3246 3784 3564 3856 prescripte
3593 3784 3762 3842 vince

2108 3878 2496 3952 pertinentem
2533 3874 2838 3948 plantaret,
2865 3875 3012 3930 etde
3033 3878 3279 3946 utraque
3304 3871 3555 3947 singulis
3584 3874 3762 3930 annis

2108 3967 2479 4024 medietatem
2512 3969 2568 4020 et
2589 3964 2877 4020 decimam
2910 3963 3194 4020 redderet.

2182 4057 2322 4112 Item
2377 4054 2553 4110 aliam
2615 4053 2748 4109 fecit
2778 4052 3295 4125 commutationem
3327 4069 3461 4107 cum
3492 4049 3672 4124 Helya
3704 4057 3764 4108 et

2109 4145 2335 4211 Amico,
2367 4160 2578 4216 genero
2609 4159 2734 4211 suo,
2769 4143 2840 4198 de
2872 4143 3125 4214 quadam
3173 4145 3336 4213 parte
3387 4141 3497 4196 orti
3529 4157 3761 4210 eorum,

2111 4251 2222 4307 que
2253 4239 2339 4289 est
2389 4235 2550 4288 iuxta
2598 4230 2949 4303 berquiliu'n
2975 4248 2988 4298 ;
3023 4246 3136 4301 que
3169 4246 3304 4302 pars
3333 4230 3407 4285 ab
3435 4229 3548 4286 alia
3571 4234 3760 4302 parte,

2110 4340 2287 4394 quam
2310 4321 2422 4394 ipsi
2446 4321 2553 4377 sibi
2577 4321 2963 4385 retinuerunt,
2979 4319 3150 4374 metis
3171 4317 3357 4374 divisa
3375 4321 3491 4385 est;
3517 4335 3620 4390 pro
3642 4335 3766 4390 qua

2112 4413 2268 4468 dedit
2281 4412 2364 4468 eis
2385 4411 2680 4483 quandam
2703 4413 2925 4482 partem
2941 4412 3092 4463 terre
3123 4406 3280 4463 illius
3309 4406 3551 4471 inculte,
3577 4424 3762 4479 quam

355 4511 486 4576 bus,
522 4504 674 4579 quod
707 4499 1022 4567 Arnaldus,
1045 4497 1332 4555 Dominici
1358 4495 1664 4568 Sepulchri
1691 4497 1867 4569 prior,
1883 4515 2014 4556 con-
2042 4518 2088 4584 Ι)
2121 4518 2296 4573 super
2324 4499 2634 4556 concordia
2666 4497 2899 4554 Roberti
2925 4498 2994 4552 de
3018 4497 3214 4553 Retest
3234 4495 3357 4568 ipse
3387 4499 3443 4584 et
3472 4494 3569 4550 alii
3593 4512 3767 4552 cano~

356 4593 487 4656 lilio
518 4601 575 4650 et
605 4608 849 4650 assensu
899 4586 1160 4660 capituli,
1196 4585 1330 4641 fecit
1377 4585 1532 4656 apud
1581 4584 2004 4642 Mahumeriam

357 4686 665 4760 quasdam,
699 4697 810 4753 que
843 4677 1314 4743 subscribuntur,
1350 4675 1839 4731 commutationes
1871 4693 2005 4732 cum

358 4773 713 4848 quibusdam
745 4769 862 4824 iam
893 4765 1047 4821 dicte
1076 4763 1208 4818 vilic
1241 4763 1654 4836 burgensibus.

429 4862 755 4931 Quamdam
778 4855 993 4912 etenim
1021 4853 1151 4908 fecit
1172 4852 1692 4908 commutationem
1724 4869 1858 4908 curn
1875 4854 2008 4909 Gui-

357 4955 519 5011 berto
544 4945 785 5022 Papasio
807 4946 876 5000 de
901 4943 1152 5016 quadam
1175 4940 1443 4996 videlicet
1465 4941 1650 5010 vinea,
1677 4959 1852 5014 quam
1877 4960 2005 5014 pre-

358 5044 514 5101 fatus
545 5039 857 5096 Guibertus
891 5032 1069 5087 libere
1108 5029 1365 5085 habebat
1395 5035 1451 5086 et
1483 5031 1818 5102 possidebat
1848 5032 2008 5086 iuxta

358 5129 666 5189 ecclesiam
691 5121 901 5179 Montis
923 5119 1443 5188 Gaudii,cimiterio
1464 5119 1730 5176 videlicet
1743 5120 2005 5177 eiusdem

360 5219 602 5278 ccclesie
629 5214 1001 5271 coniunctam
1027 5229 1039 5278 ;
1075 5227 1176 5282 pro
1208 5210 1316 5264 hac
1365 5209 1547 5282 igitur
1574 5209 1742 5265 vinea
1772 5210 1930 5265 dedit
1955 5211 2006 5266 ei

360 5325 465 5382 pro
497 5301 949 5363 commutatione
978 5299 1038 5354 in
1070 5303 1328 5354 extrema
1359 5304 1520 5371 parte
1560 5315 1772 5371 magne
1816 5299 2002 5367 vince,

360 5413 475 5472 que
512 5398 603 5450 est
631 5392 792 5448 iuxta
821 5391 972 5446 viam
1030 5389 1415 5461 superiorem,
1449 5388 1747 5460 quandam
1778 5392 2004 5460 partem

2119 4589 2234 4646 nici
2267 4590 2460 4661 adepti
2489 4589 2743 4654 fuerant;
2769 4603 2879 4659 que
2911 4585 3085 4642 etiam
3118 4591 3273 4642 terra
3292 4583 3464 4640 afinis
3494 4589 3581 4640 est
3610 4589 3765 4641 terra

2115 4680 2304 4752 ipsius
2329 4677 2522 4750 Helye.

2190 4769 2452 4839 Itemque
2481 4765 2656 4822 aliam
2678 4767 2817 4821 fecit
2846 4765 3366 4820 commutationem
3395 4781 3532 4820 cum
3561 4764 3767 4836 Hospi-

2116 4855 2239 4922 tali,
2273 4857 2428 4928 quod
2461 4860 2549 4911 est
2578 4853 2961 4920 Mahumarie,
2987 4855 3056 4909 de
3088 4854 3342 4926 quadam
3369 4859 3530 4924 parte
3561 4852 3764 4909 cuius-

2117 4947 2253 5001 dam
2283 4945 2414 5011 orti,
2443 4962 2554 5017 que
2586 4949 2742 5000 tenet
2770 4962 2803 4999 a
2828 4942 3117 5016 berquilio
3161 4941 3425 5015 Sepulcri
3469 4959 3659 5015 usque
3687 4943 3764 4999 ad

2115 5033 2468 5105 berquilium
2500 5033 2762 5088 eiusdem
2798 5031 3114 5104 Hospitalis
3147 5047 3160 5086 :
3196 5048 3298 5102 pro
3328 5046 3446 5102 qua
3477 5036 3640 5103 parte
3671 5031 3768 5087 de-

2115 5123 2200 5178 dit
2223 5123 2340 5178 iam
2394 5123 2548 5178 dicto
2599 5121 2880 5194 Hospitali
2913 5121 3029 5176 duo
3061 5121 3264 5193 iugera
3290 5119 3475 5186 vince,
3509 5137 3621 5192 quc
3653 5120 3767 5176 fuit

2114 5211 2311 5267 fratris
2339 5210 2618 5284 Stephani
2651 5209 2886 5279 Ortalis,
2919 5209 3079 5265 salva
3109 5207 3235 5265 sola
3265 5208 3509 5264 decima.

2186 5301 2330 5355 Item
2365 5305 2571 5356 notum
2603 5298 2726 5355 fieri
2757 5297 3028 5354 volumus
3076 5296 3366 5353 universis
3396 5297 3553 5369 quod
3586 5297 3769 5353 frater

2117 5389 2403 5447 Robertus
2458 5387 2765 5446 Porcarius
2823 5388 3066 5456 donum,
3100 5387 3257 5461 quod
3297 5385 3438 5444 olim
3469 5385 3540 5444 de
3570 5387 3767 5463 seipse

431 5576 523 5657 φιν
550 5577 621 5655 Δ,
655 5575 701 5635 θα
731 5574 854 5648 107,
885 5585 980 5648 v0;
1014 5586 1269 5650 manque
1298 5570 1448 5630 dans
1478 5573 1542 5628 B.
1621 5570 1711 5608 ¹⁰³⁰
1739 5567 2003 5648 Corrigez
2031 5571 2213 5633 iuxta.
