4012 6072
373 199 528 261 1227

375 335 594 390 terram
618 329 689 387 ad
704 328 1090 403 plantandum
1105 328 1306 386 vineas
1332 329 1654 395 etarbores,
1670 327 1822 384 sicut
1838 331 2025 384 osten-
2057 328 2104 395 Α

378 437 515 480 sum
549 423 639 477 est
666 418 786 475 illis
816 436 920 492 per
949 435 1192 475 manum
1225 417 1618 474 dominiPetri
1642 419 1712 473 de
1732 416 2024 490 Sepulcro,

379 510 600 567 Damus
631 507 806 566 etiam
840 508 1093 565 Guidoni
1123 524 1301 563 unam
1332 510 1695 563 carrucatam
1720 511 1893 574 terre,
1918 507 2031 562 Hu-

383 597 519 674 goni
535 597 734 665 aliam,
754 597 991 654 Giraldo
1010 597 1185 653 etiam
1198 598 1349 653 duas
1371 597 1440 652 ad
1454 597 1601 652 bene
1618 596 2027 664 laborandum,

383 687 467 744 ita
482 687 637 760 quod
652 687 723 743 de
739 686 933 743 fructu
946 690 1211 759 segetum
1230 690 1285 741 et
1297 685 1686 759 leguminum,
1704 701 1879 757 quem
1897 683 2032 740 inde

384 775 705 844 habebunt,
722 779 999 848 quartum
1029 776 1385 831 etdecimam
1405 774 1655 847 singulis
1674 774 1842 830 annis
1866 774 2034 829 nobis

385 864 628 923 donabit
660 864 788 933 ¹⁰⁴³;
822 864 893 920 de
924 865 1113 919 fructu
1144 881 1275 919 vero
1305 863 1605 920 vinearum
1639 868 1696 919 et
1728 863 2030 928 olivarum,

387 970 535 1028 quas
561 953 641 1009 ibi
677 953 1048 1026 plantabunt,
1082 953 1348 1025 quintam
1378 957 1434 1008 et
1464 953 1750 1009 decimam
1796 952 2034 1008 habebi-

386 1057 540 1100 mus.
577 1041 798 1098 Damus
820 1041 994 1097 etiam
1030 1041 1265 1098 Giraldo
1288 1045 1344 1098 et
1364 1042 1593 1115 Hugoni
1617 1058 1892 1114 magnam
1910 1058 2037 1114 par-

385 1135 505 1188 tem
535 1129 751 1199 oliveti,
771 1132 928 1203 quod
945 1129 1280 1187 Willelmus
1304 1131 1620 1187 Beritensis
1647 1131 1759 1187 sibi
1783 1130 2036 1203 plantari

388 1220 546 1286 fecit,
580 1220 652 1275 de
702 1219 871 1276 cuius
926 1220 1120 1276 fructu
1154 1224 1433 1292 quartum
1466 1224 1522 1277 et
1551 1219 1837 1276 decimam
1872 1220 2039 1277 nobis

387 1309 651 1368 reddent.
684 1309 1015 1365 Predictam
1045 1326 1177 1365 vero
1230 1314 1490 1365 nostram
1540 1314 1786 1382 partem,
1820 1309 2041 1365 scilicet

390 1402 682 1472 quartam,
706 1398 976 1470 quintam
995 1402 1051 1454 et
1069 1398 1379 1466 decimam,
1401 1399 1472 1453 ad
1504 1397 1691 1454 voltas
1722 1402 1954 1454 nostras
1970 1399 2042 1453 de

388 1488 548 1545 Nova
575 1486 729 1544 Villa
758 1487 1170 1560 adportabunt.
1208 1488 1469 1543 Fui-num
1500 1505 1633 1543 vero
1666 1492 1722 1542 et
1754 1486 2043 1543 molendi-

393 1593 536 1634 num
569 1580 625 1633 et
656 1576 802 1633 alias
830 1577 1287 1633 consuetudines
1321 1578 1648 1632 secundum
1678 1576 2041 1632 Mahumerie

397 1682 570 1723 usum
598 1665 715 1722 illis
745 1665 1022 1739 predictis
1052 1670 1109 1721 et
1138 1664 1269 1721 aliis
1296 1664 1661 1721 venientibus
1697 1664 1769 1720 ad
1800 1682 2041 1721 manen-

401 1755 542 1811 dum
574 1754 972 1811 concedimus.
1001 1757 1147 1810 Item
1173 1754 1384 1810 damus
1415 1753 1649 1811 Girabio
1699 1753 1959 1826 Caprello
1990 1760 2048 1809 et

403 1843 632 1918 Hugoni
661 1844 733 1900 de
763 1845 937 1917 Ioppe
957 1848 1015 1899 et
1034 1843 1348 1899 heredibus
1379 1843 1504 1899 suis
1524 1844 1751 1899 vineam
1786 1847 2047 1899 nostram

403 1935 475 1991 de
497 1932 816 1990 Ramathes
844 1934 917 1989 ad
943 1933 1088 1989 bene
1120 1932 1537 2000 laborandum;
1561 1933 1632 1988 de
1654 1932 1821 1988 cuius
1853 1932 2046 1988 fructu

404 2023 630 2079 dabunt
677 2021 845 2077 nobis
894 2020 1266 2076 medietatem
1318 2024 1376 2076 et
1418 2020 1728 2076 decimam.
1760 2021 1817 2076 Si
1851 2025 2047 2076 autem

404 2111 652 2184 quilibet
679 2127 881 2167 eorum
912 2109 999 2165 vel
1028 2109 1314 2165 heredum
1345 2126 1588 2165 suorum
1610 2108 1830 2181 aliquid
1849 2110 1918 2164 de
1941 2127 2050 2166 sua

403 2200 777 2275 possessione
806 2200 1054 2256 vendere
1080 2197 1347 2269 voluerit,
1369 2198 1627 2271 primum
1656 2200 1825 2255 nobis
1848 2198 2048 2255 venale

405 2290 635 2358 offeret;
659 2289 814 2362 quod
836 2289 886 2345 si
919 2305 1111 2345 emere
1141 2287 1524 2358 uoluerimus,
1550 2286 1758 2343 deinde
1790 2287 2046 2344 licebitoi

401 2378 652 2435 vendere
681 2376 973 2434 consimili
1000 2394 1106 2433 suo
1132 2377 1411 2450 burgensi
1434 2376 1515 2432 ibi
1541 2393 1775 2433 manere
1792 2376 2046 2445 debenti,

405 2466 506 2540 qui
533 2465 702 2523 nobis
732 2464 1069 2539 supradicta
1097 2465 1360 2521 attendat
1389 2469 1446 2521 et
1472 2464 1781 2537 compleat.

474 2557 686 2612 Actum
717 2559 805 2611 est
832 2553 939 2610 hoc
969 2571 1069 2609 xm
1094 2552 1383 2610 Kalendas
1415 2553 1615 2625 apriis,
1642 2571 1794 2610 anno
1840 2554 1911 2610 ab
1962 2554 2049 2610 in-

408 2643 745 2702 carnatione
771 2642 1003 2700 Domini
1032 2660 1200 2699 MCLX.
1238 2644 1421 2715 Hujus
1452 2642 1531 2698 rei
1566 2646 1745 2700 testes
1774 2648 1913 2699 sunt
1944 2660 1958 2699 :

550 2731 887 2802 Nicholaus,
924 2731 1099 2804 prior.
1132 2729 1434 2799 Arnulfus,
1481 2731 1773 2804 subprior.
1808 2736 2050 2788 Bernar-

623 2823 754 2893 dus,
788 2824 1008 2878 cantor.
1033 2818 1837 2889 Godefridus,thesaurarius.
1873 2820 2050 2877 Ilber-

621 2915 717 2967 tus
746 2910 1064 2967 Eurardus.
1102 2910 1304 2966 Petrus
1336 2910 1406 2965 de
1448 2907 1742 2982 Sepulcro.
1775 2909 2048 2967 Achilles.

621 3004 829 3057 Petrus
859 2998 1146 3055 Clemens.
1171 2998 1682 3072 Rainerius.Hugo
1701 2999 1771 3054 de
1803 2998 2048 3072 Nigella.

620 3090 828 3146 Petrus
877 3089 947 3146 de
998 3088 1225 3145 Latina.
1260 3088 1603 3146 Rainaldus.
1635 3092 1845 3145 Petrus
1872 3090 2048 3147 Lom-

620 3180 863 3237 bardus.

1009 3285 1298 3341 CXXXVII
1332 3287 1440 3342 1°“.

498 3390 813 3430 Ριιινιιιϐιυι
845 3388 1090 3427 ΩῸΙῸΒΒΔΙ
1122 3388 1304 3433 Βοιυε,
1339 3389 1474 3432 QUAM
1494 3388 1779 3435 NICHOLAUS,
1815 3390 1958 3426 PRIOR

623 3452 787 3490 SANC'H
818 3452 1099 3497 SAPULCHRI,
1145 3451 1288 3487 DEDIT
1322 3452 1566 3487 STEPHANO
1598 3452 1818 3488 PASNAIE.

470 3539 681 3593 Pateat
708 3535 983 3593 omnibus
1013 3535 1122 3591 hoc
1153 3535 1526 3591 audientibus
1550 3536 1705 3607 quod
1727 3552 1832 3608 ego
1848 3535 2054 3591 Nicho-

408 3623 559 3694 laus,
593 3624 753 3698 prior
778 3624 971 3681 Sancti
1000 3624 1282 3697 Sepulcri,
1314 3641 1562 3681 assensu
1602 3625 1785 3681 totius
1814 3624 2053 3697 capituli

410 3712 614 3782 nostri,
635 3712 799 3769 illam
832 3713 1096 3779 domum,
1117 3730 1293 3785 quam
1324 3712 1602 3769 dominus
1631 3717 1836 3769 Petrus
1870 3714 1940 3768 de
1961 3714 2055 3769 Se-

408 3800 612 3875 pulcro
642 3819 678 3857 a
706 3800 983 3858 Nicholao
1027 3805 1085 3858 et
1125 3801 1252 3857 eius
1283 3818 1457 3857 uxore
1488 3802 1696 3857 Pontia
1735 3802 1895 3870 emit,
1928 3804 2054 3857 Ste-

409 3891 604 3965 phano
634 3891 880 3948 Pasnaie
907 3894 965 3947 et
996 3889 1308 3947 heredibus
1335 3891 1461 3947 eius
1492 3891 1617 3947 iure
1648 3895 1923 3963 perpetuo
1955 3890 2053 3946 he-

410 3980 676 4037 reditatis
697 3978 1029 4036 habendam
1061 3979 1459 4046 concedimus,
1492 3978 1597 4036 tali
1624 3985 1822 4036 tenore
1854 3984 1920 4035 ut
1941 3982 2057 4036 Ste-

408 4068 642 4142 phanus
672 4072 730 4125 et
749 4068 875 4124 eius
901 4068 1142 4125 heredes
1163 4069 1330 4125 nobis
1356 4067 1689 4142 nostrisque
1710 4069 2057 4125 successori-

408 4158 522 4215 bus
551 4174 655 4231 per
683 4156 946 4231 singulos
976 4175 1163 4214 annos
1192 4157 1251 4212 in
1273 4157 1675 4230 puriﬁcatione
1697 4159 1863 4215 beate
1877 4158 2055 4215 Marie

410 4245 670 4320 quinque
698 4246 993 4303 bisancios
1022 4245 1675 4319 persolvent.Addimus
1696 4246 1870 4303 etiam
1898 4248 2053 4320 quod

409 4335 460 4392 si
491 4335 733 4392 domum
781 4334 944 4391 illam
975 4336 1222 4392 vendere
1252 4335 1561 4405 voluerint,
1597 4336 1855 4408 primum
1886 4335 2054 4392 nobis

406 4424 672 4482 venalem
739 4424 1031 4495 oll‘erent;
1083 4420 1262 4497 quam
1310 4425 1357 4480 si
1411 4440 1602 4481 emere
1666 4424 2050 4494 uoluerimus,
2084 4436 2131 4499 Ι)

409 4513 618 4571 deinde
649 4531 755 4570 suo
787 4513 1078 4570 consimili
1104 4513 1379 4587 burgensi
1410 4513 1489 4569 ibi
1536 4530 1770 4569 manere
1817 4515 2053 4570 debenti

406 4604 654 4660 vendere
682 4602 899 4671 licebit,
934 4602 1091 4660 salvo
1122 4601 1528 4676 prenominato
1559 4619 1737 4660 censu
1767 4608 1824 4659 et
1854 4607 2056 4661 nostra

408 4692 741 4749 donatione.

478 4784 687 4838 Actum
717 4786 805 4838 est
832 4781 942 4838 hoc
972 4800 1030 4838 ιν
1058 4799 1243 4837 nonas
1275 4781 1665 4855 aprilis,anno
1688 4782 1759 4837 ab
1784 4782 2052 4839 incarna-

408 4870 567 4927 tione
598 4870 824 4927 Domini
853 4888 1023 4928 MCLX.
1056 4869 1244 4927 Huius
1275 4871 1357 4927 rei
1389 4874 1568 4927 testes
1596 4875 1737 4927 sunt
1768 4888 1781 4925 :

551 4957 888 5025 Nicholaus,
921 4960 1100 5032 prior.
1132 4958 1432 5027 Arnulfus,
1458 4960 1752 5032 subprior.
1785 4960 2050 5017 Godetri-

624 5049 755 5117 dus,
774 5048 1196 5104 thesaurarius.
1221 5049 1536 5104 Ebrardus.
1557 5048 1827 5106 Ilbertus.
1842 5054 2051 5108 Petrus

624 5136 695 5191 de
722 5135 1014 5207 Sepulcro.
1048 5136 1252 5192 Petrus
1302 5137 1589 5194 Clemens.
1623 5137 1895 5196 Achilles.
1916 5140 2051 5197 Ber-

621 5223 840 5279 nardus
886 5224 1208 5282 Antiochie.
1244 5226 1572 5282 Rainerius.
1624 5228 1784 5300 Hugo
1829 5229 1901 5284 de
1947 5229 2049 5285 Ni-

892 198 995 258 AD
1040 195 1555 259 GODEFRIDUM
1598 195 1931 256 APPEND.
1980 194 2161 255 II.—
2188 195 2495 260 MONUM.
2543 200 2643 259 DE
2688 199 2939 260 BELLO
2983 199 3263 261 SACRO.

3634 197 3816 258 1228

2355 329 2527 402 gella.
2555 331 2764 387 Petrus
2793 331 2863 388 de
2895 330 3117 387 Latina.
3138 329 3456 386 Rainaldus
3473 331 3544 387 de
3559 331 3815 387 Lochis.

2352 419 2558 476 Petrus
2590 418 3276 477 Lombardus.Robertus
3333 419 3762 477 Antiochenus.

2725 525 3038 583 CXXXVIII
3071 527 3180 582 ‘0“.

2274 632 2345 671 DE
2381 632 2700 673 DONATIONE
2739 633 3015 672 CUIUSDAM
3054 632 3269 684 DOMUS,
3314 633 3422 680 QUE
3465 632 3566 672 EST
3604 634 3667 673 IN

2782 704 3147 744 MAIIUMBRIA.

2216 776 2409 832 Puteat
2441 774 2715 832 omnibus
2745 776 2855 832 hoc
2876 776 3253 833 audientibus
3275 778 3430 849 quod
3458 793 3565 851 ego
3587 775 3810 834 Nicho-

2143 866 2294 934 laus,
2328 864 2485 937 prior
2514 865 2710 920 Sancti
2742 864 3030 938 Sepulcri,
3052 882 3297 922 assensu
3330 867 3510 921 totius
3544 865 3807 937 capituli

2145 955 2351 1021 nostri,
2387 956 2599 1010 damus
2630 954 2952 1022 Dominico,
2981 954 3083 1026 qui
3108 960 3346 1011 vocatur
3365 954 3809 1021 Patriarcha,et

2145 1042 2461 1099 heredibus
2492 1042 2619 1099 eius
2647 1060 2824 1098 unam
2859 1043 3100 1099 domum
3133 1044 3192 1098 in
3215 1042 3582 1099 Mahumeria
3601 1043 3805 1109 sitam,

2146 1149 2323 1204 quam
2355 1132 2631 1188 dominus
2651 1131 2853 1188 Petrus
2885 1133 2955 1187 de
2987 1132 3266 1205 Sepulcro
3297 1133 3520 1189 emitde
3541 1134 3805 1204 quadam

2147 1221 2387 1290 femina,
2403 1220 2638 1276 nomine
2657 1218 2999 1289 Armellina,
3016 1220 3140 1276 iure
3161 1224 3437 1293 perpetue
3459 1220 3810 1276 hereditatis

2149 1309 2707 1382 possidendam,tali
2738 1314 2938 1366 tenore
2970 1314 3034 1365 ut
3064 1309 3404 1366 Dominicus
3434 1309 3815 1381 predictuset

2150 1399 2391 1454 heredes
2423 1398 2609 1471 ipsius
2648 1398 2819 1454 nobis
2864 1399 3199 1471 nostrisque
3242 1398 3647 1454 sucessoribus
3695 1416 3812 1453 an-

2152 1488 2376 1543 nuatim
2400 1488 2458 1542 in
2483 1488 2889 1561 purificatione
2924 1486 3247 1544 Genetricis
3269 1487 3367 1543 Dei
3385 1504 3486 1543 sex
3506 1487 3809 1543 bisancios

2152 1576 2505 1633 eensualiter
2552 1575 2900 1648 persolvent.
2934 1576 3349 1632 Verumtamen
3387 1575 3435 1630 si
3475 1593 3615 1632 casu
3642 1576 3811 1632 acci-

2154 1667 2325 1722 dente
2356 1665 2663 1737 contigerit
2692 1665 2848 1737 quod
2880 1666 3125 1721 domum
3155 1664 3316 1720 illam
3346 1666 3592 1721 vendere
3612 1664 3815 1720 volue—

2163 1756 2300 1823 rint,
2335 1754 2492 1811 salvo
2537 1754 2940 1826 prenominato
2972 1771 3150 1810 censu
3183 1758 3239 1809 et
3270 1759 3467 1810 nostro
3499 1754 3642 1823 iure,
3696 1770 3811 1809 suo

2157 1844 2450 1901 consimili
2484 1843 2763 1916 burgensi
2786 1844 3032 1900 vendere
3062 1843 3287 1911 licebit;
3313 1844 3411 1899 sed
3437 1844 3693 1915 primum
3707 1859 3814 1897 no-

2157 1935 2246 1991 bis
2277 1932 2539 1989 venalem
2569 1933 2831 1988 offerent.

2227 2025 2435 2080 Actum
2466 2027 2555 2079 est
2582 2021 2691 2077 hoc
2718 2038 2785 2079 ιιι
2824 2039 3009 2078 nonas
3039 2020 3266 2095 aprilis,
3297 2038 3451 2078 anno
3499 2023 3571 2078 ab
3614 2022 3809 2076 incar-

2158 2113 2392 2169 natione
2424 2111 2656 2168 Domini
2688 2129 2858 2167 MCLX.
2892 2111 3080 2183 Hujus
3113 2111 3193 2166 rei
3226 2115 3405 2167 testes
3436 2116 3576 2167 sunt
3609 2127 3622 2165 :
3712 2148 3725 2163 κ

2300 2200 2636 2271 Nicholaus,
2670 2200 2846 2273 prior.
2880 2200 3181 2268 Arnulfus,
3216 2200 3507 2273 subprior.
3543 2198 3813 2256 Godefri-

2371 2291 2503 2358 dus,
2536 2289 2958 2345 thesaurarius.
2991 2290 3556 2345 Eurardus.lbertus
3604 2289 3812 2344 Petrus

2372 2379 2442 2434 de
2472 2378 2759 2451 sepulcro.
2794 2378 2998 2435 Petrus
3035 2378 3324 2435 Clemens.
3360 2376 3634 2433 Achilles.
3668 2378 3812 2433 Ber-

2373 2467 2927 2523 nardusAntiochie.
2944 2467 3272 2523 Rainerius.
3287 2472 3455 2540 Hugo
3468 2467 3540 2522 de
3562 2464 3811 2539 Nigella.

2374 2558 2578 2613 Petrus
2610 2557 2995 2613 Lombardus.
3031 2557 3319 2613 Robertus
3351 2555 3677 2612 Antiochie.

2779 2672 3039 2728 CXXXIX
3073 2673 3182 2727 ¹⁰⁴⁶.

2161 2780 2237 2823 DE
2269 2756 2675 2825 CONCESSIONE
2705 2779 3017 2823 CUIUSDAM
3049 2779 3275 2838 DOMUS,
3301 2780 3420 2832 QUE
3439 2779 3572 2824 SlTA
3600 2778 3712 2823 EST
3741 2777 3807 2822 IN

2680 2860 2852 2906 VILLA
2899 2860 3268 2904 MAHUMERIE

2232 2958 2518 3015 Omnibus
2548 2961 2747 3013 sancte
2795 2957 3002 3014 matris
3051 2957 3293 3014 ecclesie
3342 2956 3480 3013 ﬁliis
3519 2957 3814 3030 liquescat

2079 3071 2122 3140 ρ
2161 3048 2315 3119 quod
2348 3048 2499 3120 e[g]o
2525 3046 2860 3140 Nicholaus,
2894 3046 3180 3140 Dominiei
3208 3046 3366 3140 prior
3403 3046 3690 3140 sepulcri,
3719 3051 3814 3102 to—

2161 3141 2374 3209 tusque
2403 3141 2719 3192 conventus
2760 3136 2985 3193 Suardo
3017 3141 3075 3193 et
3106 3135 3231 3192 eius
3278 3136 3594 3193 heredibus
3628 3152 3814 3192 unam

2160 3226 2400 3281 domum
2434 3243 2567 3281 enm
2598 3225 2881 3282 omnibus
2911 3226 3281 3298 pertinentiis
3304 3225 3577 3298 suis,que
3600 3224 3817 3280 sitaest

2158 3314 2219 3370 in
2248 3314 2385 3372 villa
2416 3314 2802 3381 Mahumerie,
2836 3331 3013 3387 quam
3048 3314 3325 3371 dominus
3376 3314 3579 3371 Petrus
3609 3314 3680 3368 de
3712 3313 3814 3370 Se-

2161 3403 2362 3476 pulero
2411 3404 2482 3459 ab
2532 3403 2755 3459 Acardo
2804 3408 2861 3459 et
2905 3402 3031 3459 eius
3082 3420 3278 3469 uxore,
3333 3402 3493 3458 Bella
3551 3401 3813 3468 nomine,

2160 3491 2454 3565 emptione
2483 3491 2707 3560 habuit,
2725 3492 2852 3547 iure
2873 3496 3154 3564 perpetuo
3177 3491 3506 3547 habendam
3528 3489 3819 3546 heredita-

2160 3582 2239 3637 tis
2269 3580 2664 3646 concedimus,
2697 3580 2798 3636 tali
2829 3585 3029 3637 tenore
3059 3580 3328 3636 videlicet
3358 3581 3512 3653 quod
3545 3580 3814 3635 Suardus

2162 3674 2216 3726 et
2237 3669 2363 3725 eius
2393 3668 2635 3725 heredes
2667 3668 2839 3725 nobis
2869 3670 3205 3741 nostrisque
3237 3668 3681 3725 successoribus
3712 3685 3816 3740 per

2164 3757 2430 3831 singulos
2462 3775 2647 3814 annos
2686 3758 2744 3813 in
2778 3757 3181 3830 purificatione
3229 3758 3394 3814 beate
3444 3758 3623 3813 Marie
3684 3760 3814 3813 octo

2164 3847 2458 3903 bisancios
2496 3845 2849 3903 eensualiter
2894 3845 3243 3918 persolvent.
3294 3847 3585 3902 Addimus
3632 3845 3812 3901 etiam

2164 3936 2318 4008 quod
2351 3934 2400 3990 si
2430 3936 2693 3991 Suardus
2723 3936 2812 3991 vel
2840 3935 2926 3993 eis
2958 3935 3199 3992 heredes
3232 3937 3473 3991 domum
3505 3934 3669 3991 illam
3703 3951 3815 3990 suo

2163 4023 2453 4081 consimili
2476 4025 2752 4098 burgensi
2782 4026 3032 4080 vendere
3062 4023 3367 4092 voluerint,
3403 4023 3559 4080 salvo
3594 4040 3810 4097 preno-

2164 4113 2385 4169 minato
2413 4130 2593 4169 eensu
2621 4118 2677 4169 et
2708 4119 2907 4170 nostro
2936 4114 3080 4181 iure,
3115 4131 3231 4170 non
3263 4114 3346 4170 eis
3376 4114 3449 4169 ab
3482 4112 3681 4186 aliquo
3714 4112 3819 4169 {iet

2162 4201 2676 4274 impedimentum.

2232 4293 2443 4348 Actum
2493 4295 2580 4347 est
2628 4291 2736 4346 hoc
2782 4305 2853 4347 xu
2894 4292 3176 4348 kalendas
3205 4290 3430 4364 aprilis,
3464 4307 3617 4347 anno
3649 4291 3724 4347 ab
3754 4291 3816 4347 in

2164 4383 2496 4438 carnatione
2528 4380 2761 4436 Domini
2793 4397 2962 4437 MCLX.
2996 4381 3185 4437 Huius
3219 4381 3298 4436 rei
3329 4384 3509 4437 testes
3541 4386 3681 4435 sunt
3716 4397 3729 4435 :

2301 4470 2636 4539 Nicholaus,
2669 4470 2849 4542 prior.
2883 4470 3181 4541 Arnull‘us,
3218 4469 3513 4542 subprior.
3546 4469 3817 4526 Godefri-

2387 4560 2515 4628 dus,
2532 4559 2954 4616 thesaurarius.
2970 4560 3290 4615 Ebrardus.
3319 4558 3590 4615 Ilbertus.
3608 4559 3818 4616 Petrus

2376 4651 2447 4705 de
2478 4646 2775 4720 Sepulcro.
2808 4648 3013 4704 Petrus
3052 4647 3341 4704 Clemens.
3377 4646 3648 4704 Achilles.
3682 4648 3818 4705 Rei-

2374 4737 2592 4795 nerius.
2624 4740 2791 4810 Hugo
2842 4736 2911 4793 de
2962 4736 3201 4810 Nigella.
3240 4736 3445 4793 Petrus
3478 4737 3548 4793 de
3580 4736 3815 4794 Latina.

2374 4825 2714 4884 Rainaldus.
2747 4827 2953 4883 Petrus
2986 4826 3371 4882 Lombardus.

2835 4941 2923 4999 CX
2929 4941 2970 4997 L
3004 4939 3019 4974 ί
3025 4942 3115 4998 057..

2162 5049 2551 5097 PRIVILEGIUM
2610 5049 2801 5094 TRIUM
2856 5048 3267 5105 VASTINARUM,
3319 5048 3477 5100 QUAS
3529 5047 3819 5094 VENDIDIT

2240 5132 2430 5176 ABBAS
2462 5131 2683 5178 SANCTI
2715 5130 2864 5175 SABE
2897 5128 3212 5175 CANONICIS
3243 5128 3466 5174 SANCTI
3496 5128 3815 5174 SEPULCRI.

2232 5229 2445 5287 Notum
2476 5227 2555 5285 sit
2583 5227 2878 5295 ominhus,
2909 5231 3032 5283 tam
3062 5226 3280 5283 futuris
3310 5242 3489 5298 quam
3518 5226 3810 5299 presenti-

484 5421 575 5503 ξοδδ
616 5421 879 5503 Cprrigez
925 5422 1235 5482 donabunt.
1314 5425 1403 5503 ξοδδ
1449 5426 1515 5503 A,
1569 5426 1949 5503 tb__ll4,Aré;_
1988 5446 2042 5485 m

2177 5446 2242 5485 ue
2290 5428 2545 5503 dansAB.
2589 5427 2678 5463 ¹⁰⁴⁵
2722 5428 2789 5497 A,
2839 5427 2886 5483 Ρ)
2934 5428 3061 5500 114,
3108 5436 3207 5497 v°;
3259 5441 3514 5500 manque
3556 5424 3707 5482 dans
3750 5423 3815 5483 B.

417 5493 507 5534 1°“
536 5494 605 5568 A,
637 5493 685 5552 θ’
718 5493 841 5570 Ill,
873 5504 974 5569 v°;
1010 5512 1267 5572 manque
1298 5496 1445 5561 dans
1474 5501 1538 5554 B.
1574 5498 1663 5533 ¹⁰⁴⁷
1692 5500 1759 5571 A,
1794 5499 1841 5556 I"
1873 5493 1994 5570 115,
2026 5511 2116 5576 r0;
2145 5493 2407 5576 inanque
2436 5498 2583 5556 dans
2614 5503 2677 5556 B.

3954 109 3957 269 1

3955 300 3957 441 γ

3954 486 3957 625 ⁴
