4012 6072
109 354 269 415 1229

1112 354 1611 416 CARTULAIRE
1655 355 1761 416 DU
1806 353 2039 415 SAINT
2088 351 2516 415 SEPULCRE.

3365 353 3523 412 1230

108 488 241 554 bus,
274 486 430 559 quod
461 502 564 559 ego
599 485 851 553 Miletus,
888 486 984 541 Dei
1039 486 1226 560 gratia
1272 487 1511 542 ecclesie
1562 487 1757 541 Sancti
1795 489 1845 553 Α
1877 487 2161 558 scriptum
2195 485 2406 558 duplex
2440 501 2540 557 per
2570 483 2925 556 aphabetum
2961 484 3047 517 “’3‘
3085 481 3289 538 exinde
3322 484 3445 539 tieri
3469 490 3525 539 et

111 577 261 633 Sabe
292 574 493 643 abbas,
528 578 585 631 et
622 574 930 631 universus
971 579 1291 632 conventus
1340 576 1760 632 monachorum

110 667 361 721 fratrum
392 668 728 721 nostrorum
758 668 976 720 terram
1000 663 1184 731 illam,
1214 664 1480 721 videlicet
1518 668 1635 721 tres
1666 682 1762 720 va-

111 754 321 822 stinas,
356 752 633 810 Kafarrus
656 757 711 808 et
730 752 912 809 Vetus
946 754 1112 809 Betor
1136 757 1192 810 et
1219 753 1470 810 Deirt‘res
1505 753 1767 809 nomina-

110 847 224 910 tas,
258 858 436 914 quam
469 840 831 911 M[elisenda]
865 840 1065 914 regina
1107 840 1282 915 digne
1326 842 1607 899 memorie
1660 859 1763 914 pro

110 929 435 986 elemosina
463 946 599 986 xxrv
631 946 852 1002 panum
892 934 1247 1003 emptorum,
1284 947 1458 1003 quam
1492 947 1683 1003 usque
1704 932 1763 987 in

111 1025 465 1092 perpetuum
487 1035 593 1075 nos
614 1023 672 1074 et
694 1035 1064 1075 successores
1087 1019 1269 1075 nostri
1291 1019 1542 1093 singulis
1563 1020 1766 1076 sabba-

111 1111 190 1165 tis
220 1110 293 1165 ad
316 1106 775 1181 redemptionem
799 1108 992 1164 anime
1014 1125 1117 1163 sue
1139 1108 1428 1164 celebrare
1458 1109 1761 1177 debemus,

111 1198 357 1255 ecclesie
388 1201 585 1254 nostre
615 1201 672 1253 et
691 1196 862 1253 nobis
890 1214 1160 1270 erogasse
1180 1197 1525 1265 dinoscitur,
1548 1197 1762 1253 Nlcho-

110 1288 208 1345 lao
241 1287 419 1359 priori
442 1290 499 1343 et
519 1285 820 1343 cononicis
845 1286 1068 1342 Latinis
1090 1285 1332 1343 ecclesie
1356 1286 1765 1360 gloriosissimi

112 1376 400 1433 Dominici
426 1374 711 1448 Sepulcri,
728 1375 1300 1432 communi‘assensu
1322 1377 1505 1432 totius
1522 1375 1761 1449 capituli

113 1465 323 1532 nostri,
344 1482 447 1538 pro
468 1464 807 1537 quingentis
820 1464 1098 1521 bisanciis
1121 1466 1319 1521 minus
1346 1464 1552 1538 viginti
1574 1464 1766 1520 vendi-

112 1572 251 1610 mus
277 1572 292 1623 ;
323 1555 394 1610 de
426 1554 643 1626 quibus
673 1553 953 1610 bizanciis
980 1554 1185 1609 statim
1211 1555 1284 1610 ab
1314 1554 1630 1622 Almarico,
1679 1554 1764 1610 Ie-

113 1643 523 1700 rosolimitano
548 1660 701 1716 rege,
716 1643 1011 1715 quandam
1025 1647 1243 1699 terram
1260 1642 1427 1699 nobis
1450 1642 1762 1709 utiliorem,

114 1733 343 1790 scilicet
371 1731 562 1788 casale
586 1731 822 1788 nomine
845 1732 1061 1799 Thora,
1080 1732 1356 1788 emimus.
1391 1732 1655 1787 Preterca
1676 1731 1763 1787 in-

1873 594 1975 648 per
1996 576 2257 631 medium
2280 573 2481 648 partiri
2506 573 2773 642 fecimus,
2798 589 2984 627 unum
3007 588 3259 644 quorum
3287 571 3444 645 prior
3466 577 3524 629 et

1874 664 2199 737 capitulum
2233 664 2429 720 Sancti
2464 662 2728 735 Sepulcri
2758 662 2996 727 habent,
3032 660 3280 718 alterum
3313 678 3419 716 uos
3457 662 3518 717 in

1873 754 2111 827 signum
2142 760 2199 811 et
2229 754 2573 810 memoriam
2604 757 2765 825 geste
2818 752 2899 807 rei
2933 751 3304 807 retinuimus.
3358 750 3521 806 Unde

1872 843 1969 899 isti
2002 848 2141 900 sunt
2164 849 2341 899 testes
2377 861 2389 900 :

1946 933 2231 997 Roardus,
2266 932 2621 989 castellanus
2654 930 2991 998 Ierusalem,
3025 946 3190 985 socer
3219 931 3523 994 meus,An-

2016 1022 2237 1078 selmus
2271 1023 2340 1078 de
2370 1022 2521 1087 Brie,
2557 1024 2772 1094 Symon
2802 1022 2872 1077 de
2911 1019 3227 1086 Bethleem,
3259 1020 3521 1075 Andreas

2016 1113 2086 1167 de
2115 1112 2369 1185 Caypha,
2407 1110 2643 1167 milites.
2679 1110 2991 1165 Gaufridus
3021 1107 3379 1163 Turonensis
3410 1108 3518 1179 ωδε,

2018 1201 2307 1257 Robertus
2338 1202 2407 1257 de
2431 1200 2848 1271 Pinken[iaco,]
2869 1197 3155 1254 Iohannes
3178 1197 3517 1266 Raimundi,

2016 1289 2268 1346 Willelm
2280 1308 2347 1345 us
2373 1290 2679 1357 Patronus,
2704 1289 2821 1344 Itad
2834 1287 3069 1360 ulphus,
3093 1287 3268 1341 frater
3296 1285 3519 1342 domini

2015 1378 2324 1446 Willelmi,
2355 1378 2629 1453 Tyrensis
2687 1376 3130 1449 archiepiscopi.
3189 1375 3521 1431 Bernardus

2018 1468 2203 1537 Proet,
2226 1473 2553 1541 Burgcnses
2574 1467 2916 1531 Jerusalem,
2942 1463 3218 1521 Arnulfus
3234 1464 3305 1519 de
3328 1463 3522 1519 Maho—

2017 1558 2218 1614 meria.
2252 1559 2320 1613 Et
2352 1557 2643 1613 Guarinus
2678 1558 2764 1592 ι⁰⁵⁷
2797 1554 3215 1627 Neapolitanus
3247 1554 3318 1609 de
3349 1554 3519 1609 Tem-

2016 1647 2133 1719 plo,
2167 1648 2423 1704 serviens
2456 1647 2690 1702 domine
2723 1646 2921 1718 regine
2954 1644 3151 1699 Mario.

1945 1737 2185 1793 Factum
2237 1741 2327 1792 est
2383 1737 2490 1791 hoc
2549 1753 2701 1791 anno
2749 1734 3043 1790 dominice
3098 1731 3521 1789 incarnationis

115 1826 380 1879 notescet
408 1822 683 1878 omnibus
714 1822 867 1894 quod
902 1838 1029 1889 nos,
1069 1825 1352 1877 statutam
1384 1820 1762 1877 elemosinam
1796 1863 1843 1929 B
1873 1842 2122 1894 mcuxv,
2158 1825 2474 1881 indictione
2505 1841 2585 1897 vi,
2618 1843 2690 1879 xv
2724 1822 3004 1879 kalendas
3036 1821 3303 1878 ianuarii.

116 1929 222 1985 pro
254 1911 452 1967 anima
482 1915 802 1967 memorate
843 1910 1041 1983 regine
1090 1910 1149 1965 in
1215 1914 1561 1983 perpetuum
1595 1910 1765 1967 solito

116 2017 281 2057 more
310 1999 676 2064 celebraturi,
710 1999 1030 2072 predictam
1056 2004 1268 2055 terram
1292 2000 1768 2065 elemosinam,ut

118 2091 181 2146 in
212 2089 453 2162 longum
480 2094 537 2145 et
568 2088 754 2144 latum
786 2088 1140 2154 extenditur,
1186 2105 1363 2161 quam
1388 2088 1568 2162 priori
1593 2094 1649 2144 et
1669 2105 1766 2144 ca-

120 2179 350 2235 nonicis
381 2178 578 2234 Sancti
610 2176 871 2250 Sepulcri
894 2177 1145 2233 solutam
1168 2183 1226 2234 et
1246 2177 1489 2234 liberam
1510 2177 1768 2234 vendidi-

114 2286 274 2333 mus,
310 2267 534 2340 integre
583 2284 717 2322 cum
748 2266 978 2322 villanis
1025 2267 1148 2323 suis
1180 2272 1239 2323 et
1284 2267 1653 2339 pertinentiis
1710 2271 1767 2323 et

113 2358 418 2425 omnibus,
450 2374 565 2429 que
587 2356 677 2412 sui
701 2356 846 2411 iuris
868 2373 996 2412 esse
1021 2361 1363 2425 noscuntur,
1392 2357 1464 2411 ab
1492 2357 1650 2411 omni
1675 2373 1766 2411 ca-

111 2446 387 2520 lumpnia
407 2445 495 2502 vel
528 2434 903 2519 aggressione
935 2446 1159 2501 iniusta
1190 2446 1246 2500 in
1277 2446 1438 2502 omni
1472 2445 1634 2501 curia
1664 2446 1765 2501 de-

111 2536 353 2592 fendere
384 2536 688 2591 debemus.

790 2641 956 2697 CXLI
980 2642 1087 2695 ’0‘”.

105 2750 182 2788 DE
211 2747 502 2787 EMPTIONE
530 2747 652 2787 CUM
681 2745 892 2786 PRIORB
924 2748 992 2786 ET
1010 2747 1311 2785 CANONICIS
1335 2746 1531 2785 SANCTI
1564 2746 1768 2785 SEPUL-

180 2820 272 2859 CRI
305 2819 473 2859 FACTA
504 2820 570 2858 ET
600 2818 906 2870 BALDUINO,
940 2817 1165 2858 DOMINO
1196 2819 1389 2857 SANCTI
1431 2819 1623 2872 EGlDlI,
1658 2818 1766 2857 SU-

183 2892 290 2931 rea
322 2890 582 2931 DOMIBUS
615 2891 681 2929 nr
710 2890 941 2929 cursans
973 2874 1083 2928 ‘0”.

182 3000 249 3055 In
282 2998 520 3056 nomine
549 2998 782 3054 Domini
815 2996 998 3055 nostri
1034 2997 1206 3053 Ihesu
1231 2996 1465 3065 Christi,
1499 3013 1692 3052 amen.

180 3089 400 3145 Notum
419 3087 497 3144 sit
517 3087 792 3143 omnibus
810 3087 909 3144 Dei
934 3086 1226 3155 ﬁdelibus,
1251 3090 1372 3141 tam
1395 3086 1767 3158 presentibus

106 3195 293 3252 quam
322 3177 560 3244 futuris,
584 3176 737 3250 quod
764 3193 869 3250 ego
885 3175 1229 3243 Balduinus,
1255 3176 1355 3231 Dei
1376 3175 1563 3249 gratia
1582 3174 1766 3230 domi-

2540 1931 2730 1988 CXLII
2762 1931 2870 1983 “’53.

1875 2037 2241 2079 FRIVILEGIUM
2272 2037 2478 2077 DOMINI
2511 2036 2756 2083 GUASINI,
2790 2031 3023 2075 ABBATlS
3046 2033 3252 2074 MONT‘S
3273 2034 3517 2083 THADOR,

2111 2111 2177 2149 ET
2209 2110 2386 2156 PETRI,
2423 2108 2648 2150 PRIORIS
2675 2108 2867 2147 SANCTI
2899 2107 3162 2147 SEPULCRI
3196 2090 3304 2145 ‘0”.

1946 2201 2010 2257 In
2041 2199 2277 2256 nomine
2309 2197 2559 2263 Domini,
2594 2215 2784 2254 amen.

1946 2290 2158 2345 Notum
2193 2288 2269 2345 sit
2300 2288 2589 2343 universis
2619 2292 2817 2343 sancte
2851 2286 3056 2342 matris
3086 2285 3327 2342 ecclesie
3359 2284 3516 2349 ﬁliis,

1873 2383 1994 2434 tam
2024 2379 2395 2450 presentibus
2428 2394 2604 2449 quam
2639 2377 2871 2441 futuris,
2931 2377 3085 2448 quod
3117 2392 3222 2447 ego
3248 2374 3517 2437 Garinus,

1879 2467 2095 2522 Montis
2128 2467 2361 2522 Thabor
2413 2467 2614 2533 abbas,
2650 2482 2938 2521 consensu
2999 2464 3221 2519 domini
3268 2460 3517 2527 Letardi,

1875 2554 2153 2612 Nazareni
2168 2554 2611 2627 archiepiSCOpi,
2630 2554 2839 2626 prioris
2855 2552 3146 2609 Lancelini
3168 2557 3223 2608 et
3237 2552 3417 2607 totius
3435 2568 3522 2606 ec-

1874 2644 2047 2700 clesie
2080 2648 2241 2699 notre
2272 2643 2514 2715 capituli
2547 2660 2791 2698 assensu
2822 2647 2878 2697 et
2908 2642 3029 2714 pari
3062 2641 3520 2705 voluntate,cum

1875 2733 2177 2789 Dominice
2208 2732 2671 2788 Resurrectionis
2721 2730 2963 2786 ecclesie
3009 2731 3199 2803 priore
3249 2730 3414 2784 Petro
3465 2732 3523 2782 et

1875 2822 2146 2878 universo
2176 2822 2439 2877 eiusdem
2488 2825 2775 2876 conventu
2834 2818 2937 2874 tali
2995 2817 3299 2875 concordie
3354 2821 3523 2890 pacto

1876 2911 2274 2972 convenimus.
2310 2910 2463 2982 quod
2498 2908 2801 2965 ecclesiam
2830 2912 3112 2976 nostram,
3148 2923 3325 2979 quam
3368 2906 3523 2978 apud

1875 3000 2065 3057 casale
2097 3000 2293 3057 Sancti
2321 2997 2507 3072 Egidii
2533 3014 2667 3054 cum
2691 2996 3085 3054 oblationibus
3119 2995 3244 3052 suis
3292 2999 3349 3051 et
3395 2995 3523 3051 iure

1877 3088 2225 3162 parrochiali
2262 3087 2629 3160 aliorumque
2671 3086 2936 3142 omnium
2969 3086 3039 3141 ad
3079 3102 3207 3140 eam
3222 3083 3527 3157 pertinens

1874 3179 2023 3234 tium
2037 3181 2238 3233 etcum
2254 3176 2561 3232 medietate
2574 3175 2978 3231 universarum
2992 3174 3353 3230 decimarum
3368 3171 3519 3227 eius-

108 3286 226 3325 nus
255 3266 471 3324 casalis
503 3265 702 3322 Sancti
732 3265 944 3339 Egidii,
969 3282 1088 3320 una
1117 3282 1251 3321 cum
1285 3263 1765 3337 Stephania,con-
1794 3236 1836 3302 Ο
1871 3269 2003 3323 dem
2018 3266 2296 3323 casaliset
2318 3266 2564 3322 aliorum
2588 3262 3197 3320 duorumTurbasaim
3216 3260 3517 3318 ‘°°°videli-

107 3357 248 3430 iuge
275 3373 430 3423 mea,
452 3355 510 3410 in
544 3354 842 3428 presentia
863 3354 1084 3411 domini
1108 3352 1321 3410 Roardi
1338 3351 1764 3420 ‘0‘“,castellani

108 3444 456 3513 Ierusalem,
491 3445 677 3501 soceri
710 3443 845 3510 mei,
882 3447 938 3500 et
963 3442 1211 3499 aliorum
1258 3442 1575 3514 proborum
1614 3441 1763 3498 viro-

108 3551 268 3603 rum,
304 3551 559 3607 quorum
590 3533 833 3589 nomina
862 3532 1105 3588 inferius
1134 3536 1272 3587 sunt
1299 3532 1636 3603 scriptam“,
1665 3548 1766 3587 as~

108 3639 359 3679 sensum
390 3621 665 3678 dedimus
699 3620 1001 3693 emptioni,
1035 3637 1214 3693 quam
1245 3619 1530 3675 Domiuus
1562 3619 1765 3676 Petrus

108 3712 275 3785 prior
290 3715 346 3767 et
363 3710 627 3767 canonici
649 3709 937 3766 Dominici
952 3708 1214 3780 Sepulcri
1229 3709 1567 3765 feceruntde
1584 3708 1771 3765 domi-

109 3802 225 3856 bus
246 3804 306 3856 et
327 3800 417 3835 ¹⁰⁵²
433 3799 671 3855 ediﬁtiis
684 3802 741 3855 et
758 3798 947 3855 vineis
967 3815 1101 3853 cum
1115 3798 1389 3854 omnibus
1402 3797 1768 3871 pertinentiis

111 3888 383 3961 suis,que
403 3888 587 3944 abbas
609 3892 666 3944 et
689 3886 961 3943 monachi
977 3887 1192 3943 Montis
1207 3885 1765 3952 Thaborbabebant,

112 3984 237 4035 tam
251 3994 322 4034 ex
336 3979 488 4034 dono
503 3977 984 4050 predecessorum
1006 3992 1273 4032 meorum
1287 3993 1464 4049 quam
1476 3976 1770 4049 emptione

112 4068 204 4124 vel
236 4066 692 4140 conquisitione,
730 4065 791 4121 in
823 4065 1082 4138 predicto
1114 4064 1312 4133 easali,
1345 4069 1411 4120 ut
1459 4082 1526 4121 ea
1571 4065 1770 4123 omnia

114 4156 302 4213 libere
331 4161 390 4211 et
418 4154 617 4228 quiete
639 4158 878 4210 teneant
898 4158 954 4209 et
974 4154 1314 4226 possideant
1334 4153 1393 4209 in
1422 4160 1768 4227 perpetuum

114 4244 244 4301 sine
276 4244 437 4300 omni
470 4242 829 4316 calumpnia,
866 4259 935 4298 ea
974 4242 1239 4298 frantitia
1266 4243 1354 4277 ¹⁰⁵²
1401 4247 1459 4297 et
1503 4242 1769 4299 libertate

116 4350 235 4406 qua
263 4332 505 4389 abbates
526 4336 583 4388 et
610 4330 914 4389 monachis
932 4330 1142 4388 Montis
1160 4330 1393 4387 Tbabor
1408 4332 1771 4404 temporibus

119 4423 605 4494 predecessorum
638 4437 903 4477 meorum
926 4425 983 4476 et
1002 4436 1130 4476 meo
1146 4419 1406 4475 tenuisse
1428 4425 1769 4479 noscuntur.

116 4515 390 4567 Preterea
419 4508 840 4583 calumpniam,
873 4526 1052 4582 quam
1085 4508 1435 4566 fatiebamus
1462 4510 1552 4543 ¹⁰³⁴
1580 4508 1771 4582 predi-

1873 3360 1963 3413 cet
1973 3357 2205 3419 etDere,
2222 3372 2369 3427 quas
2380 3372 2448 3410 ex
2461 3353 2832 3410 concessione
2849 3352 3033 3409 felicis
3045 3351 3322 3408 memorie
3334 3349 3515 3406 domi-

1874 3446 1933 3501 ni
1953 3447 2037 3480 ¹⁰⁶¹
2063 3444 2377 3513 W[illelmi]
2408 3442 2734 3515 patriarche
2753 3443 2825 3498 ab
2859 3442 3079 3498 eisdem
3109 3439 3368 3497 censuali
3390 3440 3517 3495 iure

1875 3552 1978 3608 pro
2010 3534 2187 3589 unius
2220 3537 2340 3589 rote
2370 3549 2533 3588 cereo
2564 3532 2933 3597 tenebamus,
2964 3530 3285 3586 remotione
3317 3527 3426 3583 loci
3464 3531 3523 3582 et

1875 3622 2281 3696 magnitudine
2309 3638 2694 3694 expensarum
2719 3620 3061 3693 pregravati,
3090 3620 3251 3675 Petro
3274 3615 3451 3691 priori
3468 3619 3550 3672 et'

1876 3712 2173 3769 canonicis
2198 3711 2461 3766 eiusdem
2493 3710 2753 3775 ecclesie,
2786 3710 2858 3764 de
2889 3708 3057 3763 cuius
3087 3708 3212 3763 iure
3244 3705 3521 3779 procede-

1877 3804 1995 3869 bat,
2032 3802 2181 3857 bono
2211 3800 2407 3856 animo
2426 3803 2481 3855 et
2506 3799 2780 3855 concordi
2802 3795 3478 3853 voluntatereddidimus
3503 3811 3517 3863 ;

1875 3891 2073 3946 vineas
2103 3906 2235 3946 vero
2260 3892 2510 3952 nostras,
2536 3888 2741 3943 domos
2772 3888 2931 3943 et'm
2951 3885 3283 3941 ediﬁtia1063
3302 3887 3359 3940 et
3378 3886 3523 3939 cete-

1878 3998 1943 4036 ra
1971 3978 2212 4034 mobilia
2241 3982 2459 4041 nostra,
2494 3993 2607 4049 que
2636 3981 2756 4032 tam
2790 3974 3007 4032 laboris
3038 3974 3221 4030 nostri
3250 3971 3519 4029 exercitio

1878 4085 2055 4141 quam
2088 4067 2271 4139 pretio
2295 4067 2384 4101 ι⁰⁶⁴
2403 4064 2886 4136 conquisivimus,
2914 4065 3103 4120 eidem
3121 4081 3225 4136 pro
3255 4064 3310 4120 M
3332 4064 3419 4099 ¹⁰⁶⁵
3441 4062 3523 4118 bi-

1878 4156 2096 4214 sanciis
2125 4154 2518 4220 vendidimus,
2542 4158 2599 4209 et
2628 4171 2731 4226 pro
2761 4152 3152 4226 recognitione
3183 4153 3521 4209 earumdem

1879 4244 2204 4310 vinearum,
2240 4242 2549 4297 domorum
2579 4245 2636 4295 et
2665 4239 3022 4295 ediﬁtiorum
3044 4242 3134 4275 ¹⁰⁶⁶
3154 4240 3322 4295 nobis
3352 4246 3409 4295 et
3437 4256 3524 4295 ec-

1880 4332 2052 4390 clesie
2081 4334 2279 4387 nostre
2308 4329 2613 4385 annuatim
2644 4334 2762 4384 tres
2784 4332 2939 4384 rotas
2971 4328 3193 4384 incensi
3214 4332 3271 4385 et
3288 4344 3523 4385 cereum

1882 4421 2060 4477 unius
2090 4425 2213 4476 rote
2245 4420 2304 4474 in
2323 4418 2470 4475 festo
2501 4417 3039 4490 transﬁgurationis
3060 4417 3290 4473 Domini
3314 4418 3527 4472 debent.

1884 4510 2207 4583 persolvere
2236 4509 2345 4563 1°67.
2378 4508 2565 4563 Huius
2596 4505 3006 4563 transactionis
3036 4510 3215 4561 testes
3244 4510 3386 4561 sunt
3420 4522 3433 4560 :

115 4599 230 4655 etis
262 4599 564 4654 canonicis
595 4599 666 4655 de
688 4599 944 4671 quadam
967 4599 1161 4667 domo,
1181 4615 1357 4671 quam
1381 4603 1514 4655 ante
1536 4600 1776 4671 emptio-
1806 4607 1852 4672 Ι)
1956 4598 2261 4664 Letardus,
2300 4597 2632 4655 Nazarenus
2675 4594 3168 4668 archiepiscopus.
3218 4594 3525 4658 Radulfus,

113 4704 252 4743 nem
281 4686 445 4743 illam
478 4687 775 4744 habebant
804 4688 862 4742 in
894 4687 1155 4759 predicto
1189 4686 1387 4757 easali,
1412 4687 1647 4760 penitus
1682 4706 1770 4745 re-

117 4777 417 4833 mittimus
439 4781 495 4832 et
516 4781 581 4832 ut
609 4792 740 4833 eam
771 4776 965 4849 quiete
993 4780 1050 4833 et
1079 4776 1207 4833 sine
1237 4775 1577 4849 calumpnia
1608 4778 1772 4833 dein-

116 4882 260 4938 ceps
283 4869 523 4921 teneant
552 4871 607 4921 et
639 4865 979 4939 possideant
1026 4865 1421 4921 concedimus.
1456 4865 1527 4921 Ut
1574 4871 1773 4923 autem

117 4955 423 5011 concessio
454 4959 512 5011 et
541 4972 821 5012 assensus
847 4959 1044 5011 noster
1071 4955 1131 5009 in
1162 4959 1460 5027 posterum
1482 4973 1517 5011 a
1541 4956 1775 5013 nemine

117 5044 312 5117 possit
356 5044 605 5117 perverti
649 5061 754 5102 seu
804 5043 1245 5118 quomodolibet
1283 5043 1504 5113 violari,
1536 5062 1776 5118 presens

2022 4687 2390 4744 Sebastensis
2411 4686 2741 4759 episcopus.
2760 4684 3067 4751 Iohannes,
3086 4683 3244 4756 prior
3264 4684 3526 4740 eiusdem

2024 4777 2290 4833 ecclesie.
2325 4777 2548 4841 Petrus,
2584 4780 2785 4831 cantor
2815 4773 3091 4847 Tyrensis
3121 4772 3381 4830 ecclesie.

1953 4868 2033 4923 De
2066 4865 2361 4922 canonicis
2394 4870 2590 4921 autem
2621 4863 2817 4921 Sancti
2851 4862 3113 4936 Sepulcri
3156 4880 3170 4918 :

1957 4955 2245 5011 Iohannes
2277 4954 2649 5019 Pictavensis,
2686 4954 2806 5027 Ugo
2829 4953 2918 4988 ¹⁰⁶⁸
2939 4954 3011 5009 de
3032 4952 3274 5027 Nigella,
3302 4952 3533 5009 Rainal-

2028 5044 2140 5099 dus
2172 5043 2243 5099 de
2267 5044 2497 5110 Lochis,
2519 5042 2959 5111 Constantinus,
2985 5046 3043 5099 et
3062 5042 3285 5112 Petrus,
3306 5048 3529 5111 cantor,

192 5221 284 5295 ίοξθ
316 5221 466 5295 A,f°
499 5222 624 5291 115,
657 5229 718 5277 v°
743 5240 757 5291 ;
780 5223 871 5290 32,
930 5230 1004 5278 r°.
1040 5223 1128 5258 ¹⁰⁴⁹
1158 5221 1314 5277 Dans
1346 5219 1476 5295 Brla
1505 5222 1787 5295 rubrique
1825 5225 1915 5295 est
1945 5221 2098 5295 ainsi
2130 5220 2711 5295 Δοοιιςξυθ,ζμ-ιιίιςδεηηςαδ
2760 5220 3047 5295 Βιιίιίέιιίῃξ2
3094 5221 3294 5295 cesam
3344 5221 3535 5295 sancti

117 5293 328 5365 Egidii,
363 5294 436 5349 de
461 5296 732 5365 emptione
758 5295 910 5365 facta
938 5312 973 5349 a
1002 5295 1334 5350 monasterio
1365 5294 1555 5349 Muniis
1589 5292 1814 5351 Tha—bar.
1852 5294 1940 5329 ¹⁰⁸⁰
1972 5294 2035 5357 Β,
2068 5292 2314 5365 Ricardi.
2367 5292 2449 5326 ¹⁰⁵¹
2486 5296 2548 5365 B,
2600 5294 2927 5365 conscripta.
2962 5292 3051 5327 ¹⁰³²
3094 5292 3345 5365 Manque
3385 5293 3534 5348 dans

120 5363 311 5445 ἔξω
342 5368 406 5445 ἓν
437 5363 734 5445 {reﬁciat}:
759 5363 1462 5445 1°“-Bzf96iebaeu8-JE“:
1494 5369 1556 5432 Βι
1590 5367 1765 5445 sli.qu

1900 5365 2037 5445 .105“
2069 5364 2493 5445 La‘signature‘
2518 5363 2590 5444 de
2621 5378 2684 5444 ce
2712 5363 2934 5418 témoin
2989 5363 3266 5445 manque’
3286 5363 3527 5445 dans_B.

121 5436 210 5471 ποετ
244 5440 307 5503 Β,
339 5433 599 5491 Carinas.
632 5437 724 5472 ωδε
753 5437 820 5503 Α,
854 5436 901 5492 e
934 5433 1055 5506 116,
1088 5446 1142 5492 r°
1177 5454 1189 5504 ;
1220 5440 1283 5504 B,
1315 5435 1359 5489 ιδ
1392 5436 1482 5501 33,
1509 5446 1581 5490 r°.
1617 5433 1707 5472 ισεο
1735 5437 1765 5492 I:

1928 5440 1971 5490 B
2000 5434 2057 5490 la
2086 5433 2366 5506 rubrique
2414 5436 2503 5506 est
2531 5433 2680 5489 ainsi
2711 5450 2929 5503 concue
2959 5450 2973 5489 :
3005 5436 3080 5490 De
3104 5433 3535 5506 possessionibus

119 5508 317 5565 Montis
349 5508 582 5591 Thabqr,
612 5524 715 5591 que
741 5515 871 5563 sunt
899 5505 1047 5581 apud
1084 5508 1266 5565 casale
1298 5509 1491 5563 Sancti
1520 5507 1717 5579 Egidii.
1747 5509 1762 5543 ¹

121 5582 165 5613 ‘D
222 5578 314 5613 1063
347 5582 387 5613 Ω
442 5579 533 5613 ΔΑ.
546 5580 665 5613 £1»:-
721 5580 812 5613 1066
843 5584 883 5613 ι)
939 5581 1122 5613 αηηυιέη
1186 5580 1274 5613 1065
1311 5583 1349 5613 ι)
1403 5595 1500 5613 nun
1531 5579 1740 5613 Auni-mn

1900 5515 1929 5575 ι,
1958 5506 2280 5613 Turbas'ym.
2306 5505 2390 5540 ¹⁰⁶¹
2425 5505 2675 5613 Manque
2703 5506 2852 5562 dans
2883 5511 2944 5561 Β.
2987 5506 3076 5541 ¹⁰⁶⁸

1900 5580 1973 5613 ηοω
2007 5583 2046 5613 n
2121 5594 2148 5613 ο
2186 5578 2455 5613 ,νερίηνηηη
2512 5578 2576 5613 me
2631 5581 2673 5613 ρ
2736 5579 3034 5613 nam)...”

121 5582 184 5656 ἒ,
222 5578 314 5615 ¹⁰⁶³
343 5582 411 5651 Β,
439 5578 687 5655 ediﬁcia.
721 5580 812 5618 1°“
839 5584 904 5651 Β,
930 5578 1141 5656 ὶηεεσὶο.
1186 5580 1274 5616 ¹⁰⁶⁵
1306 5583 1370 5648 Β,
1398 5595 1500 5654 pro
1530 5578 1740 5638 duobus

1900 5580 1973 5618 ‘0“
2006 5583 2067 5651 Β,
2119 5578 2477 5655 ediﬁciorum.
2512 5578 2576 5615 ¹⁰⁶

120 5652 298 5728 Hugo.

3165 5522 3359 5579 anque
3380 5506 3535 5579 dans

2628 5581 2693 5647 B,
2731 5579 3034 5656 persolvere
3078 5577 3291 5637 debent.
3328 5577 3435 5651 ‘0“,
3470 5582 3533 5651 Β,
