4012 6072
466 304 616 368 1231

608 438 959 494 sacerdotes.
990 437 1111 493 Odo
1143 439 1230 473 ¹⁰⁶⁶
1260 440 1316 493 et
1354 436 1690 504 Gaufridus,
1726 435 1974 493 diaconi.
2012 436 2110 491 Pe-
2141 454 2196 520 Α

608 533 736 584 trus
793 526 1157 583 Mahumarie
1187 528 1276 562 ¹⁰⁷⁰
1303 530 1359 582 et
1388 526 1677 583 Itobertus
1711 526 1911 591 Rome,
1963 525 2103 581 sub-

607 618 855 673 diaconi.

538 706 619 761 De
648 705 951 761 monachis
981 723 1113 761 vero
1148 705 1363 762 Montis
1393 704 1628 762 Thabor
1661 723 1674 761 :

538 813 902 877 Lancelinus,
937 813 1113 885 prior.
1134 818 1341 869 Petrus
1372 814 1442 868 de
1460 813 1654 877 Pedio,
1677 811 2098 868 thesaurarius.

607 901 913 957 Martinus.
950 902 1236 958 Iohannes
1282 902 1554 973 Yspanus
1588 903 1695 956 ωτι.
1748 902 2102 973 Stephanus,

602 996 823 1047 cantor.
857 991 1200 1049 Aimericus.
1234 992 1536 1047 Dominus.
1570 992 1857 1047 Iohannes
1891 992 1960 1046 de
1994 992 2102 1046 Na-

592 1086 765 1136 zaret.
800 1082 1081 1137 Enardus.
1118 1081 1456 1138 Pandulfus.
1489 1079 1823 1137 Willelmus
1868 1080 2102 1136 Provin-

600 1169 756 1225 tialis
776 1172 882 1225 1°79.
918 1170 1312 1226 Marcellinus.

527 1258 610 1315 De
641 1259 867 1316 clericis
897 1260 1182 1316 Nazareth
1219 1276 1231 1315 :

528 1365 834 1435 Geraldus,
849 1367 1296 1422 archidiaconus
1315 1368 1665 1423 Nazarenus.
1684 1365 1886 1423 Tibald
1899 1384 1986 1433 us,
2013 1383 2103 1421 ca-

599 1455 844 1511 nonicus
875 1455 1231 1528 Sydonensis
1262 1458 1369 1510 “’73.
1414 1456 1723 1522 Iohannes,
1781 1453 2099 1511 canonicus

597 1546 948 1602 Nazarcnus.
970 1545 1257 1602 Galterius
1271 1546 1340 1601 de
1370 1544 1622 1619 Capella.
1646 1546 1933 1602 Iohannes
1947 1546 2100 1601 Cori-

595 1634 823 1691 thensis
856 1637 960 1690 “’7‘.
988 1636 1282 1704 Gibertus,
1307 1634 1646 1708 capellanus
1668 1635 1892 1691 domini
1915 1635 2101 1691 archi-

596 1724 849 1797 episcopi
884 1725 1183 1794 Nazareni,
1218 1725 1286 1779 Et
1321 1724 1603 1780 Iordanus
1636 1724 1938 1780 Mercator.

528 1816 699 1870 Facta
728 1819 816 1870 est
846 1813 951 1869 hoc
984 1813 1301 1869 transactio
1332 1830 1484 1869 anno
1517 1813 1811 1870 dominice
1836 1814 2095 1870 incarna-
2130 1838 2179 1902 Β

452 1906 629 1962 tionis
660 1921 904 1971 MCLXXV,
922 1904 1234 1959 indictione
1247 1921 1317 1972 Vi,
1332 1916 1423 1959 XVI
1444 1903 1726 1960 kalendas
1741 1906 2111 2005 novembris:

1092 2069 1302 2126 CXLIII
1338 2072 1446 2126 "’75.

453 2183 529 2225 DE
586 2180 835 2232 QUADAM
894 2178 1046 2222 PACE
1105 2177 1469 2222 REFORMATA
1519 2178 1699 2222 INTER
1758 2180 2103 2230 CANONICOS

615 2259 827 2305 SANCTI
859 2259 1139 2304 SEPULCBI
1163 2258 1237 2301 ET
1267 2258 1551 2319 MONACQS
1584 2260 1659 2302 DE
1695 2260 1938 2307 LATINA.

524 2376 642 2447 Ego
672 2374 1027 2440 Willelmus,
1087 2374 1185 2430 Dei
1218 2373 1403 2446 gratia
1447 2376 1798 2433 Acconensis
1858 2378 2102 2437 ecclesie

454 2464 786 2537 episcopus,
818 2481 851 2519 a
881 2464 1117 2519 domino
1167 2480 1318 2535 papa
1357 2463 1724 2532 A[lexandro]
1773 2467 2098 2540 delegatus,

452 2553 535 2608 fui
568 2553 831 2626 cognitor
852 2552 1159 2608 cuiusdam
1192 2568 1384 2620 cause,
1421 2570 1533 2623 que
1584 2555 1918 2610 vertebatur
1946 2556 2101 2613 inter

451 2643 762 2698 canonicos
793 2641 989 2698 Sancti
1012 2640 1272 2713 Sepulcri
1296 2646 1353 2697 et
1376 2659 1650 2697 monacos
1674 2644 1743 2699 de
1778 2645 1982 2700 Latina
2006 2664 2101 2700 su-

449 2749 553 2805 per
581 2732 837 2787 decimas
868 2731 1174 2786 cuiusdam
1198 2730 1592 2803 casalis,quod
1611 2736 1849 2788 vocatur
1872 2734 2098 2791 Mento-

449 2820 562 2893 ple,
582 2837 759 2893 quam
781 2820 1051 2876 monachi
1083 2820 1353 2875 dicebant
1384 2837 1489 2876 suo
1520 2819 1631 2875 iuri
1664 2821 1971 2893 pertinere,
1996 2840 2096 2880 ca-

453 2910 647 2965 nonici
676 2927 807 2966 vero
820 2927 849 2966 e
864 2908 1150 2965 contrario
1166 2914 1493 2965 asserentes
1508 2910 1776 2965 eamdem
1792 2915 2095 2984 tamquam

452 2999 563 3056 sibi
602 3000 858 3055 debitam
874 2997 1272 3071 possidebant.
1289 2997 1389 3053 Die
1402 2997 1598 3069 itaque
1614 2998 1945 3071 experiendi
1961 3002 2098 3057 utri-

452 3106 563 3162 que
578 3088 725 3162 parti
741 3092 979 3155 statuto,
1000 3086 1446 3160 allegationibus
1477 3086 1613 3142 hinc
1636 3087 1770 3143 inde
1790 3088 2098 3162 diligenter

974 306 1077 366 AD
1123 302 1637 366 GODEFRIDUM
1680 305 2013 365 APPEND.
2063 304 2139 365 II.
2172 338 2249 347 —
2281 303 2594 366 MONUM.
2644 305 2745 366 DE
2788 302 3037 367 BELLO
3083 304 3361 367 SACRO.

3721 294 3873 366 1239

2867 438 3081 494 CXLIV
3115 439 3224 496 1°75.

2216 559 2603 606 PRIVILEGIUM
2626 561 2941 619 AMALRICI,
2965 563 3171 615 QUINTI
3192 563 3363 610 REGIS
3385 534 3761 618 LATINORUM,
3787 567 3858 610 DE.

2257 640 2415 685 ΒοΝο
2437 642 2514 686 ET
2538 642 3161 688 LIBERTATEECCLESIE
3181 643 3399 689 SANCTI
3416 641 3827 695 ssrULcalw“.

2284 780 2350 831 In
2377 776 2613 833 nomine
2642 781 2841 834 sancte
2870 782 2925 834 et
2948 779 3245 835 individue
3271 779 3583 838 Trinitatis
3602 783 3794 843 Patris
3813 791 3865 842 et

2215 863 2341 921 Filii
2374 870 2430 921 et
2469 866 2723 939 Spiritus
2754 868 2974 934 Sancti,
3008 884 3201 923 amen.

2284 971 2496 1027 Notum
2530 973 2607 1029 sit
2636 974 2929 1042 omnibus,
2965 979 3084 1030 tam
3118 975 3331 1032 futuris
3362 993 3535 1049 quam
3572 982 3859 1052 presenti-

2213 1059 2325 1115 bus
2356 1063 2463 1130 “'78,
2498 1063 2652 1134 quod
2685 1080 2789 1135 ego
2818 1064 3165 1135 Amalricus,
3221 1083 3324 1137 per
3369 1069 3622 1139 gratiam
3666 1069 3773 1126 Dei
3804 1070 3859 1127 in

2213 1154 2417 1205 sancta
2447 1151 2679 1207 civitate
2710 1151 3023 1208 Ierusalem
3056 1153 3401 1211 Latinorum
3435 1174 3530 1212 rex
3587 1158 3854 1230 quintus,

2210 1240 2686 1309 predecessorum
2706 1258 2969 1298 meorum
2993 1242 3178 1299 felicis
3198 1245 3496 1310 memorie,
3523 1247 3691 1303 ducis
3714 1249 3862 1305 vide-

2209 1324 2347 1382 licet
2375 1328 2669 1385 Godefridi
2701 1330 3014 1403 fratrisque
3044 1332 3234 1404 ipsius
3270 1334 3565 1402 Balduini,
3601 1336 3863 1393 Ierosoli-

2210 1431 2440 1472 morum
2454 1417 2607 1489 regis
2620 1418 3112 1491 primi,Balduini,
3128 1420 3305 1478 etiam
3324 1426 3565 1480 secundi
3584 1425 3743 1499 regis
3757 1443 3861 1482 nec

2208 1520 2324 1559 non
2343 1510 2400 1561 et
2422 1506 2694 1563 Fulconis
2711 1507 2892 1580 patris
2909 1508 3021 1565 mei
3041 1513 3096 1565 et
3112 1510 3262 1565 bone
3285 1512 3568 1568 memorie
3591 1514 3861 1571 Balduini

2210 1592 2405 1650 fratris
2437 1595 2569 1663 mei,
2603 1597 2854 1652 civitatis
2879 1597 3141 1653 eiusdem
3171 1600 3326 1671 regis
3351 1603 3568 1673 quarti,
3597 1603 3863 1677 vestigiis

2206 1679 2473 1739 inherere
2496 1685 2853 1752 desiderans,
2877 1703 2980 1759 pro
3003 1686 3197 1742 salute
3220 1705 3351 1745 mea
3366 1706 3430 1745 ac
3452 1707 3715 1746 meorum
3737 1697 3859 1748 tam

2204 1770 2467 1828 vivorum
2495 1791 2672 1845 quam
2700 1775 3133 1843 defunctorum,
3160 1779 3442 1834 conﬁrmo
3462 1785 3516 1835 et
3546 1782 3859 1837 corroboro

2214 1859 2455 1917 ecclesie
2473 1863 2759 1918 Dominici
2774 1864 3035 1936 Sepulcri
3056 1866 3141 1901 ίοτθ
3161 1864 3539 1940 eiusdemque
3560 1870 3860 1927 canonicis

2218 1967 2373 2006 nunc
2406 1951 2619 2007 ibidem
2652 1953 2767 2008 Deo
2800 1951 3183 2010 servientibus
3204 1961 3261 2011 et
3282 1955 3339 2011 in
3363 1962 3663 2029 posterum
3685 1959 3862 2016 servi-

2216 2040 2364 2096 turis
2395 2057 2763 2113 quecumque
2782 2042 2841 2096 in
2860 2047 3121 2115 tempore
3144 2047 3201 2099 et
3222 2062 3255 2100 a
3274 2049 3533 2118 tempore
3554 2047 3723 2104 ducis
3747 2049 3856 2105 Go-

2215 2129 2424 2185 defridi
2456 2130 2607 2185 iuste
2638 2147 2703 2186 ac
2763 2126 3209 2188 rationabiliter‘
3235 2132 3406 2203 dono,
3456 2137 3853 2205 concessione,

2213 2218 2670 2275 commutatione
2699 2218 2787 2275 vel
2820 2222 3115 2293 emptione
3146 2222 3297 2279 infra
3339 2224 3499 2297 regni
3552 2226 3665 2281 mei
3709 2228 3855 2283 ﬁnes

2212 2325 2398 2380 usque
2431 2309 2490 2363 in
2522 2308 2872 2365 hodiernum
2893 2310 3048 2366 diem
3071 2309 3420 2384 impetravit.
3445 2314 3725 2381 Seriatim
3746 2315 3855 2389 igi-

2208 2402 2305 2452 tur
2320 2414 2431 2470 que
2445 2396 2533 2452 vel
2556 2415 2589 2452 a
2611 2399 2823 2469 quibus
2840 2404 3142 2471 pretaxata
3162 2401 3405 2457 ecclesia
3419 2403 3592 2469 dono,
3616 2421 3854 2461 conces-

2208 2487 2391 2553 sione,
2416 2486 2874 2543 commutatione
2904 2488 3023 2544 sive
3044 2490 3341 2562 emptione
3361 2491 3475 2547 huc
3496 2510 3684 2565 usque
3702 2494 3854 2565 opti-

2208 2577 2357 2643 nuit,
2392 2580 2454 2631 ut
2485 2576 2789 2648 sequentia
2818 2576 3134 2644 declarant,
3154 2595 3366 2650 ponere
3394 2579 3586 2637 libuit.
3620 2581 3851 2639 Primus

2207 2666 2402 2737 itaque
2432 2666 2550 2720 dux
2578 2665 2928 2722 Godefridus
2948 2682 3037 2722 xxx
3068 2668 3286 2724 casalia
3316 2686 3449 2724 cum
3482 2670 3854 2742 pertinentiis

2206 2756 2351 2824 suis,
2384 2755 2733 2827 subscriptis
2763 2756 3103 2811 nominibus
3136 2764 3492 2831 nuncupata,
3533 2760 3849 2833 Ainquine,

2202 2843 2479 2911 Armotie,
2503 2845 2776 2912 Keﬂ‘reca,
2803 2845 3070 2900 Keﬂ‘redil
3087 2847 3193 2915 103°,
3212 2848 3545 2920 Bubin,que
3569 2850 3687 2905 duo
3715 2867 3851 2906 cum

2205 2933 2460 3006 quadarn
2491 2933 2744 3005 gastina,
2777 2932 3186 2989 Bethcbamzir
3208 2939 3850 3009 nuncupata,canonici

2204 3022 2411 3096 prefati
2447 3021 2732 3077 militibus
2761 3022 2984 3095 Templi
3017 3040 3121 3095 pro
3154 3040 3221 3079 cr.
3245 3025 3525 3081 bisanciis
3558 3027 3670 3093 ¹⁰⁸¹,
3701 3044 3850 3100 quos

2203 3111 2508 3168 annuatim
2525 3110 2826 3166 solvebant
2837 3112 2909 3166 ad
2926 3112 3324 3169 defensionem
3343 3118 3510 3181 terre,
3534 3115 3849 3184 dederunt,

450 3178 666 3235 auditis
696 3177 1304 3276 et‘c_otgpitis,tandem
1320 3176 2091 3276 persufﬁcientesetiuratos
2123 3208 2165 3276 α
2202 3201 2438 3266 Hubim,
2473 3200 2708 3267 Raram,
2740 3200 3069 3268 Kalendrie,
3094 3201 3419 3275 Bentiligel,
3453 3176 3635 3269 Bina,
3671 3221 3789 3276 que
3819 3176 3852 3261 εί

453 3273 630 3325 testes
646 3266 822 3323 michi
837 3267 981 3321 ﬁdes
999 3266 1143 3320 facta
1169 3270 1257 3320 est
1278 3265 1433 3336 quod
1455 3266 1787 3336 procedenti
1811 3271 2089 3340 tempore,

452 3359 592 3413 dum
624 3358 729 3413 hec
750 3356 954 3412 eadem
986 3354 1211 3427 questio
1245 3354 1395 3409 inter
1425 3355 1676 3426 prefatas
1707 3355 1983 3413 ecclesias
2004 3375 2095 3414 co-

449 3464 573 3502 ram
610 3444 938 3518 patriarcha
960 3443 1263 3499 Fulcherio
1285 3448 1654 3512 tractaretur,
1680 3445 1861 3500 abbas
1880 3446 2093 3502 Ameli-

448 3552 560 3589 nus
592 3535 661 3589 de
680 3532 1087 3603 Latinaipsam
1101 3530 1387 3587 decimam
1401 3532 1770 3589 canonicisin
1794 3551 1934 3606 pace
1948 3553 2091 3591 con-

444 3624 617 3679 fitens
639 3623 763 3691 ei[s]
794 3621 987 3676 deberi
1022 3620 1272 3693 reliquit,
1308 3638 1423 3676 una
1459 3621 1581 3677 vice
1625 3638 1818 3677 coram
1851 3624 2088 3683 domino

444 3711 777 3785 patriarcha
796 3710 1167 3784 presentibus
1190 3710 1543 3781 quibusdam
1579 3711 1856 3768 fratribus
1878 3713 2002 3769 suis
2032 3720 2089 3771 et

444 3818 560 3857 non
592 3799 1146 3865 contradicentibus,
1181 3798 1362 3853 altera
1390 3797 1512 3853 vice
1536 3798 1593 3853 in
1627 3798 1798 3870 pleno
1830 3803 2087 3874 capitulo

443 3889 646 3947 Latino
679 3887 839 3944 nullo
862 3888 929 3943 de
956 3887 1234 3942 fratribus
1256 3886 1705 3944 contradicente.
1730 3890 2085 3963 Cognitaita-

442 3997 554 4052 que
585 3984 703 4034 tam
736 3975 1048 4049 sollempni
1079 3976 1529 4041 renuntiatione,
1564 3978 1876 4035 canonicos
1893 3980 2087 4036 Domi—

441 4068 555 4124 nici
575 4066 835 4140 Sepulcri
854 4066 926 4121 ab
949 4065 1062 4120 ista
1081 4064 1440 4137 impetitione
1459 4066 1880 4123 monachorum
1895 4070 2083 4126 absol-

438 4162 591 4227 vo,et
602 4156 836 4213 eosdem
852 4154 1173 4227 predictam
1195 4153 1481 4209 decimam
1500 4155 1648 4211 iuste
1671 4174 1855 4229 usque
1873 4157 1932 4213 in
1949 4176 2082 4231 per—

438 4251 680 4320 petuum
711 4244 1009 4318 possidere
1041 4243 1256 4300 iudico.
1311 4243 1705 4301 Interfuerunt
1753 4245 1891 4303 huic
1924 4252 2081 4304 carte

436 4340 615 4392 testes
648 4352 660 4390 :

506 4452 823 4508 Hernesius
853 4450 1150 4521 dominus,
1181 4448 1540 4505 Cesariensis
1581 4449 2076 4524 archiepiscopus.

576 4538 862 4595 Dominus
895 4536 1194 4604 Iubaldus,
1230 4536 1546 4593 Bibliensis
1574 4537 1818 4594 electus.
1851 4538 2073 4607 Daniel,

574 4634 795 4684 cantor.
833 4626 1108 4691 Ilutinus,
1130 4626 1558 4684 thesaurarius.
1585 4626 1862 4698 Magister
1884 4629 2077 4684 Mona-

574 4716 741 4771 chus.
785 4714 1064 4787 Magister
1120 4713 1423 4786 Rogerius.
1476 4713 1682 4779 Guido,
1736 4717 2071 4773 canonicus.

570 4802 924 4870 Willelmus,
951 4802 1173 4865 Petrus,
1192 4802 1522 4873 presbiteri.
1544 4803 1846 4873 Girardus,
1872 4804 2080 4862 Itober-

572 4898 688 4957 tus,
720 4891 1066 4957 Bernoldus,
1102 4891 1297 4959 Fulco,
1332 4891 1583 4947 diaconi.
1619 4893 1806 4949 Guido
1839 4894 1909 4949 de
1959 4896 2075 4951 Me-

571 4982 750 5035 niers.
788 4978 1181 5035 Maxitsserius
1212 4981 1281 5035 de
1312 4980 1577 5036 Cesarea.
1615 4982 1844 5055 Rorgus
1874 4984 1945 5039 de
1971 4985 2077 5042 Na-

567 5066 785 5121 zareth.
819 5068 1185 5122 Godecallus.
1220 5068 1548 5125 Amalricus
1578 5071 1650 5125 de
1676 5075 1936 5128 Cesarea.
1978 5073 2074 5129 Ai-

570 5155 795 5210 caldus.
832 5155 1219 5212 Raimundus.
1253 5157 1577 5215 Pandxilfus
1607 5160 1891 5233 Pysanua.

2202 3287 2498 3345 modernis
2512 3288 2871 3344 Mahomeria
2888 3289 3070 3345 Maior
3082 3297 3477 3363 nuncupatur,
3492 3293 3660 3348 Sabai
3671 3295 3846 3361 etim,

2199 3379 2555 3445 Ataraberet,
2589 3376 2805 3445 Urinet,
2857 3378 3097 3445 Zenum,
3133 3378 3389 3449 Lemule,
3442 3379 3848 3451 Bentelamus,

2198 3466 2521 3532 Aineseins,
2556 3483 2673 3539 quo
2705 3467 2877 3523 modo
2926 3467 3243 3525 Valdecurs
3291 3469 3526 3537 dicitur,
3558 3472 3844 3539 Barmita,

2198 3557 2544 3613 Beituimen.
2572 3555 2919 3623 Beitfoteire,
2940 3557 3258 3626 Betsurieh,
3279 3558 3337 3614 in
3361 3559 3532 3615 cuius
3550 3560 3844 3617 territorio

2200 3647 2444 3702 fundata
2462 3650 2552 3702 est
2565 3645 2701 3701 villa
2720 3662 2834 3717 que
2855 3645 3068 3701 dicitur
3086 3651 3267 3702 Parva
3286 3646 3845 3714 Mahomeria,eccle-

2197 3736 2301 3804 sie,
2335 3736 2406 3790 de
2420 3734 2761 3808 quaagitur,
2777 3734 2956 3803 dedit,
2971 3740 3027 3790 et
3041 3736 3164 3791 iure
3187 3740 3465 3808 perpetuo
3480 3738 3840 3809 possidenda

2194 3824 2503 3881 concessit.
2538 3823 2706 3879 Dedit
2737 3823 2976 3896 insuper
2996 3824 3183 3880 eidem
3205 3824 3445 3881 ecclesie
3478 3840 3689 3881 omnes
3722 3827 3842 3883 fur-

2195 3931 2302 3969 nos
2320 3911 2658 3980 Ierusalem,
2681 3912 2934 3985 exceptis
2964 3914 3194 3970 duobus
3212 3919 3466 3980 tantum,
3492 3930 3607 3970 uno
3631 3916 3706 3971 de
3731 3917 3841 3972 Ho-

2194 4002 2387 4075 spitali
2419 4006 2475 4057 et
2503 4002 2683 4057 altero
2707 4002 2776 4057 de
2809 4002 3034 4057 Latina.
3059 4002 3127 4057 Et
3145 4000 3371 4074 primus
3391 4019 3487 4059 rex
3512 4002 3843 4061 Balduinus

2191 4091 2409 4164 prefate
2431 4089 2672 4146 ecclesie
2689 4091 2842 4161 apud
2856 4091 3134 4146 Sanctum
3151 4097 3426 4147 Lazarum
3441 4092 3689 4149 villanos
3704 4110 3841 4150 cum

2190 4178 2433 4235 familiis
2461 4179 2587 4235 suis
2601 4179 2760 4234 dedit
2781 4179 3110 4247 ettradidit,
3130 4184 3187 4235 et
3200 4192 3251 4236 Iv
3265 4180 3484 4236 casalia
3503 4184 3843 4254 superSan-

2190 4274 2349 4325 ctum
2381 4269 2685 4334 Lazarum,
2719 4283 2970 4340 quorum
2990 4267 3230 4325 nomina
3250 4274 3391 4325 sunt
3412 4270 3552 4325 hec:
3579 4270 3843 4327 Beneha-

2187 4358 2285 4426 tie,
2320 4357 2711 4425 Benehabetb,
2748 4357 3065 4429 Ragabam,
3095 4358 3280 4413 Roma
3304 4376 3317 4426 ;
3342 4361 3399 4414 et
3422 4357 3562 4414 item
3584 4357 3645 4413 in
3667 4359 3843 4415 terri-

2185 4447 2333 4503 torio
2351 4446 2729 4519 Neapolitano
2753 4445 2913 4501 mille
2929 4446 3157 4503 modios
3183 4446 3358 4501 tritici
3386 4445 3642 4520 singulis
3663 4448 3841 4505 annis

2187 4536 2557 4608 accipiendos
2575 4534 2802 4607 primus
2818 4552 2915 4591 rex
2929 4533 3251 4591 Balduinus
3269 4536 3457 4591 eidem
3473 4536 3633 4592 dedit
3654 4537 3840 4594 eccle-

2185 4625 2269 4681 sie
2292 4644 2305 4693 ;
2332 4641 2465 4681 secu
2477 4624 2626 4679 ndus
2644 4628 2839 4679 autem
2857 4639 2956 4679 rex
2968 4623 3292 4680 Balduinus
3303 4641 3407 4697 pro
3420 4624 3510 4679 his
3530 4624 3693 4681 mille
3710 4641 3837 4682 mo-

2186 4713 2301 4769 diis
2331 4713 2390 4768 in
2422 4711 2711 4768 territorio
2728 4710 3109 4783 Neapolitano
3129 4712 3341 4779 casale,
3365 4712 3605 4768 nomine
3633 4712 3838 4770 Cafar-

2187 4802 2432 4867 melecb,
2465 4801 2643 4857 dedit.
2677 4802 2797 4866 Que
2828 4801 3047 4869 omnia,
3090 4806 3157 4857 ut
3184 4802 3455 4874 superius
3504 4807 3839 4860 memorata

2186 4895 2346 4960 sunt,
2379 4889 2623 4946 ecclesie
2654 4888 2870 4946 Sancti
2928 4890 3188 4962 Sepulcri
3222 4892 3312 4927 ¹⁰⁸³
3339 4907 3447 4964 ego
3472 4888 3834 4956 Amalricus,

2184 4980 2699 5037 Iherosolimorum
2723 4995 2821 5034 rex
2843 4979 3105 5050 quintus,
3134 4996 3201 5035 ex
3231 4984 3395 5053 parte
3426 4995 3556 5035 mea
3572 4980 3835 5037 concedo

2182 5074 2239 5127 et
2266 5070 2636 5144 perhenniter
2682 5068 2951 5124 habenda
3002 5069 3266 5125 decerno.
3317 5073 3428 5125 Pro
3485 5069 3836 5125 concambio

2180 5159 2374 5217 Sancti
2392 5157 2591 5215 Lazari
2604 5158 2664 5214 in
2679 5157 2962 5215 Bethania
2982 5162 3039 5215 et
3053 5157 3451 5232 predictorum
3474 5168 3525 5212 Iv
3541 5156 3834 5214 casalium

493 5377 584 5455 ξθίξθ
604 5381 667 5455 Β)
901 5377 989 5413 ¹⁰ῖ⁰
1018 5382 1080 5445 Β,
1114 5380 1464 5455 Mahomeria.
1501 5381 1682 5455 “WB,
1715 5384 2031 5455 Hyspanus.
2069 5384 2098 5419 ¹⁴

2205 5390 2239 5451 ι,
2264 5382 2651 5440 Provincialz's.
2668 5382 2767 5455 j°73
2796 5386 2865 5451 Α,
2897 5382 3275 5455 Sydoniemis.
3301 5382 3392 5420 ωτι
3413 5386 3474 5451 Β,
3497 5381 3825 5455 σοᾼνίιοηδὺ,

422 5448 511 5483 ¹⁰⁷⁸
537 5450 600 5514 Δ,
714 5449 833 5528 ΗΖ,
865 5460 955 5528 _r°__;
993 5467 1246 5528 manque
1276 5452 1429 5528 dans
1458 5456 1517 5506 Β.
1555 5453 1737 5528 ίμοῖθμᾼλ
1762 5448 1806 5528 Ii?
1825 5448 1961 5528 "£21,
1995 5466 2091 5524 v°;

2220 5448 2265 5509 to
2290 5456 2411 5522 H7,
2439 5464 2520 5510 νο.
2554 5455 2643 5528 ¹⁰ξδ⁷
2664 5453 2822 5509 Dans
2851 5448 2915 5513 Β,
2937 5448 2994 5509 la
3025 5455 3306 5528 rubrique
3327 5471 3400 5528 ne
3431 5448 3826 5528 contientqué

418 5534 520 5605 ges
538 5522 691 5605 mets
718 5522 1145 5605 fnfrivil'egium.
1160 5522 1429 5605 ﬁmgnlfigi
1454 5525 1634 5605 regis.
1654 5524 1741 5605 {07?
1773 5527 1866 5605 gn
1891 5522 1960 5605 l_it
1989 5522 2209 5605 ῥῖψε-Α
2235 5543 2254 5605 _:
2291 5535 2401 5583 tam
2428 5526 2639 5600 futuris
2664 5539 2831 5599 quam
2858 5528 3090 5602 futuris,
3113 5522 3297 5599 1"WB,
3330 5527 3600 5603 Sepulcri.
3635 5522 3821 5596 1"""B,

413 5592 682 5670 chredil.
717 5593 804 5631 1°“
837 5597 901 5663 B,
936 5592 1213 5649 bizantiis.
1249 5593 1337 5629 ¹⁰⁸²
1367 5598 1431 5664 Β,
1466 5594 1746 5664 δαὸαΙιιέι,
1779 5597 1867 5634 ’0⁸³
1897 5601 1960 5668 Β,
1994 5598 2097 5673 Sep
