4012 6072
176 324 342 389 1237

1184 327 1687 392 CARTULAIRE
1730 331 1836 394 DU
1880 330 2109 396 SAINT
2151 333 2580 401 SEPULCRE.

3436 333 3593 422 isse

251 459 494 517 Factum
526 458 753 517 esthoc
783 461 990 530 Accon,
1026 477 1178 518 anno
1222 461 1514 519 dominice
1562 461 1832 520 incarna-
1860 468 1913 535 Α
1946 467 2088 524 mini
2122 486 2270 543 pape
2314 469 2632 527 Innocentii
2678 473 2735 528 et
2781 470 3042 528 Romane
3089 466 3329 529 ecclesie
3368 485 3593 528 necnon

176 550 360 607 tionis
389 567 582 618 manu,
613 549 879 608 kalendis
918 550 1066 618 iulii,
1100 550 1227 624 [per
1256 553 1520 624 manum]
1552 557 1690 609 nota
1718 552 1834 629 [rii]

176 640 473 696 Balduini.

899 729 1131 786 CXLVI.

172 835 564 882 PRIVILEGIUM
610 837 687 880 DE
729 837 1080 894 LIBERTATE,
1129 838 1300 890 QUAM
1364 838 1684 884 CONCESSIT
1725 839 1833 884 D0-

256 918 448 961 MINUS
504 916 655 961 PAPA
711 917 1072 962 ALEXANDER
1135 918 1330 963 PRIOR!
1384 920 1459 963 ET
1515 919 1833 965 CANONICIS

259 997 465 1043 SANCTI
507 998 789 1044 SEPULCRI
833 998 894 1042 IN
939 999 1237 1043 ECCLESIIS
1287 999 1830 1045 IEROSOLIMITANIS.

455 1061 608 1131 (Vide
640 1063 701 1115 in
730 1061 1039 1117 Alexandro
1068 1061 1143 1117 111
1171 1061 1240 1117 ad
1269 1080 1362 1117 an.
1397 1063 1579 1135 4181.)

876 1168 1137 1224 CXLVII.

170 1259 253 1303 DE
300 1257 622 1302 DIGNITATE
668 1257 874 1303 PRIOR]
919 1259 991 1302 ET
1034 1256 1344 1303 CANONICIS
1374 1259 1587 1304 SANCTI
1617 1259 1831 1304 SEPUL-

257 1339 352 1384 Cﬂl
396 1338 694 1383 CONCESSA
755 1340 793 1381 Α
852 1338 1083 1384 DOMINO
1147 1340 1297 1382 PAPA
1357 1339 1711 1384 ALEXANDRO
1771 1339 1834 1384 IN

254 1419 455 1464 PRIMIS
500 1418 687 1463 LOCIS.

743 1482 894 1551 (Vide
922 1482 1020 1537 ubi
1049 1484 1262 1555 supra.)

860 1588 1148 1644 CXLVIII.

171 1680 254 1724 UT
298 1678 471 1723 PRIOR
513 1678 592 1721 ET
635 1677 913 1722 CANONICI
957 1678 1173 1723 SANCTI
1228 1677 1512 1722 SEPULCRI
1571 1677 1834 1721 LIBERAM

255 1759 542 1803 liABEANI‘
574 1758 966 1803 POTESTATEM
996 1758 1331 1803 ORDINANDI
1361 1758 1555 1803 DOMOS
1580 1759 1654 1801 ET
1675 1759 1835 1802 PRIO-

254 1840 444 1885 ωτι-υς
490 1839 1057 1884 HOBEDIBNTIARUM.

462 1902 614 1973 (Vide
643 1904 704 1957 in
734 1904 1044 1958 Innocentio
1070 1904 1123 1958 II
1149 1903 1219 1958 ad
1248 1919 1342 1957 an.
1380 1901 1561 1973 1143.)

888 2008 1117 2065 CXLLX.

304 2100 382 2144 ne
426 2097 742 2144 canemus
788 2097 1249 2143 nonsummum
1293 2096 1695 2143 TENENTIBUS.

745 2161 896 2234 (Vide
924 2162 1022 2217 ubi
1048 2165 1267 2234 supra.)

947 2268 1056 2324 CL.

178 2357 571 2406 PRIVILEGIUH
613 2359 690 2402 DE
733 2357 1017 2402 ECCLESIA
1058 2356 1272 2401 SANCTI
1316 2356 1501 2402 EGIDII
1532 2357 1608 2400 DE
1637 2355 1827 2402 ROMA.

434 2421 597 2492 (Vide
626 2424 687 2478 in
716 2420 1024 2476 Alexandro
1055 2420 1131 2477 III
1159 2420 1229 2476 ad
1259 2437 1353 2476 an.
1389 2420 1571 2493 1181.)

934 2526 1070 2582 CLI.

549 2618 627 2661 ns
671 2617 916 2662 DECIMIS
960 2615 1455 2662 TEMPLABIORUM.

448 2682 608 2750 (Vide
640 2682 701 2736 in
733 2681 1022 2737 Cwlestino
1048 2681 1127 2735 III
1155 2678 1225 2734 ad
1252 2697 1347 2736 an.
1383 2678 1564 2750 1198.)

855 2785 998 2841 CLII
1038 2786 1145 2840 “3°.

549 2875 1005 2922 SACRAMENTUH
1048 2873 1457 2919 PATRIARCIIB.

248 2960 389 3033 Ego,
422 2957 754 3031 patriarcha
784 2954 1440 3021 Ierhosolimitanus,ab
1470 2953 1577 3009 hac
1606 2953 1750 3008 hora
1772 2954 1830 3009 in

178 3053 354 3106 antea
390 3046 578 3103 ﬁdelis
606 3050 663 3103 et
690 3044 965 3102 obediens
994 3061 1091 3101 ero
1121 3044 1290 3100 beato
1320 3044 1485 3098 Petro
1516 3046 1833 3114 sancteque

178 3136 497 3210 apostolica
527 3136 784 3191 Romane
823 3133 1067 3190 ecclesie
1115 3136 1172 3189 el
1221 3132 1458 3188 domino
1506 3147 1635 3187 meo
1685 3147 1833 3203 pape

1863 1846 1909 1912 B

1945 558 2184 616 ecclesie
2213 560 2319 616 tibi
2342 562 2655 617 commisse
2678 561 2965 617 tradimus
2986 560 3091 617 tibi
3112 560 3355 634 pallium
3379 560 3450 617 de
3472 577 3598 617 cor-

1944 664 2083 720 pore
2114 649 2266 705 beati
2316 652 2468 706 Petri
2522 655 2848 723 sumptum,
2900 649 3325 724 plenitudinem
3376 648 3597 707 scilicet

1943 738 2299 808 pontificalis
2330 740 2602 807 ofﬁtii,ut
2622 739 2806 796 utaris
2827 757 2892 797 eo
2914 740 3067 796 infra
3094 737 3399 796 ecclesiam
3430 742 3595 797 tuam

1943 826 2115 881 certis
2146 828 2373 897 diebus,
2404 828 2503 901 qui
2535 830 2944 903 exprimuntur
2974 830 3033 884 in
3065 827 3383 902 privilegiis
3411 825 3596 884 eccle-

1943 913 2027 971 sie
2057 920 2153 972 tue
2185 918 2256 972 ab
2287 919 2608 991 apostolica
2637 921 2772 976 sede
2801 918 3116 977 concessis.

2607 1036 2771 1092 CLIV
2808 1037 2916 1091 1‘“.

2076 1133 2528 1179 sscnausnruu
2573 1134 2773 1180 neeum
2819 1133 3303 1182 lenosouuoauu
3334 1115 3459 1176 ¹¹⁴².

2014 1240 2130 1313 Ego
2159 1241 2506 1311 Aimericus,
2550 1241 2746 1297 divina
2792 1242 3178 1316 permissione
3222 1258 3321 1297 rex
3367 1244 3594 1297 Ierusa-

1942 1330 2057 1387 lem
2090 1332 2179 1365 “‘3
2210 1332 2600 1397 coronandus,
2625 1332 2899 1405 promitto
2931 1331 3058 1398 tibi,
3092 1330 3330 1388 domino
3354 1329 3599 1402 patriar-

1943 1418 2049 1475 che
2071 1420 2375 1488 Monacho,
2394 1420 2631 1494 tuisque
2653 1421 3110 1489 successoribus,
3127 1420 3237 1476 sub
3258 1419 3594 1477 testimonio

1942 1509 2363 1581 omnipotentis
2410 1511 2509 1565 Dei
2561 1516 2616 1566 et
2661 1511 2842 1567 totius
2888 1512 2977 1546 ““
3025 1509 3287 1577 ecclesie,
3320 1510 3477 1582 quod
3520 1509 3592 1565 ab

1942 1598 2051 1655 hac
2084 1598 2175 1654 die
2207 1600 2265 1654 in
2298 1603 2468 1655 antea
2498 1617 2595 1656 ero
2625 1600 2815 1657 ﬁdelis
2841 1601 3072 1656 adiutor
3099 1602 3289 1655 vester
3316 1602 3372 1655 et
3401 1598 3596 1654 defen-

1943 1705 2041 1744 sor
2058 1694 2115 1745 et
2134 1689 2399 1744 omnium
2422 1707 2805 1762 personarum
2831 1689 2991 1763 regni
3012 1686 3461 1745 Ierosolimitani
3483 1687 3591 1744 ωδ.

1944 1778 2351 1834 Possessiones
2381 1778 2883 1835 lherosolimitane
2925 1778 3166 1835 ecclesie
3212 1777 3596 1851 omniumque

1939 1867 2316 1923 ecclesiarum
2343 1869 2414 1923 ad
2448 1885 2575 1924 eam
2607 1867 3007 1941 principaliter
3027 1871 3356 1941 respectum
3377 1867 3595 1923 haben-

1938 1956 2111 2023 tium,
2146 1974 2293 2029 quas
2324 1957 2463 2013 olim
2494 1958 2708 2014 habere
2759 1961 3188 2014 consueverunt
3216 1961 3273 2014 et
3303 1956 3363 2012 in
3394 1954 3593 2012 futuro

1939 2046 2157 2102 nostris
2188 2047 2552 2119 temporibus
2573 2048 2736 2119 juste
2758 2051 2897 2102 sunt
2916 2046 3453 2120 adepture,eisdem
3475 2061 3595 2101 ma-

1940 2137 2232 2191 nutenebo
2264 2140 2321 2191 et
2351 2136 2679 2191 defendam.
2700 2136 2991 2192 Canonica
3020 2134 3323 2209 privilegia
3344 2134 3599 2191 debitas-

1940 2242 2053 2298 que
2084 2225 2241 2298 leges
2272 2228 2445 2297 atque
2478 2225 2736 2282 iustitiae
2765 2226 2852 2261 ¹¹⁴⁶
2874 2226 3214 2282 earumdem
3236 2230 3293 2282 et
3313 2222 3593 2297 pristinas

1939 2314 2276 2371 libertatum
2307 2314 2760 2371 consuetudines
2781 2319 2838 2371 et
2858 2331 3002 2371 usus
3031 2318 3155 2371 tam
3184 2330 3383 2370 earum
3414 2329 3593 2386 quam

1941 2404 2197 2460 universi
2230 2402 2429 2476 populi
2461 2408 2631 2471 terre,
2672 2403 2827 2460 sicut
2872 2420 2970 2460 rex
3017 2402 3346 2459 Amalricus
3393 2405 3451 2458 et
3496 2417 3597 2458 rex

1942 2493 2284 2563 Balduinus,
2318 2492 2475 2548 ﬁlius
2507 2492 2677 2566 [eius]
2718 2494 2804 2528 “‘7
2834 2496 3167 2560 tenuerunt,
3216 2490 3593 2557 conservabo,

1940 2586 1997 2638 et
2012 2583 2433 2649 defensionem,
2448 2585 2732 2654 quantum
2754 2586 2974 2655 potero,
2990 2580 3302 2637 adiuvante
3323 2578 3591 2648 Domino,

1942 2672 2242 2739 exhibebo,
2303 2688 2599 2743 novasque
2659 2669 3107 2744 superinductas
3160 2668 3413 2725 maxime
3460 2671 3595 2741 post

1942 2760 2229 2815 excidium
2262 2764 2415 2816 terre
2444 2760 2861 2828 exterminabo,
2896 2763 3071 2832 prout
3100 2775 3198 2815 rex
3225 2757 3594 2815 Christianus

1940 2853 1997 2904 et
2026 2848 2213 2905 ﬁdelis
2242 2848 2302 2903 in
2324 2866 2431 2906 suo
2452 2865 2629 2922 regno
2650 2847 2966 2921 unicuique
2986 2848 3258 2921 episcopo
3278 2850 3335 2904 et
3354 2844 3595 2903 ecclesia

1942 2937 2053 2992 sibi
2085 2938 2397 2994 commisse
2428 2942 2601 3011 atque
2640 2938 2854 3010 populo
2902 2954 3005 3010 per
3051 2941 3275 2994 rectum
3323 2937 3593 2995 exhibere

1943 3027 2131 3082 debet.
2148 3026 2240 3082 Sic
2264 3043 2355 3083 me
2377 3027 2532 3084 Deus
2552 3028 2787 3083 adiuvet
2808 3031 2865 3083 et
2895 3026 3001 3083 hec
3029 3030 3402 3084 sacrosancta
3429 3043 3599 3083 evan-

1942 3114 2111 3187 gelia.

177 3226 520 3285 Innocentio
549 3224 790 3296 suisque
812 3221 1251 3279 successoribus
1272 3220 1547 3277 canonice
1569 3219 1831 3275 intranti-

2010 3204 2215 3259 Dez’ndc
2262 3206 2515 3276 imposita
2555 3206 2726 3277 capiti
2770 3206 2855 3239 ³⁸⁸⁸
2898 3206 3040 3277 regis
3090 3221 3309 3275 corona,
3359 3207 3597 3279 accipiat

178 3317 314 3374 bus.
346 3316 471 3371 Non
503 3331 599 3370 ero
628 3313 689 3368 in
723 3311 964 3369 consilio
995 3315 1095 3367 aut
1130 3312 1189 3366 in
1223 3310 1373 3366 facto
1405 3314 1469 3365 ut
1498 3309 1677 3364 vitam
1706 3324 1834 3381 per-

179 3406 328 3461 dant
372 3408 477 3458 aut
519 3402 801 3469 membra,
844 3405 947 3457 aut
993 3400 1300 3472 capiantur
1345 3398 1500 3454 mala
1548 3398 1832 3471 captione.

179 3491 502 3550 Consilium
530 3490 855 3563 vero,quod
880 3489 1023 3545 mihi
1055 3488 1332 3545 credituri
1358 3493 1497 3543 sunt
1526 3505 1627 3561 per
1654 3505 1715 3543 se
1736 3490 1839 3542 aut

180 3601 284 3658 per
316 3582 552 3639 nuntios
583 3599 723 3639 suos
752 3580 870 3636 sive
901 3578 1426 3652 perlitteras,nulli
1452 3577 1835 3633 manifestabo

180 3674 254 3730 ad
281 3688 485 3729 eorum
516 3672 863 3743 dampnum,
911 3685 1004 3725 me
1034 3668 1273 3725 sciente.
1308 3667 1591 3740 Papatum
1625 3667 1836 3722 Roma-

180 3779 326 3818 num
358 3765 416 3818 et
440 3760 660 3835 regalia
688 3759 875 3815 sancti
909 3757 1061 3814 Petri
1091 3757 1326 3813 adiutor
1355 3756 1438 3813 eis
1468 3773 1566 3812 ero
1598 3757 1669 3812 ad
1700 3755 1837 3812 reti-

179 3850 444 3907 nendum
476 3853 534 3905 et
561 3848 1016 3914 defendendum,
1046 3846 1204 3903 salvo
1235 3862 1364 3901 meo
1395 3846 1617 3915 ordine,
1638 3849 1840 3901 contra

179 3953 419 3997 omnem
450 3937 771 3993 hominem.
806 3936 1088 4008 Legatum
1118 3933 1433 4007 apostolica
1465 3932 1642 4000 sedis,
1662 3948 1838 4005 quem

180 4044 288 4102 pro
320 4031 476 4083 certo
507 4026 727 4082 scivere
759 4025 887 4081 eius
916 4040 1045 4079 esse
1087 4021 1366 4095 legatum,
1400 4022 1592 4077 eundo
1643 4027 1700 4077 et
1749 4037 1838 4076 re-

180 4116 417 4174 deundo
447 4115 766 4171 honoriﬁce
796 4113 1079 4181 tractabo,
1113 4117 1171 4168 et
1199 4112 1259 4166 in
1304 4112 1428 4168 suis
1476 4109 1839 4166 necessitati-

181 4207 297 4262 bus
327 4204 637 4261 adiuvabo.
669 4204 922 4259 Vocatus
962 4203 1034 4258 ad
1086 4202 1373 4274 synodum
1422 4200 1675 4265 veniam,
1725 4198 1840 4255 nisi

182 4294 523 4369 prepeditus
552 4293 716 4349 fuero
746 4291 1027 4348 canonica
1075 4289 1492 4363 prepeditione.
1538 4288 1839 4360 Apostolo-

184 4400 319 4440 rum
346 4382 552 4438 limina
581 4380 831 4454 singulis
860 4378 1263 4452 quadrienniis
1309 4378 1559 4434 visitabo
1608 4382 1711 4433 aut
1739 4394 1843 4450 per

186 4488 302 4539 me,
326 4476 429 4528 aut
458 4489 559 4544 per
587 4469 861 4526 nuntium
893 4486 1111 4537 meum,
1134 4468 1245 4524 nisi
1269 4466 1586 4540 apostolica
1608 4465 1842 4523 licentia

187 4576 548 4618 remaneam.
584 4558 989 4615 Possessiones
1020 4558 1091 4614 ad
1137 4573 1401 4612 mensam
1448 4556 1561 4611 mei
1593 4556 1840 4628 patriar-
1874 4592 1917 4655 D

186 4650 399 4706 chatus
428 4648 785 4721 pertinentes
814 4664 922 4703 nec
952 4647 1222 4714 vendam,
1248 4662 1354 4700 nec
1383 4645 1632 4710 donabo,
1657 4661 1845 4717 neque

188 4738 617 4811 impignorabo,
652 4753 840 4810 neque
889 4736 960 4791 de
1012 4752 1159 4790 novo
1212 4734 1546 4801 infeudabo,
1596 4733 1685 4789 vel
1730 4733 1843 4789 alio

186 4828 364 4884 modo
393 4826 680 4894 alienabo,
723 4824 1052 4881 inconsulto
1099 4824 1361 4879 Romano
1405 4822 1695 4893 pontiﬁce.
1751 4822 1846 4879 Sic

187 4917 346 4973 Deus
376 4931 471 4971 me
500 4916 737 4972 adiuvet
765 4919 824 4969 et
853 4914 958 4970 hec
989 4915 1192 4969 sancta
1222 4910 1539 4984 evangelia.

856 5020 1027 5076 CLIII
1067 5020 1175 5075 “‘°.

606 5110 668 5154 IN
713 5110 852 5155 ACCI
862 5109 1078 5154 PIENDO
1121 5106 1431 5153 PALLIONE.

258 5192 347 5248 Ad
378 5191 660 5247 honorem
691 5190 791 5246 Dei
826 5189 1243 5262 omnipotentis
1265 5191 1321 5243 et
1340 5187 1507 5242 beate
1529 5188 1706 5243 Mario
1725 5188 1790 5242 Vi
1801 5207 1850 5243 r-

188 5280 346 5355 ginis
375 5285 434 5336 et
463 5282 765 5337 beatorum
799 5280 1194 5352 apostolorum
1224 5275 1377 5332 Petri
1399 5279 1456 5331 et
1477 5275 1638 5331 Pauli
1666 5282 1724 5333 et
1755 5278 1850 5333 do-

1940 3295 2262 3365 patriarcha
2318 3311 2545 3349 manum
2590 3297 2710 3350 eius
2765 3294 3060 3363 dexteram,
3112 3302 3163 3351 et
3201 3297 3487 3367 promittat
3534 3298 3594 3353 in

1944 3384 2090 3438 hunc
2116 3383 2335 3439 modum
2365 3401 2384 3438 :
2420 3385 2485 3438 Et
2506 3400 2611 3456 ego
2642 3388 2697 3438 te
2728 3383 2936 3439 iuvabo
2967 3400 3243 3440 coronam
3285 3388 3389 3440 tuo
3420 3384 3597 3458 capiti

1947 3474 2003 3543 [a
2032 3472 2223 3543 nobis]
2258 3474 2345 3507 “‘9
2372 3472 2705 3545 impositam
2734 3472 2885 3528 iuste
2907 3477 3286 3529 manutenere
3306 3476 3483 3546 atque
3503 3474 3599 3530 de-

1945 3561 2198 3628 fendere,
2233 3562 2391 3617 salvo
2422 3578 2548 3617 meo
2579 3563 2805 3628 ordine,
2833 3562 2956 3618 dato
2981 3564 3036 3618 ei
3063 3564 3261 3619 osculo.

2018 3650 2196 3707 Cetere
2221 3667 2344 3706 vero
2386 3667 2616 3723 persona
2657 3652 2841 3708 eodem
2886 3652 3040 3709 modo
3086 3654 3141 3709 ei
3181 3654 3503 3725 promittant
3547 3661 3600 3710 et

1944 3738 2072 3797 dent
2097 3741 2150 3796 ei
2178 3742 2437 3797 osculum.

2634 3838 2772 3895 CLV
2803 3840 2910 3895 “5°.

1948 3945 2332 3991 PRIVILEGIUM
2378 3946 2622 3991 CASALIS
2664 3946 2942 3991 FENICULI
2998 3946 3075 3990 DE
3126 3945 3463 3990 LIBERTATE
3519 3945 3599 3990 ΒΤ

2522 4027 2762 4071 FINIBUS
2803 4027 3020 4071 TERRE.

2019 4116 2083 4170 In
2135 4116 2372 4171 nomine
2404 4119 2603 4171 sancte
2632 4120 2690 4171 et
2718 4114 3017 4171 individue
3047 4114 3370 4184 Trinitatis,
3404 4130 3596 4171 amen.

2017 4208 2159 4260 Cum
2193 4221 2396 4260 omnes
2429 4204 2696 4260 catholici
2744 4204 2852 4259 viri
2898 4221 2963 4259 ac
3011 4203 3285 4277 precipue
3332 4206 3600 4276 potentes

1947 4294 2142 4350 divine
2174 4310 2416 4349 munere
2447 4294 2655 4366 proditi
2682 4293 2988 4349 universas
3017 4292 3295 4349 ecclesias
3343 4292 3446 4349 Dei
3495 4293 3600 4349 ho-

1948 4400 2154 4439 norare
2186 4400 2252 4438 ac
2283 4382 2533 4439 exaltare
2566 4382 2834 4448 debeant,
2866 4380 3178 4454 specialius
3208 4386 3402 4438 tamen
3431 4381 3606 4438 eccle-

1949 4473 2095 4530 siam
2129 4471 2538 4546 gloriosissimi
2583 4470 2868 4543 Sepulcri,
2909 4470 3008 4526 ubi
3060 4471 3344 4527 Dominus
3390 4488 3604 4544 passus

1950 4562 2242 4628 occubuit,
2272 4568 2328 4618 et
2357 4561 2529 4618 tertia
2559 4560 2652 4616 die
2684 4561 3040 4633 resurgendo
3072 4560 3326 4616 salutem
3358 4560 3603 4616 humani

1952 4651 2180 4725 generis
2203 4650 2509 4724 reparavit,
2534 4649 2849 4706 sublimare
2871 4666 2938 4704 ac
2960 4649 3249 4705 beneﬁtiis
3274 4648 3399 4705 suis
3420 4649 3605 4705 ditare

1954 4741 2184 4808 debent,
2219 4745 2529 4813 quatenus,
2553 4743 2785 4812 peracto
2816 4738 2994 4795 huius
3022 4738 3138 4794 vite
3167 4754 3366 4804 cursu,
3387 4737 3605 4811 gaudia

1952 4835 2148 4886 eternc
2161 4830 2273 4885 vite
2290 4829 2448 4885 omni
2468 4833 2625 4885 metu
2652 4827 2907 4884 carentia
2928 4827 3225 4901 possidere
3246 4829 3599 4884 mereantur.

1954 4919 2315 4992 Quapropter
2344 4935 2449 4991 ego
2481 4918 2666 4991 Hugo,
2698 4918 2794 4973 Dei
2829 4918 3017 4991 gratia
3047 4917 3287 4973 Ccsaree
3317 4915 3603 4973 Palestina

1954 5008 2249 5075 dominus,
2273 5025 2516 5064 assensu
2537 5006 2734 5063 uxoris
2754 5023 2880 5063 meo
2900 5005 3110 5063 Ysabel
3132 5011 3190 5063 et
3208 5006 3453 5064 consilio
3472 5022 3607 5079 pro-

1954 5099 2162 5153 borum
2182 5114 2443 5153 meorum
2462 5097 2790 5163 hominum,
2805 5097 2956 5152 dono
2974 5096 3224 5153 concedo
3243 5096 3410 5152 Petro
3426 5093 3606 5169 priori

1955 5192 2011 5243 et
2042 5186 2261 5243 Latinis
2293 5187 2589 5243 canonicis
2619 5186 2813 5242 Sancti
2847 5185 3108 5258 Sepulcri
3140 5189 3419 5241 montana
3466 5202 3605 5241 con-

1956 5278 2120 5351 tigua
2152 5276 2377 5331 iardino
2407 5276 2476 5331 de
2498 5275 2713 5344 Feissa,
2732 5274 2828 5331 ubi
2847 5276 2978 5331 fons
2998 5275 3068 5330 de
3088 5274 3378 5331 conductu
3399 5272 3605 5341 oritur,

268 5451 359 5485 “3’
388 5451 455 5515 A,
490 5450 535 5505 f°
566 5451 687 5518 128,
724 5459 810 5516 r°;
845 5465 1099 5520 marique
1127 5449 1275 5505 dans
1306 5451 1369 5501 B.
1398 5446 1587 5520 ν¹ᾼ¹⁴⁰ῌΑ,
1624 5448 1668 5501 f0
1700 5450 1820 5515 128,

2003 5464 2259 5520 manque
2307 5448 2455 5502 dans
2504 5447 2698 5520 Β.Α¹ν¹ἕ¹
2736 5447 2816 5520 _A,
2867 5446 2913 5520 is
2963 5446 3099 5520 128)
3119 5452 3225 5520 ἓνος
3280 5445 3343 5520 B_,
3388 5441 3605 5520 ίξξη129,

193 5539 275 5577 v0.
333 5514 447 5555 “"7
477 5527 540 5585 Β,
598 5514 1020 5577 δαὲναγὴεηιαιᾰ
1073 5536 1283 5591 regum.
1346 5518 1435 5553 ¹¹¹έ¹
1484 5518 1558 5591 Β,
1622 5514 1837 5575 lherusa

1951 5560 1972 5574 ν.
2034 5522 2124 5554 ¹¹⁴⁴
2162 5514 2251 5591 ῘΒ,
2321 5520 2510 5573 tocius.
2582 5518 2669 5591 ξιδδ
2732 5517 2797 5591 Β,
2837 5514 3342 5591 νιὴεῖοδριίηιίιαηὶ.
3402 5514 3490 5549 ¹¹⁴⁶
3541 5517 3606 5580 Β,

194 5593 467 5665 iusticias.
515 5594 601 5629 “‘7
649 5591 900 5665 Suppléé
947 5589 1174 5664 d’apre's
1223 5592 1285 5645 Β.
1340 5591 1425 5625 1”“
1479 5590 1536 5659 Β,
1588 5593 1801 5662 rapitis.
1857 5593 1945 5627 “‘9
1993 5590 2274 5665 Supplees
2323 5590 2549 5661 d‘apres
2583 5590 2640 5644 Β.
2705 5590 2791 5622 ¹¹⁵⁰
2818 5590 2884 5657 A,
2944 5589 2990 5644 l'°
3036 5590 3159 5655 129,
3208 5603 3299 5655 ro;
3354 5600 3612 5657 manque

200 5664 352 5722 dans
377 5664 441 5719 B.
