3980 6084
338 243 494 317 1239

336 375 545 451 incipit
574 377 767 447 autem
794 392 864 431 ex
894 373 1077 431 altera
1107 378 1271 449 parte
1301 373 1515 431 divisio
1556 377 1707 430 terre
1753 370 1933 427 huius
1963 387 1997 427 a
2024 369 2079 437 Α

338 465 453 533 via,
488 482 602 538 que
628 464 789 520 venit
818 464 889 520 de
921 463 1179 519 Braicaet
1208 481 1412 519 versus
1448 461 1639 518 easale
1667 459 1865 517 Sancti
1896 460 1997 515 Se-

385 555 553 621 ulcri,
570 556 625 610 et
649 552 807 610 vadit
834 570 1037 609 versus
1071 552 1352 607 orientem
1385 569 1487 624 per
1507 567 1760 617 caveam,
1778 566 1890 622 que
1912 551 2003 604 est

385 568 553 621 ulcri,
570 568 625 610 et
649 568 807 610 vadit
834 570 1037 609 versus
1071 568 1352 607 orientem
1385 569 1487 624 per
1507 568 1760 617 caveam,
1778 568 1890 622 que
1912 568 2000 604 esu

343 568 502 701 inter
528 644 676 699 duos
707 646 954 709 montes,
988 658 1091 714 per
1140 645 1456 699 torrentem
1485 640 1775 709 videlicet,
1809 637 1908 711 qui
1939 636 2000 692 in

348 750 516 807 yeme
547 733 697 800 ﬂuit,
728 748 1035 804 quousque
1064 730 1295 786 venitur
1333 731 1404 786 ad
1451 745 1696 803 parvum
1743 731 2002 785 montem

354 823 535 880 situm
566 822 719 877 inter
747 821 1005 893 predicta
1036 825 1313 875 montana
1343 824 1400 875 et
1437 823 1716 875 montana
1743 818 1814 873 de
1846 816 2007 875 Broi—

359 915 531 986 quet;
563 915 620 966 et
649 910 733 965 sic
762 910 836 965 ab
865 908 1025 965 alveo
1056 909 1329 964 torrentis
1346 925 1549 964 versus
1575 924 1817 980 parvum
1842 923 2006 961 mon-

356 1004 475 1057 tem
503 997 904 1071 supradictum
926 1003 983 1053 et
999 1015 1100 1070 per
1114 997 1468 1070 crepidinem
1492 996 1651 1052 illius
1668 996 1826 1068 parvi
1849 1012 2011 1050 mon-

357 1090 455 1158 tis,
484 1092 551 1145 ut
575 1104 777 1145 cruces
800 1087 1131 1159 designant,
1147 1086 1305 1143 vadit
1334 1086 1670 1159 supradicta
1689 1084 1895 1141 divisio
1920 1102 2013 1140 us-

362 1195 472 1253 que
503 1179 576 1235 ad
606 1194 848 1251 parvum
881 1176 1410 1248 monticulum,qui
1443 1174 1631 1232 Calcis
1662 1175 1890 1232 Fornax
1918 1191 2015 1247 ap-

358 1267 638 1350 pellatur;
658 1270 715 1325 et
735 1266 940 1324 exinde
958 1283 1161 1322 versus
1185 1265 1487 1321 meridiem
1510 1280 1697 1338 usque
1726 1265 1796 1321 ad
1831 1263 2014 1321 alium

363 1353 755 1421 mouticulum
788 1373 905 1411 non
952 1353 1123 1428 longe
1154 1354 1310 1423 hinc,
1363 1354 1462 1410 ubi
1507 1354 1790 1426 antiquus
1838 1350 2015 1409 calcis

365 1446 570 1507 fornax
596 1444 951 1511 fuit,divisio
982 1444 1096 1501 ista
1124 1444 1524 1517 protenditur;
1545 1447 1601 1499 et
1631 1443 1715 1499 sic
1735 1460 1838 1516 per
1858 1443 2019 1499 devev

365 1553 505 1611 sum
540 1535 757 1592 montis
777 1538 933 1591 recta
952 1534 1106 1590 linea
1124 1550 1329 1590 versus
1351 1533 1579 1606 spinam
1602 1532 1659 1589 in
1683 1531 1926 1606 planitie
1947 1531 2022 1588 si-

366 1630 638 1698 tam,que
658 1627 872 1681 terram
894 1623 1106 1679 casulis
1136 1622 1421 1679 Dominici
1451 1621 1712 1695 Sepulcri
1747 1621 1944 1678 Faisse
1965 1624 2022 1679 et

843 243 949 305 AD
995 241 1509 307 GODEFRIDUM
1563 238 1898 303 APPEND.
1940 237 2024 301 ΙΙ.
2058 234 2476 301 --MONUM.
2519 235 2622 298 DE
2664 233 2920 298 BELLO
2964 230 3242 294 SACRO.

3600 226 3792 297 ιω

2831 363 3043 427 CLVII.

2108 473 2489 523 PBIVILEGIUM
2518 472 2677 526 QUOD
2715 470 3100 517 PATBIABCHA
3131 468 3249 514 NON
3288 468 3492 515 POSSIT
3529 466 3783 513 nam

2322 553 2679 611 CANONICOS,
2728 553 2848 597 NISI
2894 550 3252 596 VOLUNTA'I'E
3296 549 3560 599 PBIORIS.

2378 617 2529 687 (Vide
2556 618 2619 672 in
2650 614 2968 672 Jlexandro
3001 614 3079 671 III
3103 630 3175 669 an
3207 611 3279 668 ad
3310 612 3495 680 1181.)

2111 794 2497 844 Ρῆῐνιιεθιυλί
2522 795 2678 849 QUOD
2701 793 3082 839 PATRIABCBA
3115 790 3235 841 NON
3258 790 3503 841 DEBEAT
3528 788 3781 837 ΗΔΒΕΒΕ

2194 877 2319 923 NISI
2379 876 2648 921 TERTIAM
2710 874 2947 923 PARTEM
3010 872 3161 921 CERE
3224 870 3505 919 ECCLESIE
3546 869 3773 919 SANCTI

2197 958 2343 1005 ΒΕΡο
2353 956 2504 1005 LCBI.

2684 1016 2848 1092 (Vide
2879 1016 2977 1073 ubi
3001 1017 3217 1089 supra.)

2849 1104 3035 1163 CLIX.

2121 1200 2199 1245 DE
2244 1197 2511 1254 DECIHIS,
2534 1197 2694 1252 QUAS
2736 1194 3098 1241 BOSPiTALES
3140 1191 3469 1255 TERENTUB
3496 1189 3787 1235 BEDDEIB

2484 1278 2770 1324 ECCLBSIB
2814 1275 3027 1322 SANCTI
3069 1272 3377 1319 SEPULCBI.

2426 1358 2591 1428 (Vide
2620 1360 2681 1414 in
2708 1356 3018 1414 Alexandro
3046 1355 3129 1412 III
3151 1355 3251 1411 ubi
3277 1354 3495 1427 supra.)

2862 1445 2954 1502 LX
2984 1444 3096 1501 1151.

2862 1446 2954 1502 LX
2984 1446 3096 1501 U51.

2126 1537 2516 1598 PRIVILEGIUM
2539 1538 2613 1581 DE
2646 1446 2954 1581 Εεειιιὲυι.
2980 1534 3101 1588 QUE
3133 1532 3242 1577 EST
3268 1532 3425 1576 APUD
3452 1528 3787 1576 NEAPOLIH.

2201 1630 2266 1685 In
2301 1627 2538 1684 nomine
2568 1628 2766 1683 sancte
2795 1628 2853 1681 et
2901 1622 3198 1683 individue
3243 1619 3551 1685 Trinitatis
3594 1618 3794 1681 Fatris

370 1714 637 1811 sabarim
670 1713 982 1787 Hospitalis
1012 1712 1235 1775 dividit,
1268 1710 1637 1811 terminatur.
1667 1711 1911 1783 Insuper
1940 1710 2021 1767 di-
2054 1743 2100 1811 Β
2131 1722 2189 1774 et
2216 1716 2343 1774 Filii
2377 1722 2432 1773 et
2460 1716 2711 1788 Spiritus
2736 1714 2954 1781 sancti,
2989 1730 3182 1773 amen.

367 1805 677 1881 visionem,
709 1820 887 1876 quam
918 1803 1201 1876 pretaxati
1233 1799 1491 1857 canonici
1534 1801 1731 1861 Sancti
1762 1800 2024 1872 Sepulcri

370 1910 503 1955 cum
535 1892 778 1967 Georgio
806 1898 864 1949 et
889 1891 1008 1948 ﬁlio
1030 1892 1156 1948 eius
1180 1891 1462 1947 Balduino
1486 1891 2024 1957 fecerunt,coucedo

371 1989 430 2042 et
460 1984 763 2042 conﬁrmo.
796 1986 1068 2038 Pretcrea
1099 1982 1315 2037 donum
1350 1981 1437 2037 avi
1488 1981 1602 2037 mei
1643 1980 1938 2037 Eustachii
1971 1984 2029 2038 et

372 2073 557 2148 patris
590 2072 702 2129 mei
736 2071 994 2134 Galterii,
1024 2070 1177 2143 quod
1222 2069 1499 2142 predictis
1549 2068 1847 2127 canonicis
1874 2070 2025 2125 fece-

373 2166 533 2232 runt,
567 2166 624 2218 et
652 2160 989 2232 divisiones,
1024 2176 1170 2233 quas
1204 2159 1313 2233 ipsi
1348 2159 1840 2231 consignaverunt
1892 2175 2029 2214 con-

375 2252 545 2309 ﬁrmo
568 2254 623 2306 et
645 2266 738 2305 me
760 2250 1136 2305 defensurum
1163 2248 1460 2321 promitto.
1476 2248 1722 2319 Insuper
1741 2246 2031 2303 adicimus

378 2342 452 2401 ad
482 2340 589 2396 hoc
621 2339 770 2395 hanc
807 2329 1146 2394 libertatem
1201 2337 1498 2395 canonicis
1543 2337 1787 2393 ecclesie
1834 2336 2031 2393 Sancti

377 2427 660 2502 Sepulcri,
692 2428 845 2501 quod
879 2427 987 2499 ipsi
1022 2427 1082 2482 in
1113 2431 1234 2483 tota
1262 2430 1417 2482 terra
1445 2444 1594 2493 mea,
1628 2430 1748 2482 tam
1788 2426 1848 2482 in
1895 2425 2032 2482 civio

380 2523 499 2577 tate
529 2518 774 2575 Cesarea
804 2533 979 2589 quam
1012 2520 1192 2586 extra,
1225 2516 1472 2573 vendere
1511 2516 1598 2572 vel
1644 2532 1854 2583 emere,
1890 2532 2035 2588 pon-

382 2609 585 2667 derare
611 2606 699 2663 vel
731 2622 1072 2662 mensurare
1098 2610 1155 2661 et
1183 2606 1490 2679 deportare
1524 2609 1644 2662 tam
1676 2604 1825 2662 mari
1856 2621 2035 2676 quam

389 2700 546 2759 terra
572 2695 753 2754 libere
784 2699 840 2751 et
870 2695 1063 2768 quiete
1093 2695 1165 2749 ab
1197 2695 1355 2750 omni
1388 2693 1611 2751 usatico
1640 2698 1698 2753 et
1743 2693 2040 2751 exactione

391 2785 640 2860 possint.
688 2785 803 2858 Ipsi
834 2802 965 2840 vero
996 2784 1260 2839 canonici
1294 2801 1397 2857 pro
1428 2784 1647 2857 pretate
1676 2788 1827 2840 terre
1855 2784 2040 2839 dona-

388 2875 546 2937 tione
577 2878 633 2930 et
662 2873 1016 2930 divisionum
1048 2873 1490 2930 conﬁrmatione
1510 2878 1566 2930 et
1586 2873 1846 2946 predicta
1872 2872 2041 2929 liber-

388 2968 507 3022 tate
529 2964 988 3041 quadringentos
1010 2963 1302 3019 bisancios
1320 2961 1493 3019 michi
1514 2963 1808 3020 caritative
1826 2963 2042 3035 impen‘

391 3055 557 3111 dunt.
592 3055 855 3109 Preterea
885 3052 994 3108 hoc
1024 3052 1259 3119 retinui,
1306 3056 1391 3121 ut,
1441 3052 1488 3108 si
1537 3051 1733 3126 aliquo
1783 3056 2043 3124 tempore

392 3144 701 3216 antiquum
747 3143 1103 3199 conductum
1152 3140 1396 3214 predicti
1440 3115 2039 3198 fontis.reﬁcere-vo-
2072 3115 2115 3182 Ο

392 3231 555 3290 luero
587 3236 643 3289 et
671 3224 867 3304 ipsum
900 3232 1119 3287 fontem
1153 3232 1225 3286 ad
1249 3230 1438 3287 casale
1460 3231 1813 3287 Bubalorum
1834 3231 2047 3288 ducere

394 3323 465 3385 ad
497 3320 851 3379 canamellas
883 3319 1425 3391 fatiendas,absque
1446 3319 1902 3381 contradictione
1923 3336 2050 3393 pre-

395 3413 683 3468 dictorum
716 3408 1127 3465 canonicorum
1162 3407 1339 3463 michi
1373 3408 1581 3475 liceat;
1624 3408 1705 3463 ita
1748 3412 1942 3465 tamen
1984 3412 2049 3464 ut

395 3500 467 3555 de
498 3516 615 3554 una
645 3515 875 3554 macera
904 3497 1155 3571 singulis
1183 3496 1355 3553 annis
1399 3497 1710 3552 dimidium
1762 3497 2044 3570 quintale,

397 3591 473 3653 et,
509 3588 557 3644 si
590 3586 863 3659 amplius,
897 3588 1117 3659 prefate
1162 3585 1403 3642 ecclesia
1447 3586 1739 3659 integrum
1788 3585 2049 3659 quintale

398 3676 744 3749 persolvam.
764 3674 837 3732 Ut
867 3675 975 3730 hoc
1008 3676 1185 3748 igitur
1214 3674 1430 3743 omnia,
1456 3692 1568 3747 que
1590 3676 2045 3746 prenotavimus,

399 3780 465 3820 eo
495 3763 717 3830 ordine,
751 3780 866 3837 quo
905 3763 1339 3837 proposuimus,
1387 3764 1555 3819 ﬁrma
1601 3769 1657 3820 et
1700 3764 2050 3821 inconcussa

399 3856 799 3931 permaneant,
831 3852 1193 3927 appositione
1222 3851 1399 3926 sigilli
1433 3852 1546 3908 mei
1574 3853 1904 3909 corroboro.

474 3942 644 3997 Facta
672 3945 761 3998 est
789 3940 896 3996 hec
926 3944 1085 3997 carta
1115 3958 1267 3997 anno
1298 3941 1369 3997 ab
1400 3939 1797 3999 incarnatione
1818 3942 2048 4000 Domini

399 4047 625 4097 ucsxvn,
652 4030 971 4087 indictione
1000 4047 1090 4087 xv.

473 4119 659 4175 Huius
690 4118 771 4174 rei
802 4122 980 4175 testes
1010 4119 1318 4187 habentur,
1353 4136 1603 4193 quorum
1644 4121 1885 4183 nomina
1911 4122 2052 4181 sub-

401 4208 620 4282 scripta
646 4208 918 4265 videntur
949 4224 963 4262 :

546 4296 873 4367 Rainerius,
892 4297 1199 4371 episcopus
1230 4299 1619 4357 Sebastensis.
1644 4300 1714 4356 Et
1743 4301 2053 4371 Radulfus,

616 4387 965 4461 prepositus.
1003 4391 1269 4457 Ioannes,
1304 4393 1508 4445 cantor
1552 4388 1909 4449 Cesareusis.
1957 4392 2059 4465 Sy-

2204 1805 2592 1875 A[malricus],
2650 1804 2755 1865 Dei
2808 1802 2999 1877 gratis.
3051 1805 3261 1863 Sancte
3319 1796 3798 1861 Reeurreetionis

2133 1896 2344 1955 Christi
2376 1895 2726 1970 patriarcha,
2764 1895 2987 1963 P[etro],
3011 1892 3272 1949 eiusdem
3304 1888 3547 1947 ecclesie
3584 1886 3796 1962 priori,

2136 1992 2193 2045 et
2224 1986 2512 2044 universis
2540 1984 2861 2053 canonicis,
2882 1988 3005 2041 tam
3034 1980 3406 2057 presentibus
3427 1994 3609 2052 quam
3634 1977 3798 2035 futu-

2137 2077 2238 2146 ris,
2270 2076 2330 2132 in
2362 2078 2728 2149 perpetuum.
2758 2072 3049 2140 Quoniam
3074 2073 3456 2131 sacrosaan
3485 2066 3805 2123 Dominice

2140 2163 2602 2224 Resurrectionis
2629 2162 2874 2218 ecclesia
2892 2163 3149 2237 quadam
3170 2156 3407 2232 speciali
3422 2156 3805 2230 preregativa

2140 2253 2468 2315 sanctitatis
2502 2252 2708 2309 merito
2738 2252 2810 2309 ab
2841 2250 3001 2311 omni
3034 2248 3248 2323 populo
3268 2246 3598 2307 Christiano
3616 2245 3803 2305 deve-

2142 2344 2369 2402 tissime
2397 2346 2724 2409 veneratur,
2744 2345 2800 2398 et
2830 2340 2924 2413 pio
2955 2339 3173 2395 intuitu
3200 2337 3463 2393 humane
3480 2332 3809 2407 reparatio-

2142 2434 2236 2491 nis
2291 2434 2363 2490 ab
2414 2430 2701 2488 universis
2748 2431 2934 2486 Deum
2986 2426 3316 2489 colentibus
3365 2425 3496 2481 fons
3543 2426 3603 2480 et
3632 2421 3807 2496 origo

2144 2521 2490 2580 universalis
2527 2519 2768 2581 ecclesia
2812 2518 3094 2576 veraciter
3139 2515 3492 2590 predicatur,
3528 2529 3662 2580 nos,
3698 2510 3805 2583 qui

2145 2612 2479 2687 supradicta
2506 2609 2768 2679 ecclesie,
2793 2609 2909 2665 Deo
2940 2610 3252 2674 annuente,
3268 2601 3808 2677 presidemus,eam

2145 2700 2495 2776 propensius
2512 2699 2796 2755 honorare
2817 2696 2950 2755 etin
2971 2693 3424 2768 ampliﬁcatione
3445 2706 3646 2746 rerum
3672 2705 3813 2745 sua.

2147 2808 2277 2847 rum
2308 2789 2602 2847 voluimus
2639 2787 2964 2844 studiosius
3017 2784 3314 2840 insudare.
3346 2781 3554 2838 Dilecti
3599 2781 3812 2851 itaque

2148 2880 2331 2941 nostri
2362 2878 2467 2937 ﬁlii
2495 2876 2795 2939 Amalrici.
2824 2874 3073 2933 illustris
3100 2871 3566 2931 leresolimorum
3618 2868 3809 2944 uagis,

2150 2970 2423 3044 precibus
2452 2966 2737 3033 inclinati,
2767 2964 3091 3036 vestrisque
3131 2961 3306 3018 iustis
3334 2965 3389 3018 et
3419 2961 3536 3018 Deo
3566 2958 3817 3033 placitis

2150 3057 2646 3135 postulationibus
2694 3052 3112 3111 nichilominus
3168 3055 3515 3115 annuentes,
3552 3064 3814 3107 assensu

2155 3150 2373 3225 pariter
2398 3153 2456 3205 et
2484 3145 2728 3204 consilio
2758 3142 3104 3200 venerabilis
3134 3140 3332 3205 tratris
3369 3139 3557 3196 nostri
3606 3137 3816 3211 [Iugo-

2154 3241 2267 3309 uis,
2300 3236 2525 3311 Templi
2558 3234 2785 3293 Domini
2818 3229 3462 3297 abbatis,concedimus
3491 3225 3817 3295 tibi,Petr¢

2155 3331 2332 3404 prior,
2365 3332 2423 3384 et
2468 3324 2910 3383 successoribus
2965 3322 3087 3379 tuis
3141 3336 3367 3377 necnon
3414 3322 3474 3376 et
3500 3314 3814 3373 canonicis

2154 3420 2346 3477 Sancti
2374 3415 2795 3491 Sepulcri,tam
2827 3411 3200 3487 presentibus
3228 3425 3407 3482 quam
3438 3422 3642 3465 eorum
3676 3418 3821 3479 pos-

2169 3511 2310 3567 teris
2365 3506 2640 3564 canonice
2695 3500 3187 3573 substitlukndis,
3244 3497 3573 3562 ecclesiam,
3626 3510 3813 3567 quam

2156 3600 2311 3672 apud
2342 3594 2657 3670 Neapolym
2686 3592 2747 3649 in
2778 3596 2952 3659 terra,
2972 3606 3149 3663 quam
3180 3588 3440 3662 profatus
3459 3601 3562 3642 rex
3698 3583 3814 3640 hoc

2155 3671 2378 3747 scilicet
2403 3684 2565 3741 vobis
2595 3684 2853 3749 dederat,
2884 3678 3197 3744 fundastis,
3229 3693 3365 3733 cum
3404 3673 3564 3735 omni
3616 3671 3813 3747 pleni-

2155 3777 2359 3834 tudine
2388 3774 2534 3831 iuris
2564 3768 3034 3846 parrochialis,et
3058 3762 3434 3840 patriarchali
3464 3760 3817 3820 auctoritate

2158 3866 2329 3931 nobis
2350 3882 2385 3921 a
2413 3864 2529 3920 Deo
2560 3876 2836 3919 concessa
2864 3859 2975 3915 hoc
2995 3856 3448 3921 conﬁrmamus;
3481 3854 3817 3907 statuentes

2160 3960 2244 4023 ut,
2278 3953 2417 4027 quia
2442 3950 2694 4009 ecclesia
2722 3948 2823 4005 illa
2853 3948 2925 4007 ad
2955 3943 3196 4002 titulum
3226 3940 3531 4000 Dominice
3577 3937 3817 3996 Passio-

2160 4044 2255 4101 nis
2283 4042 2662 4112 eiusdemque
2693 4034 3158 4095 Resurrcetionis
3190 4031 3435 4088 fundata
3461 4028 3815 4096 dinoscitur,

2162 4133 2482 4207 plenariam
2514 4129 2727 4185 habeat
2754 4127 3100 4200 potestatem
3130 4119 3446 4194 baptisare,
3478 4115 3819 4207 mulieres.

2163 4204 2333 4297 partu
2363 4221 2480 4277 Deo
2510 4223 2569 4275 et
2596 4214 2838 4275 ecclesia
2867 4210 3260 4276 reconciliare,
3292 4208 3556 4264 inﬁrmos
3588 4221 3697 4279 per
3731 4204 3815 4260 ci-

2160 4313 2404 4373 vitatem
2452 4305 2804 4365 absolvendo
2853 4301 3311 4365 communicem,
3338 4301 3605 4353 mortuos
3654 4310 3817 4368 sepe-

2162 4401 2361 4468 lire,et
2395 4397 2661 4455 omnium
2691 4411 2760 4455 ex
2789 4391 3043 4466 pnopriis
3072 4386 3343 4462 expensis
3371 4385 3642 4443 laborum
3666 4382 3819 4439 decl-

618 4492 777 4539 mon,
811 4475 1151 4531 canonicus.
1185 4475 1486 4547 Arnulfus,
1528 4477 1818 4550 subprior.
1850 4477 2030 4537 Petru:

2175 4490 2449 4546 mationes
2479 4502 2614 4543 cum
2645 4482 2805 4540 omni
2834 4479 3171 4554 integritate
3199 4475 3409 4533 usibus
3435 4472 3648 4530 vestris
3680 4472 3816 4528 sine

618 4565 1000 4622 Lombardus.
1066 4567 1267 4621 Frater
1311 4565 1517 4621 Adam.
1572 4566 1774 4622 Frater
1822 4565 2052 4627 Vitalis.

619 4653 824 4710 Petrus
856 4655 926 4711 de
957 4653 1340 4710 Mahumeria.
1375 4657 1584 4710 Petrus
1616 4653 1805 4723 Costa,
1838 4656 2057 4713 vicecoo

618 4760 764 4799 mes.
797 4742 1171 4816 Engilbertus
1201 4743 1270 4798 de
1306 4742 1463 4798 Aria.
1513 4741 1755 4800 Carolus
1805 4744 2059 4800 Hameli-

617 4849 750 4887 nus.
785 4832 1114 4888 Rodbertus
1144 4833 1213 4887 de
1245 4831 1462 4888 Cossia.
1496 4831 1798 4906 Georgius.
1832 4833 2063 4893 Baldui-

617 4938 749 4989 nus,
783 4920 940 4979 ﬁlius
971 4922 1118 4976 eius.

475 5008 535 5065 Si
567 5026 698 5065 vero
730 5008 912 5065 alium
945 5010 1299 5064 conductum
1332 5008 1477 5065 mihi
1506 5008 1742 5068 libuerit
1784 5011 1972 5069 facere
1999 5017 2059 5071 et

405 5097 519 5153 alio
568 5098 737 5153 modo
786 5098 1003 5153 tentem
1053 5098 1124 5152 ad
1172 5097 1502 5169 predictum
1553 5098 1743 5156 casale
1790 5101 2054 5169 educere,

405 5186 582 5241 michi
615 5202 730 5241 non
763 5184 1220 5243 contradicatur.

1131 5292 1315 5349 CLVI.

540 5388 920 5437 PRIVILEGIUM
966 5390 1252 5435 ECCLESIE
1281 5390 1551 5437 DOIHNICI
1597 5392 1901 5439 SEPULCBI.

665 5470 820 5540 (Vide
848 5472 910 5528 in
934 5471 1245 5529 Alexandro
1272 5473 1351 5529 III
1377 5471 1447 5528 ad
1475 5490 1568 5528 an.
1605 5473 1789 5543 1181.)

478 5560 561 5594 1181
593 5561 660 5628 Α,
692 5560 738 5615 f0
770 5562 892 5631 136,
926 5570 1016 5630 ro;
1050 5579 1302 5636 manque
1333 5562 1480 5620 dans
1510 5561 1573 5618 B.

2163 4578 2324 4637 omni
2354 4572 2768 4648 calumpniain
2799 4573 3149 4644 perpetuum
3170 4560 3511 4621 mtinereﬁi
3540 4576 3662 4633 qua
3676 4575 3814 4616 meo

2167 4665 2560 4726 ecclesiastica
2588 4659 2937 4720 secularisve
2984 4672 3233 4731 persona
3263 4653 3375 4709 hoc
3415 4649 3812 4725 privilegium,

2168 4762 2371 4816 contra
2390 4755 2539 4811 illud
2568 4757 2785 4813 temere
2812 4746 3119 4811 veniendo,
3134 4743 3352 4800 violare
3364 4738 3811 4815 prosumpserit,

2168 4865 2203 4905 a
2232 4861 2470 4920 corpore
2498 4859 2567 4899 ac
2596 4839 2882 4913 sanguine
2909 4832 3144 4893 Domini
3166 4830 3360 4888 nostri
3394 4829 3569 4886 lhesu
3597 4825 3815 4883 Christi

2166 4915 2359 4994 aliena
2383 4934 2611 5002 existat,
2632 4934 2691 4986 et
2718 4928 2803 4985 illi
2836 4942 3003 5000 pene,
3021 4938 3199 4997 quam
3230 4918 3518 4977 Dominus
3537 4915 3817 4973 omnibus

2166 5022 2495 5083 maledictis
2541 5020 2820 5085 minatur,
2850 5014 2967 5072 nisi
3013 5008 3345 5085 resipucrit,
3370 5010 3438 5065 et
3493 5005 3567 5062 ad
3610 5020 3818 5062 emen-

2165 5116 2460 5177 dationem
2532 5107 2774 5175 venerit,
2835 5101 3213 5179 perhanniter
3283 5095 3615 5162 subiaceat;
3672 5108 3816 5150 cun-

2165 5204 2277 5265 ctis
2306 5205 2501 5263 autem
2534 5199 2678 5258 illud
2720 5192 3097 5255 servantibus
3127 5190 3205 5249 sit
3228 5203 3346 5261 pa:
3388 5189 3448 5243 et
3482 5181 3817 5242 miseriaen-

2164 5295 2261 5352 dia
2294 5310 2329 5349 a
2356 5290 2604 5348 Domino
2654 5286 2830 5343 lhesu
2877 5279 3109 5339 Christo
3157 5279 3219 5334 in
3264 5276 3375 5333 hoc
3422 5271 3622 5332 seculo
3670 5274 3730 5330 et
3755 5270 3813 5327 in

2162 5385 2530 5528 fuiiltriutem
2560 5466 2671 5525 hoc
2710 5460 3079 5537 privilegium
3128 5459 3396 5519 nostrum
3446 5451 3715 5527 ﬁrmum,
3742 5450 3814 5508 ﬂ-
