3980 6084
213 304 364 370 1241

1209 297 1710 395 CARTULAIRD
1752 296 1857 358 DU
1904 293 2140 357 SAINT
2184 291 2606 356 SEPULCRE.

3462 287 3616 350 1242

212 454 371 508 xum,
405 435 614 496 stabile
643 441 702 492 et
731 434 1138 494 inconvulsum
1169 431 1758 507 permaneat,placuit
1790 428 1859 484 il—
1888 431 1942 498 Α
1972 427 2083 484 nisi
2118 426 2448 499 resipuerit,
2480 430 2536 482 et
2566 425 2636 481 ad
2667 423 3140 481 emendationem
3185 422 3422 491 venerit,
3480 441 3616 496 per-

205 527 310 586 lud
336 526 599 600 plumbei
632 525 806 598 sigilli
842 527 1024 582 nostri
1059 525 1445 596 impressione
1469 519 1854 586 communire,

206 619 264 676 et
293 615 761 688 subscriptorum
794 613 1035 670 testium
1067 613 1330 669 veredico
1359 609 1696 668 testimonio
1727 625 1859 664 con-

206 704 460 771 ﬁrmare,
493 704 698 760 Testes
725 719 859 758 vero
889 702 1066 758 huius
1097 702 1178 756 rei
1213 705 1352 757 sunt
1388 719 1401 769 ;

345 792 632 850 Dominus
677 791 924 848 illustris
984 809 1082 846 rex
1135 790 1485 846 Amalricus.
1548 787 1852 848 Radulfus.

416 881 818 952 Bethleemita,
853 876 1852 947 Rainerius,Liddensis,ltainerius,

418 970 810 1038 Sebastensis,
843 969 1120 1043 episcopi.
1148 968 1455 1033 Rodulfus,
1489 967 1647 1039 prior
1673 966 1856 1022 Seba-

417 1059 658 1118 stensis.
712 1059 1075 1126 Hamericus,
1135 1057 1294 1132 prior
1351 1057 1567 1114 Montis
1626 1054 1851 1111 Oliveti.

419 1148 733 1218 Guilricus,
766 1149 1024 1204 decanus
1067 1147 1358 1221 Neapolis.
1421 1144 1728 1211 Rodnli‘us,
1759 1161 1851 1199 ar-

413 1237 816 1296 chidiaconus.
858 1237 1208 1305 Amalricus,
1263 1233 1670 1292 cancellarius.
1723 1234 1850 1288 Ma-

411 1327 597 1401 gister
627 1325 906 1384 Eraclius.
927 1326 1216 1383 Robertus
1247 1326 1318 1382 de
1367 1323 1659 1401 Pichinec,
1692 1324 1846 1378 Gau-

415 1413 602 1470 fridus
675 1413 1052 1470 Turonensis.
1115 1411 1456 1478 Balduinus,
1522 1411 1844 1466 vicecomes

413 1501 720 1575 Neapolys.
756 1501 1033 1575 Magister
1055 1501 1407 1574 Stephanus.

272 1590 420 1650 Data
450 1590 790 1660 Ierusalem,
839 1608 991 1647 anno
1046 1591 1117 1648 ab
1167 1589 1566 1646 incarnatione
1612 1587 1846 1644 Domini

197 1697 477 1749 Mcaxvm,
538 1697 573 1737 a
601 1680 869 1754 captione
901 1679 1217 1738 Ierusalem
1249 1697 1395 1735 LXIX.

881 1789 1042 1844 CLXI
1069 1789 1176 1842 ηδ’.

194 1876 279 1926 ΒΕ
342 1876 622 1924 ιοοιεεῐΑ
689 1877 906 1922 SANCTI
961 1877 1274 1934 NICHOLAI,
1320 1877 1435 1928 OUE
1497 1877 1607 1920 EST
1657 1875 1848 1920 EXTBA

778 1957 976 2004 MUROS
1039 1957 1272 2002 IOPPEN.

274 2039 337 2095 In
371 2039 607 2096 nomine
637 2043 837 2098 sancte
867 2044 924 2094 et
944 2039 1241 2096 individue
1270 2037 1574 2094 Trinitatis
1599 2037 1854 2095 Patriset

195 2126 331 2184 Filii
363 2133 420 2186 et
451 2127 704 2200 Spiritus
733 2128 950 2194 Sancti,
985 2144 1177 2184 amen.

270 2215 616 2286 Amalricus,
657 2216 753 2272 Dei
785 2217 974 2290 gratia
1001 2221 1207 2272 Sancte
1221 2215 1856 2272 RcsurrectionisChri-

195 2306 274 2362 sti
306 2305 547 2361 ecclesie
581 2305 936 2377 patriarcha,
967 2305 1195 2361 dilectis
1223 2306 1360 2360 ﬁliis
1412 2307 1646 2377 P[etro],
1697 2304 1851 2361 eius-

194 2395 334 2454 dem
365 2393 612 2451 ecclesie
641 2395 843 2467 priori,
877 2399 933 2449 et
955 2394 1242 2452 universis
1260 2395 1704 2458 canonicis,tam
1724 2412 1854 2467 pre-

197 2483 472 2540 sentibus
505 2500 684 2556 quam
728 2483 965 2549 futuris,
997 2483 1056 2539 in
1077 2483 1734 2556 pcrpetuum.Quoniam
1769 2501 1856 2539 sa-

196 2578 510 2630 crosancta
539 2572 826 2628 Dominici
860 2571 1852 2646 Resurrectionisecclesiaquadam

196 2661 440 2734 speciali
473 2661 839 2734 prerogativa
869 2661 1198 2717 sanctitatis
1230 2661 1436 2717 merito
1468 2662 1539 2718 ab
1571 2661 1727 2717 omni
1745 2679 1853 2733 po-

195 2750 340 2823 pulo
371 2750 698 2806 Christiano
731 2750 1103 2806 devotissime
1124 2751 1420 2816 adoratur,
1436 2754 1493 2806 et
1512 2749 1605 2822 pio
1637 2749 1853 2805 intuitu

195 2837 458 2898 humane
485 2839 868 2912 reparationis
899 2840 970 2895 ab
1003 2838 1290 2896 universis
1310 2839 1494 2895 Deum
1525 2838 1852 2895 colentibus

195 2929 332 2985 fons
363 2932 421 2984 et
451 2927 611 3002 origo
649 2928 993 2986 universalis
1020 2927 1261 2988 ecclesie
1291 2927 1571 2984 veraciter
1595 2928 1855 3000 prcdica-

195 3022 318 3084 tur,
356 3034 485 3086 nos,
515 3016 616 3090 qui
664 3018 999 3090 supradicte
1047 3017 1308 3085 ecclesie,
1370 3018 1485 3073 Deo
1537 3023 1848 3084 annuente,

196 3106 594 3180 presidemus,
627 3124 754 3166 eam
783 3107 1133 3181 prepensius
1159 3107 1444 3164 honorare
1474 3111 1531 3163 et
1561 3107 1619 3162 in
1651 3106 1854 3179 ampli-

1966 517 2238 574 henniter
2267 517 2565 572 subiaceat
2589 514 2846 582 ;cunctis
2868 518 3060 570 autem
3083 511 3228 569 illud
3246 513 3616 570 servantibus

1967 605 2043 662 sit
2063 623 2174 677 pax
2203 611 2257 660 et
2287 605 2686 660 misericordia
2717 621 2750 658 a
2781 604 3024 660 Domino
3071 602 3242 658 Ihesu
3291 601 3522 657 Chrtsto
3555 602 3614 656 in

1966 695 2074 751 hoc
2107 695 2302 751 seculo
2345 699 2401 750 et
2460 695 2518 748 in
2561 695 2778 750 futuro.
2833 693 2906 749 Ut
2963 696 3156 748 autem
3215 691 3324 746 hoc
3384 689 3613 762 privile-

1964 783 2123 857 gium
2190 789 2455 840 nostrum
2516 785 2774 849 ﬁrmum,
2828 783 3006 837 ﬁxum
3050 781 3258 836 stabile
3301 784 3360 836 et
3411 780 3607 835 incono

1963 871 2197 928 vulsum
2259 876 2615 944 permaneat,
2672 872 2891 942 placuit
2941 871 3085 925 illud
3121 868 3382 942 plumbei
3435 868 3613 942 sigilli

1963 961 2348 1033 impressione
2379 961 2608 1017 munire
2640 966 2695 1016 et
2725 960 3190 1031 subscriptorum
3241 957 3476 1014 testium
3518 975 3611 1013 ves

1964 1051 2142 1106 ridico
2198 1050 2528 1106 testimonio
2596 1051 2960 1106 confirmare.
3033 1048 3222 1104 Huius
3287 1047 3369 1104 rei
3426 1051 3606 1102 testes

1963 1145 2104 1196 sunt
2140 1156 2152 1195 :

2103 1229 2412 1294 Radult‘us,
2446 1228 2864 1296 Bethleemita;
2923 1227 3254 1293 Rainerius,
3305 1223 3609 1292 Lidensis;

2175 1319 2506 1384 Rainerius,
2541 1317 2930 1377 Sebastensis.
2976 1315 3252 1389 episcopi.
3304 1314 3610 1381 Radultus,

2174 1408 2334 1479 prior
2363 1407 2750 1463 Sebastensis.
2782 1407 3169 1471 Haimericus,
3219 1404 3434 1460 Montis
3492 1403 3610 1459 Oli-

2175 1498 2283 1552 veti
2319 1497 2496 1570 prior.
2532 1496 2841 1561 Radulfus,
2870 1491 3612 1551 archidiaconus.Amalri-

2173 1603 2297 1652 cus,
2328 1586 2742 1654 cancellarius,
2792 1585 3070 1658 Magister
3115 1583 3400 1640 Eraclius.
3445 1587 3610 1655 Hugo

2172 1675 2242 1730 de
2275 1675 2650 1732 Iherusalem.
2685 1676 2976 1732 Robertus
3017 1675 3088 1730 de
3134 1672 3423 1729 Pichinec.
3456 1671 3609 1728 Gau-

2173 1763 2362 1820 fridus
2392 1766 2771 1821 Turonensis.

2033 1852 2180 1908 Data
2212 1853 2593 1925 lherusalem,
2627 1871 2780 1910 anno
2829 1853 2902 1908 ab
2949 1850 3346 1908 incarnatione
3375 1848 3608 1906 Domini

1961 1957 2227 2008 ucuvm,
2261 1959 2294 2000 a
2323 1945 2591 2015 captione
2623 1947 2820 2000 sancte
2847 1941 3094 1997 civitatis
3126 1959 3268 1996 ωαχ.

2685 2051 2894 2106 CLXII.

2241 2139 2630 2184 PRIVILEGIUM
2675 2139 2981 2185 IOPPENSIS
3044 2138 3326 2182 ECCLESIB

2317 2203 2467 2270 (Vide
2499 2206 2554 2258 in
2587 2203 2898 2260 Alexandro
2933 2204 3012 2260 III
3035 2203 3104 2258 ad
3133 2201 3250 2272 an).

2603 2311 2822 2366 CLXIII
2859 2311 2966 2364 “53.

1963 2397 2039 2442 DE
2097 2399 2425 2442 LIBEBTATE
2499 2399 2778 2446 ECCLESIE
2842 2400 3058 2444 SANCTI
3119 2398 3424 2456 SEPULCRI,

2505 2480 2684 2525 TttOlE
2730 2482 2866 2526 SlTA
2914 2481 3045 2526 EST.

2033 2567 2096 2624 In
2130 2568 2364 2624 nomine
2407 2569 2596 2626 Patris
2645 2574 2702 2625 et
2759 2569 2884 2626 Filii
2935 2573 2991 2625 et
3041 2568 3295 2641 Spiritus
3346 2568 3604 2641 [Sancti],

1964 2672 2155 2713 8.11160.

2030 2749 2196 2801 Anno
2228 2747 2519 2804 dominica
2575 2747 2996 2805 incarnationis
3043 2764 3224 2813 ccxxx,
3275 2764 3474 2804 mense
3525 2747 3605 2803 fe-

1961 2835 2203 2900 bruarii,
2236 2835 2555 2892 indictione
2581 2836 3122 2904 xv.Willelmus,Dei
3153 2837 3341 2910 gratia
3358 2836 3606 2892 Troiane

1961 2923 2201 2980 ecclesie
2230 2925 2472 2981 humilis
2514 2925 2844 2997 episcopus.
2898 2929 3108 2980 Sancta
3151 2929 3208 2980 et
3252 2923 3605 2980 venerabilia

1961 3013 2106 3078 loca,
2140 3018 2360 3085 quanto
2393 3016 2545 3086 apud
2578 3015 2760 3070 Deum
2776 3019 2831 3070 et
2858 3015 3012 3087 apud
3028 3014 3295 3070 homines
3317 3013 3607 3087 dignioria

1961 3106 2017 3157 et
2045 3102 2266 3158 cariora
2298 3120 2424 3158 esse
2454 3103 2861 3170 dinoscuntur,
2891 3107 3051 3158 tanto
3106 3120 3140 3158 a
3169 3102 3440 3158 fidelibus
3480 3119 3604 3157 ma-

3489 2397 3607 2450 OUB

198 3172 476 3254 iicatione
509 3172 705 3258 rerum
737 3172 976 3254 suarum
1009 3194 1283 3252 volumus
1332 3195 1653 3252 studiosius
1685 3172 1850 3250 insu-
1882 3172 1924 3240 C
1963 3190 2068 3246 tris
2098 3191 2336 3248 ecclesie
2367 3193 2551 3247 Deum
2590 3193 2933 3248 timentibus
2980 3192 3184 3247 maiori
3233 3191 3500 3246 karitatis
3526 3191 3606 3246 af-

195 3282 596 3340 dare.Vestris
624 3285 820 3356 itaque
851 3283 1024 3342 iustis
1055 3289 1110 3340 et
1127 3285 1242 3340 Deo
1276 3283 1854 3357 placitispostulatio-

193 3372 379 3432 nibus
410 3377 756 3442 annuentes,
789 3373 1165 3430 concedimus
1196 3372 1495 3439 tibi,Petre
1525 3373 1850 3448 prior,suc-

193 3459 650 3532 cessoribusque
680 3459 798 3516 tuis
831 3477 1055 3516 necnon
1069 3460 1432 3516 etcanonicis
1449 3460 1643 3518 Sancti
1655 3461 1851 3533 Sepul-

192 3548 434 3614 cri,tam
469 3548 839 3620 presentibus
871 3566 1048 3621 quam
1082 3566 1283 3605 eorum
1316 3551 1852 3622 posteriscanonice

199 3637 700 3710 su[b]stituendis,
735 3637 1039 3696 ecclesiam
1069 3638 1262 3696 Sancti
1292 3638 1574 3706 Nicholai,
1610 3657 1722 3714 que
1751 3657 1850 3695 ex-

194 3731 292 3782 tra
321 3743 522 3782 muros
548 3727 712 3782 urbis
746 3727 980 3799 Ioppen,
1014 3744 1048 3781 a
1077 3731 1241 3798 parte
1291 3727 1754 3800 septentrionali,
1788 3729 1846 3784 in

192 3831 408 3888 aggere
437 3815 630 3871 Sancti
660 3815 923 3872 Nioholai
953 3832 1133 3890 supra
1180 3833 1339 3872 mare
1369 3821 1705 3873 constructa
1735 3823 1844 3886 est,

193 3921 334 3960 cum
365 3903 526 3966 omni
555 3903 921 3976 plenitudine
949 3893 1096 3960 iuris
1128 3903 1850 3978 parrochialis,etpatriar-

192 3992 350 4049 chali
379 3992 722 4052 auctoritate
740 3994 910 4050 nobis
923 4010 957 4050 a
975 3994 1094 4052 Deo
1105 4009 1385 4050 concessa
1405 3995 1844 4062 conﬁrmamus,

191 4086 520 4140 statuentes
553 4086 635 4149 ut,
669 4082 809 4155 quia
837 4083 1061 4155 prefeta
1087 4082 1282 4142 Sancti
1314 4082 1574 4138 Nicholai
1605 4083 1850 4140 ecclesia

189 4189 262 4228 ex
318 4172 492 4228 domo
547 4175 606 4227 et
665 4171 1039 4228 concessione
1097 4168 1464 4228 dilectissimi
1511 4171 1616 4226 ﬁlii
1663 4173 1845 4228 nostri

189 4259 492 4328 Amalrici,
523 4259 773 4316 illustris
804 4259 1275 4316 Ierosolimorum
1305 4245 1478 4332 regis,
1505 4261 1577 4316 ad
1607 4261 1846 4318 titulum

195 4347 498 4406 Dominice
531 4347 826 4405 Passionis
855 4349 1236 4420 eiusdemque
1249 4348 1848 4421 Resurreotionisper—

196 4436 385 4493 tinere
414 4437 756 4502 dinoscitur,
787 4437 1110 4509 plenariam
1142 4438 1354 4493 habeat
1381 4441 1731 4509 potestatem
1748 4439 1844 4495 ba-

1958 3281 2108 3336 fectu
2140 3282 2469 3337 veneranda
2497 3299 2624 3337 esse
2655 3287 2712 3336 et
2741 3282 3161 3354 protegendaet
3191 3281 3262 3336 ab
3275 3297 3449 3337 onere
3464 3284 3605 3336 tem-

1958 3370 2173 3441 poralis
2229 3371 2548 3439 servitutis,
2605 3371 2653 3426 si
2705 3370 3010 3438 insisterit,
3053 3371 3359 3426 relevanda
3405 3375 3605 3426 aucto-

1958 3459 2129 3514 ritate
2159 3465 2274 3514 tam
2309 3460 2516 3516 veteris
2548 3478 2725 3532 quam
2759 3461 2888 3515 novi
2912 3461 3244 3516 testamenti
3263 3460 3603 3532 comproba-

1957 3552 2073 3603 tur.
2107 3550 2246 3604 Inde
2275 3555 2365 3604 est
2395 3551 2553 3621 quod
2587 3555 2788 3606 sancto
2822 3549 3004 3623 Moysi
3034 3567 3068 3605 a
3117 3548 3361 3606 Domino
3409 3565 3603 3622 prece-

1956 3642 2121 3710 ptum
2156 3642 2245 3694 est
2273 3640 2424 3710 quod
2457 3639 2690 3695 nonnisi
2723 3639 3067 3695 discaltiatis
3117 3639 3362 3712 pedibus
3403 3639 3470 3694 ad
3506 3655 3604 3693 ru-

1957 3726 2098 3786 bum
2129 3719 2478 3783 succensum
2514 3729 2830 3784 accederet.
2863 3733 2918 3784 et
2948 3727 3108 3785 Helie
3129 3727 3439 3801 magnifico
3478 3745 3605 3800 pro-

1955 3815 2128 3887 phete
2185 3817 2693 3889 quadragesimale
2737 3808 3024 3874 ieiunium
3067 3818 3353 3873 indictum
3396 3820 3504 3884 est,
3537 3820 3605 3872 ut

1955 3906 2356 3961 sanetificatus
2384 3907 2452 3962 ad
2488 3911 2747 3963 montem
2778 3908 2878 3963 Dei
2911 3908 3058 3964 Oreb
3107 3907 3357 3964 transire
3382 3911 3598 3979 posset.

1953 3995 2073 4047 Hoc
2105 3992 2283 4048 David
2315 4010 2413 4048 rex
2442 3997 2500 4049 et
2547 3995 2832 4067 propheta
2888 3995 3313 4062 considerabat,
3366 3985 3615 4067 quando‘

1955 4080 2183 4136 dicebat
2215 4098 2226 4135 :
2263 4082 2506 4147 Domine,
2536 4083 2717 4138 dilexi
2762 4083 3004 4139 decorem
3059 4083 3248 4140 domus
3307 4091 3396 4139 tua
3442 4092 3492 4140 et
3521 4083 3602 4139 lo-

1951 4186 2077 4224 cum
2105 4171 2463 4226 habitationis
2491 4172 2663 4242 gloria
2693 4180 2800 4227 tuo.
2833 4172 2982 4227 Huic
3012 4173 3185 4228 etiam
3219 4172 3300 4228 rei
3333 4171 3601 4228 Christus

1953 4257 2263 4326 Dominus,
2295 4259 2621 4331 evangelise
2651 4261 2835 4334 gratis
2867 4261 3269 4336 promulgator
3309 4265 3367 4318 et
3407 4266 3602 4318 nostre

1953 4347 2373 4420 redemptionis
2404 4355 2626 4417 auctor,
2659 4354 2969 4406 attestatus
2994 4355 3102 4419 est,
3136 4369 3270 4407 cum
3317 4351 3468 4407 facto
3497 4351 3600 4406 ila-

1951 4435 2103 4508 gello
2133 4437 2204 4492 de
2235 4437 2525 4494 testiculis
2555 4440 2870 4495 vendentes
2901 4444 2958 4495 et
2987 4444 3248 4496 ementes
3280 4441 3350 4496 de
3381 4439 3599 4513 templo

196 4527 436 4599 ptizare,
470 4544 505 4582 a
535 4530 706 4599 partu
737 4526 853 4582 Deo
884 4531 940 4582 et
968 4526 1208 4583 ecclesie
1247 4526 1643 4595 reconciliare,
1681 4528 1843 4583 intir-
1871 4547 1920 4611 D
1953 4531 2152 4581 saneto
2183 4543 2289 4581 suo
2320 4527 2509 4593 eiecit,
2544 4527 2744 4583 dicens
2779 4545 2791 4582 :
2831 4533 3038 4594 Domus:
3094 4546 3215 4584 mea
3257 4528 3448 4584 domus
3484 4546 3602 4586 ora-

191 4632 321 4672 mos
349 4632 454 4688 per
483 4615 769 4671 civitatem
799 4614 1151 4672 absolvendo
1197 4615 1652 4686 communicare,
1687 4633 1842 4672 mor-

190 4710 328 4760 tuos
358 4703 623 4776 sepelire,
653 4709 715 4763 et
744 4704 1010 4760 omnium
1044 4722 1238 4760 rerum
1270 4721 1534 4771 suarum,
1553 4710 1840 4761 terrarum

188 4799 246 4850 et
273 4794 599 4862 vinearum,
633 4811 784 4866 quas
813 4794 984 4850 modo
1014 4793 1189 4850 habet
1215 4793 1302 4849 vel
1329 4794 1389 4849 in
1423 4794 1840 4861 futurum,Deo

189 4881 531 4954 auxiliante,
563 4883 778 4939 habere
809 4882 1038 4956 poterit,
1067 4882 1486 4939 deoimatienes
1515 4900 1648 4939 cum
1680 4885 1838 4940 omni

187 4970 526 5044 integritate
559 4972 768 5032 usibus
795 4971 1002 5028 vestris
1034 4971 1160 5027 sine
1191 4973 1349 5027 omni
1380 4971 1716 5046 calumpnia
1773 4969 1834 5028 in

186 5062 534 5130 perpetuum
567 5059 900 5118 retinere.8i
933 5076 1050 5131 qua
1079 5076 1214 5116 vero
1243 5059 1640 5117 ecclesiastica
1671 5078 1835 5116 secu-

184 5144 394 5202 larisve
424 5164 675 5219 persona
704 5147 815 5204 hoc
847 5147 1213 5222 privilegium
1245 5154 1513 5205 nostrum
1553 5150 1835 5206 contrail-

182 5231 284 5290 lud
313 5236 601 5293 veniendo
631 5235 846 5293 violare
876 5237 1609 5310 presumpserit,aeorpore
1621 5244 1679 5294 et
1697 5256 1832 5295 san-

181 5323 357 5395 guine
387 5323 620 5382 Domini
649 5326 833 5382 nostri
865 5325 1034 5383 lhesu
1063 5326 1274 5382 Christi
1305 5325 1493 5386 aliena
1534 5327 1831 5394 existat,et

177 5410 257 5468 illi
287 5428 454 5486 pono,
484 5431 664 5487 quam
691 5415 845 5476 Deus
867 5415 1144 5472 omnibus
1167 5415 1496 5473 maledictis
1532 5417 1815 5486 minatur,

1951 4617 2119 4671 tionis
2147 4616 2443 4671 vocabitur.
2478 4617 2666 4671 Huius
2724 4617 2920 4689 itaque
2964 4617 3451 4674 eonsiderationis
3495 4635 3597 4674 su-

1951 4703 2173 4777 gillatio
2205 4711 2428 4760 mentes
2469 4705 2815 4762 sublimium
2868 4711 3223 4778 potestatum
3269 4707 3600 4780 frequenter

1949 4792 2222 4849 humiliat
2252 4799 2307 4850 et
2335 4794 2628 4867 compellit
2661 4799 2725 4850 ut
2754 4796 2810 4850 in
2825 4795 3104 4852 hiislocis
3118 4800 3349 4852 sanctas
3371 4795 3598 4853 animas

1947 4897 2180 4938 servmo
2217 4883 2314 4938 Dei
2349 4882 2645 4940 dedicatas
2677 4890 2734 4940 et
2765 4885 3128 4957 mancipatas
3174 4885 3494 4958 plurimum
3527 4885 3597 4940 ti-

1947 4976 2146 5026 meant
2173 4976 2232 5027 et
2260 4971 2640 5040 honorent,et
2674 4974 2841 5029 iustis
2873 4991 3072 5029 earum
3107 4974 3598 5046 posiulationibus

1945 5060 2254 5132 diligenter
2285 5060 2612 5118 lntendant.
2647 5068 2982 5136 Propterea,
3014 5063 3103 5118 vir
3132 5062 3468 5122 vinerabilis
3495 5063 3598 5122 Pe-

1941 5154 2048 5216 tre,
2083 5154 2280 5204 sancte
2312 5151 2784 5223 congregationis
2803 5153 3085 5208 Dominicl
3117 5151 3379 5225 Sepulcri
3414 5154 3594 5225 prior,

1941 5238 2264 5294 honestatis
2293 5244 2350 5294 et
2381 5241 2688 5311 prudentie
2721 5248 2819 5297 tue
2851 5242 3192 5315 fatrumque
3236 5249 3475 5298 tuorum
3508 5242 3597 5297 di-

1941 5328 2074 5401 gnis
2095 5325 2474 5399 petitionibus
2505 5346 2764 5387 annuere
2823 5330 3211 5404 decrevimus,
3244 5347 3427 5404 eoque
3456 5331 3600 5386 faci-

1938 5417 2114 5472 liores
2157 5416 2362 5471 vestris
2408 5417 2714 5477 desideriis
2767 5437 2873 5476 nos
2923 5421 3286 5488 exhibemus,
3349 5419 3501 5492 quod
3544 5425 3606 5475 et

251 5590 343 5630 ¹¹¹²
371 5593 438 5661 A,
471 5592 516 5648 θ’
548 5592 670 5664 137,
703 5604 789 5663 r0;
826 5607 1081 5666 manque
1114 5593 1260 5650 dans
1291 5599 1354 5652 B.
1435 5595 1524 5631 “5’
1552 5597 1618 5663 A,
1652 5597 1697 5654 ἕο
1734 5597 1837 5658 139

1968 5614 1976 5670 ;
2011 5610 2264 5666 Inanque
2295 5595 2443 5654 dans
2475 5599 2538 5651 B.
