4012 6072
312 264 470 331 1243

820 268 925 330 AD
971 266 1482 339 GODEFRIDUM
1527 267 1863 330 APPEND.
1910 265 1988 328 Il.
2020 299 2098 311 —-
2128 263 2441 330 MONUM.
2487 265 2589 328 DE
2631 264 2883 328 BELLO
2926 264 3201 327 SACBO.

3558 261 3737 322 1244

313 399 440 459 loco
472 397 903 470 sanctissimo,a
933 418 1049 474 quo
1079 401 1396 459 christiane
1420 401 1718 476 religionis
1749 400 1960 457 sancti-
1986 402 2041 469 Α
2069 400 2287 457 intuitu
2318 405 2375 458 et
2402 418 2505 475 pro
2535 398 2878 457 remissione
2908 401 3278 472 peccatorum
3302 410 3567 452 meorum
3582 398 3739 451 ante

319 494 412 547 tas
441 507 543 564 per
571 507 774 547 omnes
826 491 1035 547 mundi
1091 493 1373 548 terminos
1431 492 1733 548 exordium
1765 491 1961 557 traxit,

316 596 418 636 vos
448 581 738 637 deservire
768 580 1196 655 cognoscimus,
1232 583 1383 637 sicut
1412 581 1696 654 scriptum
1741 585 1859 637 est:
1890 581 1966 636 De

318 668 467 743 Syon
511 670 684 726 exibit
713 671 803 726 lex
847 673 1230 727 et~verbum...
1282 670 1722 726 Communicato
1767 668 1965 741 itaque

321 757 590 815 universo
622 758 863 832 capituli
894 759 1076 815 nostri
1092 759 1674 826 consilio,annualem
1698 776 1962 827 censum,

318 847 586 903 videlicet
616 865 794 904 unam
826 849 1052 905 untiam
1086 850 1233 915 auri,
1267 866 1441 922 quam
1477 848 1722 905 ecclesia
1750 852 1962 916 vestra,

323 954 436 1009 que
466 937 621 1010 apud
652 937 883 994 Troiam
917 939 1029 993 sita
1060 940 1338 995 Sanctum
1373 938 1760 1011 Sepulchrum
1775 936 1969 1010 appel-

321 1024 497 1093 latur,
531 1027 837 1082 annuatim
868 1028 1189 1099 quatbedre
1219 1032 1413 1083 nostre
1445 1027 1663 1083 solvere
1694 1026 1962 1092 debebat,

323 1131 518 1171 coram
552 1116 831 1171 fratribus
864 1117 1080 1172 nostris
1101 1116 1969 1173 assentientibusetcollaudan-

323 1204 483 1259 tibus
516 1204 575 1259 in
609 1211 955 1278 perpetuum
990 1206 1346 1275 remisimus,
1399 1206 1507 1262 hoc
1537 1209 1732 1260 autem
1767 1204 1966 1260 condi-

323 1293 501 1349 tionis
531 1295 724 1351 debito
757 1300 1066 1362 reservato,
1098 1301 1164 1351 ut
1194 1295 1442 1369 singulis
1483 1295 1654 1351 annis
1683 1311 1862 1349 unam
1892 1293 1966 1347 li-

325 1381 491 1438 bram
523 1401 648 1439 cere
681 1390 739 1440 et
768 1384 943 1441 aliam
977 1386 1201 1442 incensi
1232 1390 1430 1441 nostre
1460 1384 1582 1441 sedi
1616 1384 1880 1451 solvatis;
1914 1386 1971 1439 et

326 1472 375 1527 si
405 1471 538 1544 quis
567 1473 705 1529 huic
735 1479 933 1529 nostre
964 1474 1293 1529 remissioni
1323 1473 1554 1530 obviare
1596 1487 1969 1545 presumpse—

327 1559 424 1629 rit,
455 1561 649 1635 gladio
681 1562 1070 1619 anathematis
1100 1563 1282 1618 nostri
1314 1563 1574 1618 feriatur.
1608 1562 1682 1617 Ut
1730 1560 1835 1616 hec
1867 1576 1970 1614 au-

327 1654 444 1707 tem
478 1654 680 1707 nostra
710 1651 977 1708 remissio
1006 1651 1065 1707 in
1099 1656 1443 1724 perpetuum
1484 1650 1714 1707 stabilis
1743 1665 1970 1723 perma-

2072 492 2425 564 presentiam
2458 508 2620 547 sacre
2650 490 2809 546 curie
2840 488 2995 562 regie
3024 504 3153 543 mea
3170 491 3491 559 spontanea
3517 483 3737 541 volun-

2070 585 2189 637 tate
2219 580 2667 649 donavi,tradidi
2697 583 2753 635 et
2780 577 3043 634 concessi
3074 576 3133 631 in
3167 578 3511 649 perpetuum
3543 574 3733 631 eccle-

2073 671 2157 727 sie
2188 671 2475 726 Dominici
2507 669 2769 743 Sepulcri
2825 669 3069 724 domum
3099 681 3315 731 meam,
3349 680 3527 736 quam
3560 664 3723 719 Mes-

2074 778 2214 818 sane
2244 762 2449 829 habui,
2480 779 2616 818 cum
2648 759 2924 816 omnibus
2973 754 3339 831 pertinentiis
3384 772 3529 819 suis,
3566 755 3723 809 sicut

2074 867 2203 907 eam
2234 850 2415 920 tenui,
2449 856 2505 907 et
2549 851 2619 907 de
2667 848 2918 922 propriis
2960 845 3230 919 expensis
3277 861 3404 899 eam
3449 842 3723 899 ediﬁcare

2075 938 2202 995 feci.
2237 942 2306 996 Et
2335 945 2423 996 est
2449 940 2766 1012 contingua
2810 954 2978 993 muro
3026 934 3278 991 civitatis
3327 937 3488 988 extra
3534 929 3721 1004 magi-

2076 1037 2258 1089 stram
2314 1035 2563 1104 portam,
2618 1047 2730 1102 que
2779 1027 2940 1084 ducit
2970 1027 3041 1082 ad
3087 1026 3368 1080 Sanctum
3399 1021 3721 1078 Iohannem

2074 1120 2410 1195 Hospitalis.
2446 1121 2565 1185 Que
2613 1121 2827 1175 domus
2875 1119 3105 1172 constat
3133 1114 3287 1169 inter
3334 1113 3575 1167 domum
3604 1110 3721 1165 tin-

2077 1211 2271 1279 ctoris,
2306 1211 2545 1266 domum
2575 1224 2687 1281 que
2720 1206 2830 1262 fuit
2859 1205 2997 1262 olim
3030 1203 3166 1260 Boni
3194 1201 3721 1274 Prolupo,murum

2076 1301 2328 1357 civitatis
2357 1303 2413 1355 et
2436 1299 2588 1353 viam
2622 1296 2938 1369 publicam.
2999 1299 3196 1365 Ipsam
3240 1290 3439 1363 itaque
3478 1290 3726 1345 domum

2077 1407 2212 1447 cum
2247 1388 2486 1446 introitu
2518 1391 2573 1443 et
2602 1386 2756 1443 exitu
2787 1389 2843 1440 et
2875 1382 3147 1439 omnibus
3180 1378 3731 1453 pcrtinentiis,sicut

2077 1498 2205 1537 eam
2238 1478 2422 1543 tenui,
2455 1476 2753 1550 assignare
2785 1473 2891 1530 feci
2927 1472 3164 1529 domino
3198 1471 3386 1537 Petro,
3407 1465 3728 1524 venerabili

2078 1570 2254 1644 priori
2289 1568 2476 1641 ipsius
2504 1565 2743 1622 ecclesie
2776 1562 3059 1619 Dominici
3093 1559 3374 1633 Sepulcri,
3395 1562 3452 1613 et
3494 1556 3730 1611 duobus

2081 1657 2489 1715 concanonicis
2519 1655 2644 1712 suis
2676 1653 2840 1709 fratri
2869 1651 3075 1709 Achilli
3108 1656 3165 1706 et
3197 1649 3358 1705 fratri
3417 1645 3730 1711 Balduino,

329 1744 484 1808 neat.
521 1745 593 1807 ιθ,
627 1740 936 1797 Gumelme
967 1742 1036 1797 de
1066 1741 1312 1809 Βᾶίοοίε,
1341 1741 1635 1797 notarium
1682 1745 1970 1805 nostrum.
2005 1778 2050 1842 Β
2082 1747 2497 1822 recipientibus
2528 1760 2657 1801 eam
2690 1745 2763 1800 ad
2795 1760 2945 1815 opus
2974 1739 3215 1797 ecclesie
3242 1733 3733 1811 ipsiusDominici

330 1828 438 1885 hoc
469 1830 635 1886 breve
666 1830 917 1887 scribere
948 1831 1333 1903 precepimus,
1366 1835 1424 1887 et
1453 1830 1561 1885 hoc
1592 1829 1758 1903 signo
1785 1827 1973 1884 crucis

330 1923 540 1986 nostra.
563 1920 796 1993 propria
845 1921 1070 1992 [manu]
1102 1921 1250 1976 facto
1282 1920 1666 1985 munivimus,
1699 1922 1755 1975 et
1780 1916 1973 1991 sigillo

330 2012 530 2063 nostro
561 2008 985 2077 roboravimus,
1023 2009 1373 2082 subscriptis
1431 2008 1647 2065 nostris
1679 2007 1975 2063 canonicis

331 2097 601 2165 testibus,
634 2098 694 2153 in
724 2099 869 2154 urbe
898 2098 1072 2154 Troia
1101 2098 1361 2154 feliciter.

474 2191 591 2260 Ego
650 2186 999 2258 Willelmus,
1057 2188 1265 2244 tertius
1321 2187 1604 2244 Troianus
1644 2186 1973 2259 episcopus.

546 2277 665 2348 Ego
695 2274 1047 2345 Willelmus,
1080 2276 1367 2333 Troianus
1395 2278 1671 2334 decanus.
1704 2277 1822 2347 Ego
1854 2276 1976 2349 My-

548 2364 789 2431 sandus,
824 2364 1267 2422 archidiaconus
1301 2366 1489 2421 Troie.
1542 2366 1659 2437 Ego
1689 2364 1978 2421 Iohannes

549 2452 837 2521 Landulﬁ,
896 2453 1144 2509 Troiane
1200 2454 1441 2510 ecclesie
1488 2457 1809 2527 precentor.
1859 2454 1977 2526 Ego

549 2541 826 2609 Thomas,
853 2541 1304 2615 archipresbiter
1333 2543 1547 2599 Montis
1579 2547 1635 2599 et
1664 2542 1979 2599 canonicus

552 2630 740 2687 Troie.
777 2632 894 2705 Ego
923 2630 1216 2688 Iohannes
1246 2633 1519 2697 Mannus,
1578 2631 1895 2688 canonicus
1924 2635 1982 2686 et

552 2720 844 2777 sacerdos.
892 2721 1011 2794 Ego
1046 2720 1365 2786 Castorius,
1413 2721 1699 2778 Troianus
1745 2720 1981 2777 canoni-

551 2826 677 2865 cus.
729 2810 847 2883 Ego
892 2809 1285 2878 Theobaldus,
1339 2811 1675 2866 canonicus.
1725 2812 1844 2884 Ego
1894 2815 1982 2865 lo-

552 2897 781 2955 hannes
826 2899 1013 2956 Rao...
1071 2900 1188 2977 Ego
1232 2900 1438 2971 Gar...,
1486 2899 1804 2955 canonicus
1856 2899 1983 2954 dia-

553 3003 756 3043 conus.
790 2988 908 3061 Ego
940 2987 1251 3057 Alfericus,
1300 2988 1617 3045 canonicus
1663 2992 1719 3044 et
1748 2988 1984 3044 thesau-

554 3076 765 3132 rarius.
792 3077 911 3150 Ego
959 3076 1297 3144 Nicbolaus,
1344 3076 1662 3135 canonicus
1709 3081 1765 3134 et
1795 3094 1988 3134 sacer-

555 3165 681 3222 dos.

989 3255 1201 3311 CLXIV
1222 3257 1331 3309 “5‘.

343 3342 726 3389 Ριιιγιιεϐῐωί
772 3343 1052 3389 ECCLBSIB
1097 3344 1308 3389 SANCTI
1350 3345 1657 3402 SEPULCBI,
1689 3345 1809 3397 OUE
1853 3343 1988 3387 SITA

867 3424 975 3469 EST
1015 3426 1177 3469 APUD
1226 3425 1482 3470 TROIAM.

414 3505 580 3559 Anno
611 3503 900 3559 dominice
928 3504 1349 3561 incarnationis
1381 3521 1805 3574 MCLxx,mense
1836 3521 1989 3559 mar-

347 3591 437 3660 tii,
470 3591 786 3647 indiciione
814 3605 887 3659 Iv,
919 3610 973 3652 VI
1003 3593 1096 3649 die
1127 3594 1347 3650 mensis
1375 3593 1649 3662 intrante,
1681 3610 1786 3667 ego
1818 3592 1990 3666 Bagi-

350 3678 928 3751 naldus,capellanus
954 3680 1416 3750 Willelmi,tertii
1445 3681 1680 3738 Troiani
1711 3681 1990 3754 episcopi,

350 3769 763 3825 abrenunciavi
796 3768 1061 3825 incensui
1093 3770 1263 3826 uncie
1294 3771 1420 3826 auri
1447 3771 1643 3840 unius,
1677 3787 1855 3843 quam
1886 3769 1994 3825 ha-

351 3857 561 3914 bebam
592 3857 651 3913 in
682 3857 929 3914 ecclesia
976 3859 1171 3914 Sancti
1217 3859 1498 3931 Sepulcri,
1542 3877 1655 3932 que
1684 3859 1854 3915 Troie
1884 3860 1999 3916 sita

353 3951 463 4015 est,
498 3947 558 4001 in
588 3947 863 4003 manibus
892 3947 1281 4020 prenominati
1332 3947 1609 4021 episcOpi.
1657 3949 1840 4015 Unde,
1873 3947 1999 4005 sola

354 4036 544 4110 gratia
572 4034 885 4102 mediante,
920 4036 1143 4103 Petrus,
1176 4035 1334 4109 prior
1362 4037 1573 4095 Sancte
1602 4038 1998 4094 Resurrectio-

357 4124 471 4189 nis,
503 4141 636 4179 cum
668 4124 945 4181 fratribus
977 4125 1101 4181 suis
1133 4126 1291 4181 dedit
1316 4125 1460 4182 mihi
1496 4126 1699 4183 uncias
1728 4126 1855 4182 auri
1887 4144 1922 4182 v
1945 4130 2001 4183 et

358 4211 686 4281 dimidiam,
719 4214 1089 4287 presentibus
1120 4231 1132 4269 :

502 4301 835 4370 Willelmo,
868 4303 1116 4360 Troiano
1163 4305 1403 4360 decano.
1455 4305 1524 4359 Et
1569 4304 1854 4360 Musando
1904 4320 2001 4359 ar-

573 4390 939 4448 chidiacono.
971 4392 1042 4448 Et
1090 4393 1348 4449 Iohanne
1380 4394 1468 4429 “55
1519 4393 1809 4460 Landulﬁ,
1859 4410 2001 4449 can-

573 4485 718 4536 tore.
778 4481 850 4536 Et
906 4481 1184 4555 magistro
1242 4482 1466 4538 Thoma
1514 4482 2000 4554 archipresbitero

574 4569 809 4626 Montis.
839 4571 911 4627 Et
939 4570 1196 4627 Iohanne
1226 4570 1444 4638 Manni,
1462 4574 1520 4626 et
1547 4570 1678 4626 aliis
1710 4571 1881 4627 bonis
1899 4570 2003 4628 ho-

576 4659 855 4716 minibus.

1028 4748 1215 4805 CLXV
1232 4750 1339 4803 “53.

362 4839 568 4885 DONUM
610 4839 915 4885 CUIUSDAM
944 4838 1143 4885 DOMUS
1166 4838 1447 4884 ECCLESIE
1468 4838 1683 4882 SANCTI
1704 4836 2005 4883 SEPULCRI.

434 4922 599 4976 Anno
631 4919 923 4976 dominice
952 4918 1372 4976 incarnationis
1401 4932 1828 4985 namumense
1854 4917 2009 4990 apri-

366 5008 461 5076 lis,
496 5008 811 5064 indictione
842 5023 915 5074 Iv,
973 5013 1251 5082 regnante
1281 5007 1519 5064 domino
1569 5011 1767 5063 nostro
1796 5005 2009 5079 glorio-

364 5096 603 5154 sissimo
649 5095 947 5151 Willelmo
997 5099 1273 5165 secundo,
1331 5114 1463 5170 rege
1491 5096 1702 5163 Sicilie,
1762 5096 2012 5152 ducatus

365 5184 571 5258 Apulie
602 5190 659 5241 et
687 5184 1051 5257 principatus
1080 5185 1452 5259 Capue,anno
1480 5204 1517 5242 v
1546 5185 2008 5253 feliciter,amen.

368 5276 486 5348 Ego
515 5273 986 5341 Ansaldus,sacri
1014 5274 1216 5348 palatii
1247 5275 1621 5342 castellanus,
1641 5272 2014 5331 sanctissime

370 5363 525 5437 regie
552 5362 880 5421 maiestatis
927 5365 1114 5439 gratia
1158 5365 1528 5432 concedente,
1580 5362 1759 5419 divini
1798 5361 2015 5419 amoris

2080 1837 2362 1912 Sepulcri.
2413 1836 2486 1892 Ut
2531 1839 2727 1891 autem
2776 1833 2882 1888 hec
2937 1848 3066 1886 mea
3123 1827 3357 1885 donatio
3406 1827 3465 1881 in
3524 1839 3735 1897 perpe-

2080 1933 2251 1985 tuum
2284 1923 2635 1982 inviolabilis
2679 1922 2966 1978 habeatur
3018 1923 3074 1976 et
3117 1916 3463 1983 ﬁrma,hanc
3509 1918 3736 1970 certam

2083 2035 2187 2092 per
2216 2033 2428 2073 manus
2478 2012 2731 2081 Roberti,
2793 2010 2906 2067 mei
2950 2009 3179 2076 notarii,
3232 2005 3409 2063 scribi
3452 2003 3622 2067 iussi,
3674 2006 3739 2058 et

2083 2108 2250 2180 signo
2284 2109 2482 2162 sancte
2512 2101 2704 2159 crucis
2734 2099 2987 2175 propriis
3037 2098 3313 2153 manibus
3357 2092 3641 2159 roboravi,
3676 2095 3739 2147 et

2084 2195 2447 2268 subscriptos
2478 2196 2656 2249 testes
2685 2195 2751 2247 ut
2779 2207 2841 2247 se
2870 2189 2929 2245 in
2960 2189 3161 2246 eadem
3193 2190 3354 2243 carta
3376 2185 3741 2240 testarentur

2084 2284 2302 2359 rogavi.

2225 2374 2344 2447 Ego
2374 2370 2713 2436 Nicbolaus,
2744 2368 2843 2425 Dei
2869 2368 3055 2443 gratia
3082 2365 3309 2439 primus
3339 2358 3741 2420 Messanensis

2299 2461 2792 2535 archiepiscopus,
2845 2456 3080 2514 interfui
3137 2459 3194 2511 et
3240 2452 3491 2511 eoncedo
3550 2453 3609 2506 et
3653 2448 3739 2503 af-

2300 2553 2490 2608 firmo.

2239 2641 2357 2713 Ego
2388 2639 2665 2705 Thomas,
2698 2633 3077 2692 Cassanensis
3116 2632 3446 2706 episcopus,
3496 2624 3742 2683 interfui

2302 2732 2360 2784 et
2387 2725 2731 2800 subscripsi.

2231 2817 2474 2892 Signum
2505 2833 2718 2872 manus
2751 2812 3138 2886 Bart[olomei]
3167 2811 3238 2866 de
3269 2808 3490 2874 Placza,
3524 2820 3743 2876 magne

2305 2906 2458 2980 regis
2484 2904 2642 2961 curie
2669 2902 2934 2977 magistri
2969 2899 3262 2964 iustitiari,
3295 2896 3487 2954 testis.

2234 2999 2352 3071 Ego
2384 2994 2694 3053 Gualterus
2725 2994 2795 3049 de
2825 2993 3009 3059 Moac,
3043 2989 3198 3064 regie
3229 2987 3450 3061 private
3463 2981 3747 3039 masuede

2308 3085 2588 3159 magister
2617 3080 3145 3148 conestabularius,
3178 3077 3345 3134 testis
3377 3090 3533 3131 sum.

2240 3176 2485 3249 Signum
2520 3190 2699 3229 manu
2728 3169 3006 3227 Iohannis
3035 3166 3613 3239 Burd[onis],magne
3642 3176 3746 3217 cu-

2308 3265 2392 3320 rie
2420 3261 2685 3337 magistri
2716 3259 3035 3317 iustitiarii.

2238 3356 2356 3427 Ego
2382 3352 2672 3417 Persicus,
2706 3350 2864 3405 ﬁlius
2891 3347 3148 3415 Saducti,
3168 3344 3406 3401 maioris
3419 3342 3573 3417 regie
3586 3339 3747 3396 curie

2311 3440 2589 3515 magister
2618 3439 2943 3496 iustiarius.

2240 3533 2359 3605 Ego
2411 3530 2716 3597 Robertus,
2772 3526 2930 3583 filius
2977 3525 3217 3598 predicti
3271 3520 3491 3578 domini
3537 3517 3750 3575 Ansal-

2314 3620 2394 3686 di,
2426 3619 2575 3675 sacri
2608 3617 2812 3691 palatii
2867 3613 3189 3682 castellani,
3221 3613 3329 3669 hec
3382 3609 3637 3666 concedo
3695 3610 3754 3661 et

2317 3709 2565 3765 affirmo.

2813 3792 3045 3850 CLXVI.

2292 3885 2681 3933 PRIVILEGIUM
2741 3880 3087 3927 namnam
3134 3879 3281 3923 rus
3324 3875 3552 3922 rsum.

2389 3949 2542 4020 (Vide
2562 3950 2622 4003 in
2651 3946 2959 4003 Alexandro
2988 3946 3078 4002 III
3105 3943 3176 3999 ad
3205 3959 3280 3997 an
3311 3939 3494 4008 1184.)

3024 4041 3111 4077 115⁸1

2766 4042 2966 4098 LXVII
3024 4042 3132 4095 ηδτ.

2108 4136 2513 4193 PRIVILEGIUM,
2559 4048 2930 4188 QUODCFECIT
2972 4042 3333 4183 IAMALRICUS,
3366 4121 3757 4193 PATBIA_RCBA

2189 4188 2559 4272 IanSALsu,
2605 4212 2924 4259 cauomcxs
2992 4209 3209 4256 SANCTI
3273 4188 3630 4269 [SEPULCBI],
3676 4203 3757 4247 ns

2189 4295 2618 4346 OBLATIONIBUS
2641 4276 2767 4337 “‘3.

2182 4381 2245 4436 In
2278 4378 2512 4436 nomine
2543 4379 2743 4432 sancte
2772 4377 2829 4429 et
2848 4370 3146 4428 indivldue
3170 4367 3475 4426 Trinitatis
3492 4363 3681 4421 Patris.
3702 4368 3762 4419 et

2111 4470 2240 4527 Filii
2270 4474 2328 4525 et
2354 4465 2603 4541 Spiritus
2634 4462 2853 4529 Sancti,
2886 4477 3079 4518 amen.

2185 4556 2578 4631 [A]malricus,
2609 4552 2709 4608 Dei
2738 4552 2927 4625 gratia
2954 4552 3163 4606 Sancte
3192 4543 3763 4605 Resurrectionisec-

2116 4648 2291 4705 clesie
2320 4642 2671 4719 patriarcha,
2703 4641 2932 4697 dilectis
2962 4639 3099 4695 ﬁliis
3124 4639 3292 4693 Petro
3320 4634 3499 4709 priori
3531 4635 3589 4689 et
3631 4631 3765 4688 uni-

2114 4737 2298 4794 versis
2327 4734 2591 4791 eiusdem
2622 4730 2863 4787 ecclesie
2893 4728 3212 4793 canonicis,
3236 4730 3357 4782 tam
3387 4721 3763 4797 presentibus

2117 4841 2295 4898 quam
2326 4822 2565 4889 futuris,
2593 4819 2655 4876 in
2688 4814 3357 4892 perpetuum.Quoniam
3389 4813 3766 4898 sacrosancta

2118 4896 2407 4971 Dominici
2438 4907 2900 4967 Resurrectionis
2931 4905 3175 4963 ecclesia
3218 4902 3472 4976 quadam
3522 4896 3765 4972 speciali

2119 5000 2445 5059 sanctitatis
2475 4997 2840 5072 prerogativa
2868 4996 3076 5051 merito
3108 4994 3181 5050 ab
3198 4991 3359 5049 omni
3372 4985 3766 5063 populoChri-

2120 5093 2310 5148 stiano
2341 5087 2714 5146 devotissime
2741 5086 3134 5151 veneratur,et
3153 5081 3248 5155 pio
3278 5079 3493 5136 intuitu
3507 5077 3769 5133 humane

2121 5178 2506 5255 reparationis
2536 5178 2608 5233 ab
2642 5174 2933 5232 universis
2962 5174 3146 5229 Deum
3176 5168 3507 5227 colentibus
3549 5165 3681 5221 fons
3711 5169 3771 5255 et

2121 5253 2283 5343 origo
2314 5268 2496 5325 totius
2525 5265 2766 5331 ecclesie
2785 5262 3065 5321 veraciter
3092 5259 3445 5334 predicatur,
3504 5270 3632 5321 nos,
3665 5253 3769 5325 qui

2123 5359 2456 5432 supradicte
2485 5354 2866 5422 ecclesie,Deo
2897 5346 3617 5421 annuente,presidemus,
3639 5358 3770 5399 eam

443 5516 534 5550 ‘1“
556 5516 624 5588 Α,
660 5515 704 5571 Ιο
739 5516 857 5584 140,
890 5524 991 5588 v0,-
1023 5531 1277 5587 manque
1304 5515 1451 5588 dans
1481 5515 1544 5572 B.
1622 5515 1710 5588 “35
1732 5515 1817 5588 Le
1849 5530 1941 5588 ms
1971 5531 1983 5569 ι

2122 5528 2165 5569 ιθ
2196 5510 2280 5568 les
2311 5512 2468 5588 mots_
2492 5515 2544 5564 et
2569 5507 2825 5588 Iohanne.
2904 5506 2993 5541 ¹¹⁸⁶
3020 5505 3089 5573 A,
3120 5503 3165 5559 f°
3197 5501 3321 5567 140,
3350 5509 3410 5556 v°
3439 5515 3452 5553 :
3516 5509 3775 5580 marique

374 5588 521 5644 dans
551 5581 619 5657 B,
670 5588 778 5625 “57
802 5581 869 5658 A,
903 5587 948 5641 f°
973 5581 1071 5654 '29,
1104 5581 1267 5654 r°,'et
1297 5587 1419 5658 123,
1451 5594 1529 5643 v°.
1608 5587 1696 5622 “5°
1730 5586 1810 5643 La
1839 5581 2119 5658 rubriq‘ue
2152 5598 2406 5655 manque
2436 5581 2584 5636 dans
2615 5582 2680 5636 B.
