4012 6072
240 290 400 360 1249

238 521 357 577 Dec
383 523 441 576 et
469 516 715 574 ecclesia
742 517 955 572 Sancte
974 513 1438 571 Resurrectionis
1458 528 1685 569 necnon
1716 515 1769 567 et
1789 511 1892 566 Pe-

236 614 350 681 tro,
370 608 633 665 eiusdem
655 604 969 662 venerabili
992 604 1189 678 priori,
1216 603 1505 659 universis
1524 601 1697 658 etiam
1720 617 1893 656 cano-

236 698 387 755 nicis
416 696 634 753 ibidem
665 696 783 753 Deo
813 693 1203 750 servientibus
1230 692 1370 749 etin
1404 695 1746 765 perpetuum
1780 707 1899 746 ser-

234 787 445 844 vituris
473 786 621 842 ducs
650 783 978 857 quintarios
1021 799 1383 840 racemorum
1416 781 1477 837 in
1507 779 1692 838 vineis
1722 780 1890 848 meis,

236 892 353 951 que
382 879 521 932 sunt
549 891 730 948 prope
745 873 1052 930 ecclesiam
1070 873 1281 930 Sancte
1300 871 1522 940 Crucis,
1544 868 1893 944 perpetuali-

234 970 329 1024 ter
342 964 595 1040 singulis
612 963 785 1020 annis
804 962 1188 1036 recipiendos,
1207 960 1508 1018 habendos
1520 965 1575 1016 et
1597 960 1895 1033 possiden-

234 1057 363 1124 dos,
396 1055 455 1112 in
478 1053 775 1111 cambium
799 1051 1018 1108 scilicet
1037 1051 1280 1119 decime,
1311 1067 1487 1123 quam
1514 1049 1809 1105 habebant
1832 1046 1890 1104 in

233 1145 423 1214 vinea,
460 1160 574 1219 que
602 1147 693 1199 est
714 1143 883 1215 juxta
903 1141 1228 1198 secundum
1253 1141 1340 1177 “95
1362 1138 1691 1211 Procopios,
1714 1154 1892 1211 quam

233 1234 514 1291 dominus
534 1237 591 1289 et
616 1235 781 1305 pater
804 1247 973 1287 meus
993 1230 1086 1304 pie
1108 1226 1547 1298 recordationis,
1572 1245 1672 1284 rex
1692 1225 1890 1283 Amal—

233 1324 415 1392 ricus,
449 1321 688 1379 donavit
736 1320 976 1378 ecclesia
1007 1319 1223 1376 Montis
1272 1319 1424 1392 Syon
1458 1335 1560 1391 pro
1589 1317 1719 1373 lacu
1753 1316 1893 1371 Ger-

234 1411 420 1480 mani,
455 1411 553 1486 qui
588 1410 922 1468 communis
951 1414 1039 1466 est
1067 1409 1275 1465 usibus
1322 1408 1589 1465 universe
1620 1404 1889 1463 civitatis.

235 1501 310 1558 Ut
339 1501 520 1575 igitur
547 1501 653 1557 hac
685 1517 817 1557 mea
864 1499 1099 1556 donatio
1130 1503 1256 1555 rata
1282 1498 1621 1572 permaneat
1651 1495 1710 1550 in
1742 1498 1893 1551 eter-

235 1608 382 1646 num
412 1594 472 1647 et
488 1588 862 1658 indissoluta,
887 1592 1217 1663 presentem
1239 1594 1461 1644 cartam
1481 1585 1730 1643 testibus
1751 1585 1893 1640 sub-

234 1680 477 1753 scriptis
510 1679 703 1753 sigillo
754 1696 882 1735 meo
916 1678 1135 1734 muniri
1163 1683 1220 1733 et
1250 1676 1609 1733 corroborari
1639 1674 1889 1747 precepi.

309 1769 549 1825 Factum
595 1773 685 1824 est
740 1768 850 1825 hoc
897 1784 1051 1824 anno
1099 1767 1171 1823 ab
1220 1765 1619 1822 incarnatione
1662 1762 1891 1820 Domini
1922 1798 1970 1862 Β

235 1876 526 1926 MCLXXVII,
561 1857 877 1913 indictione
907 1875 962 1913 Χ.
996 1855 1181 1913 Huius
1212 1856 1293 1911 rei
1336 1858 1512 1911 testes
1546 1859 1711 1910 sunt:

381 1946 714 2004 Willelmus
744 1946 1115 2013 Marchisius,
1144 1944 1554 2002 Ascalonensis
1573 1948 1629 2000 et
1650 1944 1892 2016 Ioppen-

454 2037 539 2095 sis
565 2053 783 2093 comes.
816 2035 1103 2092 Iohannes
1135 2036 1205 2091 de
1241 2037 1445 2091 Assur.
1476 2032 1790 2089 Anselmus
1823 2032 1894 2088 de

451 2126 599 2183 Bria.
633 2126 920 2196 Roardus,
945 2124 1301 2182 castellanus
1324 2122 1659 2180 Ierusalem.
1689 2123 1894 2179 Petrus

452 2215 523 2272 de
565 2216 827 2272 Creseca.
888 2214 1206 2271 Anselmus
1254 2212 1502 2269 d’Abim.
1563 2210 1892 2267 Willalmus

453 2305 712 2361 Patrum.

310 2395 521 2451 Datum
550 2393 890 2462 Ierusalem,
921 2411 1023 2468 per
1053 2411 1264 2451 manus
1309 2392 1622 2457 Lamberti,
1670 2390 1891 2447 domini

234 2482 395 2557 regis
415 2480 720 2557 capellam.

907 2597 1090 2654 CLXX
1118 2599 1222 2654 ηπ.

238 2704 442 2745 DONUM
494 2705 787 2745 CUIUSDAM
833 2705 1019 2754 VINEE,
1070 2705 1182 2751 QUE
1210 2705 1328 2743 SITA
1369 2704 1468 2743 EST
1509 2704 1663 2743 APUD
1706 2704 1892 2743 PEDEM

862 2775 1070 2816 MONTIS
1104 2776 1266 2815 SYON.

311 2894 374 2949 In
406 2893 642 2950 nomine
671 2893 859 2950 Patris
879 2898 935 2950 et
954 2892 1084 2949 Filii
1110 2896 1166 2950 et
1187 2893 1442 2966 Spiritus
1464 2892 1660 2949 Sancti
1689 2910 1889 2963 amen;

235 2982 342 3055 [in]
378 2984 600 3040 unitate
629 2983 952 3051 Trinitatis,
985 2999 1178 3038 amen.

308 3090 520 3145 Notum
554 3090 630 3146 sit
660 3090 958 3153 omnibus,
993 3093 1114 3145 tam
1136 3089 1710 3161 presentibusquam
1735 3089 1891 3144 futu-

1252 286 1756 355 CARTULAIRE
1800 287 1907 349 DU
1951 284 2180 348 SAINT
2223 280 2652 348 SEPULGRE.

238 429 514 497 concedo,
545 426 819 501 regiaque
850 425 1179 482 maiestatis
1218 423 1562 481 auctoritate
1610 422 1889 477 confirmo
1920 422 1974 486 Α

3497 284 3654 350 {230

2659 414 2866 473 CLXXI
2886 416 2992 472 “97.

2004 524 2372 564 PRIVILEGIUM
2423 520 2622 562 DOMINI
2677 503 3030 578 w[lLLsLM|],
3091 519 3253 562 REGIS
3310 522 3510 562 SICILIE
3543 506 3651 566 ηπ.

2076 597 2138 652 In
2187 592 2423 653 nomine
2474 595 2571 652 Dei
2624 594 2806 651 eterni
2854 598 2913 651 et
2953 593 3257 651 salvatoris
3308 596 3488 651 nostri
3524 595 3653 654 Iesu

2002 686 2238 754 Christi,
2272 703 2463 741 amen.

2056 774 2466 847 -W[illelmus],
2501 773 2697 829 divina
2726 773 2950 829 favente
2982 773 3289 829 clementia
3333 789 3430 830 rex
3461 773 3661 831 Sicilia

2003 866 2111 931 “9°,
2148 865 2397 920 ducatus
2415 862 2620 936 Apulia
2653 866 2708 918 et
2740 862 3108 936 principatus
3131 862 3342 934 Capua.
3369 863 3657 920 Omnibus

2001 953 2262 1011 ecclesiis
2295 971 2361 1008 ac
2404 952 2547 1009 locis
2579 951 2841 1025 religioni
2873 951 3087 1007 deditis
3120 951 3331 1024 dignus
3357 951 3541 1008 honor
3569 957 3659 1010 est

2001 1043 2392 1112 exhibendas;
2419 1042 2550 1115 plus
2579 1046 2774 1097 tamen
2796 1058 2865 1097 ea
2886 1040 3201 1097 reverentia
3225 1047 3654 1113 promerentur,

2003 1151 2114 1206 que
2146 1132 2425 1188 maiorem
2458 1131 2704 1205 gloriam
2735 1130 2928 1186 divine
2960 1129 3186 1186 virtutis
3204 1128 3501 1204 privilegio
3531 1146 3663 1188 scre

2002 1223 2245 1279 tiuntur.
2283 1222 2343 1278 In
2401 1221 2617 1292 quibus
2673 1220 2878 1292 utique
2910 1216 3255 1291 Sepulcrum
3280 1221 3367 1255 ¹²⁰⁰
3400 1220 3657 1277 Domini-

2003 1328 2160 1380 cum,
2191 1310 2345 1368 sicut
2374 1310 2549 1366 titulo
2577 1309 2805 1364 clariori
2838 1308 3146 1382 preminet,
3179 1307 3264 1364 sic
3293 1308 3657 1367 atiam.chri-

2002 1401 2193 1457 stiane
2223 1399 2549 1456 devotionis
2578 1398 2794 1470 intuitu
2827 1396 2989 1453 cultu
3018 1399 3413 1454 venerandum
3445 1403 3533 1455 est
3563 1398 3655 1455 di-

2001 1490 2211 1564 gniori.
2273 1489 2455 1561 Unde
2484 1489 2557 1544 ad
2613 1486 2964 1543 venerabilis
3021 1491 3338 1543 conventus
3392 1488 3654 1544 eiusdem

2001 1579 2239 1637 ecclesia
2271 1595 2469 1651 preces
2493 1594 2663 1634 aures
2686 1581 2882 1633 nostra
2905 1576 3210 1633 clementia
3228 1581 3391 1632 tanto
3413 1593 3658 1650 propen-

2002 1670 2128 1725 sius
2158 1668 2536 1733 i..clinamus,
2586 1671 2805 1739 quanto
2858 1666 3124 1723 devotius
3172 1665 3525 1722 celebratum
3574 1665 3661 1722 ibi

2002 1775 2130 1814 esse
2161 1756 2581 1830 redemptionis
2612 1760 2809 1812 nostra
2851 1755 3179 1811 misterium
3204 1756 3287 1791 ¹²⁰¹
3322 1755 3573 1812 colimus
3599 1760 3659 1811 et

2000 1863 2362 1903 veneramur.
2397 1846 2482 1901 Ad
2513 1844 2851 1917 petitionem
2885 1844 3064 1917 igitur
3106 1843 3276 1914 Petri,
3309 1844 3656 1901 venerabilis

2000 1935 2231 2008 prioris,
2264 1939 2321 1990 et
2348 1939 2668 1990 conventus
2698 1931 2884 2006 ipsius
2914 1932 3158 1989 ecclesia
3181 1933 3556 1989 concedimus
3580 1933 3658 1989 ei-

2002 2026 2134 2081 dem
2165 2024 2404 2080 ecclesie
2451 2022 2649 2078 Sancti
2694 2020 2980 2096 Sepulcri,
3010 2026 3069 2078 et
3100 2022 3255 2097 regie
3294 2022 3657 2079 auctoritatis

2001 2113 2329 2169 munimine
2350 2113 2769 2167 confirmamus
2792 2127 2996 2167 omnes
3016 2111 3415 2183 possessiones
3436 2115 3492 2166 et
3508 2112 3656 2167 teni-

2002 2207 2217 2272 menta,
2253 2219 2364 2275 qua
2413 2201 2470 2255 in
2519 2216 2696 2273 regno
2728 2204 2926 2256 nostro
2976 2200 3220 2256 ecclesia
3247 2199 3470 2256 ista1202
3499 2200 3654 2256 iusto

1999 2292 2168 2349 titulo
2196 2292 2253 2346 in
2282 2291 2707 2363 presentiarum
2734 2288 2995 2345 noscitur
3025 2290 3339 2361 possidere.
3365 2290 3445 2345 Ad
3476 2288 3654 2344 huius

2000 2387 2196 2438 autem
2229 2378 2623 2437 concessionis
2645 2382 2701 2434 et
2726 2377 3189 2434 confirmationis
3210 2382 3407 2434 nostra
3431 2394 3657 2434 memo-

2001 2471 2149 2527 riam
2199 2476 2256 2526 et
2302 2466 2632 2524 inviolabile
2677 2468 3115 2523 firmamentum
3146 2482 3388 2541 presens
3418 2465 3654 2541 privile-

2001 2561 2164 2635 gium
2199 2564 2466 2615 nostrum
2494 2574 2596 2631 per
2625 2572 2835 2612 manus
2879 2554 3209 2625 Alexandri,
3255 2556 3441 2613 nostri
3489 2559 3655 2613 nota-

2003 2651 2093 2717 rii,
2128 2648 2303 2705 scribi
2334 2652 2389 2703 et
2420 2647 2694 2719 plumbea
2726 2645 2887 2700 bulla
2908 2646 2996 2681 ¹²⁰³
3028 2650 3226 2701 nostro
3276 2644 3500 2719 typario
3544 2645 3657 2701 im—

2002 2755 2205 2812 pressa
2234 2737 2519 2793 iussimus
2550 2735 2829 2804 roborari,
2864 2751 3038 2803 anno,
3068 2750 3288 2807 mense,
3340 2734 3657 2792 indictione

2002 2826 2371 2898 subscriptis.

2072 2916 2215 2972 Data
2242 2914 2301 2969 in
2350 2914 2493 2969 urbe
2525 2912 2789 2969 Panormi
2827 2912 2998 2981 felici,
3031 2928 3136 2985 per
3174 2929 3388 2969 manus
3417 2912 3659 2970 Gualte-

2002 3005 2093 3069 rii,
2126 3002 2472 3059 venerabilis
2525 3002 2922 3057 Panormitani
2965 2999 3407 3074 archiepiscopi,
3441 3006 3498 3059 et
3531 3002 3657 3058 Ma-

2000 3094 2205 3165 th[aei],
2234 3091 2376 3163 regii
2414 3089 2866 3157 vicecancellari,
2890 3094 2945 3146 et
2977 3089 3274 3163 Ric[ardi],
3307 3089 3659 3147 venerabilis

234 3177 338 3247 ris,
372 3180 529 3250 quod
558 3195 665 3253 ego
696 3176 1037 3245 Rainaldus,
1070 3178 1171 3234 Dei
1203 3179 1392 3252 gratia
1425 3183 1793 3235 sacrosancte
1824 3194 1891 3233 ac
1919 3169 1967 3236 C
2003 3180 2337 3239 Siracusani
2362 3181 2450 3215 ¹²⁰⁴
2478 3179 2757 3252 episcopi,
2792 3179 3012 3235 domini
3055 3179 3209 3252 regis
3253 3178 3655 3247 familiarium,

234 3268 529 3340 primitive
580 3268 821 3325 ecclesia
870 3267 1083 3324 Montis
1113 3268 1265 3342 Syon
1306 3267 1550 3324 humilis
1598 3267 1884 3337 minister,

235 3358 537 3437 communi
570 3372 815 3415 assensu
847 3363 905 3415 at
925 3358 1220 3415 voluntate
1241 3356 1479 3429 capituli
1502 3357 1708 3425 nostri,
1735 3358 1888 3413 dono

233 3449 292 3502 et
321 3448 573 3503 concedo
601 3447 852 3516 vineam,
889 3464 1065 3520 quam
1097 3447 1547 3520 possidebamus
1576 3447 1648 3502 ad
1682 3447 1887 3519 pedem

234 3535 457 3593 Montis
500 3537 653 3610 Syon
685 3538 795 3593 sub
846 3538 1040 3605 domo,
1074 3553 1187 3610 que
1234 3536 1448 3592 dicitur
1490 3535 1783 3605 Germani,
1816 3535 1888 3591 ad

235 3623 562 3681 fatiendum
592 3626 785 3682 lacum
818 3628 890 3683 ad
921 3642 1294 3682 communem
1326 3642 1500 3682 usum
1531 3625 1891 3682 Christiano-

235 3729 390 3780 rum,
425 3713 484 3769 in
515 3716 859 3771 concambio
886 3714 1044 3771 illius
1075 3715 1259 3781 vinee,
1293 3732 1471 3787 quam
1496 3715 1773 3770 dominus
1793 3732 1892 3770 rex

232 3802 563 3859 Amalricus
594 3804 755 3859 dedit
787 3805 956 3860 nobis
985 3804 1147 3859 iuxta
1176 3803 1482 3861 ecclesiam
1516 3805 1712 3860 Sancti
1754 3805 1890 3860 Pro-

234 3907 467 3963 ccpecs.
501 3893 913 3949 Concessimus
935 3894 1111 3949 etiam
1132 3893 1241 3965 ipsi
1262 3894 1581 3965 quamdam
1601 3892 1891 3948 vineolam

235 3979 413 4035 aliam
465 3998 723 4053 parvam,
776 3999 889 4054 que
932 3981 1015 4037 illi
1067 3982 1287 4056 prefate
1332 3982 1499 4038 vince
1541 3980 1892 4039 collateralis

235 4067 481 4135 adiacet,
507 4086 540 4123 a
571 4070 832 4142 meridie,
869 4071 925 4126 in
959 4071 1113 4127 bivio
1144 4071 1303 4127 iuxta
1321 4072 1562 4126 domum
1586 4070 1748 4126 illius
1770 4087 1892 4143 pre-

233 4157 339 4212 fati
370 4157 669 4216 Germani.
690 4160 762 4216 Ut
781 4160 959 4234 igitur
976 4162 1204 4233 prefata
1219 4160 1522 4216 conventio
1543 4163 1671 4215 rata
1695 4164 1893 4216 tenea-

232 4250 332 4301 tur
359 4252 419 4303 et
448 4248 620 4305 firma
671 4254 729 4305 et
775 4249 1184 4306 concambium
1217 4252 1273 4304 et
1318 4248 1497 4304 huius
1552 4249 1771 4321 prefate
1804 4249 1893 4304 vi-

233 4335 399 4391 neole
429 4338 747 4405 concessio,
783 4342 841 4394 at
870 4342 935 4393 ut
964 4336 1262 4410 predictus
1293 4336 1456 4393 lacus
1479 4339 1899 4395 communibus

233 4423 702 4483 Christianorum
734 4427 942 4483 usibus
974 4426 1152 4482 libere
1181 4425 1487 4495 deserviat,
1521 4430 1741 4483 cartam
1773 4443 1899 4502 pre-

1996 3288 2149 3327 anno
2180 3270 2472 3327 dominice
2503 3268 2922 3325 incarnationis
2944 3284 3256 3337 MCLxxvm,
3282 3284 3483 3324 mense
3509 3268 3661 3340 apri-

1995 3362 2088 3430 lis,
2122 3360 2441 3417 indictione
2466 3376 2544 3425 xv,
2569 3358 2731 3430 regni
2752 3375 2883 3413 vero
2899 3357 3122 3414 domini
3148 3357 3331 3414 nostri
3350 3356 3656 3429 Willelmi,

1998 3452 2099 3509 Dei
2130 3450 2320 3524 gratia
2349 3447 2645 3520 magniﬁci
2674 3452 2730 3503 et
2759 3446 3217 3520 glorio[si]ssimi
3261 3446 3413 3520 regis
3461 3445 3656 3502 Sicilia

1999 3543 2108 3612 1’05,
2140 3542 2389 3597 ducatus
2423 3537 2625 3611 Apulia
2655 3540 2711 3592 et
2739 3535 3103 3609 principatus
3135 3538 3348 3610 Capua,
3397 3552 3549 3591 anno
3578 3553 3655 3592 xu

1999 3631 2262 3699 feliciter,
2299 3645 2492 3685 amen.

2639 3715 2873 3771 CLXXII
2903 3715 3010 3770 l’“.

2426 3822 2655 3862 Limus
2696 3821 2858 3859 REGIS
2898 3804 3227 3860 Statuam".

2069 3897 2470 3971 W[illelmus],
2522 3894 2622 3950 Dei
2653 3895 2841 3967 gratia
2888 3909 2986 3949 rex
3033 3892 3358 3963 Siciliam”,
3406 3894 3656 3950 ducatus

1999 3990 2205 4063 Apulia
2235 3993 2292 4043 et
2323 3985 2689 4058 principatus
2720 3982 2934 4055 Capua,
2984 3981 3222 4054 prelatis
3252 3981 3653 4051 ecclesiarum,

2001 4078 2333 4143 comitibus,
2359 4072 2714 4139 iusticiariis,
2737 4071 3080 4139 baronibus,
3104 4070 3460 4140 camerariis,
3490 4070 3655 4126 baiu-

2000 4169 2073 4224 lis
2105 4171 2162 4224 et
2210 4162 2519 4230 universis,
2573 4160 2789 4234 quibus
2842 4164 3143 4233 presentes
3192 4159 3383 4217 littere
3424 4164 3657 4217 ostensa

2002 4256 2236 4323 fuerint,
2265 4251 2533 4309 ﬁdelibus
2554 4250 2678 4307 suis
2695 4249 2945 4306 salutem
2967 4253 3023 4305 et
3037 4247 3430 4305 dilectionem.
3455 4247 3658 4305 Divina

2004 4344 2327 4403 maiestatis
2350 4340 2587 4409 intuitu,
2615 4339 2672 4394 in
2696 4338 2865 4394 cuius
2894 4337 3128 4394 nomine
3150 4343 3280 4395 vota
3306 4341 3505 4395 nostra
3523 4337 3661 4394 diri-

2003 4438 2220 4512 gimus,
2253 4436 2311 4489 et
2358 4445 2593 4487 omnem
2646 4427 2868 4500 regiam
2918 4427 3366 4500 dispositionem
3413 4426 3659 4484 feliciter

234 4517 463 4570 sentem
509 4514 701 4589 sigillo
749 4521 1066 4573 conventus
1115 4520 1171 4572 et
1223 4514 1465 4571 ecclesia
1522 4517 1893 4574 corroborare
1921 4539 1970 4604 Β
2001 4522 2437 4589 conmunimus,
2471 4520 2875 4575 sacrosanctae
2899 4515 3196 4587 ecclesias,
3226 4517 3581 4573 monasteria
3600 4521 3660 4573 et

234 4603 592 4660 curavimus.

305 4691 516 4748 Actum
574 4696 666 4748 est
721 4691 831 4748 hoc
888 4709 1041 4749 anno
1099 4692 1172 4748 ab
1212 4692 1613 4749 incarnatione
1658 4694 1891 4750 Domini

236 4794 501 4836 meum.
538 4780 724 4838 Huius
753 4781 836 4839 rei
868 4785 1050 4839 testes
1080 4790 1250 4838 sunt:

378 4884 605 4958 Petrus,
638 4886 820 4945 abbas
840 4888 1132 4962 Iosaphat.
1157 4886 1445 4946 Dominus
1461 4889 1766 4959 Ribaldul,
1791 4891 1890 4946 ab-

453 4975 560 5032 bas
574 4976 793 5034 Latine.
808 4976 1092 5034 Dominus
1112 4977 1413 5050 Rogerius,
1439 4978 1620 5035 abbas
1641 4978 1889 5052 Templi.

452 5062 779 5135 Rohardus,
837 5066 1214 5124 castellanus.
1275 5065 1584 5126 Anselmus
1615 5069 1685 5125 de
1739 5069 1888 5127 Brie.

448 5154 763 5213 Auselmus
793 5156 987 5214 Babic.

2001 4617 2131 4673 loca
2156 4608 2508 4668 venerabilia
2538 4623 2643 4680 per
2670 4622 2917 4679 regnum
2952 4608 3216 4662 nostrum
3240 4605 3500 4677 undique
3521 4621 3657 4661 con-

2002 4706 2213 4763 stituta
2240 4701 2486 4773 dignum
2518 4696 2792 4752 ducimus
2823 4697 3153 4751 reverenter
3173 4694 3378 4763 colere,
3404 4694 3661 4751 rationes

2000 4809 2205 4852 earum
2255 4788 2582 4851 defendere,
2637 4786 2766 4840 iura
2799 4785 3006 4852 fovere,
3041 4788 3099 4840 et
3138 4783 3401 4856 ipsarum
3445 4782 3574 4856 paci
3603 4786 3663 4839 et

2002 4882 2184 4956 quieti
2218 4874 2674 4934 misericorditer
2704 4874 3025 4946 providere.
3060 4872 3198 4929 Inde
3228 4876 3318 4928 est
3356 4873 3510 4945 quod
3556 4887 3662 4945 per

2002 4974 2111 5030 hoc
2133 4985 2373 5043 presens
2398 4964 2682 5036 scriptum
2708 4962 3069 5020 universitati
3092 4966 3281 5018 vestra
3307 4963 3658 5018 mandamus

2001 5068 2173 5136 atque
2208 5056 2564 5131 precipimus
2595 5052 2877 5125 quatinus
2907 5052 3203 5122 domibus,
3234 5068 3382 5125 quas
3413 5051 3662 5109 ecclesia

2002 5149 2198 5213 Sancti
2228 5144 2493 5219 Sepulcri
2515 5143 2691 5200 habet
2720 5142 2780 5199 in
2804 5141 3033 5214 Apulia,
3059 5140 3399 5199 hominibus
3424 5156 3663 5216 quoque

307 5382 398 5458 mf
431 5380 484 5458 ll_
509 5381 633 5458 lant
675 5385 1287 5458 vraisemblablement
1333 5385 1625 5458 corriger:
1654 5386 1893 5443 Sanctun

2012 5382 2205 5458 imula,
2228 5374 2539 5458 f‘h149._,_r°;
2569 5388 2839 5458 .mmau‘qune
2888 5372 3037 5458 dans
3068 5372 3127 5427 B.
3204 5373 3403 5458 “in,
3424 5370 3501 5427 fol
3531 5370 3655 5458 1439,

230 5459 322 5521 v‘;
358 5448 422 5521 Β,
458 5452 613 5523 1‘33,
647 5463 722 5512 v°.

232 5526 406 5601 [iam
486 5524 669 5601 "PB,
701 5530 843 5600 ipsa.
920 5529 1012 5565 ¹²⁰⁸
1039 5530 1099 5597 Β,
1133 5529 1286 5585 bulla
1306 5524 1618 5601 "plumbeal

800 5459 887 5494 “9°
919 5457 1077 5514 Cette
1125 5457 1404 5530 rubrique
1450 5457 1703 5530 manque
1730 5458 1878 5514 dans
1910 5462 1972 5513 Β.
2048 5457 2139 5490 ¹’¹⁹⁹
2169 5457 2231 5518 Β,
2260 5458 2271 5533 έ

800 5545 843 5586 ξι.
920 5529 1012 5565 ¹²⁰⁸
1039 5530 1099 5586 Β.
1133 5529 1286 5585 bulla
1342 5527 1618 5586 nlumbea.
1696 5531 1786 5567 “0"
1816 5531 1879 5586 B.
1931 5530 2269 5586 Suracusam

1866 5571 1879 5596 ,
1931 5563 2025 5596 ugl
2040 5563 2289 5583 ωυυισισηνο

2568 5443 2657 5478 ¹²⁰⁰
2688 5442 2760 5511 Βέ
2782 5442 3163 5516 Sepulchrum.
3214 5515 3217 5516 ν
3242 5444 3327 5516 "9‘
3360 5443 3423 5511 Β,
3454 5448 3657 5516 mysta;

2048 5455 2139 5490 “9°
2168 5452 2231 5518 B,
2264 5446 2487 5515 Similia.
2568 5446 2657 5478 ¹²⁰⁰
2688 5448 2750 5511 Β,
2782 5446 3163 5516 Sepulchrum.
3242 5446 3327 5479 ηοι
3360 5446 3423 5511 Β,
3550 5448 3657 5497 διε-

2048 5508 2319 5583 αειιδαηί.’
2368 5517 2456 5554 ¹²⁰⁵
2486 5515 2548 5582 Β,
2579 5515 2805 5588 Sycilie,
2885 5516 2974 5552 ¹²⁰⁶
3002 5516 3071 5588 Α,
3103 5514 3150 5571 ιδ
3199 5515 3323 5587 150,
3374 5521 3427 5573 r°
3451 5459 3582 5585 π,
3611 5512 3659 5572 ιι»

2368 5517 2456 5554 nos
2486 5515 2548 5582 Β,
2579 5515 2805 5591 ςῃσίιίε,

234 5596 327 5667 34,
362 5609 436 5654 ιιο.
514 5599 601 5636 ¹²⁰⁷
633 5596 792 5657 Cette
822 5601 1102 5677 rubrique
1132 5596 1387 5677 manque
1417 5601 1565 5658 dans
1595 5605 1658 5657 Β.
1737 5602 1825 5639 ¹²⁰⁸
1857 5602 1893 5659 Ε

2008 5598 2179 5676 ycilie.
