3980 6084
371 288 388 345 Ι
405 286 520 346 251

880 284 982 344 AD
1031 283 1544 348 GODEFRIDUM
1592 284 1926 345 APPEND.
1976 285 2051 345 Il.
2086 318 2162 328 —-
2191 284 2505 349 MONUM.
2554 285 2653 346 DE
2697 285 2944 348 BELLO
2990 285 3264 346 SACRO.

3621 290 3648 347 1
3661 288 3789 347 352

364 437 422 470 mi
437 435 565 472 rum
597 419 700 472 aut
729 415 1076 472 obedientiis
1106 415 1188 472 vel
1243 415 1412 472 iustis
1453 415 1924 489 possessionibus
1955 421 2012 471 et
2039 421 2090 487 Α
2125 417 2342 473 salinas
2356 417 2862 474 victualiuminter
2878 418 3238 474 frumentum
3260 422 3318 474 et
3339 417 3603 486 ordeum,
3628 435 3790 491 quas

364 506 704 562 pauimentis
721 505 983 578 ipsarum
1008 503 1235 560 nullum
1255 504 1540 560 iniustum
1556 503 1644 560 vel
1667 503 2013 560 iniustitiam

364 600 402 630 ιλ
421 600 450 630 ‘9
481 595 765 661 inferatis,
786 594 876 650 vel
903 594 1271 666 aliquatenus
1292 595 1490 649 inferri
1515 594 1884 667 permittatis,
1909 611 2014 650 nec

363 703 462 742 eas
495 685 552 740 in
584 684 708 740 iure
737 683 824 738 vel
849 683 1174 739 rationibus
1207 683 1331 738 suis
1353 683 1591 739 iniustis
1611 683 2013 739 vexationibus

359 775 635 847 fatigetis,
671 771 872 828 scituri
905 773 1080 844 quod,
1107 771 1156 826 si
1188 772 1320 844 quis
1343 771 1478 828 huic
1507 773 1780 827 mandato
1812 777 2012 828 nostro

359 863 704 919 temerarius
735 860 994 916 obviator
1023 860 1295 932 extiterit,
1331 862 1513 916 nostri
1545 861 1822 917 culminis
1855 860 2012 916 indi-

357 952 692 1025 gnationem
725 951 1002 1005 incurret.

428 1043 572 1096 Data
618 1039 912 1106 Panormi,
946 1057 1054 1094 δεῖν
1089 1040 1180 1094 die
1229 1040 1448 1096 mensis
1480 1040 1700 1112 aprilis,
1736 1040 2009 1095 indictio-

357 1131 449 1187 nis
478 1148 557 1186 xx.

985 1218 1248 1273 CLXXIII
1277 1219 1382 1272 “1°.

357 1307 555 1348 DONUM
588 1305 858 1346 BALDUINI
893 1305 1022 1344 RUFI
1053 1307 1119 1344 ET
1151 1290 1402 1361 nxom[s]
1437 1307 1544 1344 SUB
1571 1307 1874 1344 Amemus
1897 1291 2003 1344 ἐπι.

423 1398 708 1463 Quoniam
741 1400 1045 1463 vetustate,
1082 1413 1193 1468 que
1225 1401 1411 1452 mater
1441 1401 1528 1452 est
1550 1395 1876 1464 oblivionis,
1910 1396 2004 1452 ho-

352 1490 582 1544 minum
614 1488 764 1542 facta
797 1503 899 1541 seu
949 1486 1106 1540 dicta
1137 1485 1313 1540 deleri
1347 1485 1431 1541 vel
1467 1485 1627 1540 nulla
1675 1502 1801 1541 esse
1849 1486 2003 1540 credi

351 1583 617 1650 possunt,
651 1577 760 1631 nisi
799 1575 1005 1630 litteris
1026 1575 1531 1641 commendent-ur,
1555 1591 1660 1647 ego
1683 1574 2005 1630 Balduinus

354 1667 538 1722 ltufus
571 1670 627 1720 et
657 1682 760 1736 ego
794 1663 1111 1730 Artemilia,
1142 1663 1268 1719 eius
1293 1681 1452 1732 uxor,
1487 1663 1702 1735 scripto
1728 1665 2003 1720 memorie

2124 507 2252 579 ipsa
2281 506 2526 563 ecclesia
2555 508 2625 562 de
2644 507 2866 562 cabella
2886 505 3357 563 molendinorum
3374 524 3640 575 suorum,
3667 525 3787 580 que

2123 595 2300 652 habet
2329 597 2387 652 in
2417 596 2736 652 tenimento
2769 595 3014 667 Pla[tie],
3049 595 3354 651 annuatim
3387 597 3546 653 curie
3577 602 3786 653 nostre

2121 684 2344 742 solvere
2372 685 2701 741 tenebatur.
2750 685 2834 739 Ad
2886 684 3063 740 huius
3107 690 3306 741 autem
3345 690 3539 742 nostre
3569 686 3784 743 remis-

2121 774 2306 830 sionis
2334 778 2389 829 et
2419 772 2790 829 relaxationis
2822 774 3164 828 memoriam
3202 777 3260 829 et
3290 775 3468 829 robur
3495 779 3783 848 perpetuo

2119 863 2436 918 valiturum
2467 879 2708 934 presens
2739 862 3106 935 privilegium
3139 880 3241 935 per
3271 881 3483 920 manus
3510 865 3783 922 Nicholai

2119 953 2189 1006 de
2219 951 2445 1018 Petrali,
2481 951 2690 1007 notarii
2721 956 2776 1007 et
2808 951 2996 1006 ﬁdelis
3029 952 3231 1018 nostri,
3270 952 3445 1006 scribi
3476 957 3533 1008 et
3562 955 3780 1009 maies-

2119 1041 2256 1096 tatis
2308 1046 2503 1096 nostre
2547 1040 2738 1113 sigillo
2772 1040 3138 1113 precepimus
3169 1041 3545 1110 communiri,
3596 1061 3777 1110 anno,

2119 1147 2316 1186 mense
2347 1135 2404 1186 et
2434 1130 2748 1185 indictione
2779 1128 3146 1200 subscriptis.

2187 1220 2396 1274 Datum
2419 1217 2664 1290 Pla[tie],
2685 1235 2836 1274 anno
2855 1217 3144 1274 dominice
3159 1217 3582 1276 incarnationis
3599 1238 3774 1289 ωδεχ,

2117 1326 2319 1364 mense
2340 1307 2716 1380 septembris,
2735 1325 2830 1362 XIV
2847 1307 3183 1374 indictione,
3209 1307 3371 1380 regni
3394 1326 3526 1364 vero
3551 1310 3776 1366 domini

2115 1398 2300 1453 nostri
2359 1397 2666 1464 Frederici,
2724 1397 2822 1452 Dei
2871 1395 3060 1469 gratia
3089 1396 3326 1469 gloriosi
3359 1397 3510 1470 regis
3557 1399 3775 1466 Sicilie,

2115 1489 2363 1543 ducatus
2392 1486 2596 1557 Apulie
2627 1490 2684 1541 et
2715 1485 3078 1558 principatus
3109 1487 3321 1557 Capue,
3346 1503 3498 1542 anno
3531 1505 3634 1544 xm
3657 1488 3781 1544 feli-

2114 1577 2276 1644 citer,
2311 1593 2501 1632 amen.

2751 1664 2984 1719 CLXXV
3021 1665 3124 1718 ωδ.

351 1756 833 1811 commendamus
883 1753 1036 1824 quod
1072 1753 1128 1807 in
1177 1754 1468 1826 presentia
1510 1753 1730 1808 domini
1781 1753 1992 1824 Pletri],

2174 1772 2484 1809 thlLEGlUM
2505 1771 2748 1808 TROIANE
2778 1771 3037 1809 ECCLESIE
3057 1772 3124 1808 ET
3140 1772 3550 1810 CANONICORUM
3574 1773 3776 1812 SANCTI

2174 1843 2314 1860 »υτηγι
2333 1843 2424 1860 nm
2459 1843 2473 1860 ι
2503 1843 2602 1860 ιυιι
2623 1843 2639 1860 ι’
2656 1841 2706 1860 ιη
2726 1842 2804 1860 μη
2850 1842 3040 1860 Αιγηνιπ
3054 1845 3069 1860 Α
3083 1843 3126 1860 υ
3159 1843 3448 1860 πηνηηιηιπ·
3467 1844 3598 1860 νην-η
3613 1846 3627 1860 .
3642 1845 3716 1860 νη

350 1842 717 1900 Sanctissimi
751 1841 1012 1914 Sepulcri
1037 1842 1382 1898 venerabilis
1407 1841 1636 1914 prioris,
1662 1846 1718 1896 et
1739 1842 2005 1915 magistri

350 1933 604 2001 Roberti,
639 1931 1013 1988 concanonici
1047 1932 1159 1997 sui,
1192 1935 1248 1986 et
1278 1930 1524 1986 aliorum
1551 1931 1796 1985 fratrum
1818 1930 2004 1986 eccle-

347 2023 430 2078 sie
447 2022 643 2078 Sancti
663 2019 926 2092 Sepulcri
953 2019 1322 2075 medietatem
1350 2019 1528 2075 totius
1549 2020 1760 2074 domus
1783 2023 2002 2084 nostre,

348 2111 516 2168 sicuti
546 2117 633 2166 est
661 2129 728 2166 ex
763 2118 918 2182 parte
941 2109 1136 2164 Sancti
1164 2109 1438 2164 Iohannis
1472 2107 1744 2180 superius
1774 2113 1830 2163 et
1863 2109 2002 2162 infe-

347 2201 490 2268 rius,
543 2199 917 2272 perhenniter
963 2198 1304 2262 tribuimus,
1336 2203 1400 2252 ut
1442 2215 1546 2253 nos
1596 2197 1914 2252 confratres
1946 2202 2002 2252 et

345 2289 671 2345 orationum
714 2305 779 2343 ac
830 2287 1349 2342 benefitiorum‘m
1403 2303 1643 2342 suorum
1687 2285 2000 2358 participes

344 2379 511 2434 fatiat
539 2379 654 2444 m3;
688 2377 769 2432 ita
801 2376 956 2448 quod
986 2377 1176 2447 ipsam
1199 2377 1464 2442 domum,
1491 2374 1772 2447 quamdiu
1793 2376 1998 2430 vixeri-

344 2485 499 2536 mus,
533 2467 706 2523 nobis
736 2467 862 2521 sine
907 2465 1296 2520 invadiatione
1335 2468 1437 2518 aut
1464 2464 1796 2520 venditione
1827 2464 2000 2520 liceat

343 2557 642 2624 obtinere;
677 2556 726 2611 si
756 2572 890 2610 vero
940 2571 1095 2610 unus
1145 2571 1211 2609 ex
1239 2554 1407 2609 nobis
1456 2553 1683 2623 obierit,
1739 2553 1888 2609 alius
1935 2553 1996 2608 in

342 2645 766 2703 fraternitatem
811 2643 1144 2716 supradicta
1191 2643 1430 2698 ecclesie
1458 2660 1525 2698 ex
1555 2648 1677 2698 toto
1709 2643 1880 2698 debet
1908 2661 1994 2698 re-

340 2735 473 2809 cipi,
509 2735 557 2791 si
601 2733 882 2801 voluerit;
917 2733 1007 2788 sin
1057 2736 1278 2798 autem,
1327 2747 1461 2786 cum
1514 2733 1702 2786 fructu
1752 2733 1994 2786 domum

339 2825 617 2892 obtineat,
671 2822 952 2895 quamdiu
1007 2821 1230 2887 vixerit,
1263 2824 1319 2876 et
1368 2825 1500 2892 post
1543 2825 1791 2874 mortem
1823 2836 1992 2874 suam

337 2914 517 2970 libere
547 2919 603 2970 et
634 2911 896 2969 absolute
929 2911 1115 2966 eidem
1149 2909 1388 2965 ecclesie
1421 2913 1758 2964 revertatur.

412 3005 521 3059 llec
551 3007 746 3058 autem
789 2999 1022 3056 donatio
1057 2998 1206 3053 facta
1235 3002 1324 3054 est
1353 3002 1410 3052 et
1441 3015 1717 3053 concessa
1743 3014 1896 3052 anno
1920 2997 1992 3052 ab

340 3091 739 3149 incarnatione
771 3089 1047 3161 [Domini]
1078 3088 1166 3122 ¹²¹⁴
1217 3103 1525 3151 MCLXXVEII,
1573 3085 1884 3141 indictione
1913 3103 1988 3142 x1.

341 3183 522 3238 Huius
555 3180 634 3236 rei
659 3183 834 3236 testes
867 3183 1003 3233 sunt
1035 3177 1130 3231 isti
1160 3193 1172 3232 :

475 3269 782 3334 Henricus,
835 3267 1126 3322 sacerdos.
1181 3265 1379 3321 Frater
1428 3264 1812 3322 Raimundus.
1853 3268 1987 3319 Ber-

545 3359 767 3414 nardus
798 3357 1101 3412 Mercator.
1141 3355 1470 3425 Stephanus
1497 3351 1888 3408 Corvesarius.
1921 3353 1989 3406 Et

547 3448 822 3502 dominus
853 3447 1019 3500 Saxo.
1072 3443 1439 3498 Raimundus
1480 3441 1846 3496 Provintialis
1875 3442 1982 3496 ""5.

547 3535 868 3590 Rollandus
891 3535 998 3588 “‘5.
1033 3533 1322 3588 Gerbinus
1354 3529 1618 3585 Pisanus.
1654 3531 1717 3584 Et
1748 3530 1986 3586 domina

547 3623 734 3680 Calva.

959 3709 1212 3766 CLXXIV
1243 3711 1345 3763 '1’".

436 3801 806 3841 PRIVILEGIUM
832 3799 1152 3838 LlBERTATtS
1177 3798 1631 3835 MOLENDINORUM
1656 3797 1872 3836 SICILIE.

399 3891 759 3956 Fredericus,
793 3889 988 3946 divina
1032 3888 1256 3943 favente
1301 3886 1608 3943 clementia
1638 3905 1736 3943 rex
1766 3887 1980 3955 Sicilie,

326 3983 576 4038 ducatus
606 3979 810 4052 Apulie
839 3983 895 4034 et
921 3975 1284 4050 principatus
1310 3980 1520 4048 Capue.
1546 3979 1664 4043 Que
1687 3994 1982 4033 sacrosan-

324 4073 433 4127 ctis
463 4070 726 4126 ecclesiis
776 4073 833 4122 et
880 4066 1022 4124 locis
1069 4066 1498 4122 venerabilibus
1543 4065 1893 4139 largiuntur,
1925 4072 1982 4123 et

323 4159 664 4218 hominibus
694 4162 831 4214 sunt
859 4160 1113 4229 accepta,
1147 4161 1203 4211 et
1224 4155 1396 4212 saluti
1427 4157 1734 4228 proﬁtiunt
1763 4156 1982 4213 anima-

324 4267 475 4306 rum.
498 4250 614 4305 Nos
633 4247 830 4319 itaque
847 4247 1214 4302 attendentes
1233 4247 1619 4302 venerandam
1639 4246 1978 4319 religionem

324 4339 541 4395 fratum
592 4336 876 4393 Dominici
925 4334 1205 4407 Sepulcri,
1263 4335 1320 4389 in
1375 4351 1490 4406 quo
1541 4353 1637 4391 rex
1686 4351 1888 4408 regum
1921 4341 1978 4392 et

321 4427 576 4484 salvator
605 4426 663 4480 in
698 4441 758 4482 se
791 4423 1153 4496 sperantium
1182 4440 1393 4496 corpus
1418 4441 1590 4478 suum
1623 4422 1845 4493 placuit
1875 4423 1978 4478 hu-

321 4516 581 4572 manitus
635 4514 889 4588 sepeliri,
925 4514 995 4568 ob
1029 4512 1412 4568 reverentiam
1443 4513 1570 4567 eius
1599 4516 1655 4566 et
1699 4513 1972 4567 meritum
2006 4539 2051 4602 Ι)

319 4604 644 4660 honestatis
675 4604 1015 4659 eorumdem
1039 4602 1306 4667 fratrum,
1333 4618 1436 4672 pro
1460 4601 1716 4655 remedio
1745 4617 1974 4673 quoque

318 4694 652 4749 animarum
667 4691 915 4747 felitium
931 4694 1624 4762 augustorumparentum
1642 4694 1972 4745 nostrorum

316 4784 466 4839 bone
520 4782 798 4838 memorie
829 4785 886 4836 et
919 4779 1104 4835 salute
1154 4782 1354 4833 nostra
1383 4793 1486 4832 nec
1521 4795 1634 4832 non
1669 4782 1724 4832 et
1755 4779 1974 4834 intuitu

253 4907 284 4922 ς,
315 4870 620 4944 probitatis
655 4869 848 4926 fratris
891 4868 1219 4933 Alexandri,
1254 4865 1464 4938 prioris
1507 4865 1747 4923 ecclesie
1777 4869 1973 4924 Sancti

314 4961 542 5016 Andree
570 4959 640 5014 de
672 4957 927 5030 Pla[tia],
960 4975 1072 5029 que
1115 4960 1203 5012 est
1234 4954 1564 5012 obedientia
1594 4957 1835 5028 predicti
1862 4958 1973 5014 Do-

313 5048 514 5104 minici
563 5045 848 5118 Sepulcri,
905 5046 976 5100 de
1024 5049 1304 5101 consueta
1356 5047 1554 5100 nostre
1606 5044 1973 5103 liberalitatis

313 5137 503 5209 gratia
532 5134 910 5202 remittimus,
935 5139 990 5189 et
1020 5139 1298 5207 perpetuo
1321 5132 1649 5189 relaxamus
1674 5134 1862 5190 eidem
1886 5154 1974 5194 ec-

311 5223 485 5282 clesie
535 5223 732 5279 Sancti
782 5224 1004 5279 Andree
1053 5224 1126 5278 de
1174 5222 1399 5296 Pla[tia]
1447 5223 1690 5295 triginta
1739 5229 1796 5280 et
1843 5231 1970 5285 octo

1055 5430 1142 5464 mo
1169 5430 1235 5495 A,
1265 5429 1308 5482 ib
1342 5429 1463 5494 150,
1493 5446 1567 5498 ν;
1623 5433 1688 5500 B,
1725 5430 1768 5485 ro
1794 5432 1862 5485 34
1891 5446 1970 5488 νο.

379 5431 468 5466 ¹²⁰⁹
500 5431 562 5499 Β,
611 5431 975 5486 iniusticiam.
1055 5431 1142 5464 ¹²¹⁰
1169 5431 1235 5495 Α,
1265 5431 1308 5482 ib
1342 5431 1463 5494 150,
1493 5446 1567 5498 v;
1623 5433 1688 5500 Β,
1725 5431 1768 5485 f0
1794 5432 1862 5485 34
1891 5453 1892 5456 η

379 5505 576 5560 torum.
655 5503 743 5538 ¹²¹³
770 5503 831 5571 Β,
876 5503 1069 5574 faciat.
1148 5502 1237 5536 1’”
1275 5501 1523 5574 Suppléé
1571 5500 1800 5574 d’apres
1830 5507 1892 5560 Β.

309 5503 576 5564 ﬁctorem.
655 5503 743 5576 ηιξ
770 5503 831 5571 Β,
876 5503 1069 5576 faciat.

309 5587 360 5638 το
384 5593 398 5648 ;
425 5591 680 5654 manque
709 5575 857 5634 dans
878 5575 938 5632 Β.

2053 5437 2137 5471 ¹²¹¹
2187 5439 2343 5500 Cette
2392 5433 2669 5507 rubrique
2703 5449 2975 5507 rmanque
3002 5433 3181 5507 __dan_8
3219 5433 3282 5490 B-

1973 5506 2063 5542 ¹²¹⁵
2095 5509 2156 5576 Β,
2205 5506 2592 5566 Provincialis.

1019 5574 1104 5612 ι²¹⁸
1136 5578 1200 5648 Β,
1233 5573 1280 5630 ib
1309 5573 1433 5647 151,
1464 5585 1560 5645 v0;
1595 5573 1854 5650 manque
1884 5576 2034 5637 dans
2065 5580 2127 5639 Β.

2151 1843 2424 1882 SEPULCRI
2449 1843 2483 1878 Α
2503 1841 2824 1894 \VILLELMO,
2850 1842 3126 1888 QUONDAM
3158 1843 3449 1882 PONTIFICE
3467 1844 3737 1884 TROIANO.

2188 1934 2248 1988 In
2283 1933 2518 1988 nomine
2549 1932 2780 1986 Domini
2816 1932 2998 1987 nostri
3031 1937 3158 1988 Iesu
3193 1932 3432 1989 Christi.

2185 2025 2344 2078 Anno
2377 2023 2449 2077 ab
2499 2021 2898 2076 incarnatione
2951 2021 3216 2077 eiusdem
3267 2039 3535 2078 MCLXXXII
3569 2028 3628 2078 et
3657 2041 3772 2079 xvn

2113 2129 2265 2167 anno
2297 2117 2577 2184 regnante
2600 2111 2835 2166 domino
2863 2115 3062 2167 nostro
3092 2109 3426 2180 Guillelmo,
3459 2112 3652 2184 gratia
3671 2112 3774 2168 Dei

2109 2200 2298 2256 Sicilie
2330 2205 2386 2256 et
2416 2199 2577 2255 Italie
2609 2217 2741 2272 rege
2772 2199 3176 2267 invictissime,
3209 2200 3406 2256 inclite
3436 2205 3495 2256 et
3514 2200 3772 2273 gloriose

2109 2289 2388 2346 memorie
2420 2289 2715 2362 quondam
2747 2289 3106 2344 sanctissimi
3130 2288 3282 2362 regis
3310 2288 3592 2345 Willelmi
3624 2290 3768 2358 ﬁlio,

2106 2379 2384 2434 vicesimo
2408 2379 2629 2434 mensis
2652 2377 2776 2432 iulii
2796 2395 2868 2432 xv
2888 2377 3245 2444 indictionis,
3269 2377 3645 2446 Guillelmus,
3670 2379 3770 2434 Dei

2106 2469 2291 2541 gratia
2315 2473 2560 2540 quartus
2579 2467 2867 2523 Troianus
2889 2466 3219 2540 episcopus,
3245 2467 3406 2522 fratri
3430 2465 3772 2535 Guillelmo,

2105 2557 2417 2613 venerabili
2452 2557 2732 2612 canonico
2762 2555 3021 2628 Sepulcri
3054 2555 3306 2624 Domini,
3359 2555 3536 2628 priori
3571 2557 3768 2610 Sancti

2104 2645 2363 2718 Sepulcri
2395 2645 2452 2700 in
2485 2645 2718 2701 civitate
2745 2644 2936 2710 Troia,
2971 2648 3026 2699 et
3055 2648 3263 2700 Sancte
3296 2645 3772 2699 Resurrectionis

2103 2735 2344 2791 ecclesie
2377 2735 2431 2790 in
2465 2739 2832 2806 perpetuum.
2867 2738 3010 2788 Cum
3041 2733 3328 2789 universis
3360 2732 3501 2789 locis
3522 2751 3771 2790 venera-

2103 2824 2318 2880 bilibus
2341 2841 2409 2880 ex
2434 2823 2689 2896 generali
2716 2823 2908 2878 debito
2933 2823 3250 2879 Christiane
3279 2822 3683 2895 professionis,
3712 2822 3769 2878 in

2103 2913 2320 2984 quibus
2335 2929 2670 2985 possumus,
2687 2912 3224 2980 teneamuradesse,
3245 2911 3552 2968 ecclesiam
3568 2912 3770 2967 Sancti

2101 3001 2358 3074 Sepulcri
2410 3000 2641 3056 Domini
2690 3001 2972 3056 debemus
3033 3000 3276 3074 diligere
3336 3000 3656 3073 specialius
3712 3006 3770 3057 et-

2101 3092 2309 3157 fovere,
2344 3090 2443 3145 ubi
2489 3090 2610 3144 vita
2658 3094 2858 3144 nostra
2885 3094 2974 3145 est
3020 3089 3079 3144 in
3114 3089 3344 3146 Christo
3393 3089 3766 3158 abscondita,

2023 3169 2065 3236 C
2105 3180 2259 3234 unde
2306 3184 2361 3236 et
2391 3196 2522 3234 cum
2569 3179 2696 3250 ipso
2729 3182 3066 3250 resurgente
3092 3177 3150 3232 in
3183 3177 3369 3250 gloria
3400 3178 3764 3247 resurrexit;

2097 3273 2154 3324 et
2176 3269 2234 3323 in
2254 3267 2385 3324 aliis
2403 3267 2639 3340 quidem
2657 3266 2800 3324 locis
2817 3265 3247 3324 venerabilibus
3261 3267 3525 3323 membra
3539 3267 3766 3324 Christi

2095 3359 2190 3431 pie
2221 3357 2543 3414 devotionis
2566 3357 2846 3428 obsequio
2867 3373 3232 3425 veneramur,
3266 3355 3324 3410 in
3353 3355 3603 3412 ecclesia
3623 3373 3766 3412 vero

2094 3447 2354 3518 Sepulcri
2403 3445 2635 3501 Domini
2689 3445 2886 3517 ipsum
2919 3449 3096 3517 caput
3141 3443 3486 3500 universalis
3514 3445 3766 3502 ecclesie

2094 3536 2389 3592 Christum
2423 3533 2706 3608 singulari
2737 3533 3106 3590 veneratione
3139 3533 3578 3607 prosequimur,
3621 3551 3764 3606 pas-

2093 3626 2276 3681 sionis
2307 3627 2452 3692 eius,
2487 3641 2606 3697 qua
2636 3624 2922 3696 redempti
2970 3641 3199 3693 sumus,
3234 3623 3604 3680 celebramus
3633 3642 3764 3682 me-

2093 3714 2360 3780 moriam,
2395 3719 2450 3769 et
2499 3713 2940 3770 resurrectionis
2991 3713 3274 3783 eiusdem,
3322 3731 3439 3785 qua
3469 3713 3583 3786 ipsi
3616 3731 3764 3770 con-

2092 3805 2387 3876 regnaturi
2421 3821 2650 3869 sumus,
2676 3803 2921 3876 gloriam
2945 3803 3337 3876 predicamus.
3366 3802 3548 3858 Huius
3575 3804 3765 3860 excel-

2091 3892 2264 3948 lentie
2295 3893 2589 3965 specialis,
2623 3910 2739 3964 qua
2767 3892 2990 3964 prefata
3020 3891 3264 3948 ecclesia
3286 3892 3760 3948 Resurrectionis

2089 3982 2388 4038 Dominice
2421 3981 2709 4054 preminet
2739 3981 3046 4049 universis,
3079 3981 3255 4052 digna
3284 3980 3758 4037 consideratione

2089 4071 2336 4139 inducti,
2367 4070 2638 4126 volumus
2660 4069 2883 4141 aliquid
2907 4071 2964 4124 in
2996 4070 3122 4126 eius
3154 4069 3472 4141 temporale
3493 4086 3759 4126 commo-

2088 4162 2229 4216 dum
2263 4160 2581 4232 providere,
2609 4159 2778 4214 cuius
2809 4175 3040 4232 semper
3069 4159 3418 4214 beneficium
3441 4158 3757 4231 spirituale

2087 4249 2396 4305 sentimus.
2421 4249 2631 4304 Nostra
2655 4247 2834 4322 igitur
2852 4248 3006 4304 bona
3025 4253 3082 4304 et
3101 4253 3426 4320 spontanea
3445 4247 3756 4304 voluntate

2087 4339 2382 4410 simulque
2411 4337 2754 4394 dilectorum
2798 4337 3044 4392 fratrum
3096 4341 3452 4405 nostrorum,
3505 4338 3756 4393 canoni-

2085 4445 2287 4482 corum
2336 4426 2584 4482 Troiane
2629 4425 2889 4493 ecclesie,
2923 4426 3196 4498 precibus
3225 4429 3280 4482 et
3321 4442 3570 4481 assensu
3604 4443 3755 4482 con-

2085 4517 2368 4584 cedimus,
2389 4517 2747 4572 etdonamus
2769 4515 2871 4570 tibi
2887 4515 3223 4586 supradicto
3241 4513 3401 4570 fratri
3420 4513 3750 4583 Willelmo,

2083 4606 2260 4677 priori
2284 4604 2477 4661 Sancti
2499 4603 2757 4676 Sepulcri
2780 4605 2850 4658 de
2872 4604 3064 4671 Troia,
3087 4609 3145 4658 et
3165 4621 3267 4676 per
3289 4609 3345 4659 te
3372 4610 3752 4660 sacrosancte

2084 4695 2321 4751 ecclesie
2380 4693 2641 4767 Sepulcri
2689 4692 2976 4749 Dominici
3025 4693 3083 4748 in
3135 4696 3480 4765 perpetuum
3519 4697 3747 4750 terram

2083 4801 2286 4851 unam,
2338 4800 2447 4856 que
2501 4787 2744 4838 actenus
2793 4781 2905 4836 fuit
2955 4787 3152 4837 nostre
3199 4780 3448 4838 Troiane
3473 4780 3744 4851 ecclesie,

2081 4873 2244 4930 iuxta
2274 4873 2525 4928 civitatis
2571 4876 2768 4926 nostre
2798 4871 3082 4926 ambitum
3119 4870 3522 4938 constitutam,
3557 4887 3744 4942 quam

2081 4963 2185 5018 tibi
2235 4968 2291 5018 et
2336 4961 2661 5018 venerande
2715 4959 2954 5017 ecclesie
3011 4964 3216 5016 Sancte
3270 4959 3743 5016 Resurrectionis

2080 5051 2381 5108 Dominice
2413 5067 2532 5106 una
2560 5066 2695 5106 cum
2732 5049 2953 5106 eisdem
2984 5049 3250 5106 Troianis
3293 5047 3591 5106 canonicis
3623 5048 3743 5104 fra-

2081 5141 2269 5197 tribus
2301 5140 2538 5207 nostris,
2572 5139 2853 5196 existente
2884 5138 3192 5195 nobiscum
3215 5140 3496 5212 magistro
3527 5136 3742 5211 legista

2082 5229 2140 5285 in
2163 5231 2272 5288 hoc
2298 5230 2526 5303 negotio
2545 5232 2742 5285 nostro
2764 5229 3062 5298 advocato,
3082 5233 3276 5285 tecum
3297 5245 3429 5285 vero
3452 5225 3738 5285 existente

3359 5433 3448 5468 ms
3475 5431 3538 5502 Β,
3573 5432 3732 5487 bene-

2671 5506 2761 5542 am
2792 5503 3243 5573 BfRodlandus.
3321 5507 3409 5542 ιειτ
3438 5505 3502 5575 Β,
3533 5503 3581 5560 ιδ
3629 5503 3726 5562 151
