4012 6072
152 301 312 362 1253

151 521 396 579 ecclesie
427 518 625 577 Sancti
659 518 944 592 Sepulcri,
977 519 1375 589 concedimus,
1409 519 1698 576 donamus
1748 522 1805 573 et

148 610 443 675 tradimus
475 609 599 665 iure
638 613 917 682 perpetuo
962 608 1090 665 sine
1126 612 1323 665 nostra
1350 612 1804 679 nostrorumque

154 716 564 758 successorum
582 696 1041 755 contradictione
1059 696 1145 753 vel
1159 697 1497 771 calumpnia
1508 697 1807 770 possiden-

155 792 317 858 dam,
353 789 595 845 liberam
648 786 922 843 similiter
968 791 1025 842 et
1068 785 1378 860 integram,
1419 786 1661 844 ecclesie
1712 784 1805 840 cui

157 877 497 936 conceditur
526 876 877 933 utilitatibus
900 876 1094 932 modis
1116 876 1395 933 omnibus
1416 877 1806 948 profuturam,

158 968 660 1041 quemadmodum
709 966 1060 1039 subscriptis
1102 966 1323 1023 ﬁnibus
1354 966 1696 1038 designatur
1726 980 1740 1019 :
1776 980 1812 1018 a

159 1058 356 1131 prima
386 1060 549 1131 parte
570 1058 821 1129 desuper
849 1060 938 1113 est
957 1072 1127 1113 secus
1149 1060 1302 1113 terra
1321 1053 1710 1112 Bartholomei
1741 1053 1812 1109 de

164 1147 471 1219 Rudengo,
522 1163 557 1201 a
600 1146 859 1202 secunda
921 1162 1053 1202 vero
1095 1149 1256 1217 parte
1302 1143 1709 1200 descendendo
1757 1146 1816 1198 et

166 1236 331 1291 iuxta
356 1234 663 1302 vallonem,
694 1234 793 1306 qui
826 1238 915 1291 est
944 1234 1095 1291 inter
1119 1234 1265 1290 banc
1286 1237 1499 1289 terram
1522 1236 1578 1288 et
1599 1236 1814 1288 terram

167 1325 425 1399 predicte
456 1323 698 1381 ecclesie
727 1323 925 1380 Sancti
956 1323 1239 1397 Sepulcri,
1275 1341 1309 1379 a
1338 1328 1546 1395 quarta
1566 1322 1818 1394 denique

168 1420 334 1488 parte
364 1414 733 1485 ascendendo
764 1418 853 1471 est
870 1413 963 1469 via
983 1413 1238 1486 publica,
1258 1430 1375 1485 qua
1394 1412 1513 1469 itur
1527 1429 1562 1469 a
1591 1412 1820 1468 civitate

176 1504 251 1560 ad
280 1504 502 1559 ﬂumen
524 1502 753 1576 Accloy.
777 1502 849 1559 Ut
873 1506 1068 1558 autem
1090 1501 1195 1558 hec
1218 1506 1420 1559 nostra
1443 1501 1741 1558 concessio
1763 1504 1823 1556 et

170 1593 408 1649 donatio
458 1597 795 1666 perpetuam
847 1596 904 1649 et
966 1590 1359 1648 inviolabilem
1409 1592 1669 1663 optineat
1724 1591 1823 1645 ﬁr-

173 1683 463 1749 mitatem,
492 1687 821 1755 presentem
846 1682 903 1737 in
928 1681 1203 1755 paginam
1226 1699 1329 1754 per
1345 1698 1557 1737 manus
1579 1679 1823 1736 Maraldi

175 1771 361 1827 nostri
396 1770 626 1840 notarii,
659 1770 866 1826 conﬁci
894 1770 1199 1838 iussimus,
1234 1769 1413 1843 sigilli
1444 1769 1624 1825 nestri
1655 1786 1828 1841 appo-

177 1860 389 1916 sitione
431 1877 497 1916 ac
550 1861 795 1916 fratrum
840 1865 1174 1916 nostrorum
1225 1858 1639 1915 canonicorum
1690 1860 1829 1914 sub-

178 1948 598 2022 scriptionibus
641 1950 1095 2006 corroboratam.
1131 1952 1316 2016 Quam
1364 1948 1737 2004 traditionem
1773 1952 1831 2003 et

179 2039 556 2095 donationem
579 2038 762 2110 siqua
786 2038 843 2093 in
871 2042 1169 2111 posterum
1192 2037 1591 2094 ecclesiastica
1613 2035 1834 2092 secula-

178 2128 336 2185 risve
365 2144 614 2201 persona
642 2132 859 2183 temere
908 2127 1248 2199 perturbare
1286 2125 1729 2199 presumpscrit,
1777 2128 1834 2181 et

180 2218 433 2274 secondo
463 2215 729 2272 terciove.
766 2257 780 2270 .
817 2256 830 2271 .
869 2258 880 2269 .
917 2258 930 2272 .
965 2217 1053 2251 ιειθ

788 2305 1101 2361 CLXXXVI
1143 2307 1230 2340 ¹²²⁰

448 2410 825 2451 PRIVILEGIUM
858 2412 928 2449 DE
960 2411 1239 2450 LACRIDON
1272 2411 1329 2449 IN
1364 2411 1568 2449 CYPRO.

265 2487 329 2541 In
350 2484 584 2541 nomine
608 2484 794 2539 Patris
815 2488 871 2539 et
895 2482 1023 2539 Filii
1044 2488 1099 2538 et
1117 2483 1371 2555 Spiritus
1400 2482 1620 2549 Sancti,
1640 2498 1833 2537 amen.

262 2575 475 2631 Notum
489 2573 996 2640 sitomnibus,tam
1020 2572 1393 2645 prescntibus
1410 2589 1589 2643 quam
1603 2570 1836 2637 futuris,

190 2665 350 2736 quod
382 2680 487 2735 ego
517 2662 704 2735 Hugo,
728 2661 828 2718 Dei
851 2661 1042 2734 gratia
1064 2679 1161 2717 rex
1182 2661 1371 2733 Cypri,
1391 2662 1564 2726 dono,
1588 2660 1838 2716 concedo

190 2758 249 2808 et
280 2753 562 2809 conﬁrmo
596 2756 707 2807 Deo
737 2755 795 2806 et
820 2748 1061 2806 ecclesie
1094 2748 1381 2805 Deminici
1413 2748 1697 2822 Sepulcri,
1744 2765 1840 2803 ca-

195 2842 425 2897 nonicis
454 2840 726 2896 videlicet
746 2840 1010 2896 eiusdem
1036 2839 1408 2911 presentibus
1437 2843 1493 2893 et
1515 2837 1746 2905 futuris,
1781 2838 1840 2892 in

195 2921 539 3003 perpetuam
570 2928 948 2985 elemosinam
992 2945 1096 3001 pro
1145 2928 1456 2985 animabus
1504 2927 1686 2999 patris
1728 2926 1843 2982 mei

197 3024 254 3076 et
284 3018 488 3074 matris
510 3034 636 3074 mee
656 3016 1042 3089 omniumque
1054 3021 1489 3074 antecessornm
1508 3032 1771 3072 meorum
1785 3016 1842 3070 in

196 3108 486 3164 territorio
504 3106 685 3179 Paphi
710 3106 1012 3178 prastiam,
1029 3123 1143 3178 que
1162 3106 1377 3162 dicitur
1388 3105 1692 3172 Lacridon,
1709 3121 1844 3159 cum

198 3196 474 3253 omnibus
497 3194 622 3251 suis
633 3194 1001 3267 pertinentiis
1021 3193 1284 3263 interris,
1306 3193 1475 3266 aquis
1503 3197 1561 3248 et
1587 3193 1843 3263 villanis,

198 3290 254 3342 et
282 3301 417 3341 cum
450 3283 725 3340 omuibus
755 3283 983 3340 iuribus
1014 3287 1072 3339 et
1103 3282 1631 3340 consuetudinibus
1658 3282 1847 3339 eidem

199 3374 414 3447 prastie
427 3373 878 3447 pertinentibus,
894 3373 1223 3445 etquinque
1237 3372 1485 3428 villanos
1498 3389 1631 3428 cum
1646 3388 1848 3427 eorum

201 3463 480 3519 uxoribus
510 3467 568 3518 et
596 3461 795 3518 liberis
826 3460 1044 3517 habitis
1072 3465 1129 3516 et
1158 3460 1463 3531 habendis,
1479 3465 1535 3516 et
1566 3476 1700 3515 cum
1732 3476 1852 3516 om-

204 3548 381 3605 nibus
412 3565 614 3604 eorum
646 3548 842 3615 rebus,
875 3564 1010 3603 cum
1046 3546 1253 3619 stagiis
1275 3563 1477 3603 eorum
1509 3550 1683 3620 atque
1714 3545 1849 3602 che-

202 3638 570 3711 vagiis;nomi
581 3655 655 3694 na
666 3654 797 3693 vero
811 3636 1207 3708 predictorum
1222 3635 1483 3708 quinque
1496 3634 1850 3691 villanorum

203 3726 307 3782 hec
337 3730 505 3782 sunt:
538 3725 826 3782 Vassilius
857 3726 929 3780 de
961 3725 1310 3797 Liquetima,
1341 3722 1631 3781 Vassilius
1691 3724 1849 3780 ﬁlius

206 3814 405 3870 uxoris
452 3813 688 3869 Vassilii
739 3814 808 3869 de
852 3812 1198 3885 Liquetima.
1247 3812 1318 3867 Ut
1360 3819 1557 3869 antem
1590 3814 1695 3869 hec
1725 3830 1856 3869 mea

208 3904 445 3960 donatio
470 3907 595 3959 rata
610 3907 665 3958 et
684 3902 1032 3958 inconcussa
1052 3902 1175 3957 iure
1197 3906 1473 3974 perpetuo
1495 3906 1853 3975 permaneat,

208 3998 539 4065 presentem
573 3991 850 4065 paginam
881 3990 1075 4064 sigillo
1106 4006 1234 4046 meo
1260 3989 1534 4063 plumbeo
1564 3991 1782 4047 muniri
1800 3995 1859 4048 et

209 4080 678 4153 subscriptorum
710 4078 967 4135 virorum
990 4078 1323 4135 testimonio
1345 4080 1704 4136 corroborari
1729 4080 1855 4149 feci,

211 4187 464 4242 quorum
495 4169 600 4225 hec
631 4174 771 4225 sunt
802 4167 1067 4223 nomina:

351 4256 643 4313 Galterius
668 4256 1448 4324 Cesarensis,conestabulus
1465 4257 1521 4312 Ci
1530 4258 1640 4330 pri.
1663 4259 1865 4328 Ayme

462 4347 620 4402 ricus
641 4346 712 4402 de
731 4346 914 4415 Rivet,
943 4345 1314 4402 senescalcus
1335 4346 1510 4418 Cipri.
1543 4346 1865 4404 Rainaldus

465 4432 929 4501 Suessionensis,
963 4433 1357 4490 marescalcus
1378 4435 1553 4507 Cipri.
1579 4434 1866 4491 Galterius

1157 295 1656 359 CARTULAIRE
1701 295 1805 357 DU
1852 294 2084 356 SAINT
2128 293 2554 358 SEPULGRE.

148 431 453 499 Nicholao,
500 431 670 487 Troie
724 429 905 503 regali
956 429 1165 498 indice,
1209 430 1473 486 eiusdem
1522 430 1798 486 advocato
1831 431 1885 495 Α

3404 298 3557 358 1254

2533 426 2820 515 (λιχξίνιι
2850 428 2939 462 mo

2428 550 2500 591 D3
2528 552 2713 591 CASALI
2746 550 3043 589 PENDBKIO.

1984 664 2050 715 In
2074 660 2307 717 nomine
2328 664 2530 716 sancta
2555 664 2609 716 et
2631 660 2937 716 individue
2960 659 3263 716 Trinitatis
3291 660 3473 718 Putris
3510 665 3566 718 et

1917 747 2044 804 Filii
2078 748 2318 821 spiritus
2350 751 2547 805 Sancti
2578 767 2770 805 amen.

1988 839 2203 894 Notnm
2239 838 2314 894 sit
2344 838 2637 905 omnibus,
2673 840 3043 911 presentibus
3064 843 3119 896 et
3151 840 3382 909 futuris,
3408 840 3564 913 quod

1919 946 2025 1002 ego
2043 928 2404 1002 Aymericus,
2424 927 2523 982 Dei
2546 926 2733 1000 gratia
2752 928 3090 984 Latinorum
3112 928 3440 986 Jerusalem
3471 947 3567 986 rex

1921 1035 2111 1073 nonus
2151 1022 2205 1073 et
2232 1034 2327 1073 rex
2359 1016 2531 1089 Cipri,
2566 1018 2736 1073 dono.
2775 1004 3026 1073 concedo
3056 1022 3112 1073 et
3141 1019 3421 1075 conﬁrmo
3453 1018 3568 1074 Deo

1922 1112 1978 1164 et
2009 1106 2112 1162 tibi
2149 1106 2452 1173 Monacho,
2485 1105 2799 1161 venerabili
2837 1105 3119 1163 Dominici
3158 1106 3423 1179 Sepulcri
3462 1124 3567 1179 pa-

1923 1196 2196 1263 triarche,
2224 1194 2456 1267 tuisque
2470 1194 2907 1251 successoribus
2928 1194 3305 1269 eiusdemque
3317 1195 3570 1269 capitulo

1923 1283 1983 1339 in
2015 1288 2196 1357 Cypro
2226 1282 2415 1339 casale
2445 1284 2667 1339 dictum
2702 1283 3002 1340 Pendache
3045 1301 3180 1340 cum
3222 1285 3382 1342 omni
3425 1284 3570 1351 iure,

1928 1374 2080 1445 quod
2143 1372 2201 1426 in
2232 1389 2297 1428 eo
2331 1371 2507 1427 casali
2542 1371 2865 1427 habueram
2900 1377 2957 1428 et
2995 1372 3207 1429 habere
3239 1373 3573 1445 debueram,

1928 1462 1985 1517 in
2003 1465 2340 1535 perpetuam
2360 1461 2790 1533 possessionem
2811 1460 2988 1517 libere
3010 1466 3067 1518 et
3084 1462 3275 1534 quiete
3308 1463 3432 1519 sine
3455 1462 3575 1519 ullo

1932 1551 2165 1607 servitio
2197 1550 2553 1620 habendum,
2576 1551 2893 1606 tenendum
2914 1555 2969 1606 et
2988 1551 3428 1623 possidendum,
3443 1568 3578 1610 cum

1932 1640 2207 1696 omnibus
2225 1640 2350 1695 suis
2374 1638 2738 1711 pertinentiis
2764 1640 2819 1693 in
2847 1639 3033 1709 terris,
3060 1640 3227 1713 aquis
3248 1646 3306 1698 et
3326 1640 3576 1710 villanis,

1934 1734 1991 1784 et
2020 1746 2154 1785 cum
2186 1727 2344 1783 omni
2381 1729 2503 1783 iure
2535 1745 2662 1795 suo,
2684 1732 2741 1784 et
2770 1746 2903 1784 cum
2924 1728 3198 1786 omnibus
3216 1728 3585 1786 consuetudi-

1859 1807 1907 1872 Β
1940 1818 2115 1873 nibus
2171 1816 2360 1872 eidem
2401 1815 2577 1872 casali
2629 1817 3075 1889 pertinuitibus,
3127 1823 3362 1893 excepto
3427 1819 3582 1875 fonte

1944 1906 2141 1961 Sancti
2176 1906 2401 1979 Georgii
2427 1922 2556 1961 cum
2594 1907 2788 1963 decem
2826 1907 3372 1964 circumiacentibus
3393 1926 3586 1964 carru-

1941 1996 2085 2051 catis
2133 2000 2305 2062 terre,
2339 2011 2484 2066 quas
2508 1994 2792 2067 Hospitali
2814 1995 3271 2053 Alamannorum
3296 1998 3461 2070 prius
3491 1998 3588 2053 do-

1941 2100 2235 2151 naveram,
2260 2087 2316 2138 et
2345 2083 2598 2156 exceptis
2629 2084 2819 2152 donis,
2854 2101 2966 2157 que
2996 2102 3100 2159 ego
3130 2090 3185 2141 et
3218 2087 3392 2143 frater
3420 2102 3588 2143 meus

1942 2191 2039 2229 rex
2070 2172 2257 2228 Guido
2289 2171 2629 2229 hominibus
2660 2174 2877 2230 nostris
2900 2174 3267 2231 donavimus.
3293 2176 3367 2232 Ut
3393 2180 3589 2232 autem

1943 2263 2047 2319 hec
2082 2280 2210 2317 mea
2240 2262 2475 2318 donatio
2505 2266 2629 2317 rata
2659 2266 2715 2318 et
2745 2262 3095 2318 inconcussa
3142 2263 3268 2320 iure
3313 2269 3591 2337 perpetuo

1944 2355 2298 2424 permaneat,
2326 2355 2657 2423 presentem
2676 2351 2949 2425 paginam
2973 2352 3146 2408 scribi
3169 2369 3235 2407 ac
3258 2352 3448 2425 sigillo
3465 2369 3593 2408 meo

1945 2440 2219 2514 plumbeo
2249 2440 2464 2496 muniri
2499 2440 3082 2514 subscriptorumque
3123 2440 3383 2497 virorum
3432 2441 3592 2498 testi-

1948 2529 2143 2584 monio
2229 2529 2591 2585 corroborari
2662 2530 2915 2604 precepi,
2966 2547 3220 2602 quorum
3291 2528 3399 2585 hec
3456 2533 3597 2586 sunt

1949 2618 2224 2675 nonuna:

2089 2706 2428 2780 Aymericus
2458 2707 2530 2762 de
2551 2707 2734 2774 Rivet,
2768 2705 3137 2762 senescalcus
3168 2705 3359 2781 Cypri.
3394 2706 3598 2764 Baine-

2166 2795 2307 2861 rius,
2375 2794 2832 2851 bibliotecarius.
2897 2793 3232 2866 Raynaldus
3296 2795 3597 2852 Suession-

2165 2883 2383 2939 nensis.
2458 2883 2759 2940 Rustanus
2816 2884 3049 2955 Aymar.
3131 2882 3452 2942 Rainaldus
3528 2886 3601 2943 de

2202 2972 2403 3028 Balma
2475 2971 2822 3028 Guillelmus
2855 2970 2925 3027 de
2948 2970 3171 3038 Balma,
3232 2972 3409 3029 frater
3449 2975 3598 3047 ejus.

2201 3062 2412 3135 Symon
2445 3061 2786 3134 Paphensis.
2822 3060 3144 3118 Balduinus
3166 3061 3458 3119 Usserius.

1876 3177 1918 3243 Ο
2028 3152 2266 3206 Factum
2286 3150 2492 3206 esthoc
2516 3167 2667 3206 anno
2686 3149 2976 3206 dommice
2998 3149 3420 3208 incarnationis
3442 3168 3601 3226 MCCI,

1958 3257 2157 3297 mense
2187 3240 2416 3295 martio.

2029 3330 2241 3385 Datum
2273 3328 2552 3395 Nicossie,
2576 3346 2679 3401 per
2723 3346 2965 3386 manum
3018 3330 3366 3387 venerabilis
3415 3330 3601 3401 Alani,

1956 3418 2229 3474 Nicossen
2239 3418 2320 3473 sis
2339 3416 2757 3491 archiepiscopi
2771 3422 2827 3474 et
2842 3418 3007 3492 Cypri
3026 3418 3380 3487 cancellarii,
3399 3420 3605 3476 eodem

1960 3524 2112 3563 anno
2143 3510 2199 3562 et
2228 3507 2430 3563 eodem
2463 3523 2682 3563 mense.

2558 3650 2869 3706 CLXXVIII
2902 3652 3009 3706 ‘m.

1965 3775 2193 3814 LITTERE
2246 3774 2449 3813 DOMINI
2498 3775 2552 3813 Cv.
2608 3800 2620 3813 .
2677 3802 2688 3814 .
2733 3775 3084 3815 PATRIARCHE
3132 3776 3608 3816 IEROSOLIMITANI.

2036 3902 2102 3958 G.
2148 3944 2162 3958 .
2207 3942 2221 3955 .
2266 3945 2279 3957 .
2316 3902 2404 3936 ¹²²³
2444 3901 2819 3957 miseratione
2859 3901 3053 3957 divina
3090 3902 3423 3973 patriarcha
3465 3902 3612 3959 lere-

1966 3990 2338 4047 solimitanus
2367 3989 2609 4045 humilis
2639 3994 2696 4045 et
2720 3990 2996 4064 indignus
3027 3990 3341 4063 apostolice
3364 3991 3520 4047 sedis
3541 3990 3617 4046 le-

1968 4084 2161 4153 gatus,
2190 4079 2341 4136 clero
2372 4083 2430 4135 et
2460 4077 2674 4151 populo
2696 4079 2754 4133 in
2778 4078 3093 4135 Ierusalem
3115 4080 3616 4136 commorantibus

1970 4167 2220 4225 salutem
2250 4168 2311 4224 in
2341 4166 2607 4223 Domino.
2633 4166 3125 4241 Uni[versi]tatem
3169 4174 3424 4224 vestram
3468 4173 3617 4224 scire

1970 4256 2243 4313 volumus
2276 4256 2427 4329 quod
2464 4272 2570 4312 nos
2599 4255 2845 4312 dilectos
2876 4256 3047 4323 ﬁlios,
3081 4257 3352 4313 abbatem
3399 4257 3619 4314 Montis

1973 4346 2176 4402 Oliveti
2191 4350 2247 4402 et
2258 4346 2546 4401 decanum
2562 4344 2925 4417 Ioppensem,
2941 4344 3000 4399 in
3018 4345 3330 4402 Ierusalem
3345 4346 3619 4402 misimus

1975 4453 2078 4508 pro
2111 4434 2327 4491 nostris
2356 4433 2604 4507 negotiis
2652 4432 3029 4505 expediendis
3072 4451 3138 4490 ac
3170 4434 3388 4491 nostris
3431 4434 3622 4506 requi-

464 4523 1868 4612 deBethsan.GormundusdeBethsan.Galterius
1898 4548 1945 4612 Β
1976 4524 2171 4580 rendis
2200 4522 2430 4578 iuribus
2459 4526 2517 4578 et
2546 4522 2866 4612 servandis,
2890 4521 3179 4612 quicquid
3212 4540 3315 4595 per
3342 4522 3502 4612 ipsos
3531 4521 3621 4578 vel

466 4614 535 4669 de
558 4613 769 4670 Sancto
800 4611 1052 4668 Bertino.
1069 4612 1272 4669 Simon
1292 4612 1633 4686 Paphensis.
1668 4612 1870 4670 Petrus

468 4701 680 4774 Chape.
705 4700 996 4758 Galterius
1026 4701 1272 4758 iuvenis.

292 4790 535 4846 Factum
567 4794 656 4846 est
699 4808 852 4847 anno
896 4791 968 4848 ab
1001 4790 1399 4849 incarnatione
1429 4791 1660 4850 Domini
1692 4810 1867 4861 mcnx,

220 4895 424 4937 mense
456 4881 808 4937 novembris.

336 5166 426 5203 ¹²¹⁹
457 5168 533 5225 Le
564 5172 716 5225 reste
746 5184 1003 5227 manaue
1032 5169 1180 5226 dans
1207 5168 1261 5224 le
1292 5170 1637 5227 manuscrit.

225 5254 487 5311 manque
518 5241 665 5296 dans
696 5246 754 5297 Β.

225 5381 592 5453 patriarchas

1754 5171 1844 5206 ι²²⁰
1874 5171 1933 5237 Α,
1968 5170 2014 5225 f0
2041 5170 2160 5235 152,
2192 5176 2289 5235 νο;
2318 5184 2593 5241 manque
2624 5168 2774 5241 dans
2820 5171 2878 5224 Β.

834 5242 1019 5308 1133A,
1062 5242 1108 5296 f°
1159 5242 1280 5307 153,
1331 5252 1430 5311 νο;
1486 5257 1743 5311 manque
1788 5243 1935 5298 dans
1985 5246 2043 5297 Β.

223 5310 524 5385 Soﬂredus,
587 5311 801 5385 appeléi
847 5313 1009 5385 aussi
1067 5312 1379 5385 Comedus,
1418 5310 1507 5385 ou
1567 5310 1725 5369 enﬁn
1780 5313 2057 5380 Giraldus,
2096 5312 2218 5385 qui
2284 5311 2632 5385 tgus__trois
2708 5310 3007 5385 rédnirent
3065 5310 3211 5385 ala

1980 4612 2226 4669 alterum
2257 4614 2521 4685 ipsorum
2539 4615 2737 4666 actum
2759 4610 2934 4666 fuerit
2951 4615 3138 4667 ratum
3164 4611 3442 4679 habituri,
3464 4628 3625 4667 man-

1979 4703 2185 4759 dantes
2216 4706 2272 4758 et
2301 4706 2575 4775 rogantes
2606 4705 2897 4772 quatenus
2912 4717 3011 4757 eos
3029 4699 3218 4757 velitis
3230 4699 3484 4773 recipere
3503 4699 3626 4757 vice

1980 4796 2198 4849 nostra.

2051 4882 2262 4937 Datum
2294 4884 2533 4953 Ioppen,
2563 4877 2838 4937 Kalendis
2870 4878 3142 4936 ianuarii.

2992 5168 3079 5204 mi
3129 5169 3195 5236 Α,
3249 5168 3295 5224 (δ
3344 5170 3465 5237 (53,
3531 5180 3627 5239 r°;

2157 5241 2245 5275 ¹²²³
2302 5238 2743 5296 Οθιὶθ’ίηὶῐίθ.16
2800 5243 2942 5311 peut
2999 5239 3272 5311 désigner
3327 5238 3630 5307 Gibelinus,

3285 5311 3505 5384 qualite
3560 5313 3634 5369 de

685 5400 716 5439 e
766 5383 1096 5457 Jérusalem
1145 5381 1296 5457 ’celle
1352 5381 1445 5457 de
1477 5383 1687 5457 legata,
1721 5385 1807 5457 du
1853 5385 2010 5457 saint
2061 5381 2235 5456 siege.
2296 5381 2727 5457 En__l'absence
2785 5383 2857 5439 de
2914 5387 3072 5457 toute
3112 5381 3430 5457 indication
3461 5383 3633 5457 chro-

228 5451 565 5529 nologique,
590 5454 652 5526 je
684 5456 808 5529 suis
840 5457 1004 5528 porté
1034 5459 1068 5512 ὰ
1096 5455 1288 5529 croire_
1311 5454 1449 5529 qu’il
1476 5451 1646 5529 s’agit
1677 5456 1749 5511 ici
1772 5456 1852 5529 de
1883 5451 2457 5529 G1m1.ny§,_et_qu’il
2488 5453 2614 5529 fa_ut
2644 5456 2948 5529 rapporter
2993 5453 3045 5510 le
3093 5455 3409 5529 document
3453 5457 3489 5529 ᾖ.
3531 5453 3635 5529 l'e-

226 5524 424 5652 poque
452 5524 528 5582 ou
555 5524 625 5606 ce
654 5524 859 5609 prélat,
893 5530 1228 5583 mécontent
1258 5524 1414 5583 de'la
1439 5524 1594 5584 trevé
1625 5527 1866 5585 conclue
1896 5532 2057 5585 entre
2088 5524 2352 5583 Frédéric
2385 5526 2433 5583 Il
2464 5529 2521 5583 et
2545 5524 2630 5583 les
2658 5524 2978 5598 sarrasins,
3011 5526 3165 5585 avait
3194 5526 3387 5585 refuse
3436 5525 3507 5594 de
3546 5527 3635 5585 1³6-

226 5595 327 5652 tab
354 5613 409 5652 1r
435 5594 489 5652 le
519 5598 675 5652 siege
705 5597 1016 5652 natmarcal
1045 5598 1192 5652 dans
1224 5596 1307 5652 les
1337 5615 1501 5652 murs
1531 5599 1602 5652 de
1629 5599 1981 5652 Jerusalem.
2350 5608 2363 5617 ‘

225 5594 409 5655 tablir
435 5594 489 5655 1e
519 5594 675 5673 siégé
703 5594 1016 5674 patriarcal
1045 5598 1192 5657 dans
1224 5596 1307 5657 les
1337 5615 1501 5659 murs
1531 5599 1602 5658 de
1629 5599 1981 5681 Jerusalem.
2350 5608 2363 5617 “
