4012 6072
166 302 191 359 1
207 296 332 360 25⁸7

1175 296 1675 365 GARTULAIHE
1720 297 1824 363 DU
1870 298 2109 358 SAINT
2157 299 2578 362 SEPULCRE.

3427 300 3582 367 1258

163 432 241 487 de
264 429 566 487 laboribus
586 428 1003 489 canonicorum
1019 444 1197 501 quam
1215 427 1461 486 aliorum
1487 427 1821 502 supradicta
1851 430 1906 497 Α
1936 428 2107 487 rioris
2124 431 2411 503 parilcrct
2428 431 2727 488 exterioris
2745 430 3001 488 hominis
3021 431 3076 485 in
3090 430 3317 487 Christo
3331 430 3581 488 salutem

161 510 431 592 quinque
460 516 801 582 colentium,
826 516 1199 572 medietatem
1238 516 1545 573 Liddensis
1572 517 1817 574 ecclesia

159 609 391 681 integre
423 605 717 681 percipiet.
745 606 991 662 Donavit
1021 605 1199 661 etiam
1231 606 1672 677 prenominatus
1700 607 1818 679 epi-

160 713 381 771 scopus
403 696 735 752 Bernardus
766 712 835 750 ex
866 694 1166 751 communi
1187 693 1422 766 capituli
1459 695 1550 751 sui
1572 712 1815 751 consen-

158 804 256 854 su,
270 785 484 842 intuitu
503 784 805 858 pietatiset
821 782 1204 856 helymosino,
1228 782 1503 840 ecclesias
1519 783 1817 840 ediﬁcatas

159 881 221 931 et
252 873 655 931 hedificandas
686 873 745 927 in
777 871 894 928 illis
932 873 1193 945 quinque
1219 871 1513 929 casalibus
1562 872 1817 946 plenarie

159 981 297 1022 cum
322 962 482 1019 omni
505 962 629 1019 iure
661 960 1009 1034 parrochiali
1030 960 1270 1017 ccclesie
1295 961 1576 1017 Dominici
1616 961 1819 1035 Sepul-

161 1053 270 1121 cri,
314 1046 537 1108 re‘tenta
567 1049 678 1107 sibi
709 1048 950 1122 suisque
998 1049 1437 1106 successoribus
1488 1049 1819 1106 obedientia

161 1138 620 1216 parrochialium
663 1139 1053 1206 sacerdotum,
1076 1139 1175 1211 qui
1207 1138 1350 1194 inibi
1383 1156 1486 1210 pro
1519 1139 1665 1194 bene
1696 1138 1818 1212 pla-

161 1234 278 1289 cito
308 1230 520 1304 prioris
544 1245 610 1284 ac
630 1227 1044 1284 canonicorum
1072 1227 1354 1283 Dominici
1386 1226 1648 1299 Sepulcri
1680 1229 1820 1284 sub-

161 1323 505 1387 stituentur,
534 1321 757 1374 retenta
802 1316 977 1373 etiam
1024 1317 1325 1372 vocatione
1375 1318 1444 1373 ad
1496 1318 1817 1389 synodum;

159 1410 380 1467 crisma
393 1413 453 1465 et
466 1406 660 1464 oleum
678 1406 750 1461 ab
768 1405 1042 1479 episcopo
1064 1406 1336 1462 Liddensi
1353 1406 1668 1478 accipient;
1692 1422 1823 1461 con-

158 1497 517 1557 secrationes
547 1493 827 1551 altarium
857 1510 962 1550 seu
993 1494 1395 1563 basilicarum,
1423 1493 1821 1551 ordinationes

158 1585 645 1657 clericorum,qui
684 1584 757 1640 ad
811 1600 1009 1640 sacros
1039 1583 1276 1639 ordines
1323 1583 1542 1639 fuerint
1585 1600 1821 1656 promo-

157 1676 352 1742 vendi,
377 1676 450 1730 ab
480 1674 686 1730 eodem
715 1672 991 1745 episcopo
1011 1676 1068 1728 et
1095 1672 1537 1728 successoribus
1569 1673 1692 1729 suis
1728 1689 1820 1728 re-

159 1768 413 1841 quirent,
437 1768 494 1820 et
524 1762 839 1835 impetrare
876 1761 1203 1828 debebunt;
1243 1761 1584 1817 interdictos
1626 1766 1683 1817 et
1729 1779 1820 1817 ex-

158 1853 624 1913 communicatos
647 1867 682 1907 a
702 1850 935 1906 Lidensi
961 1851 1048 1884 ¹²²⁶
1070 1850 1341 1921 episcopo
1363 1866 1466 1921 pro
1487 1849 1813 1907 interdictis
1832 1878 1839 1887 -

158 1951 218 2003 et
247 1939 768 2002 excommunicatis
798 1939 1141 1996 sacerdotes
1170 1939 1511 1995 earumdem
1552 1939 1811 2012 quinque

156 2033 441 2092 casalium
473 2029 803 2096 habebunt;
834 2032 1028 2085 cetera
1054 2044 1188 2084 vero
1236 2026 1348 2083 alia
1395 2027 1653 2099 quelibet
1683 2028 1812 2085 iura

153 2124 239 2180 eis
268 2139 337 2178 ex
368 2120 522 2175 dono
552 2117 809 2191 reliquit.

224 2212 341 2285 Ego
390 2207 741 2274 Bernardus,
777 2204 1088 2265 Liddensis
1134 2204 1466 2278 episcopus,
1507 2206 1805 2262 communi

148 2316 395 2357 assensu
430 2294 673 2370 capituli
699 2294 838 2359 mei,
862 2298 920 2351 et
948 2310 1054 2366 ego
1086 2294 1310 2363 Petrus,
1334 2294 1495 2366 prior
1518 2294 1806 2351 Dominici

148 2388 436 2462 Sepulcri,
477 2401 719 2443 assensu
763 2381 1002 2454 capituli
1043 2382 1308 2440 eiusdem
1357 2381 1621 2450 ecclesie,
1656 2383 1806 2439 hanc

148 2475 593 2534 conventionem
621 2471 1047 2532 fecimusanno
1068 2469 1357 2528 dominice
1388 2471 1807 2529 incarnationis

151 2581 384 2631 λίθακι,
427 2561 745 2619 indictione
774 2577 849 2628 ιγ,
886 2560 1217 2632 presidente
1248 2560 1464 2617 domno
1512 2560 1803 2616 Amalrico

148 2652 467 2711 venerabili
515 2649 867 2725 patriarcha,
902 2654 1180 2722 regnante
1230 2648 1442 2705 illustri
1489 2650 1800 2717 Amalrico,

151 2742 613 2800 lerosolimitano
676 2755 809 2810 rege
874 2737 1100 2809 quinto.
1156 2738 1341 2794 Huius
1401 2738 1804 2796 conventionis

149 2836 330 2888 testes
362 2834 500 2887 sunt
533 2847 545 2885 :

225 2927 300 2977 De
331 2918 585 2993 capitulo
617 2917 852 2974 Domtni
883 2916 1145 2989 Sepulcri
1180 2934 1193 2973 :
1409 2952 1413 2956 -

293 3008 416 3082 Ugo
446 3008 517 3063 de
572 3005 813 3078 Nigella.
849 3004 1167 3062 Reinaldus
1216 3006 1287 3062 de
1337 3006 1564 3062 Lochis.
1598 3006 1801 3062 Petrus

365 3096 593 3153 Calvus.
646 3096 869 3163 Petrus,
904 3099 1125 3151 cantor.
1161 3095 1464 3162 Arnulfus,
1508 3096 1797 3168 subprior.

364 3184 709 3250 Balduinus,
742 3183 1165 3240 thesaurarius.
1191 3215 1258 3226 —-
1290 3184 1618 3241 Presbitcri.

220 3279 302 3335 De
332 3273 681 3333 diaconibus
713 3291 726 3328 :

290 3364 638 3423 Dalmatius.
672 3361 945 3423 Savinus.
980 3362 1283 3436 Rogerius.

218 3457 301 3514 De
330 3452 788 3513 subdiaconibns
818 3468 831 3509 :

291 3543 435 3600 Odo.
472 3539 825 3615 Ingerradus
854 3544 913 3601 et
944 3540 1169 3599 Petrus.

218 3633 301 3689 De
329 3629 585 3705 capitulo
616 3629 803 3686 sancti
836 3628 1068 3702 Georgii
1098 3645 1110 3685 :

290 3720 675 3787 Gislebertus,
704 3721 924 3777 cantor.
953 3719 1191 3775 Franco.
1218 3718 1441 3789 Petrus,
1473 3724 1794 3793 preceptor.

360 3842 429 3853 -—
459 3808 822 3868 Sacerdotes.
849 3862 851 3865 ,

217 3903 299 3959 De
330 3898 676 3956 diaconibus
709 3916 723 3955 :

287 3988 645 4046 Willelmus.
680 3987 885 4044 Petrus
917 3988 1110 4044 Testa.

214 4080 296 4138 De
327 4078 476 4135 subd
486 4076 787 4134 iaconibus
820 4094 833 4133 :

289 4166 593 4225 Gerurfus.
628 4165 917 4223 Iohannes
946 4169 1004 4221 et
1032 4166 1271 4243 Papion.

217 4256 489 4314 interfuit
517 4255 693 4311 etiam
724 4255 862 4310 huic
890 4256 1254 4311 conventioni
1283 4273 1296 4310 :

290 4346 554 4400 Domnus
586 4341 924 4409 Rainaldus,
958 4344 1148 4399 Ebron
1178 4344 1508 4416 episcopus.
1535 4345 1798 4400 Domnus

364 4432 644 4501 Eraclius,
686 4432 1185 4490 Ierosolimitanus
1232 4432 1697 4489 archidiaconus.
1732 4434 1801 4488 Et

364 4522 644 4596 magister
674 4521 1017 4590 Monachus,
1042 4521 1424 4578 cancellarius
1453 4521 1676 4579 domini
1704 4538 1800 4594 pa-
1816 4543 1875 4627 ω

362 4609 637 4668 triarche.

770 4699 1052 4756 CLXXXII
1074 4701 1182 4755 ¹²²⁷.

754 4790 919 4860 [Sine
964 4791 1231 4856 rubrieaJ

224 4878 771 4950 R[aimundus],Dei
795 4878 985 4952 gratia
1003 4878 1214 4935 Christi
1248 4894 1572 4953 pauperum
1598 4895 1799 4934 servus

144 4967 397 5025 humilis
418 4974 474 5024 et
498 4967 696 5025 Sancti
716 4966 1036 5041 Hospitalis
1057 4967 1414 5023 Iherusalem
1435 4972 1633 5035 custos
1665 4968 1801 5023 fide-

143 5057 395 5125 lis,cum
428 5057 589 5114 omni
616 5058 863 5115 fratrum
886 5060 1172 5113 conventu
1203 5057 1491 5114 universis
1520 5056 1801 5113 fratribus

144 5146 296 5215 suis,
315 5147 673 5219 quicumque
696 5146 1046 5203 haslitteras
1076 5144 1438 5219 legerint,vel
1470 5162 1569 5201 eas
1599 5146 1799 5202 audie-

142 5235 289 5301 rint,
323 5234 551 5291 clericis
580 5224 848 5291 videlicet
891 5252 957 5291 ac
999 5234 1184 5302 laicis,
1218 5239 1339 5290 tam
1384 5234 1591 5289 vicinis
1622 5251 1799 5307 quam

142 5323 321 5396 longe
338 5323 684 5397 positis,sub
706 5324 875 5380 titulo
910 5323 1107 5381 Sancti
1132 5321 1449 5395 Hospitalis
1487 5323 1800 5380 Ierusalem

143 5412 370 5485 ubique
399 5417 691 5470 terrarum
720 5413 1097 5472 manentibus
1128 5411 1188 5467 in
1218 5412 1328 5468 hoc
1362 5411 1625 5481 instanti,
1659 5412 1803 5469 inte-

217 5520 309 5557 ¹²⁹⁶
341 5520 418 5576 Le
449 5521 776 5594 manuscrit
804 5524 966 5594 porte
995 5537 1065 5577 en
1097 5538 1176 5578 un
1208 5520 1333 5578 seul
1364 5522 1505 5577 mot.
1538 5520 1824 5578 Allidensi.

141 5603 235 5670 τοί
269 5608 530 5671 meaque
558 5593 706 5652 dans
735 5595 798 5652 A.

468 5720 733 5787 Pauor.
778 5715 949 5788 CLV.

1788 5651 1869 5711 νη

1925 523 1983 573 et
2018 536 2120 591 pro
2151 519 2381 575 diurnis
2412 520 2714 576 laboribus
2743 521 3116 592 postmodum
3148 524 3341 574 eternc
3376 518 3584 583 salutis

1926 606 2285 664 felicitatem.
2307 608 2507 664 Divine
2528 608 2673 681 legis
2691 608 3036 675 eruditione,
3054 609 3260 664 fratres
3279 607 3588 663 dilectissi-

1928 696 2032 767 mi,
2056 696 2367 753 salubriter
2400 698 2807 764 informamur,
2843 703 3302 773 sanctorumque
3332 695 3585 752 nichilo-

1928 785 2126 841 minus
2159 790 2395 858 patrum
2430 786 2825 843 sanctissimis
2845 785 3215 843 documentis
3235 784 3380 842 satis
3405 784 3590 848 racio.

1926 873 2200 930 nabiliter
2249 874 2603 931 irradiamur
2648 880 2733 943 ut,
2768 876 2924 949 quod
2955 875 3026 930 ab
3059 873 3191 930 aliis
3239 873 3408 930 nobis
3458 872 3583 930 fieri

1928 964 2228 1031 nolumus,
2256 964 2364 1020 hoc
2385 969 2443 1020 et
2472 982 2576 1020 nos
2605 963 2823 1037 pariter
2843 964 2975 1021 aliis
3010 964 3195 1019 facere
3225 961 3581 1019 omnimodis

1927 1066 2257 1107 caveamus.
2291 1051 2407 1107 Nos
2438 1052 2652 1108 etenim
2686 1052 2914 1119 fratres,
2938 1051 3039 1123 qui
3067 1050 3124 1105 in
3158 1050 3330 1107 domo
3360 1066 3578 1122 paupe-

1929 1155 2081 1207 rum,
2105 1138 2165 1194 in
2192 1156 2309 1211 qua
2340 1157 2560 1212 pauper
2583 1146 2640 1197 et
2671 1140 2839 1196 inobs
2871 1156 3083 1196 nomen
3131 1139 3361 1196 Domini
3385 1138 3580 1209 laudao

1929 1228 2094 1293 bunt,
2121 1230 2481 1301 paupertatis
2512 1246 2720 1285 sumus
2769 1230 3145 1302 professores,
3162 1232 3219 1284 et
3251 1244 3577 1301 pauperum

1930 1317 2177 1371 fratrum
2210 1334 2327 1372 non
2357 1318 2470 1373 vite
2514 1318 2720 1373 merito
2751 1318 2852 1373 sed
2885 1317 3077 1373 divine
3120 1316 3576 1390 dispensationis

1931 1405 2082 1461 dono
2112 1406 2419 1463 existimas
2448 1407 2796 1478 provisores,
2831 1406 3021 1463 aliena
3050 1405 3212 1463 nulla
3242 1405 3455 1463 iniuste
3481 1423 3577 1481 ap-

1930 1497 2143 1565 petere,
2160 1494 2260 1549 sed
2279 1495 2514 1567 propria
2534 1499 2753 1562 nostra,
2770 1494 2818 1550 si
2843 1512 2959 1568 qua
2980 1495 3213 1564 fuerint,
3229 1494 3455 1551 cunctis
3484 1494 3574 1550 in-

1929 1581 2265 1654 digentibus
2282 1583 2564 1639 debemus
2587 1583 2836 1639 fideliter
2857 1600 3116 1657 erogare.
3134 1584 3282 1639 Nam
3303 1583 3458 1640 iuxia
3478 1584 3577 1641 Sa-

1927 1668 2182 1726 lomonis
2203 1674 2536 1745 vocem,qui
2561 1673 2884 1728 secundum
2906 1673 3103 1728 datam
3132 1690 3165 1728 a
3194 1673 3309 1729 Deo
3338 1673 3450 1729 sibi
3481 1690 3573 1730 sa-

1928 1759 2208 1832 pientiam
2234 1760 2387 1817 inter
2401 1766 2591 1818 cetera
2607 1779 2846 1818 suorum
2870 1761 3307 1833 proverbiorum
3323 1762 3574 1819 archana

1923 1848 2033 1906 hoc
2063 1850 2259 1922 ipsum
2292 1856 2713 1907 commemorat
2742 1867 2754 1905 :
2788 1851 2860 1906 De
2890 1852 3103 1922 rapinis
3132 1852 3330 1907 alienis
3375 1851 3573 1908 elem-

1918 1940 2103 1995 sinam
2129 1942 2311 2012 facere
2339 1956 2449 1995 non
2478 1949 2556 1995 est
2592 1940 2836 2012 ofﬁcium
2881 1942 3274 2006 miserationis,
3306 1940 3397 1997 sed
3425 1955 3571 1997 emo-

1920 2031 2225 2086 lumentum
2247 2030 2500 2097 sceleris;
2521 2030 2673 2101 quod
2697 2029 2852 2085 enim
2876 2029 3027 2085 male
3049 2029 3121 2085 ab
3144 2029 3340 2102 aliquo
3370 2028 3570 2103 adqui-

1918 2119 2086 2185 ritur,
2118 2117 2263 2173 nulli
2294 2135 2575 2190 umquam
2608 2119 2752 2174 bene
2787 2120 3084 2175 tribuitur.
3118 2119 3418 2186 Quocirca,
3452 2121 3567 2175 fra-

1918 2211 2037 2263 tres
2069 2207 2389 2277 karissimi,
2418 2206 2781 2263 universitati
2815 2207 3078 2264 omnium
3109 2212 3369 2265 vestrum
3400 2225 3566 2264 man-

1918 2297 2149 2365 damus,
2174 2300 2233 2353 et
2282 2297 2615 2353 mandando
2646 2295 2707 2351 in
2737 2296 2982 2352 Domino
3014 2313 3477 2365 commonemus,
3511 2301 3568 2355 et

1916 2385 2158 2457 insuper
2188 2402 2290 2458 per
2311 2400 2607 2441 summam
2638 2390 3020 2456 sanctamque
3045 2384 3437 2443 obedientiam
3469 2402 3569 2443 au-

1916 2473 2179 2530 ctoritate
2211 2475 2271 2529 in
2301 2474 2411 2530 hoc
2442 2473 2569 2546 ipso
2603 2474 2767 2529 nobis
2800 2492 2833 2528 a
2862 2475 2977 2529 Deo
3008 2474 3145 2530 data
3173 2473 3337 2531 vobis
3368 2474 3565 2530 iniun-

1915 2564 2112 2636 gimus
2166 2569 2251 2632 ut,
2294 2580 2697 2636 quascumque
2757 2563 3125 2633 elemosinas,
3167 2580 3567 2636 quascumque

1916 2652 2318 2724 possessiones
2348 2656 2404 2707 et
2446 2652 2740 2716 ecclesias,
2773 2652 3086 2723 hospitalia
3115 2656 3289 2724 atque
3320 2652 3565 2709 munici-

1914 2741 2124 2814 pia,vel
2150 2741 2426 2814 quicquid
2452 2740 2613 2795 aliud
2639 2742 2931 2795 numerari
2955 2741 3373 2813 poterit,quod,
3401 2747 3567 2799 ante-

1913 2848 2091 2902 quam
2125 2831 2197 2885 ad
2233 2847 2444 2885 manus
2476 2833 2707 2884 nostras
2739 2829 3083 2894 devenisset,
3108 2830 3178 2885 de
3211 2829 3334 2885 iure
3371 2829 3564 2885 Domi-

1913 2920 2027 2975 nici
2073 2918 2332 2991 Sepulcri
2383 2919 2572 2974 fuerat
2597 2917 2681 2972 vel
2730 2934 2857 2972 esse
2889 2918 3327 2989 debuerat,huc
3372 2935 3559 2990 usque

1911 3007 2271 3082 negligenter
2301 3009 2446 3063 forte
2477 3011 2533 3062 et
2566 3005 2880 3062 inscienter
2907 3005 3200 3074 tenuistis,
3222 3007 3334 3062 isto
3357 3011 3555 3063 nostro

1910 3102 2143 3168 accepto
2173 3096 2261 3152 vel
2294 3096 2493 3151 audito
2538 3094 2834 3163 mandato,
2868 3094 3228 3171 presentium
3273 3094 3559 3151 latoribus

1806 3168 1871 3257 ιβ
1909 3186 2087 3242 libere
2113 3189 2170 3243 et
2185 3185 2377 3257 quiete
2403 3184 2830 3258 relinquatis,et
2851 3184 3071 3257 absque
3087 3168 3247 3240 omni
3264 3183 3560 3242 calumnia

1905 3274 2097 3331 soluta
2123 3274 2464 3343 dimittatis;
2499 3275 2598 3331 sed
2627 3290 2818 3345 neque
2841 3271 3084 3329 ulterius
3118 3272 3187 3328 de
3218 3272 3555 3330 elemosinis

1906 3364 2112 3437 prefati
2147 3363 2505 3420 sanctissimi
2538 3362 2798 3435 Sepulcri
2820 3362 2908 3419 vel
2938 3361 3411 3435 possessionibus
3440 3361 3555 3421 sibi

1906 3452 2215 3525 adscriptis
2236 3454 2553 3525 quicquam
2574 3452 2821 3520 auferre,
2842 3451 3106 3507 minuere
3124 3451 3213 3508 vel
3243 3451 3444 3509 habita
3463 3469 3556 3510 re-

1906 3542 2094 3599 tinere
2141 3540 2514 3615 presumatis.
2545 3542 2655 3596 llec
2704 3540 2899 3612 itaque
2928 3556 2996 3596 ex
3027 3541 3325 3598 communi
3371 3541 3554 3599 totius

1906 3630 2149 3703 capituli
2172 3630 2355 3686 nostri
2373 3630 2601 3686 decreto
2624 3629 2696 3684 ab
2714 3630 2991 3685 omnibus
3004 3630 3166 3687 vobis
3183 3647 3555 3703 summopere

1907 3719 2202 3776 observari
2220 3719 2513 3788 volumus,
2536 3723 2594 3774 et
2618 3718 3045 3775 observandum
3069 3718 3129 3772 in
3149 3719 3389 3777 veritate
3412 3721 3556 3777 San-

1907 3809 1983 3864 cti
2017 3808 2271 3881 Spiritus
2290 3808 2456 3865 vobis
2487 3807 2763 3865 omnibus
2793 3807 3163 3876 mandamus,
3192 3824 3282 3877 ne,
3306 3807 3357 3864 si
3386 3807 3555 3865 aliter

1905 3897 2179 3967 feceritis,
2204 3898 2319 3954 Deo
2349 3901 2408 3953 et
2438 3896 2608 3953 nobis
2635 3912 2961 3970 repugnare
2985 3896 3383 3955 inveniamini.

2509 3986 2820 4044 CLXXXIII
2842 3987 2949 4044 “’3.

2496 4077 2659 4143 [Sine
2705 4078 2972 4145 rubrica.]

1980 4164 2406 4234 F[ulcherius],
2458 4164 2653 4221 divine
2710 4169 2858 4221 nutu
2906 4164 3141 4238 pietatis
3188 4171 3559 4231 sacrosancte

1908 4252 2123 4310 Christi
2153 4251 2253 4309 Dei
2302 4251 2486 4307 nostri
2530 4251 2994 4309 Resurrcctionis
3026 4251 3268 4310 ccclesie
3316 4254 3560 4326 patriar-

1909 4341 2038 4410 cha,
2072 4346 2129 4398 et
2174 4339 2564 4411 A[malricus],
2594 4339 2857 4399 eiusdem
2911 4341 3153 4398 ccclesie
3179 4386 3186 4393 .
3207 4343 3386 4415 prior,
3421 4360 3557 4401 cum

1909 4431 2067 4487 omni
2114 4431 2358 4486 fratrum
2407 4435 2693 4486 conventu
2747 4430 3034 4487 universis
3081 4432 3359 4491 fratribus
3408 4431 3553 4502 suis,

1909 4519 2262 4593 quicumque
2291 4519 2399 4575 has
2428 4517 2652 4575 litteras
2678 4518 2942 4592 legerint,
2965 4518 3054 4576 vel
3097 4537 3196 4577 eas
3239 4520 3553 4590 audierint,

1908 4609 2135 4665 clericis
2164 4608 2430 4665 videlicet
2466 4625 2531 4664 ac
2570 4608 2757 4676 laicis,
2779 4612 2900 4664 tam
2929 4609 3136 4665 vicinis
3174 4626 3352 4682 quam
3382 4608 3557 4683 longe

1907 4698 2135 4772 positis,
2158 4699 2267 4754 sub
2298 4697 2467 4754 titulo
2493 4715 2559 4754 ac
2589 4716 2693 4771 pro
2724 4698 2942 4755 honore
2973 4698 3259 4754 Dominici
3291 4698 3552 4771 Sepulcri

1909 4788 2128 4860 ubique
2156 4791 2446 4843 terrarum
2477 4787 2867 4844 militantibus
2898 4787 2956 4842 in
2986 4787 3093 4844 hoc
3120 4787 3383 4855 instanti,
3412 4787 3556 4844 inte-

1908 4875 2077 4932 rioris
2107 4876 2323 4949 pariter
2352 4881 2409 4931 et
2436 4876 2735 4932 exterioris
2762 4876 3020 4933 hominis
3050 4875 3109 4931 in
3136 4875 3364 4932 Christo
3395 4875 3554 4932 salu-

1906 4969 2025 5020 tem
2059 4968 2115 5020 et
2143 4982 2247 5037 pro
2279 4964 2586 5021 cotidianis
2615 4964 2915 5021 laboribus
2945 4970 3076 5039 post
3102 4965 3280 5021 huius
3309 4965 3426 5022 vite
3456 4965 3555 5022 de-

1907 5070 2147 5110 cursum
2169 5058 2429 5109 eternam
2452 5058 2730 5126 perpetue
2750 5053 2960 5111 salutis
2979 5055 3335 5111 felicitatem.
3358 5055 3556 5112 Divine

1900 5141 2055 5215 ‘legis
2082 5142 2427 5211 eruditione,
2464 5145 2671 5200 fratres
2703 5143 3088 5215 dilectissimi,
3122 5144 3436 5202 salubriter
3465 5144 3555 5203 in-

1910 5232 2252 5300 formamur,
2268 5236 2324 5287 et
2344 5236 2679 5288 sanctorum
2712 5232 3130 5291 nichilominus
3160 5238 3393 5307 patrum
3426 5252 3557 5291 san-

1910 5320 2190 5377 ctissimis
2209 5321 2572 5377 documentis
2591 5322 2735 5379 satis
2756 5323 3179 5379 rationabiliter
3202 5323 3558 5380 irradiamur

1911 5414 1994 5476 ut,
2020 5410 2174 5483 quod
2219 5410 2290 5465 ab
2342 5408 2471 5465 aliis
2502 5411 2670 5466 nobis
2701 5412 2825 5467 fieri
2858 5412 3154 5482 nolumus,
3189 5413 3297 5470 hoc
3343 5417 3400 5469 et
3447 5409 3561 5469 nos

1903 5519 1989 5556 im
2022 5516 2301 5590 13,12,427,
2332 5530 2412 5588 ro;
2446 5534 2702 5593 manque
2731 5520 2878 5577 dans
2905 5522 2972 5577 A.
3050 5520 3139 5557 ³³³⁸
3170 5521 3234 5592 Β,
3264 5518 3398 5577 folio
3432 5519 3556 5592 123,

2080 5636 2107 5685 .1
3487 5636 3498 5647 .

3157 5722 3239 5789 40
