4012 6072
461 298 618 359 1259

460 430 679 504 pariter
707 428 837 487 aliis
860 430 1048 487 facere
1091 431 1447 489 omnimodis
1486 447 1813 488 caveamus.
1837 429 1955 486 Nos
1984 433 2101 485 ete-
2132 428 2187 496 Α

460 518 584 574 nim
616 519 848 586 fratres,
871 520 971 593 qui
1015 521 1071 575 in
1104 520 1229 577 loco
1264 520 1679 587 misericordie,
1704 519 1762 575 in
1796 537 1910 592 quo
1949 518 2111 574 iuxta

427 607 897 683 ‘psalmographi
938 610 1345 666 testimonium
1388 610 1769 666 misericordia
1817 618 1868 665 et
1914 610 2112 665 veritas

457 698 571 752 sibi
596 699 967 767 obviaverunt,
992 707 1043 754 et
1068 700 1289 754 iusticie
1314 707 1363 754 et
1394 716 1508 771 pax
1536 699 1785 755 [caritatis
1809 705 1861 754 et
1877 698 2113 753 dilectio-

425 787 549 842 ἠἰε
580 788 692 842 sibi
729 787 964 842 invicem
1009 788 1257 843 osculum
1287 787 1564 854 dederunt,
1598 787 1713 843 Deo
1766 786 2111 852 militamus,

463 891 688 948 pacem,
708 874 832 931 sine
854 892 972 948 qua
1001 893 1172 932 nemo
1195 876 1415 931 videbit
1441 877 1647 944 Deum,
1676 893 1811 932 cum
1842 876 2116 931 omnibus

466 961 805 1019 hominibus
847 968 903 1019 et
951 965 1204 1021 maxime
1236 982 1369 1021 cum
1401 964 1741 1022 domesticis
1788 963 2119 1036 nostrisque

464 1050 674 1107 vicinis
694 1050 928 1121 habere,
949 1057 1043 1124 [et]
1068 1053 1505 1126 iusticiam,que
1531 1055 1742 1126 cuique
1766 1054 1919 1126 quod
1945 1068 2119 1108 suum

469 1142 559 1196 est
587 1139 795 1208 reddit,
822 1157 923 1213 pre
955 1142 1185 1199 cunctis
1214 1142 1561 1198 mortalibus
1591 1142 1872 1198 debemus
1900 1146 2118 1197 tenere.

471 1228 707 1285 Iusticie
737 1246 993 1302 namque
1024 1235 1340 1287 sectatores
1371 1230 1559 1287 aliena
1590 1230 1752 1287 nulla
1782 1230 1999 1287 iniuste
2028 1247 2125 1303 ap-

471 1321 687 1390 petere,
711 1319 811 1373 sed
842 1320 1098 1391 propria,
1127 1320 1177 1377 si
1204 1337 1321 1393 qua
1350 1320 1827 1387 fuerint,cunctis
1858 1319 2124 1392 indigen-

472 1405 633 1463 tibus
682 1408 895 1463 debent
947 1409 1195 1465 fideliter
1232 1426 1486 1483 erogare.
1531 1411 1866 1482 EaprOpter,
1921 1409 2126 1465 fratres

475 1495 1172 1564 karissimi,universitati
1189 1499 1452 1554 omnium
1468 1503 1728 1553 vestrum
1752 1498 2126 1564 mandamus,

478 1588 537 1641 et
566 1585 904 1642 mandando
934 1586 994 1641 in
1032 1587 1273 1643 Domino
1318 1604 1782 1659 commonemus,
1806 1591 1863 1643 et
1889 1587 2133 1659 insuper

479 1688 583 1746 per
612 1689 907 1729 summam
949 1679 1331 1748 sanctamque
1362 1676 1759 1733 obedienciam
1790 1676 2133 1733 auctoritate

481 1762 541 1817 in
574 1762 683 1818 hoc
712 1762 840 1836 ipso
872 1764 1041 1864 no‘his
1073 1782 1107 1820 a
1137 1766 1253 1822 Deo
1283 1766 1419 1821 data
1455 1766 1618 1821 vobis
1649 1766 2015 1864 iniungimus
2047 1769 2129 1832 ut,
2161 1797 2212 1864 Β

482 1866 886 1924 quascumque
908 1851 1686 1927 elemosinas,quascumque
1708 1855 2129 1928 possessiones,

485 1957 695 1996 aurum
716 1939 1000 2010 videlicet,
1022 1947 1349 2016 argentum,
1378 1961 1602 2016 pannos
1627 1948 1683 2000 et
1704 1960 1906 2016 equos,
1929 1944 2134 1999 domos

484 2032 542 2084 et
568 2027 757 2097 villas,
784 2045 955 2103 agros
988 2036 1046 2087 et
1073 2030 1293 2101 vineas,
1319 2032 1721 2105 possessiones
1749 2038 1807 2088 et
1835 2031 2132 2097 ecclesias,

484 2115 799 2190 hospitalia
827 2122 1002 2191 atque
1036 2120 1475 2193 municipia,vel
1509 2120 1787 2194 quicquid
1832 2120 1991 2177 aliud
2025 2138 2135 2176 nu-

483 2206 696 2261 merari
727 2208 1001 2279 potuerit,
1019 2210 1198 2280 quod,
1232 2214 1546 2282 antequam
1568 2214 1626 2266 et
1660 2227 1872 2266 manus
1906 2215 2137 2266 nostras

485 2295 832 2365 devenisset,
849 2297 920 2353 de
950 2296 1075 2353 iure
1101 2298 1295 2353 Sancti
1320 2298 1596 2355 Iohannis
1631 2298 1947 2372 Hospitalis
1981 2300 2135 2355 Ieru-

484 2382 668 2439 salem
699 2383 890 2440 fuerat
937 2385 1026 2441 vel
1074 2402 1203 2441 esse
1234 2387 1532 2457 debuerat,
1558 2388 1671 2443 huc
1720 2405 1906 2461 usque
1956 2388 2135 2462 negli-

485 2475 691 2544 genter
744 2472 890 2530 forte
935 2473 1023 2529 vel
1073 2474 1391 2532 inscienter
1448 2477 1879 2545 tenuistis,isto
1937 2483 2137 2534 nostro

488 2565 722 2633 accepto
761 2561 849 2618 vel
880 2562 1079 2619 audito
1120 2565 1417 2635 mandato,
1453 2566 1813 2638 presentium
1854 2566 2139 2623 latoribus

488 2648 670 2706 libere
699 2653 755 2706 et
784 2650 978 2723 quiete
1004 2650 1373 2725 relinquatis,
1396 2659 1453 2710 et
1483 2655 1703 2727 absque
1734 2655 1894 2711 omni
1924 2654 2141 2711 calum-

493 2738 591 2794 nia
613 2738 804 2795 soluta
830 2738 1172 2810 dimittatis;
1196 2742 1297 2798 sed
1328 2760 1517 2816 neque
1548 2743 1793 2800 ulterius
1821 2745 1893 2800 de
1925 2744 2140 2801 elemo-

492 2826 639 2883 sinis
670 2828 932 2901 prephati
951 2830 1146 2887 Sancti
1174 2831 1448 2888 Iohannis
1479 2832 1795 2906 Hospitalis
1823 2834 2139 2890 Ierusalem

492 2916 581 2972 vel
613 2917 1080 2989 possessionibus
1112 2919 1222 2976 sibi
1245 2921 1515 2994 ascriptis
1541 2923 1857 2995 quicquam
1890 2924 2136 2993 auferre,

494 3004 758 3063 minuere
776 3006 863 3063 vel
895 3007 1095 3064 habita
1124 3010 1372 3065 retinere
1400 3013 1772 3083 presumatis.
1798 3013 1911 3068 Hec
1942 3012 2140 3086 itaque

490 3111 560 3151 ex
589 3097 888 3153 communi
918 3098 1098 3155 totius
1122 3099 1362 3172 capituli
1397 3101 1579 3155 nostri
1603 3102 1833 3157 decreto
1864 3103 1936 3158 ab
1958 3102 2143 3159 omni-

489 3184 601 3241 bus
622 3202 992 3258 summopere
1013 3187 1304 3244 observari
1326 3187 1617 3258 volumus,
1634 3195 1691 3246 et
1709 3192 2136 3248 observandum

486 3272 547 3329 in
576 3274 817 3331 veritate
860 3276 1056 3331 Sancti
1088 3276 1342 3348 Spiritus
1371 3278 1533 3334 vobis
1565 3280 1842 3337 omnibus
1890 3281 2135 3337 manda-

486 3378 641 3434 mus,
666 3380 756 3432 ne,
782 3362 831 3420 si
862 3363 1033 3421 aliter
1062 3366 1336 3433 feceritis,
1361 3367 1476 3423 Deo
1517 3373 1574 3423 et
1614 3370 1782 3426 nobis
1811 3386 2138 3443 repugnare

470 3451 892 3509 'inveniamini.

1091 3543 1400 3600 CLXXXIV
1431 3547 1537 3601 1””.

750 3645 1123 3687 PRIVILEGIUM
1155 3649 1533 3690 SURIA‘NORUM
1561 3652 1632 3690 DE
1658 3654 1886 3693 TURCHO

694 3715 765 3756 DE
802 3717 1186 3758 ABSOLUTIONE
1223 3720 1503 3761 REDDITUS
1543 3723 1722 3763 PORTE
1760 3725 1928 3765 DAVID

556 3806 619 3863 In
653 3807 890 3865 nomine
920 3812 1119 3864 sancte
1145 3809 1451 3869 Trinitatis
1478 3813 1663 3870 Patris
1693 3820 1749 3871 et
1775 3815 1900 3872 Filii
1933 3820 1989 3873 et
2010 3817 2135 3890 Spi-

486 3896 634 3953 ritus
664 3896 881 3954 Sancti.

556 3989 773 4043 Notum
803 3986 881 4043 sit
909 3987 1338 4058 omnibus,tam
1372 3991 1743 4062 presentibus
1774 4011 1950 4066 quam
1983 3996 2138 4054 futu-

480 4074 752 4148 ris,quod
784 4092 890 4149 ego
922 4076 1264 4146 Amalricus,
1284 4095 1389 4151 per
1417 4079 1518 4136 Dei
1559 4081 1808 4154 gratiam
1841 4084 1899 4140 in
1932 4092 2135 4145 sancta

478 4164 710 4221 civitate
736 4164 1094 4222 Iherusalem
1120 4168 1464 4224 Latinorum
1498 4187 1597 4227 rex
1619 4172 2047 4243 quintus,dono
2079 4182 2134 4233 et

476 4254 728 4311 concedo
754 4253 1075 4326 Suriano[s]
1106 4257 1178 4312 de
1199 4257 1449 4325 Turcho,
1469 4258 1687 4315 scilicet
1720 4263 1909 4319 casale
1934 4265 2130 4322 Sancti

478 4341 829 4416 Sepulcri,et
847 4343 1090 4401 heredes
1111 4362 1311 4402 eorum
1329 4348 1387 4402 in
1406 4349 1607 4404 eodem
1631 4350 1809 4406 casali
1829 4359 2130 4412 manentes

473 4429 699 4489 liberos
731 4449 861 4490 esse
884 4432 943 4488 in
966 4439 1309 4507 perpetuum
1334 4437 1403 4491 de
1426 4438 1928 4513 redditibus,quos
1950 4443 2127 4500 michi

471 4523 529 4577 et
560 4523 1034 4579 antecessoribus
1088 4524 1237 4581 meis
1285 4525 1535 4598 singulis
1565 4528 1736 4584 annis
1768 4530 1839 4586 de
1883 4533 2128 4589 racemis
2154 4531 2208 4605 Β

470 4609 599 4666 suis
617 4612 689 4666 ad
714 4616 940 4684 portam
968 4612 1149 4668 David
1184 4612 1535 4670 Iherusalem
1564 4616 1702 4673 dare
1732 4618 2016 4677 solebant.
2051 4622 2125 4679 Ut

468 4696 650 4771 igitur
679 4699 786 4755 hec
818 4717 949 4756 mea
997 4701 1294 4758 concessio
1327 4706 1453 4759 rata
1481 4708 1539 4759 et
1568 4705 1797 4763 stabilis
1845 4710 2123 4780 predictis

467 4786 737 4845 Surionis
787 4793 844 4845 et
891 4789 1206 4846 heredibus
1255 4809 1458 4847 eorum
1508 4801 1868 4865 permaneat,
1900 4804 2119 4856 cartam

467 4882 796 4947 presentem
831 4879 1079 4935 testibus
1124 4880 1473 4954 subscriptis
1505 4887 1561 4937 et
1590 4883 1783 4957 sigillo
1830 4902 1960 4942 meo
1992 4905 2121 4945 mu-

468 4964 580 5019 niri
616 4967 744 5022 feci.

539 5053 782 5110 Factum
816 5061 904 5111 est
956 5055 1065 5112 hoc
1117 5075 1271 5113 anno
1303 5059 1374 5114 ab
1432 5058 1830 5118 incarnatione
1889 5065 2120 5126 Domini

463 5157 695 5211 MCLXXI,
730 5141 1047 5200 indictione
1076 5163 1148 5201 IV.
1187 5147 1372 5203 Huius
1403 5149 1484 5204 rei
1518 5153 1694 5206 testes
1724 5158 1865 5207 sunt
1894 5170 1907 5208 :

602 5230 939 5301 Hanfridus,
965 5235 1460 5292 constabularius.
1489 5238 1625 5293 Milo
1675 5240 1746 5295 de
1796 5240 1969 5299 Placi.
2005 5245 2116 5303 Ro-

672 5318 928 5389 hardu‘s,
978 5322 1362 5392 castellanus,
1412 5326 1725 5384 Anselmus
1780 5331 1848 5386 de
1908 5332 2111 5393 Passu.

667 5406 855 5466 Guido
887 5410 957 5466 de
990 5411 1286 5470 Maneriis.
1323 5414 1613 5473 Iohannes
1653 5418 1724 5474 de
1754 5418 2110 5483 Valencinis.

965 298 1068 360 AD
1113 296 1626 362 GODEFRIDUM
1667 294 2000 359 APPEND.
2047 295 2125 357 ll.
2157 326 2237 340 -—
2268 293 2579 359 MONUM.
2625 298 2727 358 DE
2769 295 3020 360 BELLO
3065 297 3343 360 SACRO.

2430 430 2609 486 Adam
2632 428 2824 504 Niger.
2845 429 3020 487 Fulco
3040 430 3237 504 Niger.
3255 428 3580 487 Amalricus
3596 430 3669 486 de
3692 430 3875 486 Fran-

2428 516 2532 574 liu.
2574 518 2828 576 Thomas
2882 518 3185 577 Patricius.
3238 519 3519 577 Girardus
3576 519 3871 576 Passerel.

2431 606 2730 676 Arnulfus,
2753 608 3095 665 vicecomes.
3126 607 3475 677 Amalricus,
3514 608 3673 665 ﬁlius
3716 608 3873 665 eius.

2435 695 2721 752 Robertus
2752 698 2823 754 de
2863 698 3124 754 Pinkeni.
3158 697 3452 755 Gilbertus
3482 699 3553 755 de
3602 698 3873 754 Pinkeni.

2437 784 2767 842 Willelmus
2814 787 3209 844 Normannus.
3259 787 3578 845 Herbertus
3631 788 3872 844 Tortus.

2440 873 2774 932 Willelmus
2806 875 3110 932 Patronus.

2300 963 2445 1020 Data
2474 964 2715 1037 Tripoli,
2740 982 2843 1038 per
2870 983 3115 1022 manum
3148 966 3399 1034 Radulﬁ,
3424 966 3681 1041 episcopi
3717 967 3877 1024 Beth-

2226 1050 2377 1108 leem
2408 1053 2676 1127 regisque
2707 1054 3058 1123 cancellarii,
3082 1073 3125 1111 ιι
3153 1054 3288 1112 idus
3320 1057 3543 1113 marcii.

2848 1171 3129 1227 CLXXXV
3152 1173 3259 1227 “3°.

2814 1263 2978 1328 [Sine
3027 1262 3302 1333 rubrica.]

2309 1376 2371 1431 In
2405 1373 2526 1431 vico
2553 1376 2767 1433 Montis
2787 1377 2939 1449 Syon
2962 1378 3194 1445 domus,
3219 1394 3333 1451 que
3361 1382 3503 1435 sunt
3531 1380 3603 1435 ad
3626 1396 3843 1437 census
3866 1398 3879 1437 :

2377 1464 2712 1522 Willelmus
2739 1467 3016 1539 Angevin.
3040 1510 3051 1523 .
3073 1509 3086 1525 .
3108 1507 3123 1526 .
3151 1508 3195 1526 ..
3301 1485 3357 1524 Ix
3393 1468 3619 1526 bisanc.

2382 1554 2565 1611 Maria
2597 1554 2914 1612 Lechevere
2933 1597 2945 1613 .
2969 1597 2982 1614 .
3006 1598 3018 1613 .
3042 1598 3054 1613 .
3077 1598 3090 1613 .
3113 1598 3125 1613 .
3148 1598 3161 1613 .
3184 1597 3198 1615 .
3317 1573 3359 1614 ιι
3398 1558 3457 1613 b.

2383 1642 2673 1701 Iohannes
2704 1643 3163 1703 Libisonorum..
3186 1688 3199 1704 .
3281 1663 3359 1703 vn
3398 1647 3456 1702 b.

2384 1733 3204 1792 Turoz..................
3302 1750 3361 1792 ιιι
3400 1736 3458 1791 b.

2364 1821 3208 1883 ‘Mahafe.................
3328 1842 3367 1881 ιι
3403 1825 3462 1881 b.

2385 1911 3201 1971 Litart..................
3322 1931 3362 1970 ιι
3401 1914 3458 1969 b.

2386 1999 2673 2056 Iohannes
2702 2001 3019 2059 Raimont..
3041 2043 3055 2059 .
3079 2044 3092 2061 .
3115 2045 3127 2059 .
3151 2044 3162 2059 .
3187 2043 3200 2060 .
3304 2020 3359 2059 v1
3400 2004 3459 2060 b.

2316 2088 2457 2145 Item
2480 2089 2539 2145 in
2566 2090 2689 2146 vico
2710 2090 2905 2147 Sancti
2931 2092 3163 2148 Martini
3190 2109 3204 2148 :

2387 2178 2673 2235 Ricardus
2701 2179 2955 2253 Capons.
2978 2222 2991 2237 .
3014 2224 3026 2238 .
3049 2223 3062 2238 .
3085 2222 3098 2238 .
3121 2223 3133 2239 .
3157 2224 3169 2239 .
3192 2222 3206 2240 .
3305 2199 3366 2238 ιιι
3403 2183 3533 2239 b.et
3552 2182 3886 2239 dimidium.

2387 2272 3204 2329 Petrus.................
3311 2289 3365 2329 IV
3403 2272 3458 2328 b.

2390 2357 3207 2419 Baron..................
3303 2378 3364 2417 ιιι
3404 2361 3462 2417 b.

2389 2445 2737 2513 Guillelmus
2766 2448 3026 2506 Tortus..
3050 2490 3062 2507 .
3086 2490 3098 2506 .
3122 2491 3134 2508 .
3158 2491 3169 2507 .
3193 2491 3206 2507 .
3304 2468 3368 2507 ιιι
3407 2451 3464 2507 b.

2390 2535 2722 2607 Stephanus
2752 2537 2823 2594 de
2857 2542 3067 2596 Kaors.
3091 2581 3103 2595 .
3126 2580 3139 2595 .
3161 2580 3173 2595 .
3197 2579 3210 2595 .
3307 2556 3370 2595 ιιι
3409 2540 3467 2595 b.

2391 2623 3208 2695 SeyrSurianus..........
3316 2646 3372 2685 IV
3408 2629 3464 2685 b.

2390 2711 2716 2786 Bulfarage,
2746 2714 3029 2772 medicus.
3046 2758 3058 2772 .
3081 2757 3093 2772 .
3116 2756 3129 2773 .
3152 2758 3165 2772 .
3188 2756 3201 2775 .
3331 2735 3371 2773 ιι
3411 2717 3468 2773 b.

2319 2800 2533 2857 Omnes
2562 2801 2673 2858 iste
2702 2803 2916 2861 domus
2945 2810 3143 2861 nostra
3174 2810 3314 2862 sunt
3342 2807 3415 2862 ad
3446 2823 3681 2864 census.

2319 2891 2464 2946 Item
2494 2889 2553 2946 in
2584 2891 2708 2948 vico
2739 2891 2967 2949 Girardi
3000 2894 3415 2952 Lissebonette.

2999 3000 3213 3040 census
3270 3000 3369 3042 xw
3405 2984 3463 3039 b.

2393 3070 2961 3129 Petrus
3001 3089 3216 3129 census
3287 3090 3366 3129 xu
3406 3074 3463 3129 b.

2165 3161 2214 3234 α
2319 3161 2385 3215 In
2410 3159 2537 3216 vico
2565 3160 2789 3233 Templi
2824 3178 2838 3218 :

2389 3250 2714 3306 Bernardus
2746 3250 2985 3308 Benasis
3009 3293 3021 3307 .
3045 3293 3057 3309 .
3080 3293 3093 3310 .
3117 3294 3128 3309 .
3153 3294 3164 3309 .
3188 3293 3201 3309 .
3249 3267 3367 3309 xv"
3406 3250 3463 3307 b.

2388 3337 2508 3394 Odo
2540 3340 2611 3395 de
2640 3339 2901 3414 Sparnay
3274 3358 3369 3398 xxv
3407 3342 3462 3397 b.

2387 3428 2717 3486 Bernardus
2748 3428 3018 3487 Muletez.
3041 3472 3054 3487 .
3076 3472 3089 3489 .
3113 3473 3125 3489 .
3149 3474 3161 3488 .
3184 3472 3197 3488 .
3244 3448 3361 3488 xvn
3404 3432 3461 3487 b.

2386 3517 2718 3574 Bernardus
2747 3518 2984 3576 Bruhet.
3000 3559 3014 3578 .
3036 3562 3048 3578 .
3071 3559 3085 3579 .
3108 3561 3121 3578 .
3144 3561 3157 3578 .
3180 3563 3193 3577 .
3274 3539 3365 3577 xv:
3405 3521 3461 3576 b.

2386 3606 3188 3668 DameGode............
3308 3627 3366 3667 ιν
3403 3610 3459 3665 b.

2314 3695 2530 3753 Omnes
2558 3696 2667 3753 iste
2697 3697 2909 3754 domus
2938 3703 3078 3755 sunt
3104 3699 3176 3756 ad
3208 3716 3439 3757 census.

2386 3785 2591 3842 Petrus
2637 3787 2709 3842 de
2752 3788 2988 3861 Ioppen,
3021 3790 3153 3844 ante
3195 3788 3477 3862 palatium
3510 3788 3736 3846 domini
3787 3807 3892 3864 pa-

2456 3875 2709 3932 triarche
3307 3896 3364 3935 ιν
3402 3879 3458 3935 b.

2314 3984 2376 4040 In
2406 3983 2536 4074 vico,
2560 3984 2631 4040 de
2662 3984 2886 4074 Repqu
2914 4002 2928 4041 :

2384 4073 2717 4146 Stephanus
2749 4073 2979 4130 Mazun.
3005 4118 3016 4130 .
3040 4117 3051 4131 .
3076 4117 3087 4131 .
3111 4116 3123 4131 .
3147 4116 3159 4130 .
3181 4116 3195 4133 .
3270 4092 3362 4130 nv
3399 4075 3457 4131 b.

2385 4162 2577 4219 Selam
2610 4163 2865 4222 Mazum.
2888 4206 2899 4220 .
2924 4205 2934 4219 .
2958 4206 2970 4221 .
2995 4206 3007 4222 .
3030 4207 3041 4221 .
3066 4206 3078 4221 .
3101 4206 3114 4221 .
3138 4206 3149 4220 .
3173 4206 3185 4221 .
3261 4163 3571 4219 dimidium
3623 4161 3896 4221 bisantii.

2383 4252 2577 4323 Brain,
2610 4254 2926 4326 drogeman
2961 4296 2973 4311 .
2997 4296 3009 4309 .
3032 4295 3044 4311 .
3070 4296 3081 4310 .
3104 4295 3116 4310 .
3140 4295 3152 4310 .
3176 4295 3188 4310 .
3326 4270 3362 4308 v
3399 4253 3457 4308 h.

2383 4342 2452 4398 Et
2481 4359 2635 4399 unus
2667 4343 2874 4399 furnus
2903 4346 3076 4399 retro.

2312 4430 2424 4487 Iste
2454 4431 2664 4489 domus
2716 4433 2953 4489 fuerunt
3000 4430 3234 4490 Martini
3268 4434 3520 4489 Karaone
3550 4436 3607 4489 et
3636 4432 3742 4489 ﬁlii
3794 4435 3894 4490 sui

2378 4521 2577 4578 Bonet.

2306 4609 2458 4667 Uxor
2485 4611 2635 4668 Petri
2668 4612 2739 4668 de
2766 4611 3025 4685 Yspania
3055 4610 3165 4668 fuit
3195 4628 3358 4668 soror
3386 4616 3608 4680 nostra,
3633 4614 3691 4668 et
3722 4629 3890 4669 mor-

2232 4703 2336 4755 tua
2364 4700 2475 4756 fuit
2502 4699 2560 4756 in
2592 4700 2837 4774 gardino
2877 4704 3075 4758 nostro
3115 4700 3173 4756 in
3205 4703 3424 4769 Accon;
3459 4700 3683 4758 dimisit
3714 4702 3893 4758 nobis

2232 4789 2473 4845 domum
2506 4806 2674 4846 suam
2726 4790 2899 4847 sitam
2933 4790 2992 4845 in
3031 4789 3365 4859 Ierusalem,
3399 4790 3573 4847 sitam
3624 4789 3687 4845 in
3740 4807 3895 4866 ruga

2232 4877 2593 4952 Marescalky
2620 4879 2707 4935 vel
2739 4879 2797 4935 in
2830 4895 2975 4953 ruga
3003 4881 3214 4936 Sancte
3241 4880 3568 4936 Anastasis.

2303 4968 2447 5023 Item
2477 4967 2808 5025 Bernardus
2830 4969 3132 5039 Bedevvin,
3155 4968 3409 5026 vicarius
3440 4972 3639 5025 noster
3657 4974 3715 5025 et
3747 4986 3891 5028 con-

2230 5055 2426 5124 frater,
2449 5056 2673 5114 dimisit
2720 5057 2889 5114 nobis
2919 5058 3159 5115 domum
3204 5074 3375 5114 suam
3426 5057 3486 5114 in
3513 5058 3639 5114 vico
3672 5059 3894 5115 Sancte

2226 5144 2534 5202 Anastasis
2564 5146 2727 5203 iuxta
2756 5148 2999 5203 domum
3028 5147 3251 5204 Alberti
3278 5146 3618 5204 Lumbardi.

2298 5251 2415 5308 Ista
2444 5257 2583 5309 sunt
2613 5252 2853 5310 nomina
2882 5253 3190 5311 furnorum
3217 5258 3480 5311 veterum
3516 5272 3529 5309 :

2366 5346 2432 5397 In
2464 5342 2674 5415 primis
2703 5342 2763 5398 in
2793 5342 2918 5399 vico
2950 5342 3129 5399 David
3162 5361 3316 5400 unus
3349 5344 3577 5400 furnus.

2366 5432 2507 5486 Ante
2536 5436 2765 5504 portam
2797 5432 2995 5489 Sancti
3027 5432 3218 5490 lacobi
3250 5450 3407 5490 unus
3438 5433 3669 5490 furnus.

518 5583 613 5663 .m’
641 5585 703 5657 Ba
738 5586 785 5642 ίδ
818 5588 935 5659 128,
970 5602 1049 5663 1°;
1084 5607 1339 5667 manque
1369 5593 1515 5650 dans
1544 5597 1609 5652 A.
1690 5598 1777 5631 "30
1806 5600 1874 5666 Α,
1905 5599 1964 5676 ξ.»
1996 5605 2116 5679 13;,

2299 5626 2515 5683 ianque
2546 5610 2694 5668 dans
2726 5611 2788 5669 Β.
