3980 6084
128 283 312 342 ’1261

309 415 448 470 Ante
473 414 714 471 domum
749 412 960 469 Roardi
990 412 1290 470 castellani
1321 430 1477 471 unus
1506 414 1736 470 furnus.

307 504 538 560 Fumus
567 506 701 559 ante
731 502 1035 559 ecclesiam
1068 504 1268 559 Sancti
1300 503 1553 560 Martini.

305 595 536 650 Fumus
585 592 645 647 in
693 593 890 661 domo,
951 609 1065 665 que
1121 598 1362 648 vocatur
1407 592 1683 649 Gileberti
1742 593 1813 648 de

374 681 650 754 Pingeny.

302 772 532 828 Fumus
563 771 636 827 de
663 770 788 826 vieo
821 770 1033 827 Montis
1065 772 1240 843 Syon.

306 861 537 916 Fumus
566 864 702 917 ante
731 858 1036 916 ecclesiam
1070 860 1267 916 Sancti
1294 860 1513 916 Thomc
1541 858 1811 916 Aleman-

372 966 605 1006 norum.

230 1040 463 1096 Fumus
493 1037 689 1095 Sancti
721 1036 905 1110 Egidii
939 1037 995 1092 in
1027 1037 1151 1093 vico
1182 1036 1432 1110 Templi.

303 1129 532 1184 Fumus
561 1130 695 1182 ante
725 1125 1084 1183 Bocheriam.

302 1218 532 1274 Fumus
561 1216 633 1272 de
664 1215 723 1271 la
750 1215 1057 1271 Tannerie.

304 1307 532 1362 Fumus
562 1302 833 1360 Rainaldi
865 1303 924 1359 in
954 1302 1077 1360 vico
1107 1303 1425 1360 Kocatrice.

302 1397 531 1451 Fumus
552 1392 881 1450 Anastasie.

298 1485 530 1541 Fumus
561 1483 633 1539 de
659 1482 891 1555 Repois.

1000 280 1373 344 BALDUINI
1421 283 1441 341 Ι
1489 281 1898 342 HIERUSOL.
1952 283 2128 342 ltEti.
2173 282 2710 345 PRIVILEGIUM.

1838 424 1891 489 A

3410 287 3563 349 1262

2066 414 2297 470 Fumus
2328 414 2398 469 de
2430 414 2664 470 ludaria
2691 417 2825 471 ante
2856 418 3083 488 portam
3116 415 3312 471 Sancti
3369 416 3559 489 "elye.

2063 502 2227 559 Alius
2260 503 2317 557 in
2361 502 2597 559 Iudaria
2641 508 2793 560 retro
2834 505 3039 560 Sancte
3078 505 3318 577 Agnetis
3360 522 3563 561 versus

2134 592 2451 647 Orientem.

2066 681 2295 736 Fumus
2327 697 2511 736 novus
2542 680 2601 736 in
2635 680 2884 737 Iudaria.

2064 770 2296 825 Fumus
2326 768 2557 824 Martini
2588 773 2875 826 Karaoan.

2064 858 2294 913 Fumus
2327 857 2399 913 ad
2429 862 2606 930 caput
2632 858 2743 915 vici
2773 859 3003 915 Girardi
3037 860 3108 916 de
3140 859 3477 918 Lissebone.

2066 947 2297 1001 Fumus
2328 946 2388 1001 in
2418 946 2541 1002 vico
2573 948 2644 1003 de
2666 948 3037 1005 Tresmailes.

2056 1035 2286 1090 Fumus
2317 1035 2387 1090 de
2415 1034 2542 1090 vico
2572 1036 2764 1091 Sancti
2788 1036 3084 1109 Stephani.

2064 1124 2294 1179 Fumus
2326 1124 2397 1179 de
2427 1124 2726 1180 Columba.

2063 1214 2293 1269 Fumus
2324 1213 2396 1268 de
2428 1213 2689 1269 Ruﬂ‘eide
2718 1213 2882 1269 iuxta
2911 1218 3175 1272 sanctum
3210 1217 3469 1273 Kariton.

2063 1301 2292 1356 Fumus
2318 1305 2451 1357 ante
2480 1305 2710 1373 portam
2742 1302 2937 1358 Sancti
2968 1304 3246 1377 Sepulcri.

2063 1391 2290 1445 Fumus
2320 1390 2392 1445 de
2422 1389 2651 1447 Cecilia.

2010 1550 2015 1555 _
2062 1479 2293 1536 Fumus
2322 1479 2513 1535 Sancti
2544 1480 2820 1537 Pastoris.

935 1623 1124 1680 FINlS
1162 1622 1740 1680 PRIVILEGIORUM
1778 1621 2065 1679 ECCESIE
2105 1621 2366 1679 SANCTI
2404 1622 2773 1681 SEPULCRI.

142 1782 3563 1817 Μ

1365 1961 2202 2065 BALDUINI
2289 1963 2351 2062 Ῑ

1456 2158 1994 2217 HIEROSOLYM/E
2044 2157 2256 2214 REGIS

910 2301 1431 2364 PRIVILEGlUM
1478 2302 1634 2362 PRO
1677 2300 2055 2362 ECCLESIA
2094 2299 2813 2361 BETHLEHEMITICA.

1632 2452 1839 2534 (Anno
1885 2450 2090 2532 1110.)

1128 2601 1513 2677 [WILLELMUS
1541 2600 1863 2676 Tyriensis,
1892 2561 2049 2658 Hist;
2070 2600 2171 2657 lib.
2205 2618 2279 2671 xu,
2313 2618 2439 2674 cap.
2476 2599 2587 2674 12.]

1689 2754 2007 2763 -——————_

220 2895 432 2951 Divina
461 2894 787 2969 inspirante
816 2897 1005 2970 gratia
1030 2914 1177 2971 gens
1220 2900 1574 2955 Francorum
1607 2899 1810 2954 admo-
1841 2913 1888 2978 B
1921 2897 2055 2952 bata
2068 2895 2642 2969 parentevidcbatur,
2678 2900 2803 2952 tum
2827 2896 3294 2971 prohocnegotio
3309 2899 3554 2956 Romam

140 2985 296 3050 uita,
330 2984 691 3040 Hierusalem
724 2984 1011 3041 civitatem
1034 2991 1319 3054 sanctam,
1342 2988 1557 3060 diuque
1579 3004 1811 3059 oppres-

140 3075 316 3130 sione
346 3090 708 3147 paganorum
741 3074 1064 3147 fatigatam,
1097 3075 1196 3130 ubi
1228 3093 1407 3143 mors,
1442 3093 1568 3149 quae
1618 3076 1808 3149 primo

142 3162 553 3236 prevaricante
596 3167 836 3235 parente
885 3181 1073 3236 genus
1122 3164 1449 3221 humanum
1494 3166 1805 3229 invaserat,

143 3256 340 3308 morte
370 3250 687 3308 Salvatoris
709 3257 798 3308 est
826 3254 1146 3323 destructa,
1171 3272 1205 3309 a
1228 3255 1512 3327 spurcitia
1533 3254 1809 3326 praedicta

144 3340 438 3397 liberavit.
475 3341 730 3397 Obsessa
759 3346 847 3398 est
877 3359 1129 3416 namque
1160 3342 1363 3399 civitas
1393 3342 1514 3399 haec
1545 3341 1707 3398 cultu
1727 3342 1809 3398 di-

140 3430 285 3485 vino
333 3429 791 3503 digna,septimo
838 3430 976 3488 Idus
1004 3430 1227 3499 Junii,a
1255 3436 1426 3503 gente
1456 3432 1721 3505 praefata;
1752 3435 1811 3487 et

144 3519 356 3576 Idibus
386 3518 547 3587 Julii,
584 3519 701 3575 Deo
723 3536 828 3592 pro
859 3536 926 3575 ea
957 3524 1274 3593 pugnante,
1300 3524 1390 3576 est
1418 3525 1606 3593 capta.
1630 3520 1811 3591 Capta

143 3612 353 3665 autem
385 3606 617 3664 civitate
664 3625 818 3664 anno
858 3609 1091 3664 Domini
1126 3609 1439 3665 millesimo
1487 3608 1806 3665 centesimo

141 3696 537 3769 dispositione
566 3695 765 3753 divina
795 3702 1165 3770 suggerente,
1197 3697 1419 3769 placuit
1450 3697 1604 3753 clero
1633 3701 1808 3770 atque

143 3784 487 3843 Raimundo
518 3785 715 3841 Sancti
762 3784 1233 3858 Egidii,Roberto
1265 3785 1721 3854 Northmannim,
1755 3790 1813 3841 et

145 3874 407 3931 Roberto
438 3873 782 3931 Flandrensi
814 3874 1155 3942 comitibus,
1176 3875 1568 3943 Tancredo,ct
1588 3875 1810 3930 caeteris

146 3961 527 4036 primatibus,
561 3979 696 4019 cum
729 3962 1002 4019 universa
1025 3964 1381 4020 Francorum
1411 3962 1809 4031 multitudine,

146 4056 220 4106 ut
246 4050 554 4123 piissimus
583 4055 643 4107 et
672 4050 1270 4109 misericordissimus
1288 4052 1407 4108 dux
1437 4051 1810 4130 Godel‘ridus,

146 4138 539 4197 charissimus
584 4139 774 4195 frater
831 4156 1000 4196 meus
1047 4140 1233 4196 eidem
1274 4140 1646 4213 praesideret:
1688 4141 1813 4212 ipse

144 4245 307 4295 vero,
332 4227 420 4283 vir
448 4228 565 4284 Deo
622 4227 859 4301 dignus,
907 4233 1121 4285 sanctae
1153 4228 1403 4285 civitatis
1432 4230 1806 4302 gubernator,

144 4318 341 4390 primo
371 4317 739 4390 principatus
770 4318 863 4373 sui
908 4335 1062 4374 anno
1094 4323 1347 4390 peracto,
1378 4318 1494 4374 Deo
1533 4319 1803 4392 propitio,

142 4406 321 4462 tertia
346 4406 440 4463 die
458 4406 783 4479 sequentis,
800 4406 861 4462 iu
890 4423 1031 4479 pace
1050 4406 1405 4477 quievit.Cu.i
1435 4422 1540 4480 ego
1574 4406 1805 4463 Baldui-

143 4512 259 4551 nus
291 4495 364 4550 ab
396 4494 725 4552 exsultante
750 4493 925 4561 clero,
957 4494 1322 4568 principibus
1346 4499 1402 4550 et
1425 4495 1661 4567 populo,
1686 4495 1806 4568 pri-

1920 2984 2035 3057 peti
2069 2986 2461 3039 decreverant.
2482 2985 2635 3039 llauc
2666 2983 2865 3055 itaque
2893 2983 3243 3056 legationem
3273 2988 3556 3045 Arnulfus

1919 3072 2386 3141 archidiaconus,
2419 3077 2475 3128 et
2503 3072 2831 3131 Aichardus
2866 3074 3071 3130 eodem
3100 3079 3360 3148 tempore
3392 3077 3564 3134 deca-

1916 3179 2032 3218 nus
2062 3162 2468 3234 suscipientes,
2505 3162 2751 3218 Romam
2802 3168 3216 3235 perrexerunt:
3268 3169 3327 3220 et
3355 3171 3558 3223 sancto

1917 3251 2135 3323 Spiritu
2157 3255 2522 3322 cooperante,
2556 3251 2711 3322 apud
2751 3251 3034 3307 domuum
3078 3252 3418 3310 Paschalem
3464 3271 3559 3312 se-

1917 3340 2172 3396 cundum
2184 3382 2197 3407 ,
2214 3339 2559 3395 universalis
2576 3338 2843 3396 Ecclesiae
2856 3341 3211 3412 pontiﬁcem,
3225 3343 3296 3399 de
3312 3347 3562 3417 utroque

1917 3429 2150 3502 negotio
2182 3428 2493 3484 honestum
2533 3428 2891 3485 invenientes
2931 3429 3263 3500 consilium,
3297 3431 3565 3490 Hierusa-

1917 3516 2032 3575 lem
2065 3522 2416 3573 remearunt.
2441 3516 2705 3573 Domnus
2728 3534 2861 3573 vero
2883 3517 3183 3575 Paschalis
3202 3520 3567 3592 papa,Gibel-

1918 3606 2105 3662 linum
2122 3605 2517 3661 Arelatensem
2532 3605 3253 3679 archiepiscopum,virum
3269 3610 3565 3683 sapientiae

1919 3695 2098 3752 radiis
2120 3711 2451 3767 coruscum,
2478 3695 2754 3767 omnique
2785 3712 3015 3752 morum
3055 3696 3359 3754 honestate
3390 3698 3569 3773 fulgi-

1919 3785 2082 3853 dum,
2116 3784 2211 3840 cui
2243 3782 2300 3839 id
2333 3783 2642 3857 legationis
2661 3783 2904 3841 Arnull‘o
2926 3789 3099 3858 atque
3119 3785 3407 3844 Aichardo
3428 3804 3570 3860 prae-

1920 3874 2187 3929 sentibus
2218 3873 2569 3945 injunxeral,
2625 3876 2757 3946 post
2787 3890 2885 3929 eos
2936 3874 3298 3932 Hierusalem
3338 3876 3566 3933 direxit.

1922 3962 2229 4034 Propterea
2259 3978 2293 4017 a
2324 3978 2438 4029 me,
2474 3961 2626 4018 clero
2659 3962 2839 4018 simul
2888 3967 2944 4018 et
2986 3963 3202 4037 p0pulo
3245 3966 3569 4038 gaudenter

1923 4056 2249 4123 susceptus,
2286 4068 2390 4123 pro
2421 4055 2707 4123 praecepto
2737 4051 2939 4107 domni
2984 4051 3280 4110 Paschalis
3320 4071 3480 4127 papae
3511 4059 3569 4111 et

1923 4155 2053 4196 mea
2082 4140 2236 4195 bona
2262 4137 2641 4207 voluntate,et
2672 4156 2918 4196 assensu
2940 4140 3447 4215 Hierosolymitani
3478 4160 3568 4200 ca-

1924 4226 2114 4300 pituli,
2147 4244 2213 4283 ac
2242 4227 2424 4282 totius
2455 4228 2646 4283 favore
2667 4227 2913 4300 consilii,
2946 4234 3003 4284 et
3029 4230 3266 4303 propria
3285 4231 3566 4290 delibera-

1920 4315 2076 4370 tione
2107 4314 2305 4370 omnia
2325 4315 2693 4386 dispensans,
2708 4315 2767 4370 in
2792 4316 3269 4375 Bethlehemitica
3286 4318 3564 4388 Ecclesia,

1916 4403 2511 4471 Aschetinum,virum
2530 4402 2819 4461 illustrem
2840 4406 3104 4462 eamdem
3118 4408 3564 4480 gubernantem,

1919 4510 2093 4565 quem
2120 4491 2713 4565 Hierosolymitanum
2743 4493 3069 4565 capitulum
3095 4496 3361 4566 ejusdem
3382 4496 3573 4554 Eccle-

146 4601 284 4641 mus
344 4602 443 4640 rex
508 4586 886 4654 Francorum,
946 4588 1095 4640 nutu
1139 4584 1354 4651 divino,
1409 4584 1807 4640 excellentiam
1920 4581 2018 4637 sise
2048 4585 2366 4647 cautorem,
2398 4597 2491 4636 me
2521 4597 2657 4636 cum
2689 4581 2835 4638 meis
2883 4582 3223 4654 proceribus
3260 4589 3318 4641 et
3356 4585 3570 4658 populo

148 4671 637 4729 Bethlehemiticaa
669 4672 1327 4738 Ecclesizemativitatem
1361 4673 1593 4729 Domini
1626 4672 1810 4729 nostri
1919 4669 2146 4725 volente
2175 4668 2471 4725 Ascalonaa
2521 4669 2774 4741 elegerat
2804 4676 2979 4743 atque
3028 4675 3313 4730 statuerat
3339 4674 3570 4747 episco-

151 4760 295 4816 Jesu
325 4759 544 4818 Christi
584 4761 929 4834 praefulgida
965 4767 1159 4817 mente
1198 4761 1643 4833 pertractans,in
1697 4779 1813 4834 qua
1922 4775 2084 4832 pum,
2146 4757 2407 4814 obtinere
2459 4758 2778 4830 primatum
2828 4760 3223 4834 episcopalem
3271 4763 3566 4833 decrevit;

152 4849 411 4921 primum
440 4850 851 4907 venerabiliter
885 4854 1060 4923 caput
1082 4867 1277 4906 meum
1309 4851 1635 4907 diademate
1649 4867 1815 4906 orna-
1925 4846 2457 4918 Bethlemiticmque
2501 4846 2644 4915 sedi,
2690 4864 2794 4920 pro
2836 4853 3121 4922 praecepto
3151 4854 3207 4906 et
3237 4851 3571 4908 considera-

155 4944 282 4994 tum
314 4938 631 5008 eﬂ'ulserat,
676 4944 741 4995 ut
786 4939 1102 5013 episcopali
1151 4939 1434 5013 dignitate
1481 4940 1814 5007 donaretur,

155 5026 305 5083 mihi
324 5044 427 5100 per
447 5029 647 5085 omnia
667 5027 907 5101 placuit.
933 5029 1117 5103 Igitur
1140 5030 1293 5101 quod
1319 5029 1491 5085 corde
1511 5034 1669 5086 caste
1686 5046 1819 5086 con-

156 5132 448 5188 ceperam,
480 5117 880 5174 indesinenter
907 5118 1264 5190 excogitans,
1285 5118 1521 5174 tandem
1553 5119 1624 5174 ad
1648 5135 1819 5174 aures

155 5204 381 5261 Amulﬁ
413 5204 832 5273 archidiaconi,
860 5205 969 5261 viri
987 5205 1385 5273 clarissimi,et
1410 5205 1819 5279 Hierosolymi-

158 5292 281 5347 tani
313 5292 555 5365 capituli
586 5309 775 5366 usque
804 5292 1069 5366 perduxi,
1103 5308 1356 5365 eumque
1381 5298 1439 5348 et
1470 5291 1623 5348 idem
1659 5293 1820 5366 capi-

158 5379 374 5446 tulum,
409 5386 472 5437 ut
501 5399 687 5455 super
726 5382 837 5439 hac
887 5398 948 5438 re
998 5366 1141 5437 mihi
1172 5381 1565 5449 consulerent,
1614 5382 1821 5438 obnixe

159 5469 376 5543 rogavi.
410 5471 515 5538 Qui
545 5476 667 5527 tam
704 5472 878 5543 justas
920 5470 1186 5544 petitioni
1231 5488 1374 5528 meae
1411 5470 1820 5543 obsequentes,

1924 4936 2081 4992 tione
2110 4940 2331 5004 nostra,
2369 4934 2688 5005 Ascalonae,
2740 4936 3046 4993 ecclesiam
3094 4939 3414 5011 parochiali
3435 4942 3571 5014 jure

1928 5025 2284 5097 subjugavit.
2319 5025 2577 5080 Tandem
2612 5042 2718 5098 ego
2748 5025 3090 5095 Balduinus,
3124 5028 3226 5085 Dei
3255 5029 3443 5102 gratia
3471 5047 3569 5090 rex

1926 5113 2661 5179 Hierusalem,Latinorum
2681 5115 2927 5187 primus,
2951 5117 3081 5187 jam
3103 5117 3259 5173 dicta
3280 5117 3445 5175 laetus
3467 5120 3571 5177 ob-

1929 5203 2059 5259 nixe
2092 5201 2336 5259 ﬁrmavi.
2361 5201 2564 5259 Villam
2587 5202 2764 5259 etiam
2789 5202 3141 5276 Bethlehem,
3166 5222 3345 5279 quam
3382 5208 3574 5266 Eccle-

1930 5291 2027 5349 siae
2049 5307 2471 5359 concesseram,
2498 5309 2600 5363 pro
2629 5291 2818 5349 salute
2839 5294 3048 5350 animae
3079 5312 3242 5363 mete,
3263 5301 3321 5352 et
3349 5297 3577 5354 miseri-

1932 5379 2263 5436 cordissimi
2294 5379 2461 5435 ducis
2507 5380 2703 5437 fratris
2750 5382 2861 5438 mei
2893 5383 3211 5453 Godefridi,
3253 5388 3427 5455 atque
3451 5400 3579 5443 om-

1934 5470 2101 5526 nium
2134 5472 2445 5541 parentum
2477 5485 2783 5527 meorum:
2840 5477 2899 5526 et
2946 5488 3132 5527 unum
3181 5472 3394 5543 casale,
3425 5474 3584 5546 quod

142 5560 287 5629 ,tum
303 5575 410 5637 pro
439 5559 967 5634 Hierosolymitana
982 5560 1138 5633 sede,
1172 5577 1299 5636 quae
1313 5562 1517 5637 postea
1545 5559 1714 5634 quasi
1731 5576 1820 5620 or-
1846 5545 1894 5613 D
1927 5562 2018 5620 est
2046 5557 2108 5617 in
2151 5557 2445 5617 territorio
2467 5558 2681 5631 Accon,
2714 5559 2952 5620 nomine
2974 5560 3189 5635 Bedar;
3221 5558 3383 5632 aliud
3412 5545 3588 5622 etiam
