3980 6084
126 281 300 346 1268

1115 279 1410 357 REGUM,
1459 277 1661 359 ETC.,
1704 280 1876 344 EPP.
1922 281 2024 346 AD
2066 282 2359 349 LUDOV.
2403 282 2572 350 JUN.

3385 285 3544 355 1266

114 418 338 493 gister,
361 414 614 475 salutem
641 432 779 475 cum
808 415 967 475 omni
1001 419 1287 474 conventu
1321 417 1588 485 fratrum,
1613 422 1670 473 et
1700 434 1786 474 se-
1812 417 1869 484 Α
1895 418 2038 477 estis
2069 418 2129 475 in
2161 419 2428 489 Domino,
2461 419 2757 479 civitatem
2787 424 3053 480 sanctam
3081 425 3141 481 et
3168 421 3464 499 regionem
3484 426 3545 484 et

117 508 336 582 ipsum
364 507 424 564 in
455 507 710 564 Christo.

205 597 430 654 Notitia
459 600 670 653 nostrae
700 596 1064 654 inﬁrmitatis
1087 595 1372 653 Dominus
1395 594 1650 668 agnovit,
1685 595 1787 652 do-

124 687 300 745 mine
331 686 422 759 pie
452 703 571 754 rex,
616 687 772 758 quod
804 702 897 743 res
928 689 984 743 et
1012 684 1414 757 possessiones
1444 701 1593 757 quas
1625 701 1786 757 pere-

120 775 291 850 grini
322 780 523 832 sancto
564 774 853 831 desiderio
882 775 994 830 iter
1021 774 1384 830 Hierusalem
1417 773 1784 846 arripientes,

122 881 320 922 causa
346 863 580 921 videndi
610 868 873 920 sanctam
914 863 1128 920 Christi
1159 863 1643 920 resurrectionem
1676 863 1788 917 sub

124 955 351 1011 umbra
378 970 591 1010 manus
617 956 842 1022 vestrae,
877 951 1068 1010 salvas
1096 956 1154 1008 et
1182 951 1395 1008 illaasas
1445 950 1785 1008 consistere.

121 1044 360 1100 Idcirco
389 1041 688 1099 altitudini
719 1046 923 1099 vestra:
954 1040 1380 1115 supplicamus,
1406 1044 1699 1114 quatenus
1720 1040 1791 1097 de

120 1132 497 1206 quibusdam
529 1130 1026 1197 malefactoribus,
1059 1131 1161 1204 qui
1210 1134 1428 1187 terram
1477 1130 1789 1202 cujusdam

118 1221 301 1294 probi
323 1220 451 1287 viri,
473 1219 736 1276 videlicet
759 1218 1063 1276 Guillermi
1088 1220 1158 1275 de
1189 1219 1486 1292 Donperre
1518 1216 1789 1274 incendio

120 1327 341 1367 eorum
382 1309 759 1382 perversitate
806 1312 1234 1380 cremaverunt,
1269 1308 1396 1380 ipso
1428 1306 1791 1364 Hierusalem

120 1397 719 1473 permanente,talem
734 1398 869 1453 inde
873 1397 1168 1469 justitiam
1184 1397 1408 1469 placeat
1422 1395 1790 1468 facere,quod

123 1488 291 1545 alius
313 1487 413 1561 qui
433 1487 703 1556 audierit,
721 1486 978 1561 amplius
993 1503 1108 1543 non
1127 1490 1447 1559 praesumat
1459 1483 1791 1542 consimile-

122 1576 360 1634 Valete.

441 1773 559 1812 ΑΜΑ
567 1772 711 1812 LRICI
750 1772 906 1812 REGIS
944 1773 979 1811 Η
988 1771 1486 1812 IEROSOLYMOBUM.

208 1847 521 1912 Luoovico,
547 1861 654 1918 per
672 1844 775 1901 Dei
797 1843 1047 1918 gratiam
1072 1844 1428 1901 Francorum
1446 1843 1567 1917 regi
1585 1842 1789 1917 glorio-

126 1935 399 2004 sissimo,
411 1936 742 1991 AMALRICUS
753 1950 856 2006 per
867 1933 1134 1990 eamdem
1156 1933 1654 2007 Jerosolymorum
1669 1951 1787 2001 rex,

128 2024 416 2084 salutem.

203 2114 428 2171 Vestras
439 2112 735 2170 credimus
748 2111 1078 2168 innotuisse
1090 2112 1787 2184 serenitati,charissime,

126 2203 462 2261 multorum
483 2218 551 2258 ex
567 2200 1124 2272 relationeveridica,
1150 2201 1429 2274 quoniam
1450 2206 1786 2276 postquam,

130 2290 397 2367 peccatis
416 2290 638 2348 nostris
667 2289 1058 2363 exigentibus,
1092 2290 1363 2364 princeps
1390 2290 1789 2347 Antiochenus

128 2400 167 2439 a
199 2381 414 2439 Turcis
461 2383 670 2453 captus
723 2379 853 2447 fuit,
886 2382 944 2435 et
973 2395 1177 2435 omnes
1209 2377 1301 2435 sui
1332 2384 1433 2435 aut
1458 2379 1791 2451 captivitate

129 2476 242 2529 aut
271 2474 458 2526 morte
486 2468 696 2542 perditi
728 2472 788 2524 et
816 2468 1180 2541 pessumdati
1211 2472 1454 2537 sunt,cx
1472 2469 1789 2541 improviso

128 2558 477 2634 supervenit
496 2557 835 2631 repentinus
854 2558 1147 2614 interitus.
1173 2559 1219 2613 A
1237 2557 1448 2614 saeculo
1469 2557 1685 2614 etenim
1707 2558 1792 2614 in-

130 2649 381 2707 auditus
434 2652 821 2713 terrmmotus,
872 2646 1130 2715 castella,
1181 2652 1394 2713 turres,
1445 2646 1786 2719 municipia,

131 2738 340 2796 omnia
358 2738 475 2793 fere
490 2740 610 2791 tam
628 2735 687 2791 in
722 2736 1019 2792 montanis
1049 2753 1228 2809 quam
1260 2735 1319 2790 in
1356 2734 1566 2808 planis,
1590 2735 1789 2792 tamin

127 2826 445 2885 Antiochia
491 2841 667 2898 quam
706 2824 767 2879 in
794 2825 1070 2881 omnibus
1101 2824 1152 2881 ei
1185 2824 1613 2896 adjacentibus,
1648 2829 1790 2880 tunc

136 2918 202 2973 in
237 2914 452 2989 planis,
474 2918 616 2970 tunc
640 2913 699 2969 in
734 2914 1050 2981 montanis,
1083 2913 1208 2970 solo
1240 2913 1585 2986 adaequavit,
1615 2917 1672 2969 et
1700 2913 1790 2968 in-

130 3003 587 3071 numerabilem,
607 3003 751 3076 proh
777 3002 966 3059 dolor!
991 3002 1458 3058 Christianorum
1480 3003 1790 3073 utriusque

130 3111 314 3152 sexus
335 3093 774 3149 multitudinem
798 3093 971 3147 morti
996 3092 1324 3164 improvisa:
1345 3089 1587 3159 addixit,
1614 3095 1671 3148 et
1699 3108 1792 3147 ex-

1896 508 2231 566 universam
2262 511 2651 581 adiacentem,
2675 514 2732 568 et
2761 511 3062 569 universos
3082 513 3217 570 ﬁdei
3247 513 3544 573 catholica

1896 597 2230 654 charactere
2250 598 2363 655 insi
2369 599 2586 672 gnitos,
2600 605 2921 674 protegere,
2937 602 3146 669 fovere,
3170 608 3547 661 manutenere

1898 704 1964 743 ac
1985 688 2377 744 corroborarc.
2404 688 2461 744 Si
2485 688 2683 761 itaque
2704 689 2959 762 Spiritus
2982 690 3211 748 consilii
3236 692 3547 750 Serenitati

1896 781 2098 832 vestrae
2132 778 2455 850 magniﬁcae
2486 777 2793 850 inspiravit
2821 778 2967 835 velle
2996 779 3232 850 iterum,
3265 782 3336 838 ad
3368 782 3550 855 majo-

1896 882 2020 922 rem
2051 882 2325 922 coronam
2356 866 2553 932 vestri,
2587 867 2823 924 visitare
2871 867 3067 925 locum
3114 869 3217 926 ubi
3261 874 3550 928 steterunt

1898 954 2074 1027 pedes
2104 955 2336 1011 Domini
2369 955 2768 1028 corporaliter,
2800 957 2975 1013 modo
3019 958 3309 1016 instanter
3336 960 3545 1017 saltem

1898 1043 1957 1098 in
1981 1043 2088 1099 hac
2106 1043 2559 1101 Christianitatis
2590 1062 2805 1119 magna
2824 1047 3168 1104 necessitate
3186 1050 3243 1103 et
3255 1048 3545 1108 anxietate

1899 1131 2268 1201 multimoda,
2300 1133 2497 1189 venire
2526 1150 2641 1190 non
2672 1135 2988 1208 denegetis,
3022 1152 3128 1193 nec
3158 1136 3459 1194 diﬂ‘eratis.
3476 1137 3543 1196 In

1897 1225 2091 1277 vestra
2121 1221 2430 1278 sanctitate
2460 1222 2617 1278 enim
2649 1223 2912 1280 omnium
2934 1229 3065 1281 vota
3085 1225 3541 1297 conveniunt,et,

1900 1327 2002 1383 pro
2034 1315 2183 1367 nutu
2214 1315 2405 1367 vestro
2435 1316 2491 1367 et
2537 1312 2726 1369 amico
2773 1312 3043 1386 imperio,
3075 1330 3182 1371 nos
3210 1318 3269 1372 et
3294 1332 3543 1391 regnum

1899 1404 2166 1456 nostrum
2195 1404 2385 1458 totum
2419 1401 2837 1458 exsudabimus
2868 1402 3042 1476 digne
3071 1404 3210 1460 Deo.
3229 1405 3311 1461 De
3339 1410 3544 1463 caetero

1898 1493 2103 1546 vestrm
2127 1491 2611 1548 commendamus
2641 1490 2975 1564 paternitati
3007 1493 3385 1566 praesentium
3405 1493 3549 1552 lato-

1900 1595 2044 1647 rem,
2069 1595 2294 1653 magnee
2315 1579 2641 1636 honestatis
2662 1580 2873 1649 virum,
2900 1586 2957 1637 et
2982 1582 3394 1653 venerabilem,
3419 1583 3547 1641 Ma-

1900 1667 2140 1724 mistrias
2171 1667 2668 1740 archiprmsulem,
2684 1669 2754 1725 ad
2773 1669 2973 1726 omnia
2991 1671 3138 1727 bene
3161 1672 3389 1746 agenda
3407 1675 3548 1729 stre-

1902 1773 2108 1824 nuum,
2133 1762 2424 1829 quatenus
2444 1773 2579 1814 eum
2611 1758 2859 1832 benigne
2888 1758 3203 1839 recipiatis,
3226 1764 3284 1817 et
3311 1760 3364 1818 ei
3393 1761 3549 1819 sicut

1899 1844 1983 1901 ori
2015 1850 2212 1902 nostro
2241 1847 2512 1904 credatis.
2550 1846 2637 1903 Illi
2667 1847 2846 1915 enim,
2877 1864 2951 1905 ne
2980 1847 3352 1922 epistolarem
3381 1866 3544 1908 exce-

1898 1935 2171 1991 deremus
2214 1934 2580 2001 brevitatem,
2634 1940 2856 1993 secreta
2911 1941 3112 1995 nostra
3139 1941 3205 1995 ut
3225 1938 3391 1997 vobis
3418 1938 3549 1997 viva

1895 2040 2033 2080 voce
2063 2023 2366 2091 edisserat,
2398 2023 2830 2082 commisimus.
2860 2024 3080 2083 Valete.

2672 2168 2767 2223 IV.

2052 2255 2363 2330 Αμιλιιιιοι]
2404 2271 2778 2313 ΡΔἸἮΙΔΒΟΗΑΕ
2812 2273 2859 2312 s.
2899 2272 3391 2316 aasunnec'rloms.

1966 2382 2057 2448 A.,
2084 2380 2183 2437 Dei
2206 2380 2397 2454 gratia
2418 2380 2642 2437 Sancta
2664 2380 3129 2454 Besurrectionis
3148 2380 3416 2439 Ecclesia
3439 2398 3547 2456 pa-

1898 2469 2175 2535 triarcha,
2208 2468 2556 2526 charissimo
2612 2469 2733 2526 ﬁlio
2782 2471 3092 2537 Luoovmo,
3126 2471 3327 2527 eadem
3359 2470 3549 2544 gratia

1896 2557 2113 2615 illustri
2144 2561 2500 2616 Francorum
2532 2558 2672 2632 regi,
2707 2558 2958 2615 salutem
2990 2562 3047 2615 et
3075 2563 3418 2616 cunctorum
3448 2558 3549 2618 ho-

1900 2647 2078 2703 stium
2104 2647 2497 2722 triumphum.

1971 2738 2257 2804 Quoniam
2290 2737 2517 2809 paterni
2549 2736 2712 2810 regni
2742 2736 2956 2794 solium
3008 2738 3396 2795 conscendere
3442 2754 3546 2797 vos

1900 2826 2036 2882 fecit
2064 2826 2263 2882 divina
2283 2826 2665 2899 dispensatio,
2690 2844 2793 2899 pro
2819 2826 3009 2899 gratia
3036 2827 3202 2883 vobis
3231 2826 3443 2884 collata
3460 2827 3547 2884 di-

1897 2914 2094 2971 vinam
2125 2915 2569 2988 interpellamus
2590 2915 2961 2972 clementiam
2983 2920 3117 2972 ante
3137 2916 3470 2988 passionem
3487 2920 3548 2975 et

1900 3003 2385 3060 resurrectionem
2410 3003 2509 3060 Dei
2531 3009 2587 3060 et
2606 3003 2835 3061 Domini
2858 3004 3041 3060 nostri
3063 3004 3202 3060 Jesu
3225 3003 3460 3073 Christi,
3480 3007 3547 3061 ut

1899 3093 2056 3149 idem
2092 3095 2242 3149 Deus
2272 3097 2329 3149 et
2360 3092 2638 3148 Dominus
2669 3097 2867 3149 noster
2904 3093 3085 3148 vitam
3125 3096 3380 3149 vestram
3406 3109 3547 3166 pro-

130 3183 363 3247 stinxit,
392 3187 470 3250 et,
496 3185 558 3237 ut
575 3181 769 3237 verius
789 3161 1255 3247 dicamus—terra
1270 3184 1441 3236 tenus
1463 3180 1784 3237 absorbuit.
1818 3161 1863 3231 Ο
1899 3198 2067 3255 spere
2096 3180 2400 3254 prolonget
2419 3198 2484 3237 ac
2505 3181 2712 3247 foveat,
2736 3185 2793 3237 et
2810 3185 2943 3253 post
2969 3180 3149 3253 hujus
3178 3180 3306 3237 vita
3337 3161 3546 3238 termi-

129 3274 224 3331 Ad
257 3271 563 3328 cumulum
596 3276 792 3326 autem
834 3269 1081 3325 miseriae
1112 3273 1170 3325 et
1201 3269 1258 3324 in
1291 3286 1587 3325 summam
1619 3270 1786 3326 deso-

132 3360 378 3418 lationis
404 3358 771 3427 omnimodis,
794 3358 947 3414 viam
969 3358 1252 3414 universae
1273 3358 1464 3414 carnis
1486 3357 1789 3431 ingressus

130 3454 249 3519 est,
282 3449 418 3516 heu,
450 3447 590 3503 heu!
616 3447 713 3503 ille
736 3465 834 3504 rex
862 3446 1119 3520 inclytus
1150 3452 1208 3503 et
1238 3447 1529 3521 egregius,
1553 3447 1790 3520 clypeus

129 3545 193 3596 et
240 3537 540 3604 fortitudo,
586 3540 718 3609 post
768 3536 976 3603 Deum,
1023 3536 1291 3592 Ecclesiae
1351 3536 1685 3603 Orientalis,
1734 3540 1791 3592 et

131 3626 432 3701 precipue
487 3625 649 3699 regni
697 3624 1023 3681 Jerusalem
1069 3625 1243 3681 unica
1274 3629 1331 3680 et
1368 3624 1788 3699 irrefragabilis

129 3719 352 3790 spes’et
373 3715 589 3770 ﬁducia
606 3713 903 3778 salutaris,
926 3718 1117 3769 vester
1135 3714 1430 3786 vestrique
1458 3715 1619 3787 regni
1644 3732 1758 3787 prae
1773 3743 1789 3753 -

131 3803 434 3871 eordialis,
460 3808 775 3874 nosterque
800 3803 1075 3859 dominus
1096 3807 1153 3858 et
1179 3804 1365 3858 frater
1396 3820 1499 3859 rex
1538 3803 1789 3860 Chistia-

136 3893 428 3952 nissimus
460 3891 801 3948 Balduinus.
834 3893 1016 3962 Cujus
1064 3891 1194 3947 ideo
1235 3891 1711 3948 inconsolabilior
1734 3896 1792 3949 et

133 3981 541 4041 vehementior
567 3985 659 4037 est
689 3980 993 4048 transitus,
1019 3980 1185 4037 dolor
1213 3985 1269 4037 et
1299 3980 1788 4053 desolatio,quod,

139 4078 256 4130 Deo
280 4074 532 4139 auctore,
554 4069 615 4125 in
636 4070 763 4142 ipso
786 4074 844 4125 et
865 4086 968 4142 per
990 4068 1188 4142 ipsum
1211 4070 1475 4125 omnium
1500 4070 1792 4126 universi-

137 4168 236 4219 tas
264 4159 597 4216 Christiana
643 4158 898 4215 habebat
943 4162 1280 4231 promptum
1319 4159 1705 4230 adjutorium,
1736 4163 1794 4215 et

141 4252 352 4308 contra
381 4247 615 4321 singula
643 4247 985 4303 infestantis
1011 4247 1447 4303 sufﬁcientiam.
1471 4249 1633 4314 Inde,
1660 4247 1794 4304 inde

142 4344 239 4397 est
276 4337 580 4399 nimirum.
614 4336 1014 4403 dilectissime,
1049 4337 1205 4409 quod
1248 4340 1450 4392 vestrae
1500 4337 1795 4409 majestati

144 4432 430 4499 tanquam
462 4424 817 4481 lineamenta
849 4424 919 4480 de
949 4424 1138 4496 capite
1170 4424 1486 4496 pendentia
1516 4424 1799 4481 inclinan-

1898 3288 2041 3326 num
2070 3269 2248 3326 vitam
2277 3271 2442 3326 vobis
2494 3269 2717 3326 tribuat
2765 3268 3204 3342 sempiternam.
3237 3269 3384 3336 Quia
3411 3286 3544 3329 vero

1897 3360 2007 3416 sub
2027 3363 2220 3414 vestra
2238 3358 2423 3415 tutela
2444 3375 2729 3431 pauperes
2749 3358 2959 3415 Christi
2994 3358 3186 3432 quiete
3214 3358 3545 3416 conversari

1897 3454 1953 3504 et
1970 3447 2319 3503 fructiﬁcare
2343 3449 2772 3520 cognoscimus,
2797 3464 2900 3519 pro
2925 3445 3063 3504 ﬁliis
3092 3447 3313 3504 nostris
3334 3462 3545 3520 paupe-

1897 3536 2061 3592 ribus
2081 3536 2348 3609 leprosis,
2365 3536 2462 3609 qui
2486 3541 2645 3592 extra
2667 3553 2864 3592 muros
2890 3535 3249 3592 Hierusalem
3264 3540 3544 3609 perpetuo

1894 3624 2258 3681 infirmitatis
2279 3642 2397 3681 suae
2420 3625 2756 3680 detinentur
2775 3629 2831 3680 et
2849 3625 3112 3680 damnati
3135 3629 3274 3681 sunt
3293 3641 3541 3696 carcere,

1897 3715 1967 3770 de
1998 3730 2250 3786 quorum
2282 3714 2544 3769 cruciatu
2569 3716 2625 3768 et
2655 3713 2861 3769 ardore
2910 3729 3026 3769 non
3074 3716 3308 3769 tantum
3352 3711 3545 3769 dicere

1898 3819 2215 3875 possumus
2246 3807 2531 3874 quantum
2561 3799 2747 3857 oculis
2777 3801 2985 3857 vestris
3013 3798 3545 3870 vidistis,sublimi-

1898 3896 2076 3948 tatem
2107 3896 2359 3948 vestram
2408 3907 2682 3964 rogamus
2726 3890 3026 3960 attentius,
3061 3890 3543 3946 commendantes

1897 3981 2063 4037 vobis
2079 3980 2320 4038 latorem
2342 3979 2717 4053 praesentium
2733 3980 3074 4036 eorumdem
3091 3995 3414 4052 pauperum
3431 3979 3544 4061 fra-

1899 4074 2070 4135 trem,
2104 4086 2278 4141 quem
2309 4067 2662 4125 excellentia:
2693 4072 2897 4123 vestraa
2929 4084 3032 4140 pro
3064 4084 3173 4123 sua
3203 4066 3547 4124 necessitate

1901 4158 2333 4223 transmittunt,
2365 4160 2675 4229 quatenus,
2707 4173 2774 4213 ea
2803 4156 3023 4223 audita,
3057 4160 3231 4228 prout
3267 4154 3432 4213 vobis
3459 4155 3549 4211 vi-

1904 4263 2037 4303 sum
2070 4247 2262 4313 fuerit,
2295 4250 2351 4300 et
2382 4246 2536 4301 Deus
2576 4244 2740 4301 vobis
2786 4244 3178 4318 inspiraverit,
3209 4245 3551 4301 eorumdem

1903 4334 2259 4401 necessitati,
2277 4333 2375 4408 qui
2391 4334 2633 4388 humani
2658 4337 2928 4405 aspectus
2940 4338 2999 4389 et
3018 4333 3290 4390 humanae
3313 4349 3554 4406 prorsus

1905 4425 2116 4481 laetitiae
2149 4430 2289 4480 sunt
2315 4426 2597 4495 expertes,
2630 4438 2932 4478 occurrere
2975 4421 3320 4495 dignemini,
3352 4426 3421 4478 ut
3448 4438 3556 4495 pro

145 4522 259 4583 tes,
287 4518 821 4571 sustentamentum
841 4516 1104 4569 nostrum
1126 4516 1183 4568 et
1206 4513 1337 4569 ﬁdei
1362 4512 1579 4569 deiﬁcar
1595 4514 1795 4570 basem
1830 4532 1880 4599 D
1910 4513 2003 4569 his
2033 4518 2090 4570 et
2118 4529 2221 4586 pro
2250 4510 2384 4568 aliis
2416 4510 2717 4567 beneﬁciis
2747 4527 2782 4565 a
2811 4513 3245 4599 remuneratore
3268 4509 3559 4567 bonorum

146 4619 373 4661 teneam
407 4601 1041 4675 inexpugnabilemque
1083 4601 1397 4670 civitatem,
1431 4602 1803 4659 serenitatem

141 4696 405 4749 vestram
440 4691 559 4747 fore
592 4690 650 4745 in
683 4689 913 4747 Christo
945 4689 1380 4763 cognoscimus,
1414 4695 1473 4746 et
1502 4690 1804 4748 humilita-

148 4786 270 4837 tem
306 4784 588 4848 nostram,
622 4784 875 4836 vestram
931 4795 1059 4836 esse
1110 4795 1310 4835 curam
1360 4779 1711 4852 peculiarem
1745 4781 1804 4835 in

152 4869 405 4926 Domino
436 4869 803 4941 proﬁtemur.
836 4869 971 4934 Quae
1018 4884 1155 4941 ergo
1210 4867 1299 4924 vel
1352 4872 1573 4940 quanta
1634 4869 1808 4926 fuerit

148 4974 299 5015 verte
331 4957 638 5014 charitatis
667 4956 1032 5013 abundantia
1060 4961 1117 5013 et
1147 4956 1421 5030 perfectio
1454 4957 1513 5012 in
1546 4958 1652 5030 pia:
1684 4975 1806 5014 me-

150 5046 350 5103 moriae
382 5046 572 5101 amico
600 5050 792 5102 vestro
826 5062 960 5119 rege
988 5045 1313 5102 Jerusalem
1346 5051 1681 5117 przetaxato,
1704 5048 1806 5103 Dei

153 5151 260 5209 pro
303 5150 483 5190 causa
531 5140 588 5191 et
627 5134 787 5191 illius
837 5134 1223 5191 invictissime
1272 5146 1491 5201 amore;
1522 5135 1577 5189 in
1613 5142 1812 5193 nostra

152 5239 311 5280 nunc
331 5222 608 5279 omnibus
633 5229 911 5297 appareat
931 5228 991 5279 et
1016 5222 1285 5279 Ecclesiae
1307 5222 1620 5281 Orientalis
1652 5225 1812 5282 deso-

154 5312 390 5369 latione.
425 5313 589 5369 Sicut
638 5313 797 5369 enim
844 5313 917 5369 de
946 5313 1439 5386 praedecessorum
1486 5318 1810 5371 vestrorum

153 5406 211 5459 et
232 5401 415 5458 totius
444 5403 728 5475 prosapia
749 5405 955 5459 vestrae
980 5400 1247 5474 piissime
1276 5401 1602 5458 intentione
1630 5404 1811 5460 veris-

153 5489 301 5548 sime
335 5490 544 5546 didicit
573 5490 859 5547 sanctitas
890 5489 1053 5547 vobis
1084 5489 1306 5557 innata,
1330 5506 1399 5545 ex
1421 5506 1580 5545 more
1603 5495 1658 5547 ct
1679 5510 1810 5564 pro-

156 5579 344 5653 posito
375 5577 682 5651 laudabili,
710 5595 943 5652 semper
960 5578 1262 5636 consuevit
1284 5596 1524 5651 regnum
1554 5580 1645 5636 cui
1677 5598 1815 5654 pra}-

1913 4601 2177 4659 omnium
2207 4602 2344 4667 Dco,
2368 4604 2427 4656 et
2448 4600 2508 4655 in
2537 4600 2808 4672 praesenti
2839 4598 3164 4667 victoriam,
3186 4602 3245 4654 et
3272 4602 3406 4672 post
3434 4614 3561 4671 per-

1913 4698 2101 4749 actam
2134 4687 2478 4762 temporalis
2508 4688 2672 4761 regni
2713 4686 3304 4755 administrationem,
3335 4691 3561 4743 internis

1914 4778 2298 4837 beatitudinis
2316 4778 2577 4850 accipere
2593 4776 2934 4833 mereamini
2960 4775 3310 4850 portionem.
3335 4776 3401 4831 In
3423 4791 3566 4848 pre-

1915 4870 2033 4925 fato
2066 4867 2358 4941 siquidem
2380 4866 2505 4923 loco
2527 4883 2595 4922 ex
2615 4865 2861 4921 diversis
2890 4864 3095 4921 mundi
3126 4864 3392 4938 partibus
3408 4864 3567 4922 inﬁr-

1917 4974 2146 5013 morum
2179 4961 2235 5011 et
2267 4972 2594 5029 pauperum
2626 4954 2721 5011 Dei
2752 4953 3110 5010 circumﬂuit
3139 4953 3475 5011 multitudo.
3496 4954 3569 5011 Et

1916 5046 2195 5119 quoniam
2209 5046 2279 5101 ad
2294 5044 2738 5100 sustentandam
2753 5061 2956 5099 eorum
2969 5041 3366 5100 miserabilem
3379 5042 3571 5101 etinc-

1923 5153 2053 5209 pem
2074 5136 2274 5201 vitam,
2298 5133 2485 5189 multa
2514 5133 2599 5189 eis
2630 5138 2767 5189 sunt
2797 5132 3145 5200 necessaria,
3161 5136 3219 5188 et
3247 5131 3570 5190 multorum

1920 5224 2218 5281 evidenter
2247 5222 2510 5294 indigent
2532 5221 2785 5288 auxiliis,
2813 5221 3125 5279 Orientalis
3148 5220 3405 5279 Ecclesia
3424 5220 3574 5277 mul-

1921 5314 1999 5370 tis
2030 5310 2511 5368 tribulationibus
2541 5315 2599 5366 et
2624 5326 2987 5383 paganorum
3016 5309 3458 5367 incursionibus
3477 5325 3578 5383 op-

1921 5418 2144 5476 pressa,
2178 5399 2262 5456 eis
2293 5396 2361 5455 ex
2390 5404 2512 5455 toto
2541 5399 2599 5454 in
2632 5399 3085 5457 necessitatibus
3114 5398 3426 5456 subvenire
3456 5413 3573 5454 non

1921 5496 2132 5564 potest.
2158 5489 2322 5545 Unde
2344 5489 2744 5546 benefactores
2765 5506 2968 5547 eorum
2982 5487 3285 5545 universos
3307 5485 3576 5543 omnium

1922 5580 2251 5637 orationum
2306 5582 2363 5634 et
2419 5568 2839 5637 beneﬁciorum
2892 5581 3246 5647 vestrorum,
3277 5578 3336 5632 et
3370 5588 3577 5633 eorum
