4012 6072
421 269 578 335 1267

943 281 1046 343 AD
1093 281 1596 344 GODEFBIDUM
1643 281 1976 342 APPEND.
2022 276 2532 342 lI.-—MONUM.
2579 281 2682 343 DE
2725 280 2976 343 BELLO
3019 281 3291 344 SACBO.

3660 280 3829 344 {268

418 411 674 470 maxime
695 415 830 486 quae
861 413 921 470 in
953 421 1154 472 sancta
1191 416 1422 472 civitate
1451 415 1773 471 Jerusalem
1805 397 1974 480 fiunt,
2007 418 2063 470 et
2091 413 2146 481 Α
2176 416 2433 469 strorum
2463 413 3058 488 archiepiscoporum,
3091 415 3820 488 episcoporum,abbatum

419 500 489 556 de
519 505 724 558 caetero
755 504 913 572 fient,
952 505 1263 578 participes
1295 510 1350 560 et
1381 509 1684 560 consortes
1717 504 1987 560 facimus.

1202 603 1270 657 V.

1101 701 1370 738 EIUSDEM.

484 770 573 836 A.,
599 770 698 825 Dei
723 771 912 844 gratia
930 771 1153 827 Sancta
1188 771 1652 828 Resurrectionis
1675 771 1942 826 Ecclesia:
1966 789 2062 844 pa-

417 859 686 926 triarcha,
719 859 1066 916 cbarissimo
1099 861 1154 916 in
1187 861 1416 916 Christo
1455 860 1576 916 filio
1627 862 1930 926 Lunovmo,
1961 877 2060 915 ea-

415 946 548 1002 dem
570 948 758 1020 gratia
779 949 976 1004 Galliae
995 949 1303 1006 victorioso
1326 954 1382 1006 et
1405 949 1642 1016 illustri,
1667 951 1737 1004 ab
1761 967 1826 1005 eo
1850 949 2056 1005 salvari

416 1035 516 1107 qui
551 1037 650 1091 dat
679 1037 927 1094 salutem
959 1039 1213 1112 regibus.
1921 1048 1929 1056 '

490 1125 729 1181 Sincera
775 1143 892 1198 qua
932 1145 1034 1185 vos
1091 1127 1501 1200 amplectimur
1554 1145 1698 1184 verae
1757 1127 2060 1183 charitatis

427 1213 682 1283 dilectio,
729 1219 783 1271 et
831 1216 1028 1272 debita
1075 1217 1482 1290 patriarchalis
1538 1216 1712 1273 ofﬁcii
1777 1235 1905 1288 quae
1956 1233 2060 1271 no—

420 1302 513 1358 bis
571 1303 862 1361 incumbit
920 1305 1272 1374 sollicitudo,
1331 1324 1434 1362 nos
1494 1304 1791 1379 compellit
1847 1309 1903 1360 et
1957 1305 2060 1360 ad-

417 1397 618 1448 monet
672 1393 946 1450 Ecclesiis
1004 1395 1223 1450 nostris
1295 1395 1616 1467 providere,
1680 1399 1755 1460 et,
1811 1395 1871 1449 in
1929 1394 2058 1466 qui-

417 1480 529 1536 bus
567 1483 889 1538 secundum
940 1485 1124 1540 Deum
1180 1501 1518 1556 possumus,
1548 1485 1728 1540 totius
1777 1483 2059 1539 Christia-

417 1569 621 1626 nitatis
652 1571 1008 1644 profectibus
1039 1578 1095 1628 et
1124 1573 1476 1630 utilitatibus
1503 1573 1824 1646 invigilare.
1851 1574 1912 1629 In
1946 1589 2060 1628 me-

419 1659 514 1714 dio
546 1659 837 1732 siquidem
898 1662 1152 1717 nationis
1209 1679 1395 1735 pravze
1437 1667 1494 1718 et
1535 1680 1815 1734 perversae
1861 1662 2055 1735 positi,

2171 521 2401 576 quoque
2422 507 2478 559 et
2499 505 2757 576 priorun
2775 506 2846 560 ad
2867 509 3092 560 tantam
3116 503 3422 560 ecclesiam
3445 505 3819 562 revelandam

2173 593 2438 660 fecimus,
2471 593 2635 648 vobis
2666 595 2954 649 ostendat.
2980 595 3321 665 Ea'propter
3348 593 3602 666 regalem
3635 597 3818 667 maje-

2171 686 2378 738 statem
2411 687 2660 737 vestram
2695 681 2950 738 assiduis
2984 681 3255 754 precibus
3288 681 3590 738 humiliter
3616 701 3817 740 exora-

2171 788 2323 837 mus,
2349 775 2640 842 quatenus
2657 771 3043 827 venerabilem
3064 771 3299 826 fratrem
3324 775 3594 826 nostrum
3615 774 3819 844 praedi-

2169 865 2271 915 ctae
2303 859 2551 916 civitatis
2583 860 3133 932 episcopum,quem
3158 859 3434 916 honestas
3464 866 3522 916 et
3553 861 3815 933 probitas

2170 949 2357 1022 ipsius
2387 949 2530 1004 satis
2560 950 2954 1014 commendat,
2989 949 3086 1004 Dei
3119 949 3308 1019 gratia
3339 953 3394 1004 et
3425 953 3628 1006 nostra
3659 967 3813 1008 reve-

2168 1038 2373 1104 rentia,
2401 1038 2648 1110 benigne
2666 1038 2960 1110 recipiatis
2991 1042 3046 1093 et
3071 1037 3386 1104 honoretis,
3410 1043 3467 1093 et
3486 1039 3543 1093 in
3577 1039 3813 1112 suisju-

2168 1127 2275 1184 stis
2300 1126 2679 1200 petitionibus
2697 1127 2968 1182 eumdem
2994 1126 3449 1183 misericorditer
3467 1128 3811 1187 exaudiatis.

2167 1215 2384 1272 Valete.

2938 1305 3035 1360 Vl.

2169 1394 2498 1470 R[AIMUNDI]
2513 1411 2669 1451 DUCIS
2683 1410 3208 1459 ΝΑῐιΒοΝιεβοΜιτιε
3226 1410 3815 1466 τοιοειεμηεωοδτις

2826 1483 3158 1522 ΡΒΟῩΙΝΟΙᾸΞ.

2243 1573 2486 1630 Domino
2508 1591 2614 1630 suo
2637 1575 2944 1641 Luoovmo,
2961 1573 3060 1628 Dei
3083 1572 3270 1645 gratia
3292 1573 3648 1628 Francorum
3672 1575 3816 1647 regi.

2172 1665 2236 1720 lt.
2262 1665 2377 1719 dux
2409 1664 2920 1732 Narbonm,comes
2952 1661 3169 1717 Tolosaa
3201 1665 3254 1716 et
3286 1661 3545 1718 marcbio
3580 1662 3817 1718 Provin-

419 1749 492 1804 ab
520 1748 849 1805 inﬁdelium
880 1751 1188 1823 tyrannide
1218 1751 1471 1824 singulis
1503 1753 1618 1808 fere
1645 1752 1851 1807 diebus
1874 1751 2058 1823 impu~
2091 1787 2138 1852 Β
2169 1753 2290 1816 ciae,
2324 1753 2528 1808 debitae
2557 1751 2854 1807 fidelitatis
2885 1749 3254 1822 obsequium.

418 1853 690 1910 gnamur,
715 1843 765 1894 et
782 1839 1052 1895 assiduas
1074 1839 1442 1896 inimicorum
1469 1840 1780 1896 Christiani
1805 1839 2061 1895 nominis

417 1928 664 1985 insidias
693 1932 750 1984 et
778 1928 1035 2001 pericula
1067 1928 1448 1986 sustinemus.
1483 1933 1708 1996 Quanto
1737 1929 1916 2002 igitur
1946 1945 2063 1984 ma-

409 2020 542 2090 jora
565 2021 620 2074 et
637 2017 918 2073 viciniora
934 2017 1100 2072 nobis
1123 2018 1438 2073 imminent
1459 2019 1737 2091 pericula,
1760 2023 1920 2074 tanto
1943 2035 2062 2073 ma-

415 2108 506 2182 gis
538 2124 646 2164 nos
675 2106 943 2180 providos
966 2111 1024 2162 et
1045 2107 1324 2163 sollicitos
1347 2112 1572 2179 oportet
1601 2112 1655 2162 et
1686 2109 1757 2164 ab
1791 2107 1907 2164 illis
1929 2125 2058 2164 con-

415 2196 614 2253 silium
649 2202 704 2252 et
751 2195 1034 2251 auxilium
1094 2203 1350 2267 quaerere
1401 2196 1500 2268 qui
1547 2201 1604 2251 et
1651 2197 1970 2268 abundant,
2003 2203 2059 2255 et

413 2285 674 2342 conferre
726 2289 1010 2339 noverunt
1063 2289 1118 2339 et
1173 2285 1310 2340 dare
1363 2291 1810 2342 consueverunt.
1865 2289 2053 2344 Habe-

411 2391 546 2430 mus
577 2377 772 2429 autem
802 2373 862 2428 in
895 2373 1114 2427 ﬁnibus
1155 2373 1590 2444 patriarchatus
1645 2376 1850 2443 nostri,
1885 2377 1942 2430 in
1977 2377 2055 2431 ci-

406 2463 586 2518 vitate
618 2461 997 2528 Paneadensi,
1031 2478 1158 2532 quae
1203 2461 1420 2517 dicitur
1462 2461 1716 2530 Bclinas,
1750 2464 2053 2521 ecclesiam

411 2552 728 2625 quamdam
787 2553 907 2604 tam
970 2550 1284 2605 reverenda
1343 2551 1690 2623 antiquitate
1747 2553 2051 2622 celebrem,

410 2658 588 2714 quam
628 2639 830 2695 multis
861 2643 917 2694 et
955 2638 1275 2693 multorum
1335 2639 1751 2695 miraculorum
1811 2641 2055 2715 insigni-

415 2730 527 2785 bus
587 2729 916 2784 decoratam
977 2731 1033 2782 et
1091 2727 1422 2784 exaltatam.
1485 2731 1620 2794 Quae
1695 2729 1916 2785 scilicet
1963 2749 2056 2786 ec-

413 2817 588 2874 clesia
617 2817 676 2872 in
708 2815 806 2872 illo
837 2817 964 2872 loco
995 2815 1254 2872 Caesarea
1312 2816 1562 2888 Philippi
1621 2817 1759 2873 olim
1813 2819 2056 2876 fundata

414 2907 546 2973 fuit,
580 2907 639 2961 in
671 2923 787 2978 quo
817 2905 1074 2978 primum
1107 2909 1164 2960 et
1193 2905 1383 2960 solum
1415 2905 1680 2962 Christus
1722 2907 1906 2964 Filius
1952 2909 2052 2964 Dei

412 2995 613 3060 vivi,,a
643 2996 809 3050 Petro
857 2993 1252 3066 apostolorum
1302 2994 1516 3050 vertice
1565 2995 1844 3066 per.f1dci
1887 3003 2053 3053 rectae

411 3084 834 3141 confessionem
865 3083 1347 3139 manifestissime
1367 3082 1715 3156 praedicatus
1735 3087 1790 3139 et
1806 3085 2054 3141 declara-

2241 1842 2347 1897 Pro
2369 1841 2598 1912 negotio
2621 1857 2800 1912 super
2822 1857 2938 1912 quo
2958 1839 3130 1912 legati
3151 1839 3519 1911 imperatoris
3537 1840 3819 1896 Constan-

2169 1930 2559 2003 tinopolitani,
2595 1946 2727 1984 cum
2761 1927 2978 1984 nostris
3009 1928 3080 1984 ad
3112 1927 3390 1984 honorem
3424 1929 3587 2001 regni
3617 1930 3818 1996 vestri,

2169 2020 2321 2076 sicut
2352 2020 2666 2084 credimus,
2693 2018 3000 2073 nobiscum
3034 2023 3446 2084 convenerunt,
3472 2017 3698 2090 legatos
3723 2035 3819 2074 no-

2169 2110 2320 2165 stros
2352 2125 2482 2163 cum
2537 2106 2744 2179 legatis
2793 2105 3014 2162 domini
3045 2107 3110 2160 A.
3145 2105 3362 2160 summi
3393 2107 3712 2178 pontificis,
3744 2108 3816 2163 ad

2167 2199 2430 2254 Grzecoru
2441 2214 2493 2250 m
2508 2197 2916 2268 imperatorem
2935 2195 3394 2251 transmisimus.
3412 2195 3586 2251 Porro
3600 2196 3817 2252 discre-

2166 2285 2309 2341 tioni
2341 2290 2552 2341 nostra:
2605 2283 2822 2356 placuit
2867 2283 3089 2356 legatos
3137 2289 3369 2339 nostros
3399 2283 3470 2338 ab
3503 2283 3713 2340 itinere
3745 2286 3814 2341 ad

2165 2380 2415 2430 vestram
2441 2373 2806 2446 praesentiam
2832 2388 3088 2427 evocare.
3111 2371 3272 2428 Unde
3295 2372 3433 2444 quia
3455 2372 3515 2427 in
3536 2359 3829 2430 omnibus,

2165 2463 2342 2520 vestri
2369 2463 2594 2519 consilii
2624 2461 2995 2534 prudentiam
3021 2460 3187 2517 nobis
3206 2461 3414 2518 ducem
3434 2461 3818 2534 praefiximus,

2165 2559 2220 2610 et
2237 2558 2488 2608 vestram
2515 2555 2824 2623 sequentes
2839 2551 3244 2606 auctoritatem
3261 2549 3467 2620 legatis
3482 2555 3816 2608 Grecorum

2166 2659 2272 2698 nos
2303 2641 2710 2714 obligavimus,
2745 2655 3056 2711 precamur
3098 2639 3330 2702 iterum,
3365 2640 3643 2712 quoniam
3685 2643 3816 2713 jam

2165 2749 2294 2787 sera
2319 2736 2472 2786 esset
2499 2729 2855 2802 pmnitentia,
2873 2727 3269 2786 excellentiam
3293 2734 3540 2784 vestram
3566 2730 3814 2802 regiam,

2165 2825 2229 2875 ut
2247 2819 2396 2875 tales
2427 2819 2647 2892 legatos
2679 2818 2751 2874 ad
2784 2817 3194 2889 imperatorem
3222 2817 3818 2890 Constantinopolita-

2163 2925 2306 2964 num
2341 2907 2608 2975 mittatis,
2628 2924 2732 2978 per
2761 2923 2908 2978 quos
2941 2905 3236 2977 negotium
3272 2911 3571 2978 speratum
3594 2907 3665 2962 ad
3690 2908 3816 2980 glo-

2165 2999 2311 3054 riam
2345 3003 2401 3053 et
2433 2995 2802 3052 securitatem
2829 2995 2988 3067 regni
3015 2995 3210 3060 vestri,
3235 2994 3350 3050 Deo
3373 2994 3623 3067 prepitio
3644 2997 3714 3050 ad
3737 2997 3814 3052 ef-

2164 3090 2380 3144 fectum
2411 3085 2599 3141 valeat
2628 3083 2884 3158 perduci,
2917 3088 2975 3140 et
3015 3084 3084 3139 ad
3137 3101 3244 3140 nos
3274 3088 3470 3156 optata
3499 3087 3814 3141 commoda

407 3178 506 3230 tus
537 3177 644 3239 est,
675 3191 810 3228 cum
843 3190 957 3244 pra:
997 3171 1272 3228 omnibus
1302 3155 1491 3245 etipro
1523 3173 1798 3228 omnibus
1828 3173 2049 3245 procla-
2082 3155 2126 3224 Ο
2165 3174 2480 3250 pervenire.
2509 3155 2838 3230 Interventu
2872 3189 3124 3244 namque
3141 3177 3197 3227 et
3219 3155 3497 3228 instantia
3525 3173 3812 3230 discreto-

409 3263 590 3318 mavit
621 3280 634 3318 :
675 3265 748 3318 Tu
793 3278 847 3316 es
895 3263 1160 3325 Christus,
1192 3263 1372 3318 Filius
1417 3262 1516 3316 Dei
1546 3263 1659 3316 vivi
1685 3263 1902 3330 (Μίιιίὴ.
1937 3282 2046 3332 xw,

410 3353 518 3423 16).
545 3353 609 3406 In
633 3369 750 3424 quo
771 3349 947 3406 etiam
971 3351 1095 3405 loco
1125 3350 1304 3421 hujus
1336 3350 1515 3404 beatae
1549 3350 1931 3406 confessionis
1963 3371 2050 3409 re-

404 3441 784 3494 tributionem
838 3440 1040 3494 audire
1071 3455 1138 3494 ex
1167 3456 1263 3493 ore
1294 3437 1596 3493 Dominico
1627 3439 1737 3494 sibi
1770 3441 1997 3496 dicente
2033 3460 2046 3498 :

412 3531 480 3583 Tu
509 3545 564 3582 es
593 3530 807 3593 Petrus,
840 3537 889 3583 et
919 3545 1082 3598 super
1114 3528 1258 3582 hunc
1286 3535 1493 3598 petram
1540 3527 1822 3598 aedificabo
1865 3530 2049 3585 Eccle-

403 3618 544 3672 sium
575 3633 750 3672 meam
779 3617 960 3685 (ibid,
986 3618 1094 3684 18),
1127 3620 1184 3670 et
1215 3614 1403 3670 claves
1435 3615 1596 3687 regni
1629 3616 1926 3683 cmlorum,
1955 3637 2052 3690 po-

404 3708 795 3776 testatemque
817 3703 1038 3776 ligandi
1065 3709 1236 3776 atque
1251 3703 1506 3759 solvendi
1524 3704 1773 3775 recipere
1791 3707 1910 3777 ipse
1927 3725 2052 3779 pro-

404 3793 637 3848 meruit.
655 3793 784 3848 Haec
805 3792 982 3864 igitur
998 3793 1260 3858 ecclesia,
1282 3793 1576 3862 quondam
1605 3797 1720 3846 tam
1759 3795 1971 3867 inclyta
1993 3801 2050 3851 et

401 3882 562 3938 omni
596 3882 962 3937 veneratione
989 3881 1338 3952 etobsequio
1365 3880 1560 3952 digna,
1589 3898 1623 3935 a
1642 3882 1868 3950 Turcis,
1891 3884 2048 3939 Chri-

401 3971 576 4028 stiani
601 3969 855 4026 nominis
877 3969 1153 4034 inimicis,
1179 3986 1333 4024 nunc
1359 3970 1474 4024 fere
1495 3975 1775 4033 eversa,et
1797 3974 2048 4042 peccatis

400 4061 616 4116 nostris
637 4058 1024 4132 exigentibus,
1048 4063 1168 4113 tam
1187 4057 1433 4113 illustris
1455 4057 1614 4122 olim,
1630 4061 1748 4113 tam
1775 4060 2048 4131 prmclara

399 4148 624 4215 civitas,
657 4165 784 4220 quas
815 4153 1023 4203 nostra:
1052 4147 1416 4204 Hierusalem
1452 4147 1956 4219 prepugnaculum
1988 4155 2047 4206 et

395 4235 758 4293 antemurale
770 4237 996 4292 cunctis
1012 4235 1283 4292 ﬁdelibus
1297 4252 1422 4292 esse
1443 4235 2044 4308 dignoscitur,nomcn

397 4325 569 4380 inane
600 4325 884 4380 duntaxat
923 4329 1204 4382 remanet.
1236 4325 1336 4380 Est
1367 4325 1521 4380 enim
1557 4325 1614 4378 in
1649 4325 2043 4396 spurcissimae

395 4413 737 4488 gentilitatis
768 4415 878 4469 sita
899 4413 1171 4479 conﬁnio,
1194 4417 1250 4468 et
1272 4412 1518 4468 barbara
1540 4413 1834 4467 ferocitate
1858 4413 2044 4485 ipsius

2162 3283 2291 3320 rum
2322 3269 2378 3320 et
2406 3263 2668 3318 fidelium
2698 3261 3022 3334 legatorum
3055 3265 3481 3316 consueverunt
3509 3277 3726 3333 magna
3754 3268 3812 3318 et

2160 3355 2344 3409 ardua
2373 3351 2602 3425 negotia
2633 3355 2899 3424 optatum
2923 3354 2980 3406 et
3002 3367 3343 3422 prosperum
3376 3351 3555 3406 ﬁnem
3586 3351 3808 3409 sortiri.

2157 3443 2376 3498 Valete.

2922 3529 3044 3585 VII.

2157 3640 2211 3677 ιι.
2255 3636 2327 3676 ΟΕ
2367 3637 2602 3684 BALNIIO,
2645 3633 2852 3674 HDELIS
2906 3635 3280 3674 IMPERATORIS
3317 3634 3807 3676 CONSTANTINOPO-

2883 3707 3081 3746 LITANI.

2231 3801 2538 3862 Lunovmo,
2573 3795 2673 3852 Dei
2705 3796 2890 3868 gratia
2919 3795 3406 3852 excellentissimo
3447 3797 3806 3854 Francorum

2157 3886 2298 3958 regi,
2323 3887 2390 3942 R.
2417 3901 2484 3941 DE
2505 3886 2748 3950 BALNEO,
2769 3885 2838 3940 de
2862 3902 3105 3940 numero
3131 3884 3387 3940 lidelium
3411 3885 3635 3940 domini
3667 3886 3809 3957 Ehr-

2157 3974 2458 4044 MANUELIS]
2490 3971 3115 4044 Constantinopolitani
3161 3971 3530 4044 imperatoris
3571 3989 3808 4046 semper

2155 4061 2412 4137 augusti,
2446 4061 2682 4117 sincerae
2717 4061 3012 4116 fidelitatis
3042 4059 3412 4132 obsequium.

2229 4150 2556 4224 Legationis
2585 4149 2878 4221 negotium
2912 4166 3089 4220 super
3107 4165 3224 4220 quo
3245 4148 3804 4221 Adrianopolitanus

2153 4241 2356 4307 abbas,
2381 4243 2438 4294 et
2461 4239 2616 4310 prior
2646 4237 2964 4310 Hospitalis
2994 4236 3638 4309 Constantinopolitani,
3665 4255 3801 4294 cum

2152 4327 2360 4400 legatis
2409 4327 2632 4382 domini
2663 4327 2730 4382 R.
2765 4327 2960 4382 Sancti
3004 4325 3214 4398 i’Egidii
3261 4325 3512 4394 comitis,
3543 4330 3802 4382 vestram

2151 4417 2454 4472 visitavere
2486 4415 2857 4488 praesentiam
2894 4433 2906 4470 ε
2943 4414 3086 4470 mihi
3137 4431 3270 4469 cum
3303 4415 3390 4470 eis
3422 4413 3640 4486 pariter
3666 4419 3801 4470 lan-

393 4503 756 4576 impugnata,
773 4507 830 4558 et
862 4501 1100 4558 assidua
1131 4500 1459 4573 captivitate
1491 4505 1544 4554 et
1577 4504 1763 4555 morte
1787 4501 2040 4558 filiorum
2073 4523 2119 4588 D
2153 4521 2332 4577 quam
2357 4504 2584 4576 imperii
2609 4503 3248 4559 ﬁdelissimoadomino
3267 4519 3394 4558 meo
3414 4501 3712 4575 E.inclyto
3743 4509 3801 4560 et

393 4609 635 4649 suorum
669 4592 907 4665 eptimis
934 4592 1265 4664 quibusque
1287 4589 1648 4656 destituitur,
1675 4595 1732 4645 et
1754 4590 2040 4648 minorata

391 4679 644 4753 singulis
679 4683 793 4736 fere
823 4681 1030 4736 diebus
1079 4679 1457 4752 periclitatur.
1491 4677 1813 4734 Novissime
1844 4684 2039 4734 autem

389 4770 754 4842 temporibus
801 4770 1018 4826 nostris
1067 4766 1370 4824 suscitavit
1404 4771 1550 4821 Deus
1584 4766 1854 4838 spiritum
1888 4769 2035 4824 servi

390 4857 482 4916 sui
508 4859 550 4913 Ι.
572 4858 917 4914 venerabilis
941 4858 1136 4913 fratris
1157 4855 1362 4923 nostri,
1383 4856 1442 4910 in
1475 4855 1676 4910 eadem
1705 4855 1934 4911 civitate
1965 4858 2036 4911 de

391 4962 534 5002 novo
549 4947 797 5002 ordinati
817 4954 871 5002 et
885 4947 1184 5002 constituti
1209 4944 1488 5017 episcopi,
1508 4944 1606 5015 qui
1629 4943 1811 4998 multo
1829 4961 2021 5016 corpo-

389 5032 471 5088 ris
499 5032 716 5100 labore,
751 5036 936 5090 multa
967 5053 1160 5090 rerum
1193 5049 1435 5090 suarum
1467 5032 1751 5102 impensa,
1768 5035 2035 5090 eamdem

387 5119 692 5177 ecclesiam
727 5123 797 5176 ad
831 5123 1146 5194 pristinum
1201 5127 1419 5178 statum
1473 5137 1736 5176 revocare
1768 5122 2030 5193 cupiens,

387 5226 490 5282 per
509 5209 668 5264 varia
697 5210 954 5280 pericula
975 5211 1155 5266 maris
1178 5217 1234 5266 et
1253 5216 1418 5266 terrae
1451 5210 1760 5264 transitum
1791 5210 2029 5276 faciens,

385 5299 457 5354 ad
491 5314 681 5370 genua
713 5297 1014 5355 charitatis
1043 5305 1243 5355 vestrae
1276 5300 1512 5355 tandem
1559 5297 1793 5370 elapsus
1823 5303 1932 5365 est,
1967 5305 2032 5354 ut

383 5385 774 5442 calamitatem
799 5391 854 5442 et
877 5389 1310 5443 mendicitatem
1337 5393 1508 5442 tantae
1534 5391 1590 5442 et
1619 5391 1738 5441 tam
1772 5404 2031 5444 reveren-

382 5473 638 5530 dissimae
663 5475 914 5533 ecclesia:
937 5477 1100 5532 vobis
1123 5477 1402 5538 insinuet.
1427 5481 1483 5531 et
1503 5476 1957 5532 condonationes
1973 5483 2028 5532 et

383 5563 937 5636 relaxationes,quas
957 5565 1200 5622 consilio
1225 5564 1641 5620 vcnerabilium
1669 5564 1910 5618 fratrum
1931 5582 2027 5620 no-

2151 4599 2350 4650 sancto
2380 4593 2728 4664 imperatore
2752 4593 3079 4663 injunctum
3107 4590 3232 4646 fuit.
3259 4591 3502 4647 Proinde
3526 4591 3666 4663 quia
3685 4592 3799 4665 ipsi

2148 4686 2427 4754 apparatu
2444 4697 2572 4736 meo
2589 4685 2644 4736 ct.
2661 4679 3174 4752 providentia,jam
3189 4679 3258 4734 ad
3275 4677 3580 4734 dominum
3595 4695 3798 4734 meum

2146 4769 2555 4842 imperatorem
2583 4767 2808 4823 marino
2828 4767 3031 4823 itinere
3053 4767 3240 4823 redire
3262 4771 3580 4838 cmperunt,
3607 4767 3797 4822 fideli-

2144 4858 2282 4912 tatis
2315 4857 2722 4927 debito,quam
2751 4855 2913 4910 vobis
2943 4855 3211 4911 exhibere
3241 4861 3521 4927 tanquam
3552 4855 3796 4913 domino

2145 4945 2430 5012 desidero,
2465 4945 2824 5000 confidenter
2866 4943 3222 5000 consulendo
3255 4961 3412 5016 rogo,
3445 4947 3500 4998 et
3532 4945 3795 5016 rogando

2145 5033 2407 5100 consulo,
2442 5039 2506 5088 ut
2535 5033 2756 5106 legatos
2785 5038 3010 5088 vestros
3039 5037 3094 5088 et
3123 5031 3348 5088 litteras
3378 5032 3450 5087 ad
3482 5031 3792 5089 dominum

2144 5140 2340 5178 meum
2371 5123 2432 5177 Ε.
2465 5121 2876 5193 imperatorem
2927 5126 3217 5192 sanctum,
3251 5119 3378 5176 sine
3416 5121 3796 5180 cunctatione

2140 5219 2196 5266 et
2217 5228 2379 5266 mora
2412 5209 2680 5266 mittatis.
2705 5211 2836 5266 Scio
2865 5209 3022 5265 enim
3056 5210 3194 5282 quia
3223 5209 3480 5265 fraterno
3511 5226 3712 5266 amore
3733 5217 3794 5267 et

2138 5316 2417 5372 germana
2429 5298 2710 5354 charitatc
2723 5315 3031 5370 personam
3048 5296 3608 5364 vestram,honorem
3625 5299 3790 5370 regni

2135 5388 2334 5450 vestri,
2367 5393 2424 5442 et
2453 5386 2698 5458 gloriam
2731 5385 2942 5458 diligit,
2966 5391 3022 5440 et
3053 5384 3448 5440 indissolubili
3478 5385 3713 5440 vinculo
3733 5393 3790 5441 et

2136 5492 2415 5548 germano
2439 5474 2725 5530 ronsortio
2749 5475 2910 5532 vobis
2934 5473 3142 5530 sociari
3165 5477 3223 5530 et
3243 5474 3398 5530 uniri
3420 5478 3671 5546 exoptat.
3697 5474 3792 5530 Vi-

2133 5569 2228 5619 vat
2257 5569 2313 5620 et
2359 5563 2545 5619 valeat
2593 5579 2696 5634 per
2751 5563 2938 5618 multa
2999 5568 3262 5636 tempora
3319 5563 3658 5620 sublimitas
3691 5581 3788 5620 ve-
