3980 6084
1844 144 1879 166 \

178 284 330 347 1281
1361 316 1377 336 ι
1416 280 1667 344 EPIST.
1716 280 1784 341 B.
1830 278 2190 343 LUDOVICl
2237 280 2337 341 lX.
3422 283 3579 344 1282

176 417 345 474 tiam.
379 414 525 473 Mihi
556 417 755 471 autem
784 413 1006 471 famulo
1033 418 1231 471 vestro
1261 430 1377 470 non
1427 411 1678 470 credatis
1707 411 1825 469 ela-
1854 414 1910 479 Α
1941 410 2447 484 solatio,pr:esidio
2460 411 2810 469 Dominicaee
2832 411 2990 469 rucis
3010 412 3289 470 dominus
3312 430 3411 470 rex
3436 417 3582 473 velle

177 519 376 578 psum,
411 502 567 576 quod
599 503 670 560 ab
698 520 796 559 ore
824 508 1016 560 vestro
1048 518 1182 559 cum
1214 501 1431 558 avobis
1474 503 1823 569 recederem,
1938 519 2113 557 suum
2141 502 2213 557 de
2246 500 2501 557 inimicis
2524 502 2776 558 fecisset.
2807 503 2917 558 Sed
2966 501 3167 558 audita
3212 502 3584 560 incommoda

178 592 475 666 accepisse
521 610 616 649 me
664 593 911 666 gaudeo,
944 591 1189 649 Dixistis
1231 591 1385 648 enim
1438 590 1607 658 mihi,
1650 596 1715 646 ut
1761 608 1829 646 ex
1937 591 2367 658 Antiochim,ut
2398 590 2638 647 consilio
2667 591 2937 663 providit,
2958 591 3089 646 inde
3120 592 3378 648 secessit.
3411 594 3585 649 Puta-

178 689 348 754 parte
373 686 589 748 vestra,
616 681 746 738 loca
773 686 980 738 sancta
1009 680 1421 749 salutarem,et
1449 680 1510 736 in
1538 680 1830 736 visitando
1940 681 2041 736 bat
2090 680 2247 736 enim
2298 679 2614 753 praedictus
2645 680 3015 735 adversarius
3048 680 3464 753 Babylonicum
3494 697 3588 737 re-

178 788 271 840 ea,
304 771 648 829 memoriam
674 772 853 828 vestri
884 771 1134 828 facerem
1164 770 1226 826 in
1256 769 1528 843 singulis.
1551 771 1732 842 Cujus
1747 768 1831 824 rei
1940 785 2122 841 gnum
2154 785 2260 824 suo
2291 768 2529 825 domino
2561 769 2882 839 subjacere,
2915 772 2971 824 et
3000 769 3295 825 Christum
3342 769 3588 826 colenti-

179 877 300 917 non
322 861 656 929 immemor,
688 860 846 916 hunc
878 859 1162 916 annulum
1210 875 1383 932 quem
1433 858 1597 914 vobis
1639 858 1829 927 mitto,
1940 858 2053 913 bus
2102 858 2436 931 ingressum
2486 859 2555 913 ad
2606 857 2966 913 Hierusalem
2992 862 3148 913 terra
3180 858 3443 931 marique
3474 860 3586 914 im-

179 966 288 1023 per
316 966 484 1006 sacra
509 949 638 1007 loca
668 949 1088 1005 circumferens
1119 952 1177 1004 et
1205 947 1461 1022 singulis
1510 947 1831 1021 applicans,
1942 946 2321 1017 pedire.Nam
2354 947 2509 1002 Deus
2539 946 2640 1018 qui
2672 963 2812 1002 suos
2843 945 3002 1002 novit
3032 945 3249 1019 ubique
3270 948 3585 1016 custodire,

179 1038 243 1094 in
275 1037 621 1094 memoriam
650 1037 826 1093 vestri
856 1035 1109 1109 singulis
1140 1034 1542 1107 imposui.Pro
1561 1034 1731 1105 cujus
1752 1049 1836 1090 re-
1942 1035 2113 1109 longe
2163 1035 2471 1091 consilium
2513 1034 2699 1108 ipsius
2746 1035 3017 1108 iniquum
3066 1035 3235 1090 aliter
3273 1035 3587 1108 disposuit.

176 1128 687 1199 verentia,precor
716 1130 782 1181 ut
809 1124 1094 1181 annulum
1126 1123 1471 1181 custodiatis
1491 1127 1549 1179 et
1568 1123 1835 1179 habeatis
1943 1126 2131 1180 Tanta
2197 1129 2414 1191 autem,
2465 1124 2838 1181 serenissime
2903 1141 3021 1190 rex,
3080 1128 3218 1179 sunt
3282 1124 3592 1197 utriusque

180 1214 979 1273 cbariorem.Valete.Valete
1008 1214 1222 1270 iterum
1246 1229 1379 1269 cum
1402 1211 1832 1269 meimemoria.
1946 1214 2166 1285 patria,
2199 1213 2552 1269 Antiochicae
2584 1213 2805 1269 scilicet
2835 1216 2893 1268 et
2942 1211 3466 1286 Jerosolymitame,
3499 1214 3591 1269 in-

896 1311 1088 1367 XXVI.
1946 1302 2272 1367 commoda,
2309 1302 2462 1373 quod
2499 1318 2602 1373 pro
2634 1300 2935 1358 nimietate
2967 1302 3059 1357 sui
3112 1301 3390 1359 nolumus
3427 1302 3592 1359 vobis

544 1402 602 1445 Β.
635 1401 883 1446 mum;
910 1401 1127 1446 Teum
1160 1399 1473 1445 MAGISTBI.
1948 1389 2161 1462 scripto
2193 1390 2542 1462 signiﬁcare.
2582 1390 2837 1461 Denique
2866 1396 3070 1445 vestra:
3117 1390 3342 1446 eximiae
3394 1391 3591 1464 digni-

260 1485 560 1548 Lsoovico,
579 1483 681 1538 Dei
709 1482 898 1555 gratia
924 1481 1047 1554 regi
1073 1479 1563 1537 excellentissimo
1595 1480 1840 1535 Franco-
1946 1480 2052 1535 tati
2084 1479 2242 1534 hunc
2272 1478 2649 1551 praesentium
2696 1478 2939 1534 latorem
2995 1478 3233 1535 fratrem
3273 1479 3592 1536 Galterium

182 1589 342 1637 rum,
376 1576 709 1638 Banc'rmus,
742 1569 965 1626 militiae
996 1569 1224 1643 Templi
1255 1569 1525 1626 minister
1572 1568 1837 1635 humilis,
1948 1568 2258 1624 honestum
2310 1572 2366 1623 et
2414 1568 2665 1641 negotiis
2713 1564 2812 1624 Dei
2874 1567 3188 1623 sollicitum
3258 1568 3591 1643 dirigimus,

184 1659 465 1729 salutem,
497 1663 553 1715 et
578 1659 638 1714 in
668 1657 896 1716 Christo
926 1674 1192 1731 regnare.
1949 1657 2050 1730 qui
2080 1656 2141 1712 in
2170 1656 2418 1730 negotiis
2446 1657 2593 1729 ipsis
2616 1657 2957 1728 permansit,
2972 1660 3030 1712 et
3048 1656 3283 1713 initium
3300 1657 3595 1731 ﬁnemque

261 1750 349 1804 Ad
380 1765 555 1805 aures
584 1752 787 1805 vestrae
820 1747 1203 1805 sublimitatis
1232 1746 1564 1820 pervenisse
1594 1763 1709 1801 non
1740 1747 1844 1801 du-
1874 1784 1916 1820 η
1948 1746 2094 1802 vidit
2126 1763 2140 1814 ;
2174 1746 2299 1818 ipse
2328 1762 2462 1801 vero
2493 1749 2696 1801 vestrae
2727 1745 3019 1802 sanctitati
3055 1744 3267 1818 placita
3286 1763 3465 1820 super
3484 1747 3595 1803 hoc

184 1836 473 1904 bitamus,
508 1854 624 1910 quo
654 1837 864 1892 timore
893 1835 1149 1892 alﬂictus
1180 1836 1458 1892 dominus
1504 1839 1702 1892 noster
1744 1851 1843 1890 rex
1872 1832 1918 1850 ¹¹
1952 1835 2252 1892 reserabit.
2271 1837 2408 1901 Quae
2435 1833 2591 1891 enim
2625 1832 2971 1890 sublimitati
2993 1840 3194 1892 vestrae
3218 1835 3597 1904 dixerit,oon-

186 1924 525 1981 Amalricus
556 1925 857 1981 communi
889 1923 1134 1980 consilio
1155 1923 1613 1981 Christianitatis
1643 1927 1846 1978 contra
1952 1925 2200 1981 ﬁdenter
2231 1923 2565 1993 attendatis,
2580 1926 2861 1996 tanquam
2895 1928 3094 1980 nostro
3122 1941 3192 1980 ex
3220 1941 3318 1980 ore
3346 1924 3594 1997 prolata.

186 2015 519 2082 Sairanem,
553 2031 727 2087 quem
757 2013 1091 2070 Noradinus
1120 2030 1253 2069 cum
1280 2011 1466 2068 multo
1485 2010 1737 2069 exercitu
1768 2011 1840 2066 ad
1955 2012 2024 2066 Et
2046 2015 2562 2084 cognoscatvestra
2598 2010 2939 2067 excellentia
2955 2011 3233 2084 quoniam
3246 2013 3399 2069 oculi
3416 2012 3598 2069 totius

184 2119 440 2177 regnum
454 2101 780 2176 Babyloniae
794 2101 1203 2159 direxeratsibi
1226 2101 1688 2173 subjugandum,
1711 2116 1842 2154 cum
1962 2098 2419 2156 Christianitatis
2447 2099 2719 2167 Orientis,
2749 2104 2880 2171 post
2910 2100 3246 2170 Dominum,
3280 2100 3339 2157 in
3368 2118 3472 2158 vos
3502 2118 3598 2158 re-

189 2192 452 2265 pretioso
498 2208 674 2248 sacrae
719 2190 910 2247 crucis
940 2190 1108 2265 signo
1139 2190 1476 2264 perrexerit,
1508 2194 1567 2246 et
1595 2189 1846 2262 qualiter
1954 2188 2231 2261 spiciunt,
2259 2192 2328 2244 ut
2357 2205 2391 2243 a
2418 2188 2599 2244 tantis
2630 2187 2823 2256 malis,
2857 2188 2999 2245 dum
3032 2194 3269 2262 tempus
3298 2190 3480 2247 instat
3495 2207 3598 2263 op-

191 2281 457 2337 redierit.
491 2280 613 2337 Nisi
644 2280 803 2338 enim
832 2284 998 2337 tanta
1026 2280 1344 2336 exstitisset
1375 2278 1592 2334 nostris
1624 2294 1843 2350 prome-
1959 2282 2299 2350 portunum,
2332 2293 2436 2348 per
2460 2293 2564 2333 vos
2593 2276 2895 2349 eripiatur.

184 2370 465 2427 rentibus
496 2368 686 2443 culpis
704 2373 870 2425 terrae
889 2368 1263 2425 Antiochense
1286 2366 1648 2439 perturbatio
1674 2370 1729 2422 et
1748 2367 1845 2422 de-

184 2575 3599 2606 πω

545 2668 673 2885 Βζ
778 2747 1571 2886 LUDOVICI
1663 2747 2670 2883 FRANCORUM
2763 2752 3247 2885 REGIS

1639 2986 2177 3073 EPISTOLA

190 3171 301 3232 AD
344 3168 730 3232 SUBDITOS
761 3166 959 3229 SUOS
988 3166 1068 3227 IN
1099 3166 1364 3228 REGNO
1395 3166 1758 3228 FRANCLE
1788 3165 2354 3309 CstgiASTITUTOS,
2384 3165 2486 3225 DE
2515 3164 2908 3227 CAPTIONE
2939 3166 3040 3227 ET
3074 3166 3604 3230 LIBERATIONE

1283 3405 1531 3487 Scripta
1552 3406 1618 3468 in
1646 3407 1842 3482 Acon,
1870 3424 2038 3468 anno
2070 3403 2322 3467 Domini
2352 3404 2529 3466 1250.

1408 3566 1720 3641 (ΒοΝοΑΒε,
1755 3566 1928 3635 Gesta,
1962 3568 2094 3637 ete.,
2128 3582 2185 3639 p.
2218 3564 2401 3638 “96.)

271 3889 603 3953 Lunovncus.
637 3890 738 3947 Dei
769 3891 958 3963 gratia
990 3891 1344 3947 Francorum
1378 3908 1497 3962 rex,
1528 3890 1760 3947 dilectis
1791 3893 1849 3946 et
1877 3891 1920 3958 Ο
1958 3888 2141 3945 nullis
2172 3904 2394 3957 eorum,
2429 3888 2529 3961 qui
2563 3888 2634 3945 de
2665 3889 2920 3946 exercitu
2950 3889 3349 3964 Egyptiorum
3389 3892 3608 3950 nostris

196 3976 1853 4052 ﬂdelibussuis,praelatis.baronibus,militibus,civibus,
1959 3977 2704 4046 occurrerant,interfectis.
2738 3978 3141 4037 Intelleximus
3172 3985 3367 4036 autem
3401 3980 3459 4036 in
3482 3982 3608 4054 ipso

194 4067 597 4140 burgensibus
628 4068 774 4137 suis,
808 4072 865 4124 et
893 4068 1025 4125 aliis
1057 4066 1344 4125 universis
1374 4067 1434 4123 in
1467 4085 1644 4143 regno
1679 4070 1852 4137 l’rany
1958 4065 2185 4134 itinere,
2215 4066 2531 4122 Soldanum
2582 4066 2912 4140 Babylonia
2961 4069 3033 4125 de
3077 4086 3224 4125 novo
3268 4069 3447 4125 vitam
3492 4070 3610 4125 mi-

196 4156 304 4212 cite
336 4156 692 4225 constitutis,
727 4158 799 4213 ad
846 4174 996 4230 quos
1040 4160 1354 4230 praesentes
1398 4157 1602 4214 littera:
1653 4173 1850 4231 perve-
1959 4170 2150 4210 seram
2184 4153 2387 4210 ﬁnisse
2411 4154 2740 4226 ;.qui,sicut
2771 4155 3006 4231 publice
3036 4157 3264 4214 dicebat
3285 4162 3341 4214 et
3370 4159 3612 4216 miserat

198 4243 417 4313 nerint,
441 4244 714 4302 salutem.
1960 4243 2030 4298 ad
2059 4241 2247 4296 filium
2277 4258 2447 4297 suu‘"
2482 4246 2809 4299 morantem
2843 4244 2900 4299 in
2934 4244 3201 4317 partibus
3239 4246 3511 4316 Orientis,
3548 4251 3612 4303 ut

270 4333 358 4388 Ad
390 4333 568 4390 decus
588 4337 646 4390 et
675 4333 920 4408 gloriam
953 4334 1135 4390 divini
1165 4333 1853 4407 nominis,crucisprose—
1960 4330 2019 4384 in
2049 4332 2360 4402 Egyptum
2390 4330 2635 4396 veniret,
2668 4333 2726 4385 et
2753 4330 2944 4387 eidem
2975 4349 3009 4387 a
3039 4332 3268 4389 cunctis
3313 4334 3403 4389 sui
3449 4350 3609 4389 exer-

198 4419 305 4494 qui
327 4421 637 4494 cupientes
667 4423 988 4495 negotium,
1006 4423 1144 4479 totis
1163 4423 1466 4479 aﬂ‘ectibus
1489 4423 1851 4478 universitati
1960 4419 2111 4474 citus
2142 4416 2464 4490 majoribus
2496 4416 2794 4475 ﬂdelitatis
2825 4419 2947 4475 ﬂeri
2981 4421 3195 4476 fecerat
3229 4422 3606 4492 juramenta;

202 4513 412 4565 vestras
441 4510 719 4566 duximus
740 4510 1333 4583 intimandum:quod
1368 4515 1499 4584 post
1525 4509 1852 4584 captionem
1960 4507 2162 4563 relicta
2188 4508 2373 4563 totius
2403 4524 2522 4564 sua:
2552 4512 2719 4564 terra:
2749 4509 3036 4566 exercitus
3067 4511 3335 4566 custodia
3374 4509 3609 4566 cuidam

200 4598 692 4672 Damiate,quam
715 4599 1002 4656 Dominus
1030 4600 1202 4657 Jesus
1233 4599 1632 4672 Christus,per
1658 4598 1853 4656 inetfa-
1961 4596 2249 4652 admirato
2279 4613 2407 4662 suo,
2441 4597 2678 4652 nomine
2720 4596 3134 4654 Farchardino.
3167 4602 3300 4655 Haec
3346 4598 3608 4671 quidem,

200 4687 385 4744 bilem
399 4704 569 4745 suam
583 4687 1255 4762 misericordiam,quasi
1277 4687 1627 4744 miraculose
1648 4692 1857 4761 praeter
1961 4685 2022 4740 in
2050 4702 2300 4742 accensu
2330 4689 2529 4741 nostro
2560 4686 2634 4741 ad
2664 4685 2857 4742 locum
2882 4688 3247 4759 pradictum,
3278 4687 3611 4746 invenimus

194 4776 354 4833 vires
376 4774 666 4833 humanas
678 4776 1026 4833 Christianis
1050 4777 1372 4834 tradiderat
1390 4775 1683 4849 potestati,
1699 4777 1854 4832 sicut
1960 4791 2095 4830 vera
2123 4791 2252 4831 esse

202 4881 315 4921 vos
331 4866 629 4922 credimus
648 4883 764 4923 non
786 4865 984 4935 latere,
1001 4865 1255 4922 delibato
1276 4866 1574 4921 communi
1593 4864 1854 4936 consilio,
2030 4863 2383 4919 Accedentes
2411 4862 2591 4936 igitur
2611 4865 2683 4920 ad
2716 4862 2911 4921 locum
2944 4866 3310 4937 praadictum,
3331 4866 3425 4922 die
3457 4866 3611 4923 Mar-

207 4954 286 5010 de
314 4952 583 5010 Damiata
627 4954 1003 5024 recessimus,
1033 4953 1313 5011 vicesima
1350 4954 1444 5010 die
1492 4954 1715 5012 mensis
1742 4954 1854 5011 No-
1962 4951 2060 5021 tis,
2076 4957 2208 5008 ante
2236 4952 2447 5008 festum
2480 4952 2811 5010 Nativitatis
2842 4954 3179 5022 Dominicis,
3198 4955 3258 5011 in
3286 4955 3493 5028 primis
3524 4972 3615 5013 ac-

202 5042 437 5100 vembri
470 5044 733 5116 proximo
778 5043 1056 5116 praeteriti
1083 5062 1095 5112 ;
1130 5046 1478 5117 congregato
1514 5046 1634 5099 tam
1666 5043 1857 5099 navali
1965 5057 2199 5098 cessum
2230 5041 2445 5097 habere
2473 5042 2848 5115 nequivimus
2870 5044 2943 5100 ad
2972 5042 3321 5102 Sarracenos
3351 5045 3612 5116 eosdem,

198 5130 463 5189 exercitu
493 5148 674 5204 quam
705 5132 988 5199 terrestri,
1021 5133 1401 5207 procedentes
1431 5131 1710 5189 adversus
1724 5136 1857 5189 Sar-
1964 5134 2200 5204 propter
2243 5131 2558 5202 quemdam
2607 5130 2850 5188 ﬂuvium
2898 5131 3053 5191 inter
3096 5139 3414 5208 utrumque
3446 5151 3614 5191 exer-

200 5236 553 5277 racenorum
587 5220 927 5289 exercitum,
951 5224 1371 5295 congregatum
1402 5224 1460 5276 et
1489 5224 1859 5277 castrameta-
1889 5263 1933 5295 η
1964 5220 2148 5276 citum
2177 5219 2551 5287 deﬂuentem,
2584 5221 2928 5294 qui'ﬂuvius
2979 5222 3248 5281 Thaneos
3287 5223 3523 5292 dicitur,
3555 5228 3616 5281 et

201 5315 334 5365 tum
366 5309 427 5365 in
458 5308 583 5367 loco
606 5311 707 5384 qui
737 5310 1056 5385 vulgariter
1085 5309 1372 5366 Massoria
1414 5309 1768 5382 appellatur;
1794 5310 1854 5366 in
1888 5307 1932 5326 “
1964 5309 2024 5364 in
2053 5307 2179 5365 loco
2201 5307 2300 5364 illo
2327 5326 2360 5365 a
2380 5325 2593 5383 magno
2624 5309 2867 5368 ﬂumine
2889 5312 3200 5370 derivatur.
3221 5315 3617 5369 lnterutrum-

200 5397 334 5471 ipso
364 5397 604 5470 quidem
632 5400 841 5456 itinere
872 5399 1266 5456 sustinuimus
1313 5397 1545 5471 aliquos
1589 5402 1854 5457 Sarrace-
1965 5415 2078 5472 que
2099 5398 2344 5455 ﬂuvium
2376 5400 2683 5471 posuimus
2714 5406 2908 5459 castra
2941 5401 3562 5477 uostraprotendentia
3582 5418 3618 5458 a

200 5503 419 5543 norum
466 5486 744 5559 insultas,
778 5488 837 5545 in
887 5488 1104 5562 quibus
1151 5488 1389 5545 assidue
1435 5487 1856 5546 detrimentum
1964 5487 2171 5561 majori
2203 5487 2377 5544 ﬂuvio
2409 5489 2482 5544 ad
2514 5489 2834 5561 minorem;
2861 5490 2963 5547 ubi
2993 5491 3310 5564 aliquando
3341 5489 3619 5546 conﬂictu

196 5592 450 5638 suorum
480 5592 597 5638 non
628 5577 927 5639 modicum
957 5581 1306 5655 receperunt
1335 5576 1591 5656 quadam
1621 5577 1715 5637 die
1736 5594 1853 5639 non
1963 5576 2162 5636 habito
2192 5593 2327 5637 cum
2355 5576 2715 5657 Sarracenis,
2746 5579 2919 5641 multi
2950 5581 3288 5641 ceciderunt
3332 5594 3403 5638 ex
3446 5576 3617 5655 ipsis,
