4012 6072
423 263 578 325 1283
926 264 1028 323 AD
1075 264 1587 326 GODEFRIDUM
1629 264 1968 326 APPEND.
2014 263 2092 323 II.
2126 297 2203 307 -—-
2232 261 2541 325 MONUM.
2588 263 2689 322 DE
2730 261 2980 321 BELLO
3025 260 3300 322 SACRO.
3650 258 3844 319 1284

424 417 458 453 ιι
486 394 1314 470 iatrorumgladiisinterfecti;
1341 397 1847 470 maximainsuper
1867 414 2066 453 eorum
2099 400 2154 464 Α
2185 396 2475 464 subsidio,
2506 399 2563 450 et
2611 395 2848 450 tandem
2900 393 3103 450 multis
3143 393 3359 449 ibidem
3406 391 3728 447 vulneratis
3772 408 3849 447 ex

424 484 802 541 multitudine
826 485 1136 541 submersa
1162 485 1219 540 in
1245 485 1641 558 aquisvalidis
1661 492 1717 541 et
1738 487 2065 558 profundis.
2179 486 2399 541 nostris
2432 490 2486 540 et
2536 484 2702 556 equis
2745 482 2965 539 nostris
3016 500 3117 554 pro
3150 481 3356 554 majori
3388 486 3550 554 parte
3581 481 3848 536 diversis

419 586 567 631 Sane
598 573 738 646 quia
766 577 1128 629 memoratus
1153 574 1365 629 ﬂuvius
1389 575 1659 630 Thaneos
1682 592 1797 630 non
1817 579 1941 630 erat
1968 592 2064 630 va-
2143 558 2457 629 'sauciatis
2486 571 2827 627 vulneribus
2854 575 2955 626 aut
2977 571 3206 637 occisis,
3225 569 3471 625 Domino
3488 568 3842 632 auxiliante,

422 662 655 729 debilis,
675 666 908 734 propter
924 661 1382 733 profunditatem
1405 679 1692 734 aquarum
1726 667 1781 717 et
1802 663 2064 735 riparum

421 750 1114 821 altitudinem,cmpimus
1153 751 1339 806 facere
1370 768 1546 823 super
1572 768 1702 806 eum
1735 750 2060 819 calciatam,

423 846 487 897 ut
515 857 616 912 per
644 856 771 895 eam
806 842 1026 910 pateret
1059 838 1344 894 transitus
1384 839 1659 894 exercitui
1711 839 2061 907 Christiano,

421 931 493 986 ad
552 930 659 984 hoc
708 926 912 983 multis
960 926 1166 982 diebus
1217 945 1350 983 cum
1402 928 1707 984 immensis
1739 928 2060 995 laboribus,

421 1017 694 1091 periculis
710 1021 765 1071 et
782 1016 1118 1088 sumptibus
1142 1016 1499 1072 insistentes.
1524 1018 1821 1072 Sarraceni
1843 1022 2059 1085 autem,

419 1125 448 1162 e
480 1110 681 1162 contra
712 1105 848 1161 totis
880 1104 1220 1160 resistentes
1252 1106 1580 1172 conatibus,
1611 1105 1902 1161 machinis
1926 1123 2063 1161 nos-

422 1196 525 1252 tris
539 1212 685 1268 quas
697 1211 1087 1261 erexeramus,
1110 1193 1325 1250 ibidem
1347 1194 1650 1250 machinas
1664 1199 2063 1267 opposuerunt

418 1284 788 1356 quasplures,
841 1283 1058 1354 quibus
1107 1282 1346 1338 castella
1414 1288 1615 1339 nostra
1676 1284 1868 1356 lignea
1934 1301 2061 1355 quae

418 1389 593 1445 super
650 1388 891 1445 passum
941 1370 1211 1426 collocari
1242 1372 1566 1427 feceramus
1599 1373 1891 1437 eumdem,
1924 1389 2061 1427 con~

417 1465 696 1535 quassata
721 1460 1020 1532 lapidibus
1049 1466 1103 1515 et
1134 1464 1451 1526 contracta,
1486 1462 1940 1519 combusserunt
1968 1465 2060 1516 to-

415 1551 611 1607 taliter
638 1549 773 1623 igne
798 1551 1014 1605 Graeco.
1048 1551 1170 1614 Quo
1205 1550 1376 1615 facto,
1413 1549 1529 1604 fere
1558 1550 1715 1605 omni
1750 1566 1851 1622 spe
1880 1553 1935 1605 et
1964 1567 2059 1604 ex-

416 1638 772 1713 spectatione
820 1638 1103 1693 frustrata
1150 1654 1254 1709 per
1303 1637 1607 1694 calciatam
1655 1637 1817 1693 illam
1866 1637 2063 1694 taliter

416 1727 1030 1793 transeundi,tandem
1065 1742 1164 1799 per
1195 1728 1511 1799 quemdam
1543 1732 1928 1783 Sarracenum
1965 1743 2059 1782 ve-
2091 1770 2136 1834 D

413 1818 670 1874 nientem
700 1816 772 1871 ab
804 1815 1203 1888 Egyptiorum
1235 1817 1732 1881 exercitu,datum
1766 1814 2057 1871 fuitnobis

414 1906 662 1978 intelligi
692 1905 886 1960 locum
917 1921 1045 1960 esse
1073 1904 1395 1960 vadabilem
1431 1903 1869 1977 aliquantulum
1911 1905 2056 1960 infe-

412 1996 555 2063 rius,
590 2011 738 2067 quos
782 1998 1008 2065 poterat
1050 1994 1338 2049 exercitus
1403 1993 1769 2049 Christianus
1813 1994 2053 2048 ﬂuvium

410 2090 789 2141 transmeare.
826 2082 983 2149 Inde,
1018 2082 1448 2137 communicato
1493 2082 1736 2138 consilio
1767 2083 2053 2138 baronum

412 2177 469 2229 et
510 2172 756 2230 aliorum
804 2171 1095 2241 majorum
1144 2170 1214 2225 de
1258 2170 1537 2236 exercitu,
1572 2171 1665 2226 die
1717 2172 1890 2226 Luna:
1923 2176 2055 2226 ante

410 2262 666 2330 Gineres,
708 2261 818 2316 fuit
860 2259 1223 2315 concorditer
1252 2259 1587 2315 ordinatum
1621 2260 1776 2331 quod
1808 2261 1863 2314 in
1896 2276 2054 2315 cras-

410 2351 554 2419 tino,
588 2351 680 2405 die
708 2347 974 2405 videlicet
1001 2347 1367 2420 Carniprivii,
1393 2365 1625 2404 summo
1657 2365 1828 2403 mane
1850 2364 2054 2404 conve-

412 2440 674 2495 niremus
706 2438 778 2494 ad
812 2438 1002 2493 locum
1044 2436 1412 2509 praedictum,
1446 2437 1685 2493 ﬂuvium
1724 2437 2051 2505 transituri,

409 2528 665 2601 quadam
713 2531 875 2600 parte
930 2526 1217 2581 exercitus
1248 2527 1315 2580 ad
1367 2530 1691 2582 castrorum
1723 2527 2052 2581 custodiam

410 2617 692 2673 ordinata.
727 2616 829 2671 Die
860 2616 1055 2687 itaque
1078 2614 1651 2682 crastina,ordinatis
1682 2616 2052 2682 aciebus,ve-

408 2707 639 2763 nientes
669 2707 741 2761 ad
773 2705 987 2773 locum,
1020 2703 1401 2759 transivimus
1434 2705 1672 2759 ﬂuvium
1707 2722 1823 2760 non
1853 2709 2049 2759 tamen

410 2797 536 2852 sine
564 2794 723 2869 gravi
754 2793 1034 2866 periculo.
1054 2794 1200 2848 Nam
1233 2794 1575 2865 profundior
1593 2799 1650 2848 et
1673 2793 2055 2865 periculosior

410 2892 534 2942 erat
566 2886 748 2951 locus,
774 2900 952 2955 quam
981 2878 1148 2938 nobis
1181 2884 1365 2937 fuerat
1388 2882 1722 2937 intimatum
1760 2900 1771 2936 :
1800 2883 1878 2937 ita
1895 2883 2048 2953 quod

412 2975 491 3029 ibi
524 2974 781 3046 oportuit
810 2978 1008 3027 natare
1040 2988 1219 3043 equos
1252 2976 1503 3037 nostros,
1537 2976 1593 3026 et
1626 2978 1857 3044 propter
1902 2971 2050 3026 altas

410 3068 468 3119 et
496 3062 762 3119 lutuosas
792 3062 971 3133 ripas,
1005 3060 1370 3132 periculosus
1397 3065 1521 3116 erat
1552 3062 1739 3116 exitus
1789 3060 2051 3117 ﬂuminis

2174 679 2451 734 campum
2484 660 2857 729 retinuimus,
2876 664 3211 715 nostrorum
3234 658 3456 714 viribus
3482 657 3838 725 recollectis,

2174 755 2231 807 et
2250 751 2353 820 ibi,
2382 752 2553 822 juxta
2582 754 3037 805 Sarracenorum
3073 747 3396 811 machinas,
3431 764 3578 819 quas
3625 747 3838 819 aequi-

2174 839 2442 906 sivimus,
2478 840 2682 895 eadem
2736 839 2843 911 die.
2878 842 3068 893 castra
3114 842 3312 893 nostra
3343 835 3649 909 posuimus
3683 853 3695 891 :
3729 836 3835 890 ubi

2173 946 2307 983 cum
2340 928 2544 1001 paucis
2578 944 2802 983 moram
2836 925 3080 982 fecimus
3108 927 3200 982 die
3232 925 3521 993 illo,facto
3554 925 3632 980 ibi
3661 925 3833 996 prius

2172 1022 2345 1090 ponte
2375 1019 2447 1072 de
2478 1016 2679 1089 lignis,
2716 1033 2817 1088 per
2848 1033 3020 1087 quem
3075 1019 3312 1088 possent
3358 1013 3440 1068 illi
3473 1015 3544 1069 ad
3580 1030 3691 1069 nos
3720 1015 3826 1085 qui

2170 1111 2336 1162 erant
2381 1106 2536 1161 ultra
2582 1104 2826 1160 ﬂuvium
2880 1109 3257 1160 transmeare.
3296 1105 3359 1158 In
3390 1103 3645 1158 crastino
3687 1119 3824 1158 vero

2172 1195 2368 1267 plures
2399 1212 2429 1251 e
2457 1193 2675 1250 nostris
2704 1195 2773 1250 de
2804 1194 3076 1249 mandato
3106 1196 3304 1249 nostro
3350 1192 3590 1247 ﬂuvium
3622 1196 3827 1247 trans-

2170 1288 2397 1349 euntes,
2431 1288 2625 1339 castra
2655 1282 2853 1338 metati
2887 1287 3029 1337 sunt
3051 1283 3220 1353 juxta
3252 1298 3358 1336 nos
3391 1299 3404 1335 :
3440 1285 3496 1336 et
3525 1285 3691 1347 tunc,
3723 1281 3822 1335 de-

2169 1372 2409 1428 structis
2442 1373 2897 1428 Sarraeenorum
2926 1370 3238 1438 machinis,
3271 1370 3437 1425 licias
3468 1369 3715 1424 fecimus
3745 1370 3820 1424 ad

2169 1466 2376 1534 pontes
2410 1460 2665 1529 navales,
2701 1478 2803 1532 per
2824 1477 2970 1532 quos
2993 1458 3175 1515 nostri
3209 1459 3278 1514 de
3310 1475 3426 1513 uno
3458 1458 3715 1513 exercitu
3747 1458 3820 1513 ad

2170 1550 2351 1607 alium
2384 1550 2634 1606 transire
2659 1549 2837 1605 libere
2866 1552 3133 1620 poterant
3181 1551 3238 1603 et
3286 1564 3508 1603 secure.
3539 1548 3821 1618 Sequenti

2169 1644 2367 1695 autem
2401 1639 2493 1695 die
2522 1639 2786 1705 Veneris,
2821 1637 2927 1693 ﬁlii
2958 1636 3324 1710 perditionis,
3356 1636 3731 1709 congregatis
3750 1653 3822 1691 ex

2169 1728 2329 1784 omni
2355 1733 2519 1800 parte
2538 1728 2763 1783 viribus
2781 1726 2926 1795 suis,
2944 1726 3339 1782 Christianum
3360 1725 3683 1782 exercitum
3701 1742 3824 1781 om-

2167 1818 2307 1873 nino
2339 1818 2581 1890 perdere
2602 1817 2991 1888 intendentes,
3020 1816 3076 1870 in
3103 1814 3441 1871 fortitudine
3462 1814 3743 1878 maxima,
3762 1821 3821 1870 et

2166 1906 2225 1962 in
2240 1906 2621 1961 multitudine
2634 1904 2864 1960 inﬁnita
2887 1908 3281 1960 convenerunt
3294 1903 3365 1958 ad
3378 1902 3540 1958 licias
3558 1907 3820 1970 nostras,

2165 2014 2233 2053 ex
2263 1995 2422 2051 omni
2451 2000 2613 2068 parte
2638 1993 2924 2050 exercitus
2946 1997 3140 2049 tantos
3161 1997 3400 2064 tamque
3420 1991 3713 2052 terribiles
3738 1992 3818 2047 fa-

2164 2083 2675 2152 eientesinsultus,
2690 2089 2943 2155 quantos
2955 2081 3810 2154 sicutapluribusdicebantur,

2164 2176 2223 2229 in
2273 2175 2357 2229 eis
2407 2174 2653 2230 marinis
2701 2172 2967 2245 partibus
3000 2188 3307 2243 nunquam
3336 2169 3601 2226 viderant
3625 2170 3817 2226 facere

2163 2266 2530 2319 Sarracenos.
2564 2261 2790 2330 Quibus
2830 2267 3047 2327 tamen,
3080 2260 3277 2316 divina
3318 2258 3667 2331 praevalente
3714 2276 3815 2331 po-

2162 2353 2367 2418 tentia,
2386 2351 2655 2408 ordinata
2684 2368 2753 2407 ex
2782 2351 2940 2407 omni
2966 2354 3129 2423 parte
3161 2348 3446 2405 exercitus
3475 2352 3815 2404 nostrorum

2163 2441 2330 2513 copia
2351 2440 2697 2509 restitimus,
2719 2445 2776 2495 et
2808 2440 3063 2512 impetus
3095 2437 3419 2511 repulimus
3447 2438 3817 2507 earumdem,

2164 2529 2418 2585 maxima
2443 2545 2643 2584 eorum
2678 2528 3057 2583 multitudine
3089 2531 3422 2583 nostrorum
3452 2524 3666 2600 gladiis
3725 2526 3817 2581 in-

2162 2620 2490 2675 cumbente.
2509 2618 2784 2674 Pestmod
2797 2634 2892 2672 um
2911 2620 3106 2672 autem
3122 2614 3337 2688 elapsis
3359 2615 3585 2687 aliquot
3599 2615 3815 2670 diebus

2162 2707 2492 2762 adventavit
2521 2706 2674 2777 apud
2708 2706 3029 2760 Massoram
3050 2702 3282 2759 Soldani
3299 2703 3729 2768 ﬁlius,veniens
3745 2704 3819 2758 de

2163 2796 2431 2868 partibus
2463 2794 2714 2850 Orientis
2741 2812 2751 2848 :
2780 2795 2839 2848 in
2871 2795 3043 2865 cujus
3064 2795 3314 2849 adventu
3347 2793 3817 2864 tympanizantes

2161 2890 2217 2941 et
2241 2886 2505 2939 lactantes
2543 2884 3164 2957 Egyptiigeceperunt
3196 2899 3327 2936 eum
3355 2882 3427 2935 ad
3451 2882 3773 2936 Dominum
3803 2900 3815 2936 :

2161 2979 2215 3029 et
2245 2992 2310 3028 ex
2342 2974 2450 3029 hoc
2481 2978 2857 3045 augmentata
2878 2979 2967 3027 cst
2996 2989 3195 3027 eorum
3233 2988 3348 3025 non
3380 2958 3676 3025 medicum
3705 2971 3816 3024 for-

2159 3065 2367 3119 titudo.
2403 3064 2564 3119 Unde
2592 3063 2743 3134 apud
2784 3079 2890 3117 nos
2932 3062 3329 3133 postmodum,
3364 3060 3661 3115 nescimus
3692 3076 3815 3131 quo

409 3153 706 3209 antedicti.
740 3152 1059 3207 Transacto
1085 3149 1283 3221 itaque
1316 3150 1578 3217 ﬂumine,
1598 3155 1834 3205 ventum
1865 3154 1954 3205 est
1977 3151 2047 3205 ad
2080 3138 2121 3204 C
2159 3153 2256 3209 Dei
2282 3153 2529 3224 judicio,
2553 3150 2750 3208 omnia
2780 3150 2998 3206 nostris
3029 3148 3338 3205 desideriis
3368 3148 3424 3203 in
3450 3148 3816 3204 contrarium

408 3241 601 3297 locum
659 3240 760 3295 ubi
820 3244 986 3295 erant
1030 3244 1479 3294 Sarracenorum
1540 3238 1842 3306 machinae,
1887 3240 2058 3309 juxta

409 3330 711 3386 ealciatam
746 3328 1100 3401 praedictam.
1120 3329 1187 3383 Et
1219 3327 1416 3383 habito
1439 3345 1570 3383 cum
1606 3329 1941 3383 Sarracenis
1964 3345 2056 3400 ag—

409 3436 638 3492 gressu,
671 3417 852 3473 nostri
906 3416 1008 3488 qni
1056 3417 1476 3489 praecedebant,
1531 3416 1748 3471 multos
1796 3433 1863 3470 ex
1910 3416 2055 3488 ipsis

408 3507 778 3563 trucidarunt
806 3505 1038 3577 gladiis,
1074 3523 1187 3560 non
1221 3510 1522 3577 parcentes
1553 3504 1713 3560 sexui
1745 3504 1829 3560 vel
1876 3506 2050 3560 aetati.

409 3596 568 3650 Inter
596 3611 743 3665 quos
766 3593 1134 3664 capitaneum
1149 3594 1511 3661 eorumdem,
1528 3598 1583 3647 et
1598 3595 1891 3664 quosdum
1910 3593 2055 3648 alios

407 3682 727 3738 admiratos
757 3681 1174 3736 interfecerunt
1220 3681 1458 3737 ibidem.
1492 3681 1705 3737 Deinde
1751 3698 1883 3737 vero
1933 3682 2052 3737 dis-

410 3770 595 3844 persis
626 3771 863 3825 aciebus
877 3770 1115 3835 nostris,
1131 3769 1369 3841 quidam
1390 3775 1722 3825 nostrorum
1745 3786 1847 3842 per
1864 3773 2056 3825 castra

406 3860 666 3917 hostium
689 3859 1103 3926 discurrentes,
1122 3862 1407 3914 venerunt
1422 3876 1604 3931 usque
1628 3861 1698 3916 ad
1729 3858 1925 3914 villam
1941 3877 2054 3932 que

407 3950 673 4007 Massora
721 3948 957 4016 dicitur,
1013 3952 1300 4021 quotquot
1363 3948 1622 4004 hostium
1672 3951 2054 4006 occurrebant

405 4038 621 4113 gladiis
652 4038 1004 4094 occidentes.
1038 4038 1147 4093 Sed
1180 4038 1417 4093 tandem
1468 4038 1791 4103 Sarraceni,
1823 4040 2052 4112 cognito

406 4144 607 4184 eorum
653 4126 982 4182 inconsulto
1008 4143 1309 4197 processu,
1342 4128 1659 4199 resumptis
1700 4126 1923 4184 viribus
1974 4128 2052 4183 ir—

405 4220 641 4273 ruentes
667 4217 727 4271 in
757 4232 877 4284 eos,
900 4220 957 4271 et
977 4214 1488 4271 circumvallantes
1510 4216 1788 4289 undique,
1813 4234 2051 4290 oppres-

406 4310 610 4361 serunt
640 4305 898 4370 eosdem,
914 4304 1013 4359 ubi
1046 4305 1198 4360 facta
1222 4308 1311 4359 est
1332 4310 1665 4361 nostrorum
1690 4310 1913 4379 strages
1936 4323 2048 4361 non

402 4395 635 4451 modica
676 4395 967 4450 baronum
1013 4397 1071 4449 et
1119 4392 1399 4461 militum,
1455 4399 1575 4448 tam
1645 4393 2048 4467 religiosorum

403 4500 580 4555 quam
595 4482 842 4539 aliorum
854 4525 867 4550 ,
883 4483 953 4538 de
966 4499 1083 4555 qua
1096 4499 1211 4536 non
1228 4482 1521 4537 immerito
1533 4482 1834 4539 doluimus
1851 4501 2051 4555 quam-
2083 4508 2130 4572 Β

402 4571 724 4645 plurimum
747 4577 803 4628 et
824 4570 1111 4627 dolemus.
1130 4571 1211 4626 Ibi
1245 4570 1596 4626 etiamillum
1616 4571 2048 4643 praecordialem

402 4665 459 4716 et
471 4661 812 4735 praeclarum
828 4660 1064 4716 fratrem
1081 4664 1346 4715 nostrum
1359 4701 1372 4725 ,
1390 4661 1707 4716 recolendas
1731 4662 2045 4728 memoriae,

401 4754 460 4807 et
485 4751 868 4807 Atrabensem
904 4750 1199 4815 comitem,
1232 4749 1635 4820 temporaliter
1685 4749 1996 4806 amisimus
2031 4768 2043 4805 :

402 4840 555 4911 quod
588 4857 722 4895 cum
755 4838 946 4895 cordis
977 4837 1366 4894 amaritudine
1398 4838 1715 4895 recolimus
1740 4843 1797 4894 et
1825 4839 2042 4907 dolore,

402 4925 537 4982 licet
567 4928 636 4984 de
667 4929 793 5000 ipso
824 4928 1196 5001 gaudendum
1221 4927 1502 4999 sitpotius
1516 4944 1689 4999 quam
1703 4928 2044 4996 dolendum,

400 5015 679 5087 quoniam
728 5034 830 5087 pro
877 5022 1032 5073 certe
1082 5017 1376 5072 credimus
1424 5022 1480 5083 et
1534 5033 1840 5089 speramus
1884 5034 2040 5085 eum,

400 5120 615 5171 corona
643 5104 926 5177 martyrii,
962 5106 1032 5160 ad
1066 5104 1356 5162 caelestem
1390 5104 1649 5161 evolasse
1681 5106 1953 5178 patriam,
1989 5112 2045 5162 et

401 5192 483 5247 ibi
513 5208 647 5247 cum
680 5194 899 5248 sanctis
930 5193 1284 5265 martyribus
1307 5195 1637 5265 perenniter
1657 5196 2040 5268 congaudere.

472 5280 672 5353 Itaque
701 5282 793 5337 die
824 5281 947 5345 illa,
979 5282 1314 5338 Sarracenis
1346 5300 1522 5354 super
1553 5299 1658 5338 nos
1687 5283 2045 5341 irruentibus

402 5369 681 5441 undique,
698 5386 763 5424 ac
777 5370 1023 5426 imbrem
1038 5370 1442 5426 emittentibus
1453 5371 1823 5443 sagittarum,
1843 5389 2046 5445 graves

402 5457 657 5537 insultus
723 5458 1117 5516 sustinuimus
1186 5459 1526 5515 eorumdem
1574 5477 1761 5532 usque
1817 5463 2048 5519 circiter

386 5548 606 5641 ‘horam
636 5566 874 5627 nonam,
896 5549 1200 5612 deﬁciente
1231 5549 1401 5610 nobis
1430 5550 1669 5609 omnino
1702 5552 2050 5615 balistarum

2167 3245 2600 3308 successerunt,
2652 3239 2904 3295 inolente
2966 3239 3329 3294 diversarum
3376 3238 3822 3310 aegritudinum,

2166 3336 2347 3402 peste,
2372 3334 2428 3384 et
2458 3328 2832 3384 mortalitatis
2862 3327 3035 3383 etiam
3070 3326 3355 3398 generalis
3386 3330 3503 3380 tam
3538 3326 3595 3380 in
3624 3325 3818 3380 homi-

2166 3420 2342 3475 nibus
2369 3435 2545 3491 quam
2576 3418 2634 3472 in
2668 3417 2951 3489 equis,ita
2973 3417 3127 3488 quod
3145 3416 3238 3471 vix
3267 3419 3432 3471 erant
3465 3415 3525 3469 in
3556 3415 3817 3470 exercitu

2165 3507 2345 3579 aliqui
2374 3508 2473 3579 qui
2508 3511 2768 3562 mortuos
2798 3523 2936 3561 suos
2966 3522 3080 3561 non
3113 3505 3472 3577 plangerent,
3496 3508 3599 3558 aut
3629 3520 3786 3576 zegro
3809 3536 3822 3546 -

2163 3602 2354 3653 tantes
2385 3597 2453 3651 ad
2476 3600 2742 3651 mortem.
2759 3594 2921 3650 Unde
2942 3611 3046 3666 pro
3064 3611 3278 3666 magna
3299 3597 3461 3665 parte
3483 3593 3823 3650 diminutus

2163 3690 2287 3741 erat
2308 3684 2593 3741 exercitus
2623 3683 3017 3747 Christianus,
3048 3686 3104 3737 et
3134 3686 3539 3753 consumptus.

2234 3775 2457 3829 Tantus
2487 3777 2609 3828 erat
2638 3772 2898 3827 defectus
2918 3770 3281 3838 victualium,
3301 3771 3454 3843 quod
3475 3769 3677 3842 plures
3694 3769 3821 3826 ine-

2162 3861 2259 3917 dia
2288 3861 2633 3917 deficiebant
2652 3866 2710 3916 et
2732 3860 2901 3915 fame.
2919 3860 3044 3916 Non
3066 3860 3223 3915 enim
3246 3858 3464 3915 vasella
3494 3858 3721 3914 navalia
3741 3860 3816 3914 de

2162 3951 2427 4006 Damieta
2457 3951 2525 4006 ad
2561 3949 2876 4006 exercitum
2902 3948 3151 4004 transire
3185 3952 3468 4020 poterant,
3493 3947 3820 4020 impedien-

2162 4040 2322 4095 tibus
2367 4041 2815 4094 Sarraeenorum
2864 4037 3047 4110 galeis
3090 4041 3149 4092 et
3174 4037 3333 4092 vasis
3364 4035 3647 4108 piraticis,
3681 4053 3816 4108 qua:

2161 4146 2265 4200 per
2318 4132 2532 4181 terram
2583 4127 2641 4181 in
2704 4125 2944 4181 ﬂumine
3006 4125 3431 4181 eollocaverant
3493 4125 3815 4180 antedicto.

2161 4217 2368 4289 Sicque
2399 4215 2803 4288 compluribus
2822 4214 2977 4271 vasis
3001 4215 3215 4271 nostris
3239 4214 3403 4287 prius
3424 4212 3610 4285 captis
3631 4214 3703 4269 ab
3726 4212 3818 4269 eis

2160 4308 2219 4361 in
2252 4306 2512 4371 ﬂumine,
2541 4305 2777 4359 tandem
2813 4305 2961 4360 duas
2993 4303 3285 4359 sucessive
3315 4320 3650 4369 caravanas,
3686 4302 3817 4358 vic-

2161 4394 2344 4451 tualia
2372 4400 2429 4449 et
2460 4393 2575 4449 alia
2606 4392 2789 4448 multa
2822 4393 2975 4448 bona
3006 4393 3075 4448 ad
3110 4392 3428 4447 exercitum
3458 4392 3814 4459 deterentes,

2160 4500 2309 4539 caesa
2339 4482 2703 4538 marinorum
2736 4485 2793 4535 et
2825 4480 3075 4535 aliorum
3108 4480 3509 4547 multitudine,
3530 4486 3818 4551 ceperunt

2161 4573 2221 4627 in
2270 4572 2452 4627 totius
2499 4569 2785 4625 exercitus
2833 4569 3274 4624 detrimentum.
3309 4568 3469 4624 Unde
3500 4568 3815 4624 deﬁciente

2158 4660 2394 4718 omnino
2415 4659 2778 4725 victualium,
2812 4662 2869 4713 et
2897 4674 3140 4713 annona
3171 4674 3455 4730 equorum
3505 4655 3813 4730 suﬂ‘ragio,

2155 4753 2454 4823 cmperunt
2480 4750 2537 4803 in
2570 4748 2825 4804 exercitu
2862 4747 3107 4803 deiicere
3139 4748 3255 4804 fere
3284 4763 3512 4817 omnes,
3546 4746 3606 4801 in
3641 4746 3815 4801 deso-

2154 4840 2432 4896 lationem
2465 4842 2522 4891 et
2553 4841 2831 4892 terrorem
2867 4854 2981 4892 non
3014 4836 3311 4891 modicum
3336 4835 3685 4890 incidentes.
3707 4835 3813 4891 llis

2152 4929 2331 5001 igitur
2344 4930 2594 4981 aretatos
2620 4924 3034 4991 incommodis,
3049 4929 3170 4979 tam
3184 4927 3420 4996 propter
3437 4924 3701 4979 ciborum
3722 4940 3813 4979 ca-

2153 5017 2402 5073 rentiam
2423 5017 2479 5069 et
2498 5030 2782 5085 equorum
2815 5018 3214 5079 annonae,tam
3246 5016 3482 5085 propter
3511 5028 3683 5068 casus
3712 5030 3810 5069 su-

2152 5105 2350 5179 perius
2381 5104 2708 5168 adnotatos,
2731 5102 3082 5158 inevitabilis
3104 5100 3425 5157 necessitas
3441 5117 3548 5156 nos
3579 5100 3814 5157 induxit

2154 5214 2187 5251 a
2216 5194 2340 5250 loco
2370 5190 2648 5264 praedicto
2682 5192 2969 5258 recedere,
2993 5194 3049 5246 et
3081 5190 3151 5246 ad
3185 5194 3378 5262 partes
3405 5189 3686 5244 Damieta:
3718 5206 3808 5244 re-

2156 5284 2299 5349 dire,
2335 5281 2384 5337 si
2417 5279 2701 5335 Dominus
2730 5278 3098 5350 providisset.
3132 5279 3260 5344 Sed,
3286 5295 3413 5333 cum
3440 5279 3544 5333 via:
3571 5277 3813 5333 hominis

2156 5389 2266 5429 non
2294 5372 2407 5426 sint
2430 5370 2489 5423 in
2518 5383 2597 5431 eo,
2628 5366 2717 5422 sed
2747 5369 2931 5434 potius
2959 5370 3019 5421 in
3050 5368 3166 5435 illo,
3185 5369 3280 5438 qui
3309 5382 3647 5439 quorumque
3665 5382 3812 5438 gres-

2157 5478 2246 5517 sus
2284 5459 2500 5530 dirigit,
2545 5464 2596 5511 et
2633 5455 2874 5526 disponit
2915 5456 3081 5527 juxta
3127 5473 3231 5512 sua
3256 5456 3466 5528 placita
3505 5456 3808 5513 voluntatis

2163 5552 2376 5631 (Jerem.
2409 5565 2466 5620 x,
2495 5545 2608 5618 23),
2642 5545 2786 5605 dum
2816 5561 3084 5606 essemus
3110 5544 3171 5604 in
3200 5544 3407 5606 itinere
3455 5546 3804 5621 revertendi,
