4012 6072
203 195 382 273 1301

1350 209 1731 271 HOMILLE.
1766 243 1844 254 —
1872 207 1922 270 Ι.
1968 209 2071 269 DE
2113 209 2515 272 TEMPORE.

3477 211 3502 273 Ι
3515 209 3630 272 302

1503 540 2362 633 THEODOBETUS

526 750 722 815 Libro
761 750 843 815 de
881 751 1225 814 curatione
1266 749 1721 815 Atfectionum
1761 749 2142 816 Graecarum
2186 757 2445 833 octavo,
2490 755 2605 838 qui
2647 760 2746 820 est
2785 757 2868 821 de
2908 755 3330 841 Martyribus.

1720 952 2149 967 ..ι-*ι-

295 1132 324 1159 ‹‹
358 1109 503 1164 Nam
535 1111 593 1164 et
617 1105 938 1163 Antiochus
960 1107 1113 1162 Deus
1133 1110 1370 1162 vocatus
1393 1107 1751 1177 est,etCaius
1769 1108 1867 1181 qui
1897 1108 1955 1176 Α
1985 1109 2113 1165 Haec
2144 1108 2340 1182 itaque
2371 1110 2635 1167 omnium
2667 1111 3000 1184 spectaculo
3032 1116 3388 1185 exporrecta,
3413 1115 3630 1170 testan-

220 1196 458 1255 Tiberio
480 1195 816 1268 imperatori
847 1195 1150 1260 successit,
1203 1194 1602 1266 Vespasianus
1647 1213 1877 1269 quoque

215 1290 281 1342 et
314 1285 626 1352 Adrianus,
660 1284 772 1341 sibi
801 1283 1021 1356 templa
1073 1283 1337 1354 ingentia
1393 1283 1741 1340 excitarunt.
1774 1288 1878 1340 Ve-

220 1393 360 1432 rum
384 1381 442 1431 et
468 1373 629 1430 vitali
661 1372 839 1428 simul
871 1390 1014 1428 aura
1044 1377 1101 1428 et
1155 1372 1334 1444 impio
1390 1372 1610 1428 honore
1669 1373 1876 1446 privati

221 1470 388 1522 sunt.
421 1464 742 1534 Martyrum
775 1479 906 1517 vero
938 1461 1157 1533 templa
1186 1462 1504 1534 conspicua
1535 1467 1874 1531 cernuntur,

222 1552 636 1626 magnitudine
669 1569 796 1623 quae
828 1551 1184 1623 prmstantia,
1214 1551 1372 1604 omni
1406 1555 1682 1622 przeterea
1712 1569 1879 1607 orna-

221 1647 326 1700 tus
355 1658 565 1715 genere
595 1639 837 1706 variata,
898 1638 1388 1712 splendoremque
1445 1640 1877 1711 quodammodo

219 1729 683 1806 pulchritudinis
714 1746 831 1785 suae
863 1728 974 1784 late
1009 1727 1331 1783 fundeutia.
1366 1729 1563 1800 Neque
1592 1747 1724 1784 vero
1756 1729 1876 1784 haec

220 1839 332 1896 per
360 1837 581 1876 annum
613 1817 812 1885 semel,
849 1821 951 1874 aut
981 1817 1072 1873 bis
1105 1821 1206 1871 aut
1251 1817 1561 1890 quinquies
1603 1819 1876 1874 adventa-

223 1927 385 1975 mus,
418 1910 520 1965 sed
552 1908 611 1962 in
642 1907 726 1964 eis
757 1923 1155 1979 saepenumero
1177 1905 1301 1961 dies
1325 1906 1501 1962 festos
1519 1909 1874 1980 peragimus,

221 2017 380 2066 sape
410 1998 618 2054 diebus
648 1995 899 2070 singulis
921 2012 1122 2051 eorum
1147 2000 1468 2069 martyrum
1494 1997 1738 2052 Domino
1759 1995 1880 2051 lau-

224 2090 334 2146 des
353 2088 720 2162 hymnosque
742 2085 1301 2156 cantamus.Quique
1313 2085 1581 2141 homines
1603 2103 1881 2158 prospera

224 2182 370 2235 sunt
397 2176 750 2244 valetudine,
785 2173 1114 2230 conservari
1145 2190 1272 2228 eam
1313 2173 1426 2228 sibi
1459 2191 1493 2229 a
1523 2173 1879 2246 martyribus

225 2269 476 2340 petunt;
514 2263 614 2338 qui
643 2281 774 2319 vero
809 2261 1216 2336 aegritudinem
1264 2261 1518 2335 aliquam
1552 2262 1877 2335 patiuntur,

225 2355 542 2412 sanitatem
575 2354 1175 2426 exposcuntlnsuper
1203 2355 1259 2406 et
1283 2350 1512 2408 steriles
1545 2351 1650 2406 viri
1681 2357 1736 2407 et
1757 2369 1882 2407 mu-

225 2443 399 2500 lieres
432 2441 558 2498 dari
607 2441 718 2498 sibi
780 2440 929 2497 filios
986 2444 1226 2513 petunt:
1262 2440 1362 2512 qui
1419 2458 1550 2496 vero
1609 2446 1879 2513 parentes

226 2532 626 2606 sunt,integra
655 2531 766 2587 sibi
800 2534 856 2586 et
881 2529 1114 2603 propria
1135 2529 1413 2584 custodiri
1437 2548 1563 2602 quae
1581 2530 1877 2586 consecuti

226 2627 389 2691 sunt,
422 2621 744 2677 dona.Item
777 2619 876 2692 qui
910 2635 1147 2693 peregre
1178 2617 1373 2689 aliquo
1407 2617 1876 2690 proficiscuntur,

229 2715 438 2786 petunt
470 2711 750 2782 Martyres
783 2707 892 2764 sibi
925 2707 1170 2764 comites
1200 2724 1328 2763 esse
1357 2707 1414 2761 in
1447 2707 1652 2773 via,vel
1685 2709 1880 2780 potius

227 2800 459 2857 itineris
489 2799 687 2854 duces.
723 2795 829 2864 Qui
851 2815 982 2852 vero
1005 2798 1129 2868 jam
1159 2795 1407 2868 sospites
1431 2796 1882 2869 redierunt,gra—

230 2889 345 2945 tias
375 2892 576 2962 agunt,
609 2891 911 2959 acceptum
954 2885 1302 2942 beneficium
1362 2886 1723 2941 confitentes.
1755 2885 1879 2941 Non

232 2978 333 3051 qui
369 2994 430 3033 se
462 2977 532 3033 ad
559 2977 698 3032 deos
727 2976 997 3031 accedere
1042 2974 1418 3043 arbitrentur,
1453 2975 1552 3029 sed
1586 2975 1684 3046 qui
1717 2979 1882 3031 orent

230 3067 335 3124 Dei
372 3070 658 3139 martyres
689 3069 970 3137 tanquam
1012 3063 1238 3119 divinos
1287 3063 1555 3119 homines
1604 3063 1878 3120 interces-

235 3171 514 3228 soresque
544 3153 656 3211 sibi
715 3171 814 3210 eos
870 3155 1025 3226 apud
1084 3154 1266 3209 Deum
1324 3154 1604 3209 advocent
1634 3171 1698 3208 ac
1746 3170 1881 3225 pre-

239 3251 469 3302 centur.
504 3244 600 3300 Pie
629 3259 762 3299 vero
794 3242 1155 3315 fideliterque
1214 3246 1478 3315 precatos
1524 3259 1591 3298 ea
1631 3242 1882 3297 maxime

231 3333 513 3406 consequi
544 3350 671 3405 quae
703 3332 1056 3398 desiderant,
1090 3335 1380 3386 testantur
1420 3330 1521 3386 illa
1567 3349 1693 3404 quae
1724 3336 1881 3387 voto-

232 3439 367 3480 rum
435 3421 514 3478 rei
588 3422 740 3478 dona
795 3420 1151 3494 persolvunt,
1213 3419 1526 3476 manifesta
1602 3419 1882 3475 nimirum

233 3513 456 3584 adeptae
486 3510 756 3568 sanitatis
795 3510 1028 3566 indicia.
1070 3511 1217 3566 Nam
1276 3510 1373 3565 alii
1411 3509 1649 3582 quidem
1689 3508 1883 3565 oculo-

235 3618 391 3670 rnm,
436 3600 532 3656 alii
591 3617 723 3656 vero
784 3600 1021 3672 pedum,
1093 3599 1191 3655 alii
1251 3616 1419 3671 porro
1475 3616 1757 3654 manuum
1815 3598 1888 3655 si-

238 3689 499 3746 mulacra
531 3689 922 3762 suspendunt,
955 3705 1024 3744 ex
1068 3693 1307 3762 argento
1367 3705 1576 3744 aurove
1604 3688 1883 3746 confecta.

236 3777 581 3834 Gratissime
631 3793 887 3850 namque
915 3776 1128 3849 accipit
1173 3794 1372 3832 eorum
1428 3777 1712 3833 Dominus
1743 3794 1881 3849 qua-

1984 1203 2080 1254 tur
2109 1199 2448 1256 morborum
2483 1199 2906 1273 depulsionem,
2942 1203 3110 1273 cujus
3142 1202 3270 1274 ipsa
3301 1202 3633 1259 certissima

1985 1287 2156 1360 signa
2186 1293 2347 1360 sunt,
2379 1306 2414 1344 a
2454 1289 2702 1345 sanitate
2753 1290 3081 1346 consecutis
3134 1291 3345 1347 allata:
3377 1291 3520 1358 haec,
3551 1291 3634 1347 in-

1985 1394 2182 1449 quam.
2218 1378 2619 1450 sepulcrorum
2652 1379 2732 1434 ibi
2793 1384 3116 1453 martyrum
3165 1399 3291 1453 qua
3339 1381 3417 1436 sit
3445 1379 3632 1437 virtus

1985 1467 2650 1540 ostenduntltlartyrum
2683 1473 2876 1524 autem
2899 1469 3084 1526 virtus
3106 1487 3278 1541 quem
3303 1469 3413 1542 ipsi
3438 1469 3632 1526 colue-

1987 1560 2124 1610 runt
2155 1557 2358 1624 Deum,
2393 1575 2592 1612 verum
2623 1574 2750 1614 esse
2783 1559 2964 1615 Deum
2997 1558 3275 1626 declarat,
3297 1563 3387 1614 net
3407 1563 3630 1616 caetera.

1985 1675 2051 1686 —
2084 1646 2338 1700 Deinde:
2375 1649 2504 1700 «At
2560 1646 2892 1718 philosophi
2953 1648 3190 1719 quidem
3253 1647 3633 1720 praeclarique

1985 1737 2242 1790 oratores
2268 1732 2542 1789 oblivioni
2568 1735 2694 1805 jam
2728 1734 2846 1788 dati
2871 1739 3010 1790 sunt
3035 1735 3477 1806 :imperatorum
3499 1751 3632 1790 vero

1987 1839 2051 1878 ac
2084 1839 2428 1894 magnorum
2463 1823 2676 1890 ducum
2711 1839 2781 1878 ne
2811 1823 3050 1879 nomina
3080 1822 3315 1895 quidem
3340 1821 3510 1878 multi
3535 1823 3634 1878 ho-

1988 1911 2082 1966 die
2113 1915 2347 1976 norunt,
2380 1928 2512 1965 cum
2547 1915 2741 1966 tamen
2789 1916 3110 1982 martyrum
3170 1911 3408 1966 nomina
3440 1912 3630 1984 magis

1988 2017 2164 2072 quam
2200 1998 2576 2054 familiarium
2638 1999 2838 2077 cuncti
2892 2000 3168 2056 mortales
3225 1999 3449 2068 sciant;
3485 2000 3628 2071 quin

1988 2089 2163 2145 etiam
2198 2088 2576 2144 nascentibus
2605 2088 2740 2144 filiis
2771 2105 2836 2144 ea
2857 2089 3078 2161 imponi
3111 2089 3427 2154 curant,ita
3449 2092 3636 2145 custo-

1988 2178 2146 2234 diam
2179 2177 2294 2232 illis
2317 2177 2677 2249 tutelamque
2721 2178 3112 2233 certissimam
3145 2182 3570 2250 comparantes,
3607 2201 3634 2227 »

1988 2270 2044 2322 et
2073 2269 2296 2321 caetera.
2333 2297 2398 2306 —
2431 2266 2574 2320 Item
2601 2283 2613 2320 :
2652 2287 2678 2316 «
2705 2271 2778 2320 At
2799 2264 2930 2320 illos
2962 2265 3200 2336 quidem
3223 2282 3420 2321 cassos
3451 2264 3638 2337 gloria

1987 2372 2286 2427 vanosque
2316 2354 2725 2420 reddidit,suis
2757 2358 2952 2409 autem
2979 2355 3337 2426 martyribus
3355 2352 3635 2409 honorem

1988 2443 2223 2498 illorum
2253 2443 2411 2499 dedit
2436 2459 2449 2496 :
2484 2460 2586 2514 pro
2618 2442 2852 2498 Paudiis
2886 2443 3041 2497 enim
3067 2441 3398 2513 Diaslisque
3416 2459 3480 2497 ac
3503 2441 3637 2497 Dio-

1989 2532 2190 2607 nysiis,
2223 2533 2333 2588 hoc
2365 2536 2452 2587 est
2482 2533 2641 2587 Jovis
2695 2531 3003 2603 Liberique
3035 2531 3218 2602 patris
3251 2530 3637 2587 solemnitati-

1989 2623 2122 2692 bus,
2154 2622 2345 2690 Petro,
2378 2619 2576 2687 Paulo,
2612 2620 2868 2686 Thomze,
2893 2619 3424 2693 Sergio,Marccllo,
3460 2619 3640 2675 Leon-

1986 2710 2088 2777 tio,
2123 2711 2434 2777 Antonino,
2471 2708 2741 2764 Maurilio
2773 2708 3019 2781 aliisque
3041 2709 3260 2766 sanctis
3283 2707 3639 2781 martyribus

1990 2798 2259 2871 populari
2327 2797 2498 2870 epulo
2558 2801 2933 2870 peraguntur.
2996 2803 3224 2870 Proque
3281 2797 3380 2852 illa
3461 2797 3639 2854 veteri

1991 2905 2224 2960 pompa,
2254 2905 2357 2960 pro
2389 2887 2545 2959 turpi
2581 2887 2940 2942 obscenitate
2978 2905 3044 2943 ac
3094 2887 3460 2959 impudentia
3489 2887 3640 2942 fiunt

1989 2977 2264 3033 modestae
2297 2980 2467 3031 castae
2501 2992 2565 3030 ac
2595 2975 2992 3047 temperantiae
3043 2975 3225 3047 plenae
3272 2973 3633 3042 festivitates,

1990 3083 2106 3121 non
2137 3064 2247 3119 illa:
2279 3063 2516 3136 quidem
2548 3080 2706 3118 mero
2739 3062 3163 3128 delibutze,non
3195 3061 3636 3119 comessationi-

1990 3155 2102 3210 bus
2131 3153 2304 3222 leves,
2339 3170 2453 3208 non
2487 3152 2789 3209 cachinnis
2819 3151 3044 3220 solutae,
3071 3152 3171 3208 sed
3204 3152 3416 3208 divinis
3448 3150 3633 3208 canti-

1991 3242 2075 3300 cis
2107 3245 2509 3318 personantes,
2561 3242 2859 3313 sacrisque
2903 3240 3274 3297 sermonibus
3329 3239 3638 3296 audiendis

1992 3332 2247 3400 intentae,
2281 3331 2340 3385 in
2365 3331 2579 3403 quibus
2611 3332 2682 3385 ad
2711 3331 2893 3386 Deum
2919 3347 3116 3402 preces
3138 3347 3253 3386 non
3272 3330 3398 3386 sine
3419 3327 3639 3386 sauctis

1990 3420 2264 3493 lacrymis
2279 3437 2344 3475 ac
2358 3419 2630 3491 suspiriis
2643 3419 3239 3475 submittuntur.Cum
3253 3419 3449 3492 itaque
3461 3417 3638 3475 talem

1991 3514 2334 3580 tantamque
2367 3507 2678 3563 utilitatem
2734 3526 2802 3563 ex
2854 3509 3212 3581 martyribus
3271 3508 3488 3564 honore
3529 3507 3641 3564 col-

1993 3597 2111 3654 lato
2145 3598 2443 3670 provenire
2471 3597 2740 3653 homines
2769 3598 3034 3663 videatis,
3070 3598 3276 3670 fugite,
3308 3614 3524 3671 quaeso,
3549 3615 3644 3652 er-

1995 3705 2184 3744 rorem
2216 3688 2569 3752 daemonum,
2606 3687 2932 3759 praevioque
2975 3688 3153 3742 ductu
3202 3692 3528 3760 martyrum
3560 3687 3643 3742 fa-

1995 3777 2279 3848 cibusque
2313 3780 2562 3842 utentes,
2613 3775 2765 3830 viam
2821 3775 3106 3848 capescite
3154 3793 3280 3848 quae
3331 3776 3403 3831 ad
3459 3776 3643 3831 Deum

237 3867 552 3939 liacunque
583 3869 721 3922 sunt
749 3865 1036 3934 dona,nec
1067 3865 1274 3939 exigua
1303 3883 1407 3920 nec
1436 3865 1572 3921 vilia
1601 3865 1884 3939 dedigna-
1915 3854 1958 3920 C
1998 3866 2280 3938 perducit,
2317 3871 2379 3920 ut
2408 3864 2728 3920 immortali
2778 3882 2893 3921 aevo
2924 3864 3160 3921 illorum
3190 3865 3383 3921 choris
3413 3867 3471 3920 et
3499 3881 3643 3938 prae-

237 3961 357 4023 tur,
393 3955 609 4028 quippe
639 3954 741 4027 qui
774 3971 842 4010 ea
881 3970 984 4027 pro
1035 3955 1274 4010 ferentis
1325 3953 1597 4010 facultate
1629 3954 1886 4009 metitur.

236 4106 664 4139 πε

2001 3955 2191 4010 sentia
2221 3953 2621 4027 perfruamini.
2660 3977 2686 4003 ››

1082 4256 1625 4404 RABULPHI
1724 4254 2244 4406 ABDENTIS
2335 4255 2816 4403 HOMILIE

1284 4716 1804 4806 HOMILL‘E
1859 4716 2004 4802 DE
2065 4713 2592 4804 TEMPORE

437 5163 486 5200 IN
525 5160 884 5200 εοιΕκΝιτΑΤΕ
923 5160 1101 5199 SANCTI
1141 5158 1373 5198 ΔΝῺΒΕᾸΞ
1411 5159 1688 5198 APOSTOLI.

314 5233 483 5290 Corde
510 5233 751 5288 creditur
779 5231 850 5287 ad
865 5233 1186 5304 justitiam;
1215 5248 1307 5287 ore
1337 5239 1518 5286 autem
1539 5233 1800 5303 confessio
1829 5231 1890 5302 ﬁt

235 5322 306 5378 ad
334 5323 569 5378 salutem
599 5323 774 5390 (Rom.
806 5324 885 5389 χ),
914 5325 1024 5376 etc.
1060 5320 1376 5393 Tripartita
1423 5323 1511 5374 est
1543 5318 1662 5374 haec
1695 5319 1886 5388 lectio,

235 5410 449 5468 fratres
482 5410 816 5466 mei.Primo
846 5409 1004 5466 enim
1032 5409 1288 5466 ostendit
1315 5408 1608 5481 Apostolis
1639 5410 1793 5481 quod
1825 5427 1894 5465 ex

241 5499 358 5556 fide
380 5503 436 5555 et
461 5500 827 5560 confessione
856 5501 946 5554 est
977 5498 1172 5567 salus;
1199 5498 1475 5561 secundo,
1506 5497 1660 5552 unde
1693 5497 1801 5552 illae
1835 5499 1894 5554 in

1914 5055 1960 5119 D
1994 5052 2163 5108 nobis
2187 5053 2450 5108 oriantur
2474 5052 2663 5120 ;tertio
2682 5051 2941 5108 ostendit
2961 5050 3115 5123 quod
3134 5049 3325 5123 magis
3345 5048 3644 5106 auditores

1998 5141 2412 5213 przedicationi,
2443 5158 2617 5213 quam
2676 5140 3007 5214 praedicatio
3067 5138 3434 5194 auditoribus
3473 5138 3643 5194 desit.

2000 5230 2324 5286 Ostendens
2355 5230 2534 5302 igitur
2563 5230 2874 5302 Apostolus
2907 5247 2973 5284 ex
3005 5229 3219 5300 quibus
3272 5227 3648 5300 proﬁciamus

2001 5321 2069 5375 ad
2095 5319 2391 5391 justitiam
2424 5324 2481 5373 et
2513 5319 2783 5387 salutem,
2819 5319 2900 5374 ait
2931 5337 2943 5374 :
2983 5319 3149 5375 Corde
3178 5317 3422 5373 creditur
3449 5317 3519 5372 ad
3548 5317 3646 5389 ju-

2000 5411 2232 5476 stittam,
2257 5424 2458 5464 verum
2490 5409 2551 5478 ﬁt
2570 5410 2831 5478 confessio
2853 5412 3028 5475 ore,et
3055 5407 3134 5462 ita
3166 5407 3234 5462 ad
3263 5406 3648 5462 salutemNon

2004 5497 2223 5554 sufficit
2255 5496 2399 5552 fides
2431 5497 2620 5554 cordis
2653 5496 2778 5552 sine
2832 5496 3199 5553 confessione
3229 5495 3366 5563 oris,
3398 5493 3650 5550 maxime
