3980 6084
197 269 364 338 1309

1340 273 1716 338 HOMILL‘E.
1747 309 1825 320 —-
1852 271 1901 338 Ι.
1949 274 2051 336 DE
2092 275 2492 338 TEMPORE.

3465 277 3622 344 1310

197 425 360 476 nam,
392 406 576 464 irruet
605 422 784 480 super
814 421 948 463 eum
981 405 1081 462 nix
1110 406 1224 480 (Job
1266 410 1367 477 vr).
1403 431 1432 458 »
1477 412 1717 482 Propter
1746 410 1850 466 de-
1879 409 1933 476 Α
1960 410 2188 482 spiritui
2217 411 2315 482 qui
2343 408 2678 481 loquebatur.
2713 406 2839 466 Non
2871 407 2970 476 ait,
3007 425 3121 465 non
3172 413 3441 484 poterant
3473 400 3619 470 resi-

194 497 582 562 bilitatem,ut
605 497 845 569 quidam
878 497 974 570 qui
1011 497 1068 552 in
1103 513 1384 569 aggressu
1417 515 1660 570 cperum
1683 500 1855 570 justi-

198 589 290 643 tiae
344 603 412 642 ex
450 585 791 642 infirmitate
839 587 1251 641 succumbunt.
1299 587 1520 653 Quibus
1569 589 1855 645 Dominus

202 694 307 752 per
337 676 680 750 prophetam
704 693 716 731 :
743 698 768 726 «
793 676 1232 740 Confortamini,
1259 694 1470 733 manus
1504 677 1776 751 fatigatis,
1801 683 1857 734 et

201 783 396 839 genua
424 765 730 831 dissoluta,
749 765 1015 820 roborate
1038 765 1163 836 (Isa.
1186 766 1374 838 xxxv).
1396 788 1422 816 »
1449 767 1658 822 Beatus
1681 767 1859 840 igitur

203 854 558 927 Stephanus,
593 859 902 926 postquam
935 853 1126 908 dictus
1155 858 1245 909 est
1271 855 1468 927 plenus
1497 858 1700 925 gratia,
1722 855 1858 910 dici-

197 948 299 998 tur
325 952 377 1000 et
405 943 734 1016 fortitudine
775 942 1004 1015 plenus,
1057 942 1336 1015 quoniam
1387 961 1576 1017 neque
1624 950 1858 1017 propter

203 1031 774 1106 pusillanimitatem,
811 1048 997 1104 neque
1053 1037 1288 1105 propter
1332 1033 1622 1096 timorem.
1670 1051 1859 1106 neque

199 1125 442 1196 propter
469 1120 831 1177 debilitatem
864 1121 1077 1176 mentis
1107 1123 1178 1178 ab
1210 1122 1485 1194 operibus
1532 1123 1770 1186 iustitiae
1803 1129 1861 1179 et

202 1209 534 1268 sanctitatis
600 1215 827 1284 poterat
884 1211 1188 1266 retardari.
1245 1213 1422 1279 Unde,
1475 1212 1860 1270 frementibus

202 1299 428 1358 Judaais
457 1299 610 1356 circa
631 1316 713 1368 se,
734 1300 804 1356 de
826 1299 1044 1356 duritia
1069 1304 1126 1356 et
1155 1300 1378 1357 malitia
1409 1319 1518 1358 sua
1547 1319 1644 1358 eos
1676 1319 1862 1375 repre-

203 1388 434 1456 hendit,
481 1387 682 1444 dicens
715 1404 728 1443 :
761 1387 982 1461 Semper
1026 1388 1168 1444 dura
1212 1393 1394 1462 fronte
1439 1399 1490 1446 et
1539 1391 1864 1448 indomabili

199 1478 362 1536 corde
407 1477 646 1550 Spiritui
684 1486 868 1534 sancto
919 1480 1192 1534 resistitis.
1229 1480 1289 1535 In
1334 1497 1450 1552 quo
1499 1497 1604 1536 nos
1636 1480 1861 1555 indigni

203 1565 616 1642 praedicatores
658 1567 1050 1632 confutamur,
1084 1568 1183 1640 qui
1227 1569 1504 1626 timentes
1552 1587 1862 1643 pravorum

203 1655 608 1722 malitiam,vel
623 1671 690 1712 eo
705 1656 1088 1714 formidantes
1101 1658 1366 1714 amittere
1382 1658 1794 1733 gratiam,eoru
1805 1676 1860 1714 m

203 1745 366 1803 mala
394 1762 510 1802 non
541 1745 1046 1818 reprehendimus,
1080 1747 1180 1803 sed
1212 1749 1406 1820 potius
1437 1749 1744 1821 palpamus
1773 1749 1860 1804 vel

204 1840 492 1892 tacemus.
543 1835 832 1902 Secundo,
879 1841 1135 1908 quantus
1186 1837 1359 1893 fuerit
1408 1838 1711 1910 in—opere,
1766 1839 1864 1896 de-

207 1929 595 1992 monstratur,
624 1941 757 1980 cum
790 1925 1006 1981 dicitur
1029 1942 1041 1980 :
1067 1927 1323 1982 Faciebat
1343 1927 1598 1998 prodigia
1628 1937 1677 1984 et
1704 1931 1864 1999 sig-na

200 2031 407 2085 magna
439 2015 499 2070 in
524 2013 744 2088 populo.
768 2014 914 2070 Cum
947 2016 1150 2071 eadem
1182 2016 1413 2088 possint
1441 2033 1570 2073 esse
1601 2017 1866 2091 prodigia

206 2109 266 2161 et
296 2105 697 2178 signa,tamen
731 2103 997 2178 prodigia
1020 2106 1091 2161 ab
1121 2105 1525 2174 admiratione,
1543 2107 1710 2180 signa
1733 2124 1863 2163 vero

206 2210 244 2249 a
275 2192 699 2266 significatione
729 2192 884 2249 dicta
914 2198 1073 2250 sunt.
1098 2194 1368 2268 Prodigia
1395 2212 1550 2262 vero,
1573 2213 1700 2269 quae
1733 2214 1862 2252 con-

207 2286 304 2338 tra
332 2287 679 2338 consuetum
711 2286 932 2338 naturae
977 2300 1215 2340 cursum
1267 2284 1415 2340 ﬁunt
1461 2285 1754 2353 dicuntur,
1807 2291 1865 2343 et

207 2369 342 2428 ideo
373 2387 606 2444 quoque
637 2371 710 2426 ab
740 2387 857 2427 uno
892 2372 1121 2428 vidente
1152 2378 1387 2446 propter
1415 2375 1862 2432 admirationem

208 2459 393 2534 digito
425 2461 770 2534 produntur.
816 2461 928 2517 Sed
975 2461 1224 2517 istorum
1275 2462 1695 2535 prodigiorum,
1747 2465 1864 2521 sive

209 2548 536 2622 signorum,
571 2549 684 2605 alia
711 2550 946 2622 quidem
980 2568 1095 2606 non
1126 2549 1368 2617 faciunt,
1397 2552 1496 2607 sed
1531 2556 1759 2608 tantum
1793 2554 1867 2609 si-

207 2637 492 2712 gniﬁcant
520 2639 693 2695 fidem
725 2643 782 2696 et
809 2639 1176 2695 sanctitatem
1211 2639 1496 2709 facientis,
1528 2642 1616 2697 vel
1672 2644 1865 2714 potius

207 2728 484 2784 virtutem
508 2726 668 2783 illius
696 2727 752 2782 in
786 2728 955 2800 cujus
985 2727 1220 2784 nomine
1270 2730 1438 2796 fiunt,
1473 2735 1536 2785 ut
1582 2731 1868 2787 miracula

209 2833 340 2890 quae
391 2821 448 2872 et
493 2817 721 2888 reprobi
763 2817 961 2873 facere
1010 2816 1287 2890 leguntur
1329 2818 1537 2890 (Matth.
1588 2820 1708 2890 vn).
1742 2820 1868 2877 Alia

205 2922 346 2963 vero
391 2904 728 2980 significant
775 2904 953 2960 simul
1002 2911 1060 2961 et
1107 2907 1331 2962 faciunt
1369 2909 1740 2964 sanctitatem
1780 2910 1865 2965 fa-

207 2994 445 3060 cientis,
504 2997 569 3050 ut
611 3011 786 3068 Opera
834 2994 1118 3050 virtutum
1158 2994 1526 3064 interiorum,
1576 2997 1862 3066 videlicet,

208 3087 278 3141 ut
308 3083 548 3158 diligere
595 3083 921 3150 inimicum,
967 3084 1158 3140 vivere
1206 3083 1265 3139 in
1317 3087 1537 3141 mundo
1585 3087 1864 3160 angelice,

1894 1784 1940 1848 Β

1965 503 2115 554 stere
2147 497 2252 565 illi,
2287 500 2383 554 sed
2417 515 2526 554 non
2554 507 2804 571 poterant
2831 501 3083 556 resistere
3109 503 3398 572 sapientiae
3425 511 3476 558 et
3498 505 3619 575 spi-

1963 589 2106 643 ritui
2135 589 2232 660 qui
2255 588 2575 659 loquebatur
2607 605 2708 660 per
2740 587 2926 654 illum,
2949 589 3119 658 juxta
3148 591 3301 661 quod
3334 589 3622 648 Dominus

1965 677 2274 748 discipulis
2331 677 2455 731 suis
2516 682 2648 732 ante
2697 677 3061 748 promiserat,
3109 677 3354 735 dicens:
3392 703 3420 731 ‹‹
3469 680 3618 738 Dum

1965 765 2246 821 steteritis
2277 770 2410 820 ante
2434 782 2598 838 reges
2619 769 2675 821 et
2699 766 2994 837 praesides,
3013 767 3190 822 nolite
3207 769 3464 842 cogitare
3485 788 3624 842 quo-

1967 856 2138 910 modo
2161 859 2260 910 aut
2281 855 2418 927 quid
2446 854 2919 926 loquamini.Non
2944 855 3099 911 enim
3120 874 3222 912 vos
3253 858 3394 913 estis
3423 859 3522 931 qui
3545 860 3620 916 lo-

1967 943 2344 1016 quimini,sed
2361 945 2615 1016 Spiritus
2635 945 2820 1000 Patris
2843 946 3016 1000 vestri
3047 946 3145 1017 qui
3168 945 3428 1018 loquitur
3449 948 3506 1003 in
3529 967 3624 1006 vo-

1969 1033 2059 1088 bis
2091 1033 2296 1102 (Matth.
2321 1037 2399 1099 x).
2422 1057 2448 1082 »
2479 1034 2602 1089 Non
2634 1033 2790 1088 enim
2821 1033 2880 1088 in
2899 1033 3199 1106 sapientia
3225 1053 3333 1091 sua
3362 1054 3624 1095 surrexe-

1968 1125 2058 1177 rat
2079 1123 2284 1178 beatus
2317 1122 2652 1194 Stephanus
2674 1127 2846 1194 atque
2876 1123 3209 1196 eloquentia
3231 1126 3302 1180 ad
3326 1125 3625 1198 disputan-

1957 1211 2108 1266 dum
2143 1215 2345 1266 contra
2373 1211 2628 1277 Judaeos,
2661 1213 2762 1267 sed
2795 1213 2990 1284 potius
3022 1213 3080 1267 in
3114 1213 3400 1290 sapientia
3425 1215 3545 1286 Dei,
3567 1220 3625 1273 et

1966 1298 2028 1354 in
2061 1299 2392 1371 eloquentia
2436 1299 2690 1371 Spiritus
2721 1301 2927 1368 sancti,
2963 1323 2991 1350 ‹‹
3025 1301 3122 1374 qui
3165 1301 3398 1376 linguas
3427 1303 3624 1361 infan-

1967 1389 2118 1443 tium
2153 1389 2290 1443 facit
2319 1388 2566 1443 disertas
2591 1389 2736 1464 (Sap.
2760 1390 2837 1461 Χ).
2861 1413 2888 1438 ››
2913 1391 2975 1444 In
2999 1407 3114 1462 quo
3146 1392 3522 1448 confutantur
3539 1412 3626 1450 sa-

1971 1477 2194 1550 pientes
2216 1477 2395 1549 hujus
2420 1477 2828 1550 mundi,qui,si
2851 1479 2990 1550 quid
3016 1480 3262 1547 acute,si
3285 1482 3428 1554 quid
3449 1488 3620 1552 recte,

1971 1566 2019 1622 si
2048 1566 2188 1638 quid
2223 1566 2438 1622 diserte
2469 1567 2730 1622 sentiunt
2755 1567 2843 1623 vel
2877 1567 3346 1641 loquuntur,sibi
3367 1587 3482 1626 non
3507 1571 3623 1628 Deo

1971 1655 2301 1711 attribuunt
2317 1674 2328 1724 ;
2344 1655 2681 1729 gloriantes,
2689 1658 2858 1729 juxta
2874 1657 3242 1730 Prophetam,
3260 1659 3316 1714 in
3336 1659 3626 1718 sententia
3703 1731 3708 1736 ι

1971 1745 2088 1800 oris
2138 1744 2251 1811 sui,
2298 1744 2586 1800 dicentem
2624 1763 2636 1801 :
2671 1768 2700 1795 «
2736 1746 2909 1802 Labia
2955 1752 3156 1802 nostra
3186 1766 3220 1804 a
3246 1749 3416 1804 nobis
3464 1754 3619 1807 sunt.

1974 1834 2113 1900 Quis
2153 1838 2351 1889 noster
2399 1834 2683 1890 Dominus
2732 1835 2866 1890 est?
2895 1858 2924 1885 »
2956 1837 3126 1905 (Psal.
3161 1841 3260 1892 xxi.
3307 1838 3425 1894 Nos
3464 1856 3620 1912 ergo,

1975 1923 2182 1978 fratres
2216 1921 2352 1990 mei,
2386 1923 2433 1978 si
2483 1923 2626 1995 quid
2669 1924 2816 1980 bene
2847 1924 3111 1998 sapimus
3141 1930 3243 1982 aut
3272 1925 3622 1999 eloquimur,

1972 2030 2087 2068 non
2121 2011 2289 2067 nobis
2319 2013 2419 2067 sed
2454 2013 2568 2068 Deo
2600 2017 2787 2068 totum
2822 2013 3174 2082 tribuamus,
3201 2015 3300 2088 qui
3332 2016 3500 2073 nobis
3531 2017 3626 2073 de-

1974 2102 2062 2156 dit
2085 2100 2525 2174 intelligentiam
2550 2106 2606 2157 et
2629 2100 2912 2174 linguam,
2928 2107 2982 2158 et
3005 2109 3253 2176 utraque
3275 2106 3475 2161 utendi
3497 2123 3626 2178 pos-

1973 2190 2628 2246 sibilitatem.Audientes
2645 2200 2823 2248 autem
2834 2193 2945 2247 haec
2956 2193 3627 2252 dissecabanturcordibus

1971 2281 2104 2348 suis,
2125 2289 2176 2336 et
2197 2280 2497 2336 stridebant
2515 2281 2762 2336 dentibus
2783 2283 2843 2336 in
2862 2298 3004 2337 eum.
3021 2283 3307 2348 Quoniam
3331 2284 3485 2340 enim
3509 2302 3626 2342 non

1975 2373 2242 2441 poterant
2271 2369 2561 2443 sapientia
2590 2375 2645 2425 et
2675 2369 3009 2443 eloquentia
3046 2373 3393 2429 contendere
3425 2377 3629 2430 contra

1974 2463 2265 2524 sanctum,
2293 2458 2440 2526 ideo,
2471 2476 2630 2515 more
2662 2459 2823 2515 canis
2855 2459 3063 2528 rabidi,
3087 2462 3324 2518 vesania
3353 2463 3544 2519 cordis
3572 2467 3630 2520 et

1975 2544 2224 2603 stridore
2255 2547 2517 2603 dentium
2544 2548 2965 2605 invehebantur
2993 2551 3050 2604 in
3075 2567 3232 2617 eum,
3255 2552 3628 2608 ostendentes

1973 2635 2101 2708 ipso
2131 2641 2298 2708 gestu
2331 2637 2590 2710 corporis
2637 2638 2924 2711 sapientia
2970 2644 3025 2695 et
3055 2640 3342 2696 modestia
3389 2657 3452 2698 se
3501 2657 3628 2698 esse

1972 2731 2269 2782 vacuatos.

2046 2817 2282 2882 Quarto,
2315 2821 2577 2888 quantus
2609 2817 2781 2872 fuerit
2811 2817 2868 2872 in
2914 2817 3404 2891 contemplatione
3433 2824 3627 2877 osten-

1975 2904 2152 2971 ditur,
2187 2922 2318 2960 cum
2353 2905 2625 2960 subditur
2657 2922 2670 2960 :

2047 2995 2180 3050 Cum
2211 3002 2389 3050 autem
2420 3005 2554 3050 esset
2579 2996 2884 3068 Stephanus
2929 2995 3124 3067 plenus
3165 2997 3380 3070 Spiritu
3419 3007 3624 3068 sancto,

1977 3084 2258 3140 intendens
2289 3086 2348 3140 in
2378 3086 2590 3150 vietum,
2623 3085 2761 3140 vidit
2789 3086 3025 3155 gloriam
3056 3090 3164 3142 Dei
3190 3096 3241 3143 et
3267 3089 3452 3144 Iesum
3478 3097 3628 3145 stan-

206 3177 269 3231 et
299 3155 661 3245 hujusmodi.
695 3175 828 3240 Quae
859 3173 1100 3246 quidem
1131 3190 1307 3246 opera
1335 3155 1865 3244 facientem,'sanc¥
1897 3155 1938 3222 (ἶ
1977 3182 2081 3228 tem
2111 3191 2142 3229 a
2171 3174 2378 3230 dextris
2405 3176 2520 3230 Dei.
2553 3173 2825 3230 Dicturus
2860 3175 3045 3231 Lucas
3077 3176 3625 3248 contemplationem

206 3266 341 3319 tum
371 3261 598 3318 faciunt
625 3265 682 3318 et
710 3263 1135 3318 demonstrant.
1170 3262 1345 3319 Porro
1381 3265 1867 3338 utrisque:operi-

206 3351 327 3408 bus
356 3351 622 3407 radiabat
651 3351 712 3407 Β.
745 3351 1099 3424 Stephanus,
1141 3352 1419 3424 quoniam
1451 3356 1506 3408 et
1553 3353 1611 3408 in
1654 3371 1715 3410 se
1763 3357 1868 3411 ad-

209 3439 505 3498 mirabilis
535 3444 678 3508 erat,
703 3439 901 3496 omnia
933 3441 1231 3496 mundana
1261 3447 1661 3510 contemnens,
1682 3443 1866 3500 Deum

211 3547 396 3603 super
442 3529 640 3585 omnia
697 3529 968 3604 diligens,
1023 3530 1219 3586 omnia
1266 3533 1620 3604 pauperibus
1669 3531 1867 3588 distri-

208 3619 403 3675 buens
433 3622 488 3674 et
517 3617 786 3674 inimicos
820 3617 1161 3692 diligens,in
1186 3637 1508 3688 carne,non
1541 3623 1866 3678 secundum

209 3725 452 3766 carnem
483 3705 700 3774 vivens,
734 3707 794 3762 in
827 3708 1046 3762 mundo
1076 3708 1333 3781 angelice
1364 3726 1734 3778 conversans,
1762 3730 1865 3784 pro

209 3796 688 3870 persecutoribus
719 3813 912 3862 orans,
945 3796 1004 3852 in
1037 3796 1178 3852 coelo
1226 3803 1418 3854 mente
1471 3799 1767 3856 habitans.
1803 3801 1864 3856 In

207 3885 602 3943 exterioribus
633 3902 864 3958 quoque
894 3885 1260 3942 admirabilis
1309 3892 1451 3956 erat,
1503 3905 1682 3944 caecos
1732 3889 1867 3944 illu-

207 3975 470 4042 minans,
506 3974 745 4031 claudos
775 3975 1025 4048 erigens,
1059 3976 1268 4030 surdos
1298 3977 1499 4032 audire
1531 3978 1768 4045 faciens,
1793 3978 1870 4035 le-

207 4081 420 4139 prosos
453 4064 768 4134 mundans,
801 4063 1094 4119 daemones
1130 4064 1388 4136 ejiciens,
1425 4083 1658 4122 omnem
1703 4068 1867 4124 infir-

207 4153 482 4212 mitatem
510 4171 746 4220 sanans,
787 4157 1050 4210 mortuos
1081 4153 1458 4210 resuscitans.
1489 4157 1559 4211 At
1591 4174 1718 4224 nos,
1753 4159 1868 4214 fra-

205 4248 332 4302 tres
364 4243 715 4306 charissimi,
737 4260 851 4299 non
875 4244 1212 4300 affectamus
1234 4244 1516 4300 exteriora
1546 4245 1732 4303 facere
1765 4249 1870 4302 mi-

207 4330 435 4398 racula,
495 4349 624 4404 quae
672 4330 943 4404 perfectis
991 4331 1342 4388 conveniunt
1385 4338 1440 4389 et
1486 4333 1866 4407 imperfectis,

209 4422 371 4478 sicut
400 4437 506 4476 nos
536 4438 742 4476 sumus
794 4421 1090 4477 multoties
1137 4426 1194 4478 et
1242 4423 1605 4479 occasionem
1658 4442 1866 4497 super-

1977 3261 2275 3334 Stephani,
2296 3263 2575 3334 praemisit
2596 3279 2729 3318 eum
2753 3263 2988 3334 plenum
3013 3281 3141 3320 esse
3162 3265 3379 3337 Spiritu
3403 3271 3624 3336 sancto,

1975 3353 2290 3407 ostendens
2313 3352 2464 3424 quod
2497 3368 2598 3422 per
2617 3350 2898 3424 Spiritum
2923 3357 3190 3408 sanctum
3213 3353 3628 3427 contemplatio

1976 3439 2362 3508 ministratur,
2391 3446 2453 3495 ut
2481 3439 2574 3494 hic
2606 3439 2966 3506 adverbium,
2986 3458 3129 3508 cum,
3163 3459 3279 3498 non
3310 3441 3627 3514 temporale

1976 3545 2154 3600 quam
2185 3528 2416 3584 casuale
2449 3528 2828 3601 intelligatur,
2857 3529 3161 3595 intendens,
3195 3530 3406 3604 inquit,
3439 3534 3500 3587 in
3529 3548 3628 3588 cae-

1978 3619 2111 3672 lum.
2129 3619 2190 3672 In
2221 3616 2428 3672 coelum
2454 3617 2788 3674 intendebat
2809 3637 2822 3681 ;
2841 3635 2978 3675 nam
2999 3620 3099 3676 ubi
3120 3620 3432 3678 thesaurus
3454 3639 3622 3690 suus,

1975 3706 2055 3762 ibi
2087 3711 2142 3762 et
2171 3725 2268 3762 cor
2300 3724 2473 3762 suum
2506 3711 2629 3763 erat
2656 3707 2862 3774 (Matth.
2895 3708 2988 3779 vx).
3023 3709 3084 3764 In
3119 3709 3330 3766 emtum
3361 3710 3623 3767 intende-

1975 3796 2095 3863 bat,
2121 3814 2235 3868 quo
2266 3800 2384 3851 toto
2415 3796 2701 3852 desiderio
2733 3797 3063 3863 festinabat,
3083 3798 3238 3867 vidit,
3273 3799 3484 3872 inquit,
3508 3799 3626 3870 glo-

1974 3887 2119 3940 riam
2149 3887 2265 3940 Dei.
2299 3886 2427 3940 Haec
2456 3886 2622 3949 visio,
2658 3885 2873 3958 partim
2905 3885 3241 3958 corporalis,
3265 3888 3479 3959 partim
3513 3887 3622 3960 spi-

1976 3974 2207 4031 ritualis
2239 3973 2348 4028 fuit
2373 3993 2386 4040 ;
2416 3991 2550 4030 nam
2583 3974 2754 4030 caelos
2784 3979 3014 4048 apertos
3043 3979 3100 4030 et
3127 3977 3329 4032 Jesum
3361 3977 3418 4031 in
3451 3993 3624 4033 carne

1975 4063 2362 4137 gloriﬁcatum
2380 4062 2778 4134 corporalibus
2795 4063 2980 4120 oculis
2993 4065 3490 4137 utcunquevidere
3507 4082 3623 4120 non

1976 4151 2332 4225 potuit.ldeo
2364 4155 2556 4206 autem
2589 4159 2857 4223 utcunque
2879 4152 3320 4225 dico,quoniam
3353 4157 3516 4210 tanta
3537 4157 3626 4210 est

1975 4239 2159 4313 gloria
2189 4238 2491 4310 gloriﬁcati
2523 4239 2780 4294 hominis
2811 4241 2964 4312 quod
2997 4241 3258 4298 mortalis
3287 4242 3448 4298 visus
3494 4259 3622 4299 eam

1977 4330 2124 4384 ferre
2155 4345 2268 4383 non
2300 4326 2504 4398 possit.
2539 4327 2699 4383 Unde
2751 4331 2808 4382 et
2853 4327 2912 4384 in
2956 4331 3490 4402 transﬁguratione,
3522 4332 3623 4388 ubi

1968 4417 2166 4474 ‘brevis
2196 4421 2252 4471 et
2281 4415 2620 4488 imperfecta
2649 4417 2759 4471 fuit
2787 4417 2846 4472 in
2865 4417 3094 4474 Christo
3123 4419 3327 4492 gloria,
3344 4421 3547 4476 Petrus
3570 4425 3626 4477 et

205 4509 412 4567 biendi
447 4510 806 4578 ministrant,
841 4510 940 4565 sed
975 4509 1278 4566 interiores
1307 4510 1550 4568 virtutes
1583 4516 1637 4568 et
1665 4530 1864 4569 earum
1897 4527 1944 4592 D
1979 4506 2167 4563 caeteri
2199 4504 2470 4577 discipuli
2502 4507 2648 4562 ferre
2679 4523 2794 4560 non
2827 4511 3162 4578 potuerunt.
3197 4509 3298 4564 Sed
3331 4508 3530 4565 statim
3563 4510 3622 4565 in

207 4615 390 4672 opera
421 4597 634 4655 habere
665 4603 1005 4671 satagamus
1033 4615 1159 4671 quis
1206 4599 1573 4656 sanctitatem
1622 4601 1865 4657 interio-
1922 4627 1926 4631 ~
1975 4597 2151 4652 facies
2181 4612 2319 4651 suas
2349 4594 2685 4650 ceciderunt
2716 4595 2930 4667 (Matth.
2977 4597 3132 4669 xvu).
3169 4597 3235 4651 Et
3281 4597 3330 4653 si
3369 4597 3622 4670 gloriam

204 4705 334 4745 rem
384 4692 441 4744 et
488 4692 806 4761 operantur
851 4692 907 4744 et
945 4689 1365 4744 demonstrant.
1418 4690 1746 4761 Operantur
1786 4693 1858 4747 ad

203 4775 525 4834 utilitatem
555 4777 759 4846 nostri,
780 4777 1183 4832 demonstrant
1211 4778 1282 4832 ad
1315 4778 1643 4851 exemplum
1679 4781 1865 4852 proxi-

205 4865 314 4923 mi.
335 4866 551 4935 Tertio,
571 4871 828 4938 quantus
849 4865 1020 4922 fuerit
1048 4865 1107 4921 in
1140 4865 1426 4938 sapientia
1455 4872 1510 4922 et
1531 4868 1864 4941 eloquentia

207 4956 670 5024 demonstratur,
689 4971 822 5010 cum
855 4959 1105 5028 quantos
1136 4955 1494 5028 superaverit
1523 4957 1580 5012 in
1606 4959 1864 5032 disputa-

205 5043 392 5110 tione,
427 5043 702 5117 aperitur,
738 5059 872 5100 cum
903 5043 1176 5100 subditur
1209 5060 1222 5098 :
1267 5043 1637 5102 Surrexerunt
1683 5057 1864 5104 autem

207 5131 440 5207 quidam
469 5131 535 5189 de
563 5132 853 5206 Synagoga
883 5149 1009 5206 quae
1037 5133 1347 5206 appellatur
1376 5136 1799 5203 libertinorum,
1819 5145 1870 5192 et

208 5224 686 5296 Cyrenensium,et
700 5221 1200 5278 Alexandrinorum
1211 5230 1456 5278 eteorum
1467 5227 1564 5295 qui
1572 5233 1730 5281 erant
1742 5244 1773 5280 a
1786 5227 1868 5282 Si-

207 5311 352 5369 cilia
363 5312 924 5386 etAsia,disputantes
934 5329 1058 5368 cum
1069 5312 1536 5385 Stephano,quod
1552 5331 1684 5369 cum
1699 5316 1767 5370 de
1783 5321 1870 5373 tot

207 5402 515 5459 nationum
533 5401 858 5476 Synagogis
873 5401 1038 5456 electi
1062 5401 1354 5474 sapientes
1376 5401 1432 5456 in
1457 5404 1729 5474 superbia
1749 5423 1866 5460 suae

206 5490 530 5564 sapientiae,
565 5491 960 5548 surrexissent
991 5489 1062 5545 ad
1095 5490 1519 5562 disputandum
1554 5509 1688 5547 cum
1739 5494 1868 5552 Ste-

211 5579 631 5652 phano,tamen
643 5599 754 5638 non
764 5578 1810 5655 poterant,inquit,resisteresapientise
1821 5593 1872 5642 et

1969 4686 2250 4756 transﬁgu
2261 4683 2369 4738 rati
2384 4683 2640 4738 hominis
2657 4683 2800 4738 ferre
2817 4700 2930 4738 non
2952 4689 3265 4756 potuerunt
3289 4684 3623 4741 mortalium

1971 4772 2442 4845 oculi,quomodo
2466 4777 2803 4843 perpetuam
2828 4772 3245 4829 etimmensam
3264 4772 3508 4846 gloriam
3528 4774 3628 4833 ho-

1973 4862 2149 4917 minis
2177 4877 2308 4916 vere
2329 4859 2636 4932 glorificati
2657 4861 2802 4915 ferre
2825 4861 3340 4934 possunt,gloriam
3364 4879 3495 4918 vero
3518 4862 3625 4919 im-

1972 4968 2236 5008 mensam
2269 4953 2325 5006 et
2356 4947 2822 5005 inaccessibilem
2854 4950 2952 5006 Dei
2984 4951 3216 5007 Patris?
3238 4951 3304 5006 Et
3332 4953 3624 5024 quomodo

1973 5040 2174 5108 Filius,
2191 5057 2225 5094 a
2246 5039 2464 5094 dextris
2484 5039 2604 5104 Dei,
2624 5038 2682 5093 id
2705 5043 2793 5094 est
2814 5039 2885 5094 ad
2909 5039 3301 5112 equalitatem
3331 5040 3623 5112 ejus,stet,

1979 5134 2208 5184 tantum
2239 5128 2564 5201 spiritualis
2596 5127 2800 5184 oculus
2831 5132 2887 5183 et
2935 5128 3043 5184 hoc
3090 5134 3387 5201 utcunque
3435 5130 3628 5186 videre

1979 5219 2187 5291 potuit,
2206 5222 2263 5274 et
2288 5226 2561 5290 utcunque
2590 5218 2716 5273 ideo
2748 5219 2898 5286 dico,
2919 5217 3196 5290 quoniam
3219 5223 3381 5275 tanta
3401 5224 3490 5275 est
3510 5219 3629 5292 glo-

1979 5307 2083 5374 ria,
2116 5310 2317 5362 tantus
2341 5311 2431 5361 est
2463 5306 2758 5378 splendor,
2791 5309 2952 5361 tanta
2978 5314 3064 5361 est
3093 5306 3390 5362 beatitudo
3420 5305 3628 5361 divinae

1978 5396 2303 5468 majestatis
2335 5395 2486 5468 quod
2513 5393 2712 5450 nullus
2734 5393 3084 5460 intellectus,
3104 5412 3210 5451 nec
3232 5399 3288 5451 et
3309 5392 3629 5466 angelicus,

1977 5490 2149 5557 prout
2194 5489 2302 5550 est,
2355 5484 2606 5557 perfecte
2658 5485 2845 5554 possit
2891 5484 3290 5555 contemplari.
3323 5482 3487 5538 Certe
3533 5499 3632 5536 ve-

1975 5594 2039 5633 re
2070 5577 2276 5632 beatus
2305 5579 2432 5632 erat
2458 5573 2656 5640 homo,
2689 5576 2788 5632 cui
2815 5571 2944 5631 caeli
2974 5577 3031 5629 et
3055 5588 3257 5629 eorum
3287 5574 3509 5628 secreta
3551 5568 3635 5623 ita
