3980 6084
330 200 488 287 4311

1608 201 1707 269 ΒΛ
1717 201 2012 267 DULPBI
2055 200 2471 275 ARDENTIS.

3578 205 3767 288 dat?

335 335 625 417 patebant.
652 335 786 405 Ideo
811 334 969 394 enim
990 333 1142 397 inter
1167 353 1378 399 manus
1410 328 1847 411 perscicutorum
1872 354 1973 411 ρο·
2008 336 2061 409 Α
2092 334 2368 407 injuriam
2400 352 2504 411 pro
2537 334 2776 408 injuria,
2808 335 3221 401 contumeliam
3252 355 3357 415 pro
3385 337 3770 415 contumelia

336 425 469 495 site,
502 426 679 491 etiam
708 444 976 502 passuro,
1007 425 1135 483 coeli
1169 427 1463 501 patebant,
1495 431 1551 483 et
1578 426 1764 501 gloria
1794 426 1980 487 Patris

336 517 462 575 Filii
496 517 931 577 ostendebatur.
967 516 1040 573 Ut
1069 517 1473 573 ostenderetur
1502 534 1617 572 non
1650 515 1838 572 solum
1872 514 1976 584 illi,

333 606 437 665 sed
458 605 817 680 quibuslibet
834 623 936 680 pro
948 605 1175 662 Christo
1187 605 1546 679 patientibus
1561 605 1733 661 caelos
1746 606 1977 678 aperiri,

331 702 389 755 et
403 695 647 771 gloriam
665 696 762 767 Dei
788 694 974 769 parari
993 696 1287 762 ;etJesum
1306 695 1390 751 eis
1408 700 1560 751 stare
1583 695 1842 751 adextris
1855 693 1976 762 Dei,

331 787 391 843 id
408 790 496 861 est
506 787 728 845 Jesum.
744 784 1094 858 coasqualem
1112 784 1623 852 nobis,Patri,cum
1640 789 1807 843 Patre
1823 801 1983 857 para-

329 880 456 933 tum
478 876 562 932 eis
583 873 1042 937 auxiliari.Stare
1062 874 1219 929 enim
1234 873 1551 947 pugnantis
1569 879 1624 928 et
1644 873 1979 930 auxiliantia

329 970 435 1022 est.
459 964 575 1020 Nos
606 980 763 1036 ergo,
788 949 994 1021 fratres
1025 963 1509 1027 mei,animemur
1537 964 1607 1019 ad
1641 962 1979 1035 patiendum

328 1054 600 1129 injurias,
630 1058 686 1115 et
716 1052 1148 1125 persecutiones
1175 1058 1232 1108 et
1274 1052 1679 1111 tribulationes
1725 1070 1827 1125 pro
1878 1070 1982 1108 no-

330 1144 486 1203 mine
516 1142 700 1205 nostri
753 1142 1180 1214 Redemptoris,
1231 1142 1506 1215 quoniam
1554 1141 1751 1213 procul
1803 1141 1980 1197 dubio

328 1233 499 1291 nobis
530 1250 633 1307 pro
664 1249 726 1289 se
754 1236 812 1291 et
832 1231 1069 1304 justitia
1106 1231 1460 1317 patientibus
1492 1249 1606 1289 non
1640 1232 1846 1302 deerit,
1879 1232 1978 1289 sed

328 1318 609 1397 auxilium
646 1318 983 1374 constantia!
1011 1323 1067 1374 et
1096 1319 1345 1375 victoriae
1388 1318 1556 1377 nobis
1603 1318 1980 1386 ministrabit,

325 1414 386 1467 et
405 1411 654 1484 januam
685 1408 847 1483 regni
881 1406 1132 1464 cmlestis
1164 1408 1334 1464 nobis
1364 1408 1665 1475 reserabit,
1690 1413 1745 1465 et
1776 1409 1833 1464 in
1864 1408 1985 1481 glo-

328 1500 417 1571 ria
446 1498 651 1556 divina:
683 1497 1065 1571 beatitudinis
1097 1515 1205 1554 nos
1236 1497 1560 1554 collocabit.
1614 1498 1724 1555 Sed
1774 1498 1984 1559 beatus

328 1589 682 1667 Stephanus,
709 1588 808 1663 qui
851 1586 1012 1647 nullo
1064 1591 1280 1644 terrore
1311 1587 1819 1647 circumstantium
1853 1605 1982 1660 per-

232 1702 245 1717 ο
327 1682 658 1745 secutorum
689 1676 943 1779 cohiberi
998 1676 1210 1779 potuit,
1245 1678 1477 1777 quando
1528 1676 1837 1737 revelatam
1871 1676 1981 1735 sibi
2016 1712 2063 1779 Β

324 1768 608 1841 visionem
641 1765 872 1839 publice
900 1765 1331 1831 testiﬁcaretur,
1364 1765 1564 1822 dicens
1593 1782 1607 1822 :
1656 1767 1786 1823 Ecce
1838 1766 1986 1824 video

324 1859 481 1914 cretes
522 1863 756 1930 apertos,
807 1863 860 1911 et
902 1856 1104 1922 Iesum,
1153 1855 1336 1926 ﬁlium
1378 1855 1639 1924 hominis,
1690 1864 1924 1915 stantem
1950 1874 1983 1912 a

325 1947 534 2004 dextris
563 1946 681 2014 Dei,
713 1942 883 2013 nobis
912 1942 1243 2016 exemplum
1288 1945 1523 2017 praebet,
1558 1949 1623 2000 ut
1650 1946 1723 2001 ob
1754 1945 1982 2003 nullum

326 2034 595 2092 timorem
626 2032 1030 2105 testimonium
1060 2032 1614 2098 veritatis,maxime
1646 2034 1743 2091 ubi
1777 2034 1986 2091 facien'

324 2125 470 2195 dum
500 2127 610 2192 est,
642 2125 963 2183 taceamus.
1009 2124 1082 2177 At
1113 2122 1298 2195 impii,
1331 2122 1453 2195 qui,
1487 2141 1558 2181 ne
1593 2124 1865 2181 audirent
1895 2129 1983 2180 te-

326 2212 670 2291 stimonium
698 2210 964 2268 veritatis
994 2210 1413 2279 clamaverunt,
1447 2217 1505 2269 et
1534 2229 1709 2269 aures
1736 2212 1847 2269 sibi
1880 2214 1981 2270 ob-

326 2305 668 2379 turaverunt
696 2304 753 2357 et
782 2300 1067 2373 impetum
1100 2299 1159 2355 in
1192 2304 1464 2357 sanctum
1499 2300 1777 2371 fecerunt,
1796 2306 1983 2359 osten-

327 2394 477 2461 dunt
509 2394 797 2464 quantum
829 2389 948 2446 sint
976 2388 1251 2446 contrarii
1285 2389 1452 2463 impii
1494 2390 1745 2448 testibus
1772 2392 1982 2451 verita-

326 2481 424 2551 tis,
447 2479 549 2555 qui
581 2496 696 2541 non
727 2479 917 2536 solum
946 2496 1049 2536 eos
1080 2477 1283 2536 audire
1312 2498 1427 2539 non
1475 2485 1743 2554 possunt,
1775 2481 1894 2538 imo
1925 2485 1983 2538 et

326 2571 412 2649 eis
441 2568 664 2626 malum
695 2585 798 2645 pro
816 2569 969 2625 bono
994 2568 1514 2641 reddunt.Quinto,
1529 2574 1786 2642 quantus
1808 2570 1984 2627 fuerit

325 2660 387 2719 in
422 2659 705 2735 patientia
731 2658 1079 2726 ostenditur,
1130 2675 1266 2715 cum
1313 2659 1530 2715 dicitur
1563 2677 1576 2716 :
1608 2660 1675 2716 Et
1723 2663 1982 2733 impetum

325 2749 575 2826 fecerunt
602 2749 945 2811 unanimiter
973 2749 1033 2805 in
1081 2765 1225 2805 eum.
1278 2750 1343 2807 Et
1368 2749 1643 2821 ejicientes
1671 2766 1795 2805 eum
1824 2757 1983 2807 extra

327 2830 623 2906 civitatem,
683 2835 1031 2910 iapidabant.
1088 2837 1156 2893 Et
1210 2844 1363 2897 testes
1409 2837 1772 2910 deposuerunt
1820 2840 1982 2895 vesti-

326 2935 511 2999 menta
564 2944 667 2999 sua
719 2943 869 3001 secus
922 2925 1078 2998 pedes
1124 2927 1498 2998 adolescentis,
1549 2930 1645 3001 qui
1690 2928 1985 2985 vocabatur

327 3016 547 3077 Saulus.
604 3018 669 3075 Et
732 3015 1051 3089 lapidabant
1114 3016 1467 3090 Stephanum,
1539 3020 1876 3075 invocantem
1933 3025 1988 3076 et

328 3107 625 3164 dicentem:
646 3082 873 3163 Domine
889 3106 1034 3175 Iesu,
1052 3082 1263 3178 suscipe
1288 3108 1547 3179 spiritum
1574 3124 1773 3167 meum.
1804 3112 1979 3166 Porro
2011 3082 2053 3151 (ἶ

329 3195 514 3254 Judaei
544 3194 832 3269 persecuti
862 3198 1003 3267 sunt
1030 3194 1395 3267 Stephanum
1435 3197 1835 3269 persecutione
1864 3215 1983 3270 qua

329 3284 493 3361 nulla
521 3288 612 3341 est
653 3284 836 3359 pejor.
888 3283 1014 3339 Pati
1062 3283 1277 3358 quippe
1322 3285 1783 3357 persecutionem
1811 3287 1883 3344 ab
1913 3303 1980 3343 eo

331 3390 506 3449 quem
549 3370 864 3447 aliquando
908 3370 966 3428 in
1020 3370 1217 3444 aliquo
1262 3371 1543 3442 laesimus,
1595 3391 1803 3447 parum
1849 3380 1979 3445 est;

332 3461 453 3537 pati
484 3478 616 3519 vero
647 3460 720 3517 ab
748 3476 817 3518 eo
843 3477 1021 3533 quem
1050 3478 1355 3532 nunquam
1384 3460 1664 3530 lassimus,
1699 3481 1979 3537 magnum

332 3554 449 3621 est;
470 3553 528 3606 et
548 3549 669 3624 pati
691 3549 763 3605 ab
783 3565 850 3609 eo
873 3550 965 3605 cui
989 3549 1240 3606 multum
1258 3550 1639 3619 contulimus,
1658 3555 1981 3611 maximum

332 3638 452 3697 est!
483 3636 640 3709 Talis
672 3641 796 3697 erat
828 3637 1036 3697 beatus
1068 3638 1419 3711 Stephanus.
1454 3639 1555 3697 Ille
1585 3640 1741 3701 enim
1772 3647 1981 3699 contu-

331 3727 481 3791 lerat
508 3725 726 3801 Judaais
765 3726 954 3787 multa
979 3727 1154 3795 bona,
1185 3732 1243 3784 et
1272 3727 1357 3787 illi
1405 3729 1728 3787 econtrario
1770 3731 1982 3789 infere-

332 3817 475 3873 bant
504 3814 556 3872 ei
586 3814 760 3871 mala.
795 3815 1125 3889 Stephanus
1155 3816 1372 3890 quippe
1402 3819 1631 3891 petebat
1660 3819 1894 3877 Judzos
1922 3820 1982 3878 in

332 3921 536 3977 eorum
567 3903 839 3972 salutem,
870 3908 927 3960 et
951 3902 1036 3960 illi
1077 3907 1400 3963 econtrario
1449 3907 1811 3981 impetebant
1839 3909 1891 3967 ei
1924 3909 1983 3967 in

333 3994 462 4066 ejus
491 3997 762 4065 mortem.
794 3992 1127 4065 Stephanus
1160 3994 1433 4068 cupiebat
1477 4014 1576 4055 eos
1618 3997 1985 4057 introducere

333 4083 391 4143 in
420 4079 749 4153 Jerusalem
778 4080 1108 4152 caelestem;
1130 4082 1286 4141 etilli
1322 4085 1645 4145 econtrario
1674 4087 1724 4158 ej
1736 4086 1987 4145 iciebant

334 4169 696 4247 Stephanum
728 4172 890 4237 extra
924 4170 1249 4229 Jerusalem
1300 4175 1611 4233 terrenam.
1654 4174 1988 4248 Stephanus

333 4254 760 4331 testificabatur
789 4256 873 4317 eis
902 4258 1075 4315 verba
1106 4258 1387 4326 veritatis,
1427 4264 1487 4316 et
1530 4259 1614 4317 illi
1663 4263 1988 4321 econtrario

333 4345 802 4413 testificabantur
821 4345 882 4402 in
905 4346 1270 4421 Stephanum
1291 4349 1466 4405 verba
1487 4348 1780 4419 falsitatis,
1795 4351 1994 4413 dicen.

2088 424 2331 481 reddere
2363 425 2728 485 festinamus.
2758 428 2825 483 Et
2856 428 2997 485 dum
3030 427 3111 483 ita
3139 444 3416 501 superare
3444 430 3759 505 cupimus,

2089 514 2161 570 ab
2190 513 2275 571 ira
2302 520 2361 571 et
2382 515 2746 588 impatientia
2768 516 3013 573 interius
3036 534 3405 590 superamur,
3425 535 3541 575 non
3561 523 3761 575 atten-

2089 604 2293 662 dentes
2322 605 2480 677 quia,
2492 605 2662 675 juxta
2692 603 3085 673 Salomonem,
3107 629 3134 655 α
3169 605 3374 663 melior
3403 612 3493 665 est
3512 607 3757 681 patiens

2086 693 2209 749 viro
2241 693 2392 757 forti,
2413 699 2469 749 et
2490 693 2589 766 qui
2613 694 2950 753 dominatur
2982 694 3183 753 animo
3209 710 3317 753 suo
3347 702 3755 769 expugnatura

2090 781 2326 841 urbium
2355 784 2537 851 (Prov.
2568 786 2684 851 xv).
2718 806 2746 833 ν

2158 872 2329 929 Sexto
2360 876 2618 944 quantus
2650 872 2824 929 fuerit
2867 872 2924 929 in
2978 872 3260 931 chanitate
3307 870 3755 941 demonstratur

2090 978 2221 1017 cum
2255 960 2471 1017 dicitur
2502 978 2515 1017 :

2162 1052 2362 1109 Positis
2387 1059 2567 1109 autem
2591 1051 2838 1120 genibus,
2853 1052 3110 1109 clamavit
3140 1067 3262 1109 voce
3287 1069 3508 1125 mgna,
3526 1052 3751 1109 dicens:

2095 1142 2340 1205 Domine,
2372 1157 2443 1197 ne
2468 1148 2670 1199 statuas
2701 1140 2815 1196 illis
2862 1141 2958 1197 hac
2998 1150 3303 1214 peccatum.
3332 1140 3480 1208 Duo,
3516 1141 3750 1205 fratres,

2092 1229 2258 1303 quasi
2290 1229 2585 1289 contraria
2612 1232 2672 1285 et
2705 1229 3040 1303 pastoribus
3070 1234 3283 1289 sancta:
3314 1229 3584 1287 Ecclesiae
3616 1228 3744 1289 imi-

2090 1320 2288 1387 tanda,
2320 1319 2581 1375 ostendit
2609 1319 2668 1374 in
2712 1335 2776 1374 se
2812 1319 3019 1389 beatus
3049 1318 3404 1395 Stephanus,
3438 1318 3747 1391 quoniam,

2089 1425 2226 1467 cum
2258 1426 2320 1467 se
2349 1407 2668 1482 asperrime
2689 1407 3021 1483 corrigeret,
3038 1408 3118 1467 ita
3138 1409 3426 1466 ferventer
3443 1406 3751 1481 diligebat,

2091 1502 2150 1554 et
2179 1515 2313 1557 cum
2346 1496 2427 1555 ita
2452 1495 2879 1557 ferventissime
2908 1497 3195 1575 diligeret,
3227 1495 3308 1563 ita
3334 1513 3539 1569 aspere
3564 1495 3751 1557 carri.-

2090 1588 2293 1660 gebat;
2317 1592 2373 1643 et
2393 1587 2528 1645 inde
2558 1586 2935 1660 contingebat
2960 1586 3102 1659 quia
3131 1586 3381 1663 perfecte
3410 1584 3647 1645 odiebat
3675 1584 3757 1655 vi-

2092 1677 2336 1744 tium,et
2365 1676 2614 1750 perfecte
2644 1680 2912 1735 naturam
2938 1675 3239 1749 diligebat.
3263 1674 3409 1751 Mira
3426 1674 3589 1733 enim
3615 1673 3756 1735 cha-

2096 1766 2237 1823 ritas
2268 1765 2568 1839 Stephani,
2602 1765 2810 1823 fratres
2840 1765 2952 1823 mei
2979 1764 2992 1819 l
3028 1763 3202 1821 Pauci
3249 1764 3405 1823 enim
3436 1763 3755 1821 inveniun—

2096 1861 2194 1912 tur
2222 1855 2323 1928 qui
2352 1871 2482 1911 vere
2513 1854 2764 1928 diligant
2792 1855 3055 1926 seipsos;
3090 1851 3433 1931 paucissimi
3459 1852 3754 1925 enim,qui

2092 1963 2223 2005 vere
2255 1944 2501 2019 diligant
2534 1944 2908 2001 inimicos.At
2936 1943 3271 2019 Stephanus
3302 1943 3383 2000 ita
3412 1942 3615 1999 dilexit
3645 1942 3757 1999 ini-

2093 2035 2366 2102 micos,et
2397 2033 2634 2107 quidem
2656 2032 2809 2091 inter
2837 2033 3168 2093 mortiferos
3195 2031 3359 2093 ictus.
3379 2032 3755 2089 crebrescen-

2092 2124 2241 2181 tium
2272 2122 2557 2197 lapidum.
2592 2123 2700 2180 Ubi
2749 2121 2964 2201 aliquis
3012 2124 3212 2201 posset
3252 2121 3515 2178 oblivisci
3565 2122 3749 2183 etiam

2093 2213 2416 2273 amicorum
2449 2231 2713 2279 suorum,
2749 2211 3083 2287 Stephanus
3113 2228 3229 2269 non
3274 2215 3365 2267 est
3387 2210 3608 2269 oblitus

2093 2303 2379 2360 micorum
2411 2320 2674 2361 suorum.
2708 2302 2820 2361 Sed
2847 2299 3214 2375 supplicavit,
3249 2298 3542 2366 clamavit,
3564 2299 3757 2363 oravit

2092 2410 2195 2466 pro
2221 2392 2326 2451 eis.
2343 2391 2723 2467 Supplicavit,
2737 2409 2853 2449 non
2875 2394 2997 2449 tam
3026 2389 3281 2465 genibus
3306 2405 3485 2463 quam
3514 2392 3753 2459 mente;

2091 2482 2382 2553 clamavit,
2399 2499 2514 2538 non
2547 2487 2666 2538 tam
2696 2498 2834 2538 voce
2863 2497 3041 2554 quam
3071 2480 3400 2547 devotione;
3418 2478 3755 2548 oravit,non

2090 2578 2211 2631 tam
2242 2590 2311 2631 ex
2339 2572 2609 2645 praecepti
2629 2570 2925 2628 coactione
2943 2586 3121 2643 quam
3145 2585 3213 2624 ex
3234 2567 3419 2625 libera
3436 2567 3751 2625 charitate.

2090 2663 2217 2719 Non
2247 2661 2404 2719 enim
2437 2660 2764 2734 putandum
2794 2664 2904 2728 est,
2937 2659 3145 2716 fratres
3176 2658 3311 2726 mei,
3354 2657 3509 2731 quod
3540 2657 3755 2715 beatus

2092 2751 2448 2824 Stephanus,
2483 2750 2542 2805 in
2573 2766 2689 2823 quo
2720 2746 2867 2805 nihil
2900 2746 3262 2822 duplicitatis
3292 2746 3422 2813 fuit,
3456 2744 3760 2819 supplica-

2089 2841 2238 2898 verit
2266 2857 2369 2913 pro
2400 2839 2677 2905 inimicis,
2710 2842 2778 2895 ut
2807 2838 3054 2912 quidam
3082 2835 3305 2895 faciunt
3330 2852 3590 2909 corpore,
3624 2850 3750 2895 non

2092 2934 2307 2998 mente,
2340 2929 2592 2988 oraverit
2622 2945 2725 3002 pro
2755 2928 2839 2984 eis
2870 2943 3028 2992 voce,
3060 2943 3177 2982 non
3207 2924 3527 2983 devotione.
3576 2922 3754 2989 Absit

2093 3019 2202 3079 hoc
2233 3037 2270 3077 a
2289 3024 2538 3092 martyre
2559 3017 2717 3075 chari
2727 3020 2904 3077 tatem
2926 3014 3141 3087 Christi
3165 3012 3466 3071 imitante!
3492 3012 3599 3069 sed
3618 3029 3756 3085 pro—

2091 3108 2186 3167 cul
2218 3108 2396 3167 dubio
2426 3106 2776 3181 supplicavit
2802 3122 2905 3181 pro
2925 3104 3183 3165 inimicis
3199 3103 3329 3165 sine
3356 3101 3559 3175 aliquo
3588 3117 3756 3159 men:-

2089 3199 2167 3257 tis
2195 3214 2455 3265 rancore,
2486 3195 2669 3253 oravit
2696 3211 2799 3269 pro
2843 3195 2992 3269 ipsis
3036 3192 3164 3253 sine
3211 3191 3464 3267 fictione,
3516 3188 3607 3251 vel
3656 3193 3754 3247 te-

2090 3304 2231 3361 pore
2263 3304 2277 3342 :
2310 3287 2558 3352 Domine,
2590 3284 2808 3358 inquit,
2832 3299 2902 3340 ne
2928 3290 3138 3341 statuas
3169 3282 3285 3347 illis
3321 3281 3423 3337 hac
3440 3285 3753 3356 peccatum

2091 3381 2277 3435 Verus
2308 3375 2570 3433 imitator
2597 3372 2814 3431 Christi
2845 3371 2949 3447 qui
2979 3371 3037 3427 in
3066 3369 3341 3445 passione
3368 3385 3479 3426 sua
3506 3384 3610 3443 pro
3639 3366 3757 3423 ini-

2093 3466 2263 3522 micis
2291 3467 2591 3531 oraverat;
2618 3485 2645 3513 ‹‹
2676 3465 2864 3526 Pater,
2885 3460 3116 3517 dimitte
3146 3458 3283 3523 illis,
3307 3457 3446 3535 quia
3475 3455 3755 3515 nesciunt

2092 3555 2234 3629 quid
2268 3553 2488 3611 faciunt
2520 3556 2670 3611 (Luc.
2703 3550 2882 3623 xxm),
2920 3571 2948 3600 »
2994 3549 3185 3605 factus
3231 3546 3389 3607 sicut
3430 3543 3753 3619 passionis,

2092 3645 2174 3705 ita
2201 3641 2609 3700 et‘charitatis
2656 3637 2969 3697 Dominicis
3019 3637 3247 3713 primus
3290 3634 3570 3695 imitator.
3621 3633 3751 3701 Quo

2092 3731 2251 3791 enim
2296 3732 2503 3789 aﬂ‘ectu
2536 3732 2801 3787 movetur
2839 3731 3005 3801 pater
3042 3742 3182 3801 erga
3209 3724 3396 3783 ﬁlium
3444 3721 3755 3797 phreneti-

2093 3838 2252 3891 cum,
2303 3823 2529 3894 patrem
2587 3833 2762 3875 suum
2819 3815 3262 3891 percutientem,
3321 3813 3494 3885 cujus
3560 3809 3757 3889 magis

2094 3910 2318 3985 plangit
2345 3906 2639 3964 insaniam
2668 3922 2846 3979 quam
2878 3921 3047 3963 suam
3086 3903 3406 3975 miseriam,
3439 3918 3505 3958 eo
3536 3901 3755 3963 affectu

2095 3999 2436 4059 movebatur
2464 3997 2672 4055 beatus
2702 3993 3037 4069 Stephanus
3056 4009 3196 4069 erga
3223 3991 3755 4062 Judaeos,quorum

2094 4086 2479 4162 perditionem
2513 4084 2703 4158 magis
2732 4082 2965 4141 dolebat
2984 4098 3167 4156 quam
3189 4096 3361 4138 suam
3391 4078 3754 4153 passionem.

2099 4175 2295 4235 Insani
2327 4173 2543 4249 quippe
2573 4177 2632 4231 et
2659 4169 3001 4235 demoniaci
3033 4174 3173 4227 sunt.
3191 4184 3396 4227 omnes
3416 4165 3593 4237 mali,
3615 4182 3759 4240 quo:

2100 4267 2257 4325 niam
2290 4281 2326 4322 a
2353 4263 2615 4321 daemone
2644 4264 2924 4321 vexantur
2951 4263 3009 4317 et
3028 4258 3103 4315 ad
3126 4257 3283 4315 mala
3300 4255 3679 4331 instigantur,
3700 4256 3763 4313 et

2101 4352 2241 4426 quid
2272 4348 2508 4415 faciant,
2537 4346 2627 4405 vel
2661 4345 2734 4403 ad
2764 4362 2941 4419 quem
2972 4346 3149 4409 finem
3183 4344 3317 4401 inde
3346 4342 3573 4405 venturi
3606 4341 3755 4413 sint,

332 4438 421 4491 tes
454 4450 468 4489 :
500 4433 787 4500 Quoniam
814 4450 913 4490 nos
954 4434 1267 4495 audivimus
1296 4452 1420 4492 eum
1447 4435 1713 4497 dicentem
1740 4439 1882 4511 quod
1906 4442 1988 4496 Je—
2017 4455 2064 4525 Β
2097 4442 2387 4516 ignorant.
2421 4440 2754 4509 Propterea,
2789 4433 2996 4491 fratres
3032 4432 3169 4499 mei,
3201 4432 3438 4506 quando
3468 4430 3613 4491 mali
3646 4448 3757 4497 nos

333 4539 423 4578 sus
452 4522 770 4593 Nazarenus
797 4522 1034 4579 destruet
1064 4524 1241 4587 locum
1273 4525 1459 4593 istum,
1490 4534 1541 4582 et
1586 4528 1820 4587 mutabit
1868 4537 1984 4589 tra-

334 4602 747 4687 ditiones'quas'
760 4611 990 4681 tradidit
1015 4613 1172 4683 nobis
1218 4615 1456 4686 Moyses.
1489 4613 1822 4687 Stephanus
1854 4618 1988 4675 mit-

334 4700 495 4757 tebat
523 4699 581 4757 in
613 4717 712 4761 eos
736 4701 913 4756 verba
942 4699 1373 4774 praedicationis
1403 4708 1460 4758 et
1489 4702 1787 4773 orationis,
1817 4711 1875 4762 et
1903 4706 1990 4765 illi

335 4792 572 4845 econtra
602 4788 916 4851 mittebant
938 4788 998 4845 in
1024 4789 1388 4865 Stephanum
1420 4790 1644 4864 lapides
1675 4794 1989 4851 crudelita-

336 4876 432 4933 tis.
452 4878 521 4933 Et
550 4895 689 4935 cum
714 4877 796 4937 ita
826 4878 1131 4943 redderent
1157 4878 1344 4935 Judaei
1376 4878 1671 4953 Stephano
1704 4883 1857 4939 mala
1886 4901 1989 4957 pro

338 4965 527 5036 bonis,
562 4971 759 5025 tamen
793 4984 906 5024 non
939 4971 1202 5041 mutatus
1239 4972 1364 5039 est;
1419 4986 1534 5031 non
1580 4972 1987 5043 murmuravit,

338 5056 436 5112 sed
463 5056 748 5132 patienter
766 5055 965 5115 omnia
979 5055 1136 5123 tulit,
1153 5058 1418 5123 eamdem
1441 5059 1757 5117 observans
1772 5061 1994 5134 patien-

338 5144 479 5205 tiam
512 5148 566 5200 et
597 5144 966 5213 charitatem,
1003 5145 1187 5201 Deum
1216 5164 1445 5221 semper
1474 5147 1772 5217 invocans,
1805 5155 1861 5207 et
1889 5167 1993 5224 pro

339 5250 402 5289 se
429 5238 487 5288 et
516 5249 619 5304 pro
648 5233 737 5289 eis
765 5249 957 5290 orans.
977 5232 1039 5288 In
1063 5250 1178 5306 quo
1199 5235 1616 5293 confundimur
1634 5255 1762 5305 nos,
1786 5239 1994 5299 fratres

340 5320 476 5407 mei,
498 5320 658 5390 quia,
683 5324 739 5378 et
768 5319 817 5378 si
846 5321 1080 5393 quando
1114 5322 1328 5397 aliquis
1357 5324 1617 5398 aliquam
1651 5328 1997 5400 pmnam,in-

330 5407 552 5467 Juriam
575 5409 663 5465 vel
688 5408 1103 5481 contumeliam
1125 5412 1293 5468 nobis
1314 5412 1597 5482 intulerit,
1612 5416 1811 5474 statim
1838 5435 1999 5476 exar-

340 5494 656 5573 descimus,
688 5496 1033 5579 patientiam
1064 5502 1124 5556 et
1169 5498 1513 5571 charitatem
1556 5503 1908 5575 amittimus,
1942 5510 2000 5565 et

2096 4530 2549 4606 persequuntur,
2582 4523 2906 4597 cogitemus
2938 4522 3039 4597 qui
3067 4540 3166 4585 eos
3197 4521 3436 4595 equitet,
3462 4525 3521 4579 et
3548 4523 3758 4595 contra

2098 4635 2205 4677 nos
2234 4634 2333 4674 eos
2362 4612 2711 4677 instituulet.
2745 4613 2816 4669 Et
2844 4612 2999 4673 sicut
3024 4628 3203 4685 eques
3246 4628 3362 4673 non
3395 4612 3625 4683 pugnat
3654 4608 3756 4671 ad;

2096 4724 2305 4767 versus
2328 4720 2567 4779 equum,
2592 4703 2691 4768 sed
2724 4702 3004 4765 adversus
3034 4701 3313 4776 equitem,
3340 4706 3393 4757 et
3426 4700 3498 4773 ad
3531 4698 3643 4757 hoc
3668 4714 3760 4763 co-

2098 4801 2272 4855 natur
2300 4798 2367 4853 ut
2395 4792 2655 4869 equitem
2688 4790 2942 4867 dejiciat,
2962 4795 3020 4847 et
3048 4807 3267 4867 equum
3296 4788 3571 4857 luctetur,
3592 4786 3761 4859 siuet

2098 4903 2205 4943 nos
2234 4898 2587 4959 pugnemus,
2618 4898 2735 4941 non
2767 4881 3046 4939 adversus
3090 4880 3383 4947 homines,
3415 4876 3521 4939 sed
3547 4876 3756 4941 adver-

2100 4992 2203 5035 sus
2233 4973 2553 5029 daemonem
2589 4968 2879 5031 malorum
2911 4968 3353 5035 insess.orem,et
3374 4967 3445 5029 ad
3470 4965 3580 5025 hoc
3601 4965 3758 5025 nitas

2100 5080 2235 5125 mur
2263 5066 2329 5119 ut
2354 5060 2678 5121 daemonem
2709 5057 3074 5131 dejiciarnus,
3107 5061 3166 5117 et
3205 5056 3475 5119 homines
3504 5054 3630 5115 Deo
3654 5070 3759 5131 per

2102 5149 2402 5217 beneﬁcia,
2460 5146 2753 5209 orationes
2801 5149 2858 5202 et
2907 5146 3256 5207 monitiones
3308 5144 3627 5203 lucremur.
3662 5140 3759 5217 Sic

2102 5240 2259 5299 enim
2310 5236 2645 5311 Stephanus
2693 5233 2938 5293 Saulum
2988 5238 3421 5309 persecutorem
3468 5247 3671 5301 suum,
3702 5242 3762 5307 et,

2104 5329 2269 5397 alios,
2304 5332 2372 5384 ut
2408 5325 2726 5392 credimus,
2774 5324 2993 5385 multos
3022 5324 3137 5381 Deo
3178 5322 3440 5387 lucratus
3484 5325 3594 5383 est.
3630 5320 3759 5381 Non

2104 5419 2261 5476 enim
2291 5416 2483 5491 potuit
2516 5414 2700 5473 oratio
2729 5414 3062 5489 praecedens
3091 5429 3160 5470 ex
3186 5416 3309 5472 tam
3339 5409 3583 5477 ferventi
3613 5409 3756 5483 cha-

2104 5507 2274 5569 ritate
2304 5505 2570 5567 inefﬁcax
2611 5519 2760 5571 esse.
2795 5503 3073 5581 Septimo,
3114 5519 3298 5579 quam
3327 5498 3464 5565 felix
3490 5499 3673 5563 fuerit
3698 5497 3759 5576 in
