3980 6084
188 247 347 308 1317

1312 247 1684 310 HOMILI/E.
1718 284 1796 294 —
1827 252 1873 312 Ι.
1921 254 2020 313 DE
2065 255 2466 318 'I‘EMPORE.

3431 263 3588 328 l3l8

185 379 260 436 ad
291 378 711 435 correctionem
751 395 923 435 suam
976 378 1191 436 missos
1220 397 1254 435 a
1282 380 1398 436 Deo
1451 386 1828 454 correctores,
1860 387 1916 452 Α
1945 385 2103 441 Hanc
2133 387 2304 443 modo
2326 390 2417 463 Ade
2445 389 2593 445 libro
2613 391 2892 463 Actorum
2921 390 3320 463 apostolorum
3341 408 3476 449 cum
3508 393 3587 451 1e-

182 467 418 541 ﬂagella
446 472 503 524 et
524 467 938 541 castigationes
962 468 1208 542 benigne
1230 487 1345 525 non
1370 471 1830 544 suscipiunt,sed

179 557 382 630 potius
407 562 865 630 persequuntur,
897 557 1206 630 repellunt,
1255 563 1311 614 et
1369 567 1832 633 remurmuraut,

177 646 606 702 deteriorantes
637 646 792 702 unde
834 646 1206 702 admeliorari
1255 649 1604 704 debuerunt.
1663 649 1831 706 Tales

174 734 337 790 enim
371 739 522 790 Deus
545 735 763 791 deserit
783 735 1023 791 arbitrio
1051 754 1158 792 suo
1187 741 1245 792 et
1266 736 1686 794 diabolo.Unde
1709 741 1832 811 ipse

176 825 253 880 ad
293 824 439 881 tales
471 823 731 896 loquitur
759 843 864 898 per
907 826 1249 900 prophetam
1301 827 1410 882 sub
1462 828 1655 900 specie
1704 828 1828 897 viri,

179 929 424 970 uxorem
458 931 628 970 suam
679 913 1027 982 adulteram,
1081 915 1153 971 ob
1205 914 1398 971 nullas
1445 917 1833 974 correctiones

179 1007 535 1076 correptam,
567 1001 951 1074 relinquentis
986 1021 999 1071 ;
1027 1024 1054 1053 «
1085 1003 1240 1072 Jam,
1273 1003 1484 1076 inquit,
1519 1011 1583 1060 ut
1611 1004 1834 1061 irascar

187 1091 320 1159 tibi,
351 1090 510 1148 zelus
565 1108 732 1148 meus
789 1092 1028 1148 recessit
1059 1109 1092 1147 a
1122 1097 1179 1148 te
1209 1093 1419 1161 (Ezech.
1453 1097 1586 1164 xw).
1623 1116 1649 1144 »
1704 1095 1833 1150 Haec

177 1181 362 1247 enim,
396 1181 606 1236 fratres
639 1181 773 1249 mei,
799 1186 887 1237 est
917 1199 1088 1254 paena
1145 1199 1322 1254 quam
1383 1183 1572 1256 magis
1628 1184 1834 1240 timere

170 1269 484 1337 debemus,
521 1286 594 1324 ne
625 1269 774 1325 forte
805 1270 958 1326 Deus
991 1273 1231 1342 propter
1260 1271 1480 1327 scelera
1516 1277 1717 1328 nostra
1746 1273 1832 1327 ot-

171 1356 404 1425 fensus,
437 1361 496 1413 et
526 1356 688 1430 ipsas
719 1358 1111 1414 correctiones
1157 1359 1486 1428 subtrahat,
1534 1365 1592 1416 et
1640 1361 1834 1415 tradat

181 1463 294 1502 nos
320 1463 354 1502 a
379 1445 667 1502 desiderio
699 1463 806 1502 suo
837 1447 1147 1519 peccatori,
1183 1447 1238 1501 id
1281 1449 1378 1504 est
1426 1448 1676 1517 diabolo,
1727 1465 1833 1504 nec

177 1535 320 1591 velit
350 1535 421 1590 de
451 1539 656 1591 caetero
686 1551 790 1608 per
819 1534 1049 1608 ﬂagella
1079 1541 1135 1591 et
1165 1535 1580 1609 castigationes
1613 1555 1719 1594 nos
1746 1537 1831 1592 vi-

179 1623 363 1680 sitare
392 1641 580 1696 usque
609 1623 736 1698 ipse
774 1623 967 1680 veniat
1016 1625 1200 1696 judex
1257 1625 1536 1683 terribilis
1597 1627 1740 1683 tales
1771 1626 1829 1681 in

182 1717 534 1788 perpetuum
548 1714 848 1769 damnare.
867 1713 1171 1770 Imitemur
1185 1714 1379 1787 igitur,
1397 1716 1626 1785 fratres,
1645 1721 1832 1788 proto-

187 1806 506 1874 martyrem
539 1800 923 1874 Stephanum,
955 1800 1057 1873 qui
1089 1805 1144 1857 et
1176 1801 1447 1860 inimicos
1477 1808 1536 1859 et
1565 1821 1836 1877 persecu-

189 1896 348 1946 tores
379 1907 518 1946 suos
534 1889 754 1958 dilexit,
771 1907 888 1946 non
911 1891 1218 1947 attendens
1230 1892 1494 1948 animum
1517 1910 1716 1949 eorum
1737 1894 1832 1966 qui

189 1996 326 2036 cum
339 1979 974 2053 persequebantur,sed
997 1979 1195 2053 potius
1219 1997 1491 2037 coronam
1515 1987 1572 2037 et
1587 1982 1833 2055 gloriam

191 2085 371 2142 quam
400 2085 504 2140 per
531 2085 631 2125 eos
663 2068 1152 2140 consequebatur.
1179 2068 1342 2124 Sicut
1363 2071 1538 2126 refert
1558 2075 1614 2125 et
1632 2072 1836 2126 beatus

189 2157 505 2231 Gregorius
519 2157 590 2213 de
603 2161 807 2214 sancto
823 2157 1084 2230 quodam
1100 2157 1260 2213 mirae
1273 2159 1566 2231 patientiae
1579 2165 1634 2214 et
1647 2160 1837 2215 chari-

191 2245 467 2318 tatis,qui
492 2262 696 2302 omnes
717 2245 868 2315 illos,
895 2245 993 2318 qui
1016 2245 1128 2302 sibi
1143 2246 1399 2319 aliquam
1422 2248 1835 2304 contumeliam

189 2334 280 2391 vel
297 2335 938 2408 injuriaminferebant,
963 2335 1602 2409 specialiterdiligebat,
1627 2355 1838 2393 vocans

191 2441 293 2481 eos
322 2425 694 2497 coadjutores
725 2443 887 2493 suos,
924 2431 1124 2498 utpote
1155 2442 1257 2497 per
1278 2426 1672 2481 ministerium
1704 2443 1840 2498 quo-

193 2531 327 2569 rum
358 2513 483 2586 ipse
511 2512 664 2568 vela
695 2512 948 2585 peccatis
1008 2514 1134 2569 suis
1191 2519 1560 2586 purgaretur,
1623 2515 1707 2569 vel
1765 2515 1837 2570 ad

192 2605 478 2675 majorem
511 2620 785 2658 coronam
825 2609 1278 2675 promoveretur.
1339 2605 1493 2668 Quos
1552 2621 1658 2660 nos
1707 2604 1837 2658 imi-

195 2697 408 2762 tantes,
441 2691 795 2763 charissimi,
827 2709 962 2747 cum
993 2691 1251 2765 patimur
1278 2693 1744 2765 persecutionem
1769 2694 1840 2747 ab

194 2780 416 2854 aliquo,
457 2785 710 2854 quatuor
739 2780 1083 2853 cogitemus.
1108 2780 1322 2849 Primo,
1343 2781 1594 2854 peccatis
1625 2781 1841 2837 nostris

196 2870 566 2944 exigentibus
596 2870 705 2926 hoc
733 2869 901 2926 nobis
932 2871 1288 2943 contingere,
1319 2875 1377 2926 et
1405 2870 1534 2926 ideo
1565 2888 1681 2926 non
1712 2887 1844 2925 con-

195 2964 290 3017 tra
315 2963 742 3032 persecutores,
767 2959 868 3014 sed
895 2963 1097 3014 contra
1109 2976 1215 3015 nos
1232 2958 1574 3032 ipsosirasci
1596 2960 1804 3015 debere
1827 2977 1840 3027 ;

195 3049 478 3118 secundo,
514 3065 629 3104 non
661 3047 980 3116 hominem,
1007 3049 1107 3104 sed
1135 3047 1432 3104 diabolum
1467 3066 1572 3104 nos
1595 3053 1842 3117 tentare,

1943 464 2196 530 geretur,
2228 460 2564 516 audivimus
2591 478 2708 516 non
2758 460 2978 529 solum;
3033 465 3134 519 sed
3192 464 3368 519 etiam
3403 464 3598 521 oculis

1944 531 2358 600 spectavimus.
2395 531 2661 607 Christus
2685 550 2827 607 ergo
2859 538 3033 605 caput
3074 540 3391 606 martyrum
3433 537 3592 607 prior

1943 617 2151 670 passus
2182 607 2270 678 est
2299 619 2401 674 pro
2427 604 2594 678 nobis
2620 604 2958 678 relinquens
2978 607 3142 661 vobis
3162 604 3592 678 rexemplummt

1943 623 2151 670 passus
2182 623 2270 656 est
2299 623 2401 674 pro
2427 623 2594 659 nonis
2620 623 2958 730 relinquens
2978 623 3142 661 voms
3165 623 3590 678 exenipium,ut

1941 673 2269 749 sequamini
2301 675 2546 749 vestigia
2577 677 2724 749 ejus.
2797 681 2956 749 Aujus
3017 677 3306 749 passionis
3346 677 3590 749 vestigia

1941 743 2100 814 prior
2130 751 2366 818 secutus
2396 743 2622 802 beatus'
2653 743 3034 818 Stephanus;
3059 749 3390 804 confitendo
3421 743 3590 804 Chri-

1941 815 2441 892 stum,_lapidat_us
2463 835 2496 873 a
2515 818 2544 872 J
2557 818 2736 892 udaeis
2753 815 3022 892 coronam
3048 821 3279 892 meruit,
3303 826 3588 892 tanquam

1942 887 2190 962 suorsibi
2214 887 2454 943 nomine
2512 890 2782 962 positam.
2825 890 3152 962 Stephanus
3183 887 3341 946 enim
3373 887 3586 960 Greece,

1943 957 2146 1032 Latine
2167 975 2366 1032 corona
2394 957 2737 1032 appellatur,
2770 962 2900 1016 Jam
2924 957 3147 1017 'corona
3175 979 3386 1017 nomen
3411 957 3590 1018 habe;

1943 1029 2058 1106 bat,
2092 1034 2148 1106 et
2177 1029 2302 1106 ideo
2335 1029 2590 1106 patinam
2623 1033 2887 1105 martyrii
2921 1049 3033 1106 suo
3057 1032 3292 1089 nomine
3322 1035 3588 1106 praefere-

1944 1100 2062 1176 bat.
2090 1100 2204 1176 _Qui
2239 1100 2372 1156 cum
2405 1100 2798 1176 lapidaretur;
2813 1121 2928 1159 non
2954 1104 3142 1176 solum
3161 1123 3276 1160 non
3298 1100 3590 1176 exspecta-

1941 1170 2141 1251 batode
2174 1170 2644 1251 persecutoribus
2677 1179 2968 1251 reportare
2998 1175 3338 1251 vindictam,
3374 1170 3473 1232 sed
3503 1177 3588 1251 eis

1942 1245 2137 1317 potius
2169 1261 2202 1297 a
2235 1251 2348 1317 Deo
2376 1245 2604 1301 veniam
2641 1245 2990 1317 postulabat.
3034 1247 3376 1303 Meminerat
3433 1246 3587 1303 enim

1943 1313 2158 1391 dixisse
2190 1316 2523 1391 Dominum.
2561 1340 2588 1366 «
2625 1313 2766 1391 Mihi
2795 1317 3133 1386 vindictam,
3185 1324 3241 1375 et
3270 1335 3376 1391 ego
3415 1318 3588 1391 retri-

1942 1385 2140 1459 buam,
2174 1386 2314 1459 dicit
2347 1387 2626 1444 Dominus
2656 1389 2826 1459 (Rom.
2855 1394 2974 1457 xu.)
3009 1412 3036 1438 »
3065 1385 3133 1444 Et
3161 1385 3372 1446 iterum
3405 1406 3418 1445 :
3454 1412 3481 1439 «
3507 1389 3589 1445 Ne

1941 1456 2156 1533 dixeris
2190 1475 2202 1512 :
2229 1457 2490 1533 Ulciscar
2514 1477 2605 1515 me
2628 1456 2698 1533 de
2721 1456 2974 1533 inimicis
3007 1461 3172 1533 meis,
3198 1461 3298 1517 sed
3313 1466 3590 1533 exspecta

1940 1528 2276 1600 Dominum,
2297 1536 2359 1584 ut
2390 1531 2492 1584 tibi
2517 1531 2798 1585 auxilium
2814 1531 2909 1586 sit.
2927 1555 2953 1582 ››
2983 1533 3057 1587 De
3081 1532 3380 1588 miraculis
3403 1528 3587 1594 s—ancti

1941 1598 2218 1675 Stephani
2258 1598 2386 1656 vide
2412 1602 2477 1656 D.
2509 1607 2753 1675 August.
2790 1603 2868 1658 De
2899 1603 3130 1658 civitate
3160 1604 3282 1670 Dei,
3315 1603 3416 1675 lib.
3459 1621 3588 1675 xx",

1941 1673 2134 1748 {aptis
2158 1689 2170 1738 ;
2195 1677 2261 1748 _et
2287 1673 2628 1746 Gregorium
2658 1675 3057 1748 Turonensem
3108 1674 3450 1748 archiepisc.
3484 1673 3586 1730 lib.

1868 1778 1915 1842 Β
1945 1739 2028 1796 De
2053 1739 2247 1799 Gloria
2276 1739 2620 1817 martyrum,
2654 1763 2759 1818 cap
2791 1747 2877 1802 32.

2731 1834 2799 1890 V.

2106 1939 2167 1982 IN
2212 1940 2395 1984 FES'lO
2438 1940 2644 1986 SANCTI
2685 1940 2933 1986 JOANNIS
2980 1941 3428 1988 EVANGELISTE.

2020 2020 2128 2086 Qui
2183 2023 2340 2076 timet
2399 2027 2590 2090 Deum,
2641 2023 2806 2092 faciet
2867 2021 3004 2078 bona
3062 2022 3245 2093 (Baeti.
3301 2026 3416 2092 xv),
3476 2029 3588 2080 etc.

1951 2108 2069 2163 Hac
2130 2110 2186 2164 in
2250 2109 2514 2177 lectione,
2586 2111 2793 2166 fratres
2849 2110 3203 2179 charissimi,
3263 2112 3456 2185 agitur
3520 2115 3592 2170 de

1947 2199 2257 2270 sapientia,
2316 2217 2431 2254 non
2491 2200 2560 2255 de
2609 2200 2896 2272 sepientia
2960 2199 3187 2270 mundi,
3256 2218 3434 2274 quam
3490 2203 3592 2275 qui

1950 2287 2172 2358 diliget,
2229 2312 2256 2337 «
2315 2289 2590 2344 inimicus
2649 2289 2746 2343 Dei
2800 2289 3174 2345 constituitur
3222 2295 3366 2360 (Jac.
3425 2292 3522 2358 iv,)
3563 2313 3592 2342 »

1948 2377 2046 2430 sed
2080 2378 2149 2431 de
2178 2377 2463 2448 sapientia
2491 2395 2624 2434 vera
2654 2383 2710 2434 et
2742 2378 2959 2435 caelesti
3013 2397 3192 2452 quam
3241 2381 3340 2452 qui
3396 2380 3591 2446 habet,

1951 2467 2261 2521 Dominum
2294 2467 2486 2522 habet.
2521 2470 2654 2534 Quae
2686 2472 2805 2523 tam
2841 2468 3092 2541 pretiosa
3113 2474 3169 2524 et
3198 2469 3452 2542 gloriosa
3481 2474 3590 2534 est.

1949 2555 2102 2626 quod
2139 2554 2316 2610 Filius
2350 2557 2605 2628 Dei-ejus
2638 2557 2872 2612 nomine
2916 2575 2977 2613 se
3007 2558 3310 2622 vocaverit,
3344 2558 3543 2615 dicens
3577 2574 3591 2615 :

1949 2667 1975 2692 ‹‹
2014 2644 2127 2714 Ego
2161 2644 2464 2716 sapientia,
2500 2663 2624 2717 quae
2657 2663 2724 2701 ex
2753 2663 2849 2702 ore
2897 2646 3182 2702 Altissimi
3223 2647 3430 2718 prodii,
3475 2648 3594 2720 pri-

1953 2731 2245 2803 mogenita
2275 2739 2407 2788 ante
2437 2751 2669 2789 omnem
2703 2740 3053 2792 creaturam.
3085 2757 3112 2785 »
3141 2736 3242 2791 Est
3279 2741 3473 2793 autem
3506 2736 3594 2792 bi-

1952 2822 2166 2893 partita
2195 2821 2314 2877 hinc
2341 2821 2528 2878 lectio.
2563 2823 2759 2878 Primo
2820 2823 2974 2879 enim
3027 2825 3282 2880 ostendit
3339 2843 3441 2898 per
3467 2842 3594 2898 quas

1952 2927 2084 2964 vera
2123 2909 2410 2982 sapientia
2466 2911 2786 2980 habeatur;
2823 2914 3078 2968 secundo
3123 2913 3322 2968 habita
3377 2919 3598 2986 quanta

1953 2999 2105 3054 bona
2136 2999 2435 3072 largiatur.
2472 3000 2637 3056 Ponit
2666 3018 2800 3074 ergo
2857 3001 2969 3056 tria
2997 3002 3327 3058 necessaria
3369 3004 3438 3058 ad
3473 3004 3597 3059 adi-

1953 3087 2296 3160 piscendum
2331 3089 2700 3161 sapientiam,
2733 3091 3002 3146 timorem
3035 3090 3255 3146 scilicet
3276 3091 3394 3158 Dei,
3422 3093 3598 3163 justi-

196 3137 1836 3252 3-359.T993333}?Ti?°i’1’ﬁ‘i‘if°.?ff‘ff{al’f’lﬂ‘f‘
1870 3150 1912 3216 ‘3
1952 3137 2094 3232 {iam
2128 3181 2184 3232 et
2214 3137 2482 3249 gratia}.
2519 3182 2624 3233 Per
2653 3137 2921 3234 timorem
2979 3179 3192 3252 quippe
3224 3184 3279 3236 et
3299 3137 3595 3251 justitiam

193 3227 599 3299 instigatorem
634 3226 890 3282 hominis
922 3243 1028 3282 nos
1059 3244 1320 3300 pugnare
1363 3228 1601 3295 debere;
1645 3227 1834 3295 tertio,

192 3333 298 3371 nec
331 3315 458 3382 hoc,
495 3332 600 3371 nec
633 3315 791 3370 aliud
824 3316 883 3370 in
916 3315 1024 3370 hoc
1055 3316 1274 3371 mundo
1325 3316 1447 3371 fieri
1499 3317 1624 3371 sine
1673 3318 1837 3387 justo

189 3404 290 3461 Dei
313 3404 561 3476 judicio,
595 3409 652 3460 et
693 3404 823 3459 ideo
869 3405 1090 3475 judicio
1149 3405 1248 3459 Dei
1290 3422 1395 3460 nos
1425 3405 1711 3477 patienter
1739 3406 1836 3461 de-

189 3495 327 3550 bere
359 3499 627 3566 portare;
661 3498 890 3566 quarto,
924 3492 1147 3548 illatam
1191 3493 1466 3565 iniuriam
1518 3495 1690 3550 nobis
1734 3513 1834 3567 pa-

187 3583 402 3639 tienter
433 3583 758 3638 ferentibus
790 3583 1181 3654 profuturam,
1213 3582 1412 3637 etideo
1433 3583 1838 3654 aequanimiter

187 3677 244 3728 et
275 3672 401 3727 laete
430 3688 559 3727 eam
593 3676 823 3742 portare
854 3673 1082 3726 debere.
1111 3671 1203 3726 Sic
1224 3671 1305 3725 sic
1328 3672 1651 3744 cogitantes
1673 3678 1833 3745 pote-

186 3760 374 3815 rimus
407 3777 543 3833 erga
573 3766 975 3832 persecutores
999 3764 1230 3815 nostros
1254 3759 1546 3832 placatum
1569 3760 1833 3817 animum

183 3849 420 3914 habere,
451 3855 509 3904 et
537 3848 619 3904 ita
647 3849 1003 3920 quandoque
1025 3849 1266 3921 diligere
1298 3866 1446 3905 vere.
1479 3852 1662 3915 Quam
1695 3850 1831 3905 cha-

183 3938 417 3994 ritatem
453 3937 620 3993 nobis
654 3944 805 3994 Deus
855 3938 1137 3994 concedat
1193 3955 1295 4010 per
1352 3939 1830 3995 intercessionem

184 4027 342 4082 beati
374 4025 673 4099 Stephani,
708 4027 808 4099 qui
839 4034 895 4084 et
925 4044 1028 4100 pro
1070 4027 1540 4100 persecutoribus
1579 4027 1833 4084 exoravit

183 4115 505 4171 Dominum
538 4121 805 4172 nostrum
835 4116 1040 4172 Jesum
1070 4115 1386 4184 Christum,
1419 4121 1528 4172 etc.

320 4206 436 4262 Vita
463 4205 580 4260 divi
609 4206 872 4277 Stephani
895 4223 997 4278 per
1022 4205 1351 4261 Dorotheum
1373 4207 1702 4277 episcopum.

252 4293 589 4374 stephanus
623 4294 849 4374 primus
881 4299 1308 4374 martyrhunus
1335 4310 1406 4374 ex
1445 4299 1666 4374 septem
1705 4296 1830 4352 dia-

173 4365 371 4431 conis,’
397 4365 814 4436 Hierosolymis
845 4384 879 4422 a
894 4365 1112 4421 Judazis
1133 4365 1446 4436 lapidatus,
1470 4365 1622 4420 sicut
1645 4367 1829 4424 Lucas

175 4438 236 4492 in
268 4437 427 4491 Actis
459 4437 880 4510 apostolorum,
907 4441 1174 4510 testatur,
1201 4442 1471 4510 mortuus
1494 4442 1581 4510 est
1602 4438 1732 4508 (Act.
1752 4457 1825 4506 Vl,

1949 3267 2269 3338 hospitium
2287 3267 2584 3339 sapientiae
2601 3268 3296 3341 praeparamuszpavero
3311 3269 3598 3341 sapientia

1947 3374 2059 3410 non
2093 3361 2330 3428 propter
2360 3357 2568 3411 merita
2599 3361 2817 3424 nostra,
2853 3358 2952 3412 sed
2987 3362 3221 3429 propter
3249 3357 3431 3413 solam
3464 3374 3596 3431 gra-

1945 3445 2086 3499 tiam
2119 3462 2285 3500 suam
2309 3445 2463 3517 apud
2489 3463 2594 3501 nos
2617 3445 2961 3518 hospitatur.
2990 3447 3094 3502 Per
3114 3447 3380 3502 timorem
3399 3453 3593 3503 autem

1945 3533 2330 3604 etjustitiam,
2353 3533 2674 3605 hospitium
2700 3534 2996 3606 sapientia:
3021 3536 3589 3607 praeparamus,dum

1943 3639 2045 3692 per
2075 3622 2261 3677 timor.
2287 3640 2343 3676 m
2378 3640 2484 3678 nos
2512 3622 2716 3678 avitiis
2740 3639 3083 3694 purgamus,
3108 3628 3165 3679 et
3184 3624 3588 3696 perjustitiam

1943 3727 2049 3765 nos
2077 3710 2393 3766 virtutibus
2443 3728 2743 3766 ornamus.
2811 3716 3047 3767 Frustra
3102 3711 3283 3785 igitur
3338 3712 3591 3784 laboras,

1943 3799 2159 3854 frustra
2173 3800 2394 3868 studes,
2421 3800 2637 3854 frustra
2658 3798 2838 3855 volvis
2864 3806 2920 3855 et
2941 3799 3183 3855 revolvis
3205 3801 3408 3870 libros,
3432 3802 3588 3874 quia,

1941 3887 2052 3941 nisi
2087 3888 2343 3959 primum
2377 3888 2514 3943 vitia
2543 3892 2600 3943 et
2631 3894 2867 3960 peccata
2915 3907 2949 3944 a
2978 3893 3032 3944 te
3091 3888 3500 3955 eliminaveris,
3533 3895 3592 3946 et

1941 3977 2012 4030 ad
2037 3976 2332 4046 justitiam
2364 3993 2462 4032 cor
2477 3981 2647 4031 tuum
2673 3977 3062 4047 inclinaveris,
3089 3978 3437 4051 sapientiam
3460 3995 3590 4036 sus-

1939 4065 2129 4136 cipere
2161 4081 2275 4120 non
2308 4065 2544 4136 poteris.
2575 4065 2867 4138 Scriptum
2908 4071 2996 4122 est
3039 4068 3194 4122 enim
3230 4085 3243 4123 :
3281 4091 3308 4119 «
3341 4068 3401 4124 In
3462 4085 3591 4126 ma-

1939 4152 2184 4208 levolam
2218 4153 2477 4208 animam
2509 4170 2624 4209 non
2656 4154 2920 4210 introibit
2950 4155 3257 4228 sapientia,
3287 4173 3391 4213 nec
3421 4156 3590 4212 nabis

1939 4241 2090 4296 tabit
2121 4242 2180 4296 in
2213 4258 2452 4313 corpore
2509 4242 2744 4298 subdito
2801 4244 3054 4314 peccatis
3085 4246 3240 4315 (Sap.
3300 4249 3398 4315 xu)
3432 4267 3460 4296 »
3494 4247 3591 4302 Ait

1939 4330 2120 4402 igitur
2150 4331 2406 4402 primum
2449 4331 2519 4385 de
2551 4329 2759 4386 timore
2793 4347 2806 4386 :
2843 4332 2948 4399 Qui
2969 4335 3120 4388 timet
3176 4335 3368 4404 Deum,
3425 4337 3592 4406 faciet

1941 4419 2098 4475 bona.
2133 4420 2256 4473 Non
2291 4418 2391 4485 ait,
2425 4417 2578 4473 facit.
2615 4420 2722 4485 Qui
2754 4419 2909 4474 enim
2935 4420 3206 4476 similiter
3235 4430 3406 4489 timet,
3443 4439 3588 4478 non-

172 4510 291 4577 νη).
313 4514 388 4563 De
410 4506 526 4580 quo
545 4508 721 4564 etiam
747 4510 830 4564 sic
853 4508 1057 4564 Petrus
1078 4506 1656 4633 Chrysologus(serm
1682 4511 1824 4577 154).
1859 4521 1903 4584 D
1938 4510 2078 4564 dum
2103 4508 2361 4563 facitbon
2374 4524 2492 4573 um,
2515 4508 2653 4563 dum
2676 4525 2788 4564 non
2809 4514 3045 4581 prepter
3061 4509 3157 4564 Dei
3175 4526 3432 4565 amorem
3457 4528 3586 4583 pec-

172 4581 340 4633 Sicut
370 4579 594 4633 Petrus.
620 4580 832 4633 inquit.
856 4597 890 4633 a
911 4589 1059 4633 petra.
1076 4596 1286 4633 nomen
1311 4593 1342 4632 a
1389 4586 1557 4633 entus
1581 4586 1669 4633 est
1689 4581 1829 4633 auia
1937 4603 2130 4633 mium
2167 4601 2321 4633 μοιμοι
2385 4597 2482 4633 carl
2522 4599 2682 4633 nm'm
2714 4599 2908 4633 tum..."
2965 4599 3105 4633 an...
3142 4597 3419 4633 ηηηιοοςη.
3457 4617 3584 4633 ηοω

172 4581 340 4651 Sicut
370 4579 832 4651 Petrus,inquit,
856 4589 1059 4651 apetra
1076 4596 1286 4651 nomen
1309 4593 1342 4651 _a

215 4650 403 4705 rimus
434 4650 648 4707 meruit
670 4649 987 4707 Ecclesiam
1013 4649 1143 4706 fidei
1169 4649 1444 4706 ﬁrmitate
1467 4649 1730 4718 fundare,
1747 4653 1828 4707 ita

193 4721 508 4794 Stephanus
537 4728 778 4794 vocatus
810 4729 898 4778 est
928 4739 962 4776 a
990 4738 1207 4794 corona,
1261 4721 1396 4794 quia
1447 4723 1672 4793 primus
1706 4741 1826 4779 me-

172 4793 292 4848 ruit
320 4810 422 4864 pro
453 4793 666 4849 Christi
710 4794 946 4849 nomine
977 4793 1173 4848 subire
1204 4793 1562 4864 conflictum.
1602 4794 1826 4850 Primus

168 4863 388 4920 meruit
418 4865 701 4937 sanguine
739 4882 844 4921 suo
907 4864 1160 4920 militum
1210 4863 1420 4918 Christi
1479 4867 1822 4937 martyrium

167 4937 461 4992 dedicare.

242 5008 309 5089 _D.
371 5007 732 5089 Augustinus
791 5008 1066 5089 (εει-[Πολι
1125 5007 1198 5062 De
1250 5007 1570 5089 tempore):.
1608 5031 1636 5059 «
1688 5010 1824 5089 Post

167 5078 504 5160 extremum.
533 5078 979 5160 festivissimum
1002 5078 1155 5160 diem
1191 5095 1304 5160 quo
1327 5079 1606 5160 salutaris
1639 5080 1820 5160 nostri

165 5150 384 5206 Christi
414 5150 581 5205 nobis
611 5150 892 5206 Nativitas
921 5149 1129 5217 illuxit,
1155 5149 1330 5205 etiam
1363 5149 1682 5207 hodiernus
1701 5154 1824 5208 dies

161 5221 321 5296 beati
353 5222 628 5296 martyris
649 5223 925 5296 Stephani
951 5221 1524 5296 coronaillustratur.
1552 5223 1821 5296 Martyris

161 5293 328 5348 illius
359 5293 567 5366 merita
595 5293 764 5366 nulla
780 5310 922 5366 gens
953 5293 1122 5366 orbis
1154 5293 1421 5366 i_gnorat._
1464 5293 1678 5366 Passus
1708 5293 1822 5352 'est

161 5366 324 5438 enim
365 5364 491 5438 ipso
521 5363 1125 5438 principidEcclesize,
1160 5363 1218 5419 id
1259 5369 1348 5438 est
1394 5363 1465 5438 in
1498 5363 1629 5438 ipsa
1675 5368 1819 5424 urbe

157 5435 888 5509 Hierosolymaqlbi'enim
922 5437 1203 5492 diaconus
1263 5435 1636 5509 ministravit,
1671 5443 1728 5492 et
1757 5438 1816 5495 in

154 5507 286 5581 ipso
311 5506 644 5581 juventutis
675 5509 814 5581 flore
845 5509 1109 5581 decorem
1142 5506 1326 5581 aetatis
1373 5523 1490 5564 suae
1522 5524 1816 5581 purpura-

151 5577 256 5640 v'it.
290 5577 494 5638 Passio
525 5582 654 5658 ejus
686 5579 936 5657 insignis
968 5583 1058 5638 est
1086 5577 1454 5655 multumque
1502 5577 1813 5644 mirabilis.

1389 4586 1558 4671 ῗΡξΗῗ
1581 4586 1672 4671 Et}?
1689 4581 1829 4671 fit???
1859 4581 1894 4584 _
1937 4603 2134 4653 catum
2167 4601 2347 4664 cavet,
2385 4597 2483 4652 sed
2515 4599 2682 4667 faciet
2713 4599 2932 4669 bonum,
2965 4599 3109 4652 dum
3141 4597 3421 4670 paulatim
3455 4581 3586 4671 pec-

1937 4693 2067 4742 cata
2098 4703 2306 4742 cavens
2337 4692 2394 4740 et
2423 4685 2624 4741 timere
2665 4686 2960 4754 desinens,
3014 4686 3252 4760 incipiet
3291 4704 3423 4743 eum
3452 4689 3586 4744 dili-

1935 4793 2090 4848 gere.
2124 4777 2230 4831 Sed
2278 4775 2468 4830 dicis:
2527 4779 2822 4843 Peccator,
2883 4782 3116 4849 prepter
3172 4775 3584 4834 conscientiam

1934 4871 2305 4936 peccatorum
2339 4882 2580 4920 suorum
2617 4869 2796 4920 Deum
2829 4866 3065 4934 timens,
3105 4870 3162 4921 et
3191 4866 3262 4921 ob
3296 4865 3402 4921 hoc
3435 4867 3584 4922 mul-

1933 4958 2022 5008 tas
2045 4954 2442 5027 eleemosynas
2466 4954 2752 5022 tribuens,
2779 4971 2969 5010 nonne
2988 4955 3123 5010 facit
3139 4955 3356 5011 bonum
3380 4955 3408 5011 ?
3431 4955 3589 5012 Facit

1933 5044 2154 5115 utique,
2190 5045 2244 5098 id
2280 5049 2369 5098 est
2399 5062 2546 5116 opus
2579 5044 2648 5098 de
2682 5060 2891 5116 genere
2922 5045 3210 5100 bonorum
3269 5046 3424 5101 facit.
3472 5046 3585 5102 Sed

1934 5133 2152 5189 bonum
2187 5149 2301 5188 non
2334 5132 2548 5188 dicitur
2569 5134 2777 5203 facere,
2801 5133 2938 5206 quia
2957 5132 3100 5188 illud
3124 5150 3241 5189 non
3261 5133 3397 5189 facit
3418 5135 3587 5206 bene,

1933 5223 2073 5276 dum
2107 5221 2248 5276 illud
2283 5222 2494 5278 faceret
2525 5241 2593 5278 ex
2624 5221 2749 5278 solo
2782 5224 3006 5278 timore.
3038 5222 3202 5278 Unde
3232 5227 3287 5278 et
3323 5221 3466 5278 illud
3499 5223 3589 5278 fa-

1931 5310 2136 5366 ciendo
2168 5327 2284 5365 non
2316 5317 2572 5367 meretur
2620 5311 2930 5381 praemium
2985 5311 3115 5366 vitae
3175 5316 3422 5381 aeternae,
3484 5312 3588 5366 sed

1930 5399 2399 5472 qualemcunque
2438 5397 2874 5458 alleviationem
2907 5416 3104 5471 poenae.
3144 5399 3214 5455 Et
3262 5415 3390 5470 quae
3436 5397 3594 5453 bona

1929 5489 2098 5544 faciet
2121 5489 2148 5543 ?
2177 5487 2281 5542 llla
2302 5506 2404 5561 per
2426 5505 2554 5561 qua:
2580 5489 2923 5558 pervenitur
2944 5488 3013 5543 ad
3039 5487 3409 5557 sapientiam,
3434 5482 3594 5539 scili-

1928 5581 2017 5635 cet
2045 5576 2364 5640 abstinebit
2393 5577 2464 5637 ab
2495 5575 2831 5654 injustitia,
2861 5580 2919 5633 et
2947 5573 3264 5634 continebit
3284 5569 3595 5653 justitirm.
