  <div class='ocr_page' id='page_1' title='image "/cluster/home/n/w/nwhite01/storage/ocr_20150623/155/hvd.32044054760137/663.png"; bbox 0 0 3980 6084; ppageno 0'>
   <div class='ocr_carea' id='block_1_1' title="bbox 441 304 602 372">
    <p class='ocr_par' dir='ltr' id='par_1_1' title="bbox 441 304 602 372">
     <span class='ocr_line' id='line_1_1' title="bbox 441 304 602 372; baseline 0.025 -4"><span class='ocrx_word' id='word_1_1' title='bbox 441 304 602 372; x_wconf 64' lang='grc' dir='ltr'><strong>ΗΝ</strong></span> 
     </span>
    </p>
   </div>
   <div class='ocr_carea' id='block_1_2' title="bbox 1714 307 2578 372">
    <p class='ocr_par' dir='ltr' id='par_1_2' title="bbox 1714 307 2578 372">
     <span class='ocr_line' id='line_1_2' title="bbox 1714 307 2578 372; baseline 0.005 -4"><span class='ocrx_word' id='word_1_2' title='bbox 1714 307 2110 369; x_wconf 80' lang='lat' dir='ltr'><strong>RADULPH]</strong></span> <span class='ocrx_word' id='word_1_3' title='bbox 2158 307 2578 372; x_wconf 78' lang='lat' dir='ltr'><strong>ARDENTIS.</strong></span> 
     </span>
    </p>
   </div>
   <div class='ocr_carea' id='block_1_3' title="bbox 3692 299 3829 370">
    <p class='ocr_par' dir='ltr' id='par_1_3' title="bbox 3692 299 3829 370">
     <span class='ocr_line' id='line_1_3' title="bbox 3692 299 3829 370; baseline 0.015 -2"><span class='ocrx_word' id='word_1_4' title='bbox 3692 299 3829 370; x_wconf 65' lang='lat'><strong>[920</strong></span> 
     </span>
    </p>
   </div>
   <div class='ocr_carea' id='block_1_4' title="bbox 439 433 3826 518">
    <p class='ocr_par' dir='ltr' id='par_1_4' title="bbox 439 433 3826 518">
     <span class='ocr_line' id='line_1_4' title="bbox 439 433 3826 518; baseline -0 -21"><span class='ocrx_word' id='word_1_5' title='bbox 439 439 604 497; x_wconf 81' lang='lat' dir='ltr'><strong>Unde</strong></span> <span class='ocrx_word' id='word_1_6' title='bbox 629 442 692 496; x_wconf 84' lang='lat' dir='ltr'><strong>et</strong></span> <span class='ocrx_word' id='word_1_7' title='bbox 718 439 787 495; x_wconf 89' lang='lat' dir='ltr'><strong>de</strong></span> <span class='ocrx_word' id='word_1_8' title='bbox 804 439 1039 512; x_wconf 88' lang='lat' dir='ltr'><strong>justitia</strong></span> <span class='ocrx_word' id='word_1_9' title='bbox 1069 439 1329 496; x_wconf 83' lang='lat' dir='ltr'><strong>subdens</strong></span> <span class='ocrx_word' id='word_1_10' title='bbox 1358 439 1439 495; x_wconf 86' lang='lat' dir='ltr'><strong>ait</strong></span> <span class='ocrx_word' id='word_1_11' title='bbox 1472 456 1485 495; x_wconf 91' lang='lat'><strong>:</strong></span> <span class='ocrx_word' id='word_1_12' title='bbox 1519 433 1585 494; x_wconf 80' lang='lat' dir='ltr'><strong>Et</strong></span> <span class='ocrx_word' id='word_1_13' title='bbox 1630 440 1728 512; x_wconf 70' lang='lat' dir='ltr'><strong>qui</strong></span> <span class='ocrx_word' id='word_1_14' title='bbox 1782 441 1980 494; x_wconf 80' lang='lat' dir='ltr'><strong>timens</strong></span> <span class='ocrx_word' id='word_1_15' title='bbox 2009 447 2085 495; x_wconf 82' lang='lat' dir='ltr'><strong>est</strong></span> <span class='ocrx_word' id='word_1_16' title='bbox 2111 441 2166 508; x_wconf 80' lang='grc' dir='ltr'><strong>Α</strong></span> <span class='ocrx_word' id='word_1_17' title='bbox 2200 442 2458 498; x_wconf 80' lang='lat' dir='ltr'><strong>officium</strong></span> <span class='ocrx_word' id='word_1_18' title='bbox 2490 441 2757 514; x_wconf 89' lang='lat' dir='ltr'><strong>prstoris,</strong></span> <span class='ocrx_word' id='word_1_19' title='bbox 2788 444 2845 496; x_wconf 91' lang='lat' dir='ltr'><strong>et</strong></span> <span class='ocrx_word' id='word_1_20' title='bbox 2875 440 3000 496; x_wconf 86' lang='lat' dir='ltr'><strong>sine</strong></span> <span class='ocrx_word' id='word_1_21' title='bbox 3029 453 3147 512; x_wconf 85' lang='lat' dir='ltr'><strong>qua</strong></span> <span class='ocrx_word' id='word_1_22' title='bbox 3177 437 3590 518; x_wconf 69' lang='lat' dir='ltr'><strong>damnabilit&#39;e&#39;r</strong></span> <span class='ocrx_word' id='word_1_23' title='bbox 3618 443 3826 512; x_wconf 62' lang='lat' dir='ltr'><strong>presu-</strong></span> 
     </span>
    </p>
   </div>
   <div class='ocr_carea' id='block_1_5' title="bbox 438 527 2092 602">
    <p class='ocr_par' dir='ltr' id='par_1_5' title="bbox 438 527 2092 602">
     <span class='ocr_line' id='line_1_5' title="bbox 438 527 2092 602; baseline 0.001 -19"><span class='ocrx_word' id='word_1_24' title='bbox 438 530 700 601; x_wconf 43' lang='lat' dir='ltr'><strong>.1&#39;u.-r:‘iti.1?,</strong></span> <span class='ocrx_word' id='word_1_25' title='bbox 734 529 1094 602; x_wconf 80' lang='lat' dir='ltr'><strong>apprebcndet</strong></span> <span class='ocrx_word' id='word_1_26' title='bbox 1121 545 1266 595; x_wconf 75' lang='lat' dir='ltr'><strong>eam,</strong></span> <span class='ocrx_word' id='word_1_27' title='bbox 1325 527 1380 584; x_wconf 88' lang='lat' dir='ltr'>id</span> <span class='ocrx_word' id='word_1_28' title='bbox 1416 532 1505 584; x_wconf 90' lang='lat' dir='ltr'><strong>est</strong></span> <span class='ocrx_word' id='word_1_29' title='bbox 1559 527 1930 600; x_wconf 88' lang='lat' dir='ltr'><strong>sapientiam.</strong></span> <span class='ocrx_word' id='word_1_30' title='bbox 1992 530 2092 584; x_wconf 85' lang='lat' dir='ltr'><strong>Est</strong></span> 
     </span>
    </p>
   </div>
   <div class='ocr_carea' id='block_1_6' title="bbox 441 617 2090 690">
    <p class='ocr_par' dir='ltr' id='par_1_6' title="bbox 441 617 2090 690">
     <span class='ocr_line' id='line_1_6' title="bbox 441 617 2090 690; baseline -0.002 -14"><span class='ocrx_word' id='word_1_31' title='bbox 441 624 634 676; x_wconf 65' lang='lat' dir='ltr'><strong>autem</strong></span> <span class='ocrx_word' id='word_1_32' title='bbox 673 617 912 688; x_wconf 86' lang='lat' dir='ltr'><strong>justitia</strong></span> <span class='ocrx_word' id='word_1_33' title='bbox 943 619 1182 674; x_wconf 82' lang='lat' dir='ltr'><strong>reddere</strong></span> <span class='ocrx_word' id='word_1_34' title='bbox 1214 618 1531 690; x_wconf 84' lang='lat' dir='ltr'><strong>unicuique</strong></span> <span class='ocrx_word' id='word_1_35' title='bbox 1579 618 1732 690; x_wconf 90' lang='lat' dir='ltr'><strong>quod</strong></span> <span class='ocrx_word' id='word_1_36' title='bbox 1765 635 1940 672; x_wconf 92' lang='lat' dir='ltr'><strong>suum</strong></span> <span class='ocrx_word' id='word_1_37' title='bbox 1982 622 2090 686; x_wconf 88' lang='lat' dir='ltr'><strong>est,</strong></span> 
     </span>
    </p>
   </div>
   <div class='ocr_carea' id='block_1_7' title="bbox 441 706 2092 779">
    <p class='ocr_par' dir='ltr' id='par_1_7' title="bbox 441 706 2092 779">
     <span class='ocr_line' id='line_1_7' title="bbox 441 706 2092 779; baseline -0.002 -15"><span class='ocrx_word' id='word_1_38' title='bbox 441 711 505 764; x_wconf 89' lang='lat' dir='ltr'><strong>ut</strong></span> <span class='ocrx_word' id='word_1_39' title='bbox 535 712 648 763; x_wconf 89' lang='lat' dir='ltr'><strong>Deo</strong></span> <span class='ocrx_word' id='word_1_40' title='bbox 679 707 1041 779; x_wconf 83' lang='lat' dir='ltr'><strong>religionem,</strong></span> <span class='ocrx_word' id='word_1_41' title='bbox 1075 707 1186 762; x_wconf 85' lang='lat' dir='ltr'><strong>sibi</strong></span> <span class='ocrx_word' id='word_1_42' title='bbox 1219 707 1554 779; x_wconf 76' lang='lat' dir='ltr'><strong>puritatem,</strong></span> <span class='ocrx_word' id='word_1_43' title='bbox 1605 707 1946 779; x_wconf 85' lang='lat' dir='ltr'><strong>parentibus</strong></span> <span class='ocrx_word' id='word_1_44' title='bbox 1991 706 2092 761; x_wconf 91' lang='lat' dir='ltr'><strong>ho-</strong></span> 
     </span>
    </p>
   </div>
   <div class='ocr_carea' id='block_1_8' title="bbox 437 794 2092 867">
    <p class='ocr_par' dir='ltr' id='par_1_8' title="bbox 437 794 2092 867">
     <span class='ocr_line' id='line_1_8' title="bbox 437 794 2092 867; baseline -0.002 -15"><span class='ocrx_word' id='word_1_45' title='bbox 437 813 660 861; x_wconf 84' lang='lat' dir='ltr'><strong>norem,</strong></span> <span class='ocrx_word' id='word_1_46' title='bbox 698 796 1021 865; x_wconf 82' lang='lat' dir='ltr'><strong>majoribus</strong></span> <span class='ocrx_word' id='word_1_47' title='bbox 1077 796 1479 860; x_wconf 81' lang='lat' dir='ltr'><strong>reverentiam,</strong></span> <span class='ocrx_word' id='word_1_48' title='bbox 1531 796 1786 851; x_wconf 89' lang='lat' dir='ltr'><strong>subditis</strong></span> <span class='ocrx_word' id='word_1_49' title='bbox 1825 794 2092 867; x_wconf 88' lang='lat' dir='ltr'><strong>discipli-</strong></span> 
     </span>
    </p>
   </div>
   <div class='ocr_carea' id='block_1_9' title="bbox 436 883 2091 953">
    <p class='ocr_par' dir='ltr' id='par_1_9' title="bbox 436 883 2091 953">
     <span class='ocr_line' id='line_1_9' title="bbox 436 883 2091 953; baseline -0.002 -12"><span class='ocrx_word' id='word_1_50' title='bbox 436 903 592 953; x_wconf 90' lang='lat' dir='ltr'><strong>nam,</strong></span> <span class='ocrx_word' id='word_1_51' title='bbox 638 884 871 940; x_wconf 82' lang='lat' dir='ltr'><strong>afﬂictis</strong></span> <span class='ocrx_word' id='word_1_52' title='bbox 903 883 1392 953; x_wconf 87' lang='lat' dir='ltr'><strong>misericordiam,</strong></span> <span class='ocrx_word' id='word_1_53' title='bbox 1413 883 1704 940; x_wconf 76' lang='lat' dir='ltr'><strong>divitibus</strong></span> <span class='ocrx_word' id='word_1_54' title='bbox 1737 883 2091 940; x_wconf 88' lang='lat' dir='ltr'><strong>admonitio-</strong></span> 
     </span>
    </p>
   </div>
   <div class='ocr_carea' id='block_1_10' title="bbox 436 971 2092 1041">
    <p class='ocr_par' dir='ltr' id='par_1_10' title="bbox 436 971 2092 1041">
     <span class='ocr_line' id='line_1_10' title="bbox 436 971 2092 1041; baseline -0.002 -12"><span class='ocrx_word' id='word_1_55' title='bbox 436 977 592 1041; x_wconf 85' lang='lat' dir='ltr'><strong>nem,</strong></span> <span class='ocrx_word' id='word_1_56' title='bbox 627 973 799 1029; x_wconf 84' lang='lat' dir='ltr'><strong>bonis</strong></span> <span class='ocrx_word' id='word_1_57' title='bbox 831 972 1171 1039; x_wconf 80' lang='lat' dir='ltr'><strong>amicitiam,</strong></span> <span class='ocrx_word' id='word_1_58' title='bbox 1217 971 1388 1029; x_wconf 89' lang='lat' dir='ltr'><strong>malis</strong></span> <span class='ocrx_word' id='word_1_59' title='bbox 1433 973 1849 1029; x_wconf 90' lang='lat' dir='ltr'><strong>correctionem</strong></span> <span class='ocrx_word' id='word_1_60' title='bbox 1899 971 2092 1028; x_wconf 91' lang='lat' dir='ltr'><strong>omni-</strong></span> 
     </span>
    </p>
   </div>
   <div class='ocr_carea' id='block_1_11' title="bbox 435 1060 2092 1135">
    <p class='ocr_par' dir='ltr' id='par_1_11' title="bbox 435 1060 2092 1135">
     <span class='ocr_line' id='line_1_11' title="bbox 435 1060 2092 1135; baseline -0.001 -17"><span class='ocrx_word' id='word_1_61' title='bbox 435 1065 548 1118; x_wconf 86' lang='lat' dir='ltr'><strong>bus</strong></span> <span class='ocrx_word' id='word_1_62' title='bbox 587 1063 942 1134; x_wconf 69' lang='lat' dir='ltr'><strong>tequitatem.</strong></span> <span class='ocrx_word' id='word_1_63' title='bbox 979 1062 1137 1117; x_wconf 85' lang='lat' dir='ltr'><strong>Hanc</strong></span> <span class='ocrx_word' id='word_1_64' title='bbox 1164 1061 1662 1135; x_wconf 86' lang='lat' dir='ltr'><strong>igiturjustitiam</strong></span> <span class='ocrx_word' id='word_1_65' title='bbox 1713 1061 1814 1133; x_wconf 91' lang='lat' dir='ltr'><strong>qui</strong></span> <span class='ocrx_word' id='word_1_66' title='bbox 1848 1060 1928 1116; x_wconf 89' lang='lat' dir='ltr'><strong>ita</strong></span> <span class='ocrx_word' id='word_1_67' title='bbox 1959 1078 2092 1133; x_wconf 89' lang='lat' dir='ltr'><strong>ope-</strong></span> 
     </span>
    </p>
   </div>
   <div class='ocr_carea' id='block_1_12' title="bbox 436 1138 2092 1223">
    <p class='ocr_par' dir='ltr' id='par_1_12' title="bbox 436 1138 2092 1223">
     <span class='ocr_line' id='line_1_12' title="bbox 436 1138 2092 1223; baseline -0.002 -16"><span class='ocrx_word' id='word_1_68' title='bbox 436 1152 601 1207; x_wconf 83' lang='lat' dir='ltr'><strong>ribus</strong></span> <span class='ocrx_word' id='word_1_69' title='bbox 629 1151 883 1218; x_wconf 81' lang='lat' dir='ltr'><strong>exhibet,</strong></span> <span class='ocrx_word' id='word_1_70' title='bbox 917 1149 1004 1205; x_wconf 86' lang='lat' dir='ltr'><strong>vel</strong></span> <span class='ocrx_word' id='word_1_71' title='bbox 1039 1138 1246 1206; x_wconf 83' lang='lat' dir='ltr'><strong>saltem</strong></span> <span class='ocrx_word' id='word_1_72' title='bbox 1289 1151 1425 1206; x_wconf 84' lang='lat' dir='ltr'><strong>facit</strong></span> <span class='ocrx_word' id='word_1_73' title='bbox 1475 1149 1632 1222; x_wconf 91' lang='lat' dir='ltr'><strong>quod</strong></span> <span class='ocrx_word' id='word_1_74' title='bbox 1691 1155 1904 1223; x_wconf 82' lang='lat' dir='ltr'><strong>potest,</strong></span> <span class='ocrx_word' id='word_1_75' title='bbox 1965 1165 2092 1204; x_wconf 88' lang='lat' dir='ltr'><strong>eam</strong></span> 
     </span>
    </p>
   </div>
   <div class='ocr_carea' id='block_1_13' title="bbox 435 1237 2095 1312">
    <p class='ocr_par' dir='ltr' id='par_1_13' title="bbox 435 1237 2095 1312">
     <span class='ocr_line' id='line_1_13' title="bbox 435 1237 2095 1312; baseline -0.001 -17"><span class='ocrx_word' id='word_1_76' title='bbox 435 1237 588 1296; x_wconf 83' lang='lat' dir='ltr'><strong>intra</strong></span> <span class='ocrx_word' id='word_1_77' title='bbox 618 1257 679 1296; x_wconf 87' lang='lat' dir='ltr'><strong>se</strong></span> <span class='ocrx_word' id='word_1_78' title='bbox 709 1240 1037 1306; x_wconf 88' lang='lat' dir='ltr'><strong>continens,</strong></span> <span class='ocrx_word' id='word_1_79' title='bbox 1071 1239 1170 1295; x_wconf 91' lang='lat' dir='ltr'><strong>ille</strong></span> <span class='ocrx_word' id='word_1_80' title='bbox 1202 1239 1406 1312; x_wconf 89' lang='lat' dir='ltr'><strong>utique</strong></span> <span class='ocrx_word' id='word_1_81' title='bbox 1437 1239 1829 1312; x_wconf 76' lang='lat' dir='ltr'><strong>apprehendat</strong></span> <span class='ocrx_word' id='word_1_82' title='bbox 1863 1239 2095 1310; x_wconf 81' lang='lat' dir='ltr'><strong>sapien-</strong></span> 
     </span>
    </p>
   </div>
   <div class='ocr_carea' id='block_1_14' title="bbox 434 1327 2094 1401">
    <p class='ocr_par' dir='ltr' id='par_1_14' title="bbox 434 1327 2094 1401">
     <span class='ocr_line' id='line_1_14' title="bbox 434 1327 2094 1401; baseline 0 -17"><span class='ocrx_word' id='word_1_83' title='bbox 434 1330 598 1396; x_wconf 86' lang='lat' dir='ltr'><strong>tiam,</strong></span> <span class='ocrx_word' id='word_1_84' title='bbox 635 1346 749 1384; x_wconf 91' lang='lat' dir='ltr'><strong>non</strong></span> <span class='ocrx_word' id='word_1_85' title='bbox 783 1328 1009 1384; x_wconf 90' lang='lat' dir='ltr'><strong>meritis</strong></span> <span class='ocrx_word' id='word_1_86' title='bbox 1040 1327 1125 1384; x_wconf 87' lang='lat' dir='ltr'><strong>vel</strong></span> <span class='ocrx_word' id='word_1_87' title='bbox 1157 1327 1392 1401; x_wconf 89' lang='lat' dir='ltr'><strong>ingenio</strong></span> <span class='ocrx_word' id='word_1_88' title='bbox 1425 1333 1552 1396; x_wconf 67' lang='lat' dir='ltr'><strong>&quot;sue,</strong></span> <span class='ocrx_word' id='word_1_89' title='bbox 1587 1329 1687 1383; x_wconf 88' lang='lat' dir='ltr'><strong>sed</strong></span> <span class='ocrx_word' id='word_1_90' title='bbox 1741 1327 1864 1384; x_wconf 90' lang='lat' dir='ltr'><strong>sola</strong></span> <span class='ocrx_word' id='word_1_91' title='bbox 1907 1327 2094 1400; x_wconf 88' lang='lat' dir='ltr'><strong>ipsius</strong></span> 
     </span>
    </p>
   </div>
   <div class='ocr_carea' id='block_1_15' title="bbox 432 1416 2097 1491">
    <p class='ocr_par' dir='ltr' id='par_1_15' title="bbox 432 1416 2097 1491">
     <span class='ocr_line' id='line_1_15' title="bbox 432 1416 2097 1491; baseline -0.001 -18"><span class='ocrx_word' id='word_1_92' title='bbox 432 1418 741 1490; x_wconf 77' lang='lat' dir='ltr'><strong>Sapientiae</strong></span> <span class='ocrx_word' id='word_1_93' title='bbox 771 1416 982 1491; x_wconf 83' lang='lat' dir='ltr'><strong>gratia.</strong></span> <span class='ocrx_word' id='word_1_94' title='bbox 1025 1417 1186 1473; x_wconf 91' lang='lat' dir='ltr'><strong>Unde</strong></span> <span class='ocrx_word' id='word_1_95' title='bbox 1212 1421 1268 1472; x_wconf 88' lang='lat' dir='ltr'><strong>et</strong></span> <span class='ocrx_word' id='word_1_96' title='bbox 1295 1417 1569 1472; x_wconf 78' lang='lat' dir='ltr'><strong>subditur</strong></span> <span class='ocrx_word' id='word_1_97' title='bbox 1603 1435 1615 1486; x_wconf 91' lang='lat'><strong>;</strong></span> <span class='ocrx_word' id='word_1_98' title='bbox 1651 1418 1714 1472; x_wconf 88' lang='lat' dir='ltr'><strong>Et</strong></span> <span class='ocrx_word' id='word_1_99' title='bbox 1745 1417 1988 1472; x_wconf 78' lang='lat' dir='ltr'><strong>obviabit</strong></span> <span class='ocrx_word' id='word_1_100' title='bbox 2007 1417 2097 1472; x_wconf 83' lang='lat' dir='ltr'><strong>illi</strong></span> 
     </span>
    </p>
   </div>
   <div class='ocr_carea' id='block_1_16' title="bbox 430 1501 2094 1580">
    <p class='ocr_par' dir='ltr' id='par_1_16' title="bbox 430 1501 2094 1580">
     <span class='ocr_line' id='line_1_16' title="bbox 430 1501 2094 1580; baseline -0.001 -18"><span class='ocrx_word' id='word_1_101' title='bbox 430 1509 604 1580; x_wconf 75' lang='lat' dir='ltr'><strong>gratis</strong></span> <span class='ocrx_word' id='word_1_102' title='bbox 645 1509 804 1579; x_wconf 79' lang='lat' dir='ltr'><strong>quasi</strong></span> <span class='ocrx_word' id='word_1_103' title='bbox 847 1515 1021 1561; x_wconf 60' lang='lat' dir='ltr'><strong>mater</strong></span> <span class='ocrx_word' id='word_1_104' title='bbox 1071 1508 1448 1577; x_wconf 72' lang='lat' dir='ltr'><strong>honoriﬁcam.</strong></span> <span class='ocrx_word' id='word_1_105' title='bbox 1501 1507 1585 1561; x_wconf 85' lang='lat' dir='ltr'><strong>Ad</strong></span> <span class='ocrx_word' id='word_1_106' title='bbox 1647 1501 2094 1561; x_wconf 82' lang='lat' dir='ltr'><strong>similitudinem</strong></span> 
     </span>
    </p>
   </div>
   <div class='ocr_carea' id='block_1_17' title="bbox 431 1591 2095 1666">
    <p class='ocr_par' dir='ltr' id='par_1_17' title="bbox 431 1591 2095 1666">
     <span class='ocr_line' id='line_1_17' title="bbox 431 1591 2095 1666; baseline -0.001 -15"><span class='ocrx_word' id='word_1_107' title='bbox 431 1594 696 1651; x_wconf 81' lang='lat' dir='ltr'><strong>videlicet</strong></span> <span class='ocrx_word' id='word_1_108' title='bbox 727 1595 1086 1651; x_wconf 75' lang='lat' dir='ltr'><strong>honorabilis</strong></span> <span class='ocrx_word' id='word_1_109' title='bbox 1116 1599 1170 1650; x_wconf 89' lang='lat' dir='ltr'><strong>et</strong></span> <span class='ocrx_word' id='word_1_110' title='bbox 1204 1595 1474 1651; x_wconf 78' lang='lat' dir='ltr'><strong>amabilis</strong></span> <span class='ocrx_word' id='word_1_111' title='bbox 1525 1595 1749 1659; x_wconf 85' lang='lat' dir='ltr'><strong>matris,</strong></span> <span class='ocrx_word' id='word_1_112' title='bbox 1801 1611 1928 1666; x_wconf 73' lang='lat' dir='ltr'><strong>quze</strong></span> <span class='ocrx_word' id='word_1_113' title='bbox 1975 1591 2095 1649; x_wconf 81' lang='lat' dir='ltr'><strong>tilio</strong></span> 
     </span>
    </p>
   </div>
   <div class='ocr_carea' id='block_1_18' title="bbox 433 1683 2096 1756">
    <p class='ocr_par' dir='ltr' id='par_1_18' title="bbox 433 1683 2096 1756">
     <span class='ocr_line' id='line_1_18' title="bbox 433 1683 2096 1756; baseline -0.001 -15"><span class='ocrx_word' id='word_1_114' title='bbox 433 1683 652 1742; x_wconf 84' lang='lat' dir='ltr'><strong>sitienti</strong></span> <span class='ocrx_word' id='word_1_115' title='bbox 680 1690 738 1740; x_wconf 88' lang='lat' dir='ltr'><strong>et</strong></span> <span class='ocrx_word' id='word_1_116' title='bbox 767 1683 854 1740; x_wconf 90' lang='lat' dir='ltr'><strong>lac</strong></span> <span class='ocrx_word' id='word_1_117' title='bbox 885 1685 1171 1756; x_wconf 86' lang='lat' dir='ltr'><strong>poscenti,</strong></span> <span class='ocrx_word' id='word_1_118' title='bbox 1204 1702 1318 1739; x_wconf 90' lang='lat' dir='ltr'><strong>non</strong></span> <span class='ocrx_word' id='word_1_119' title='bbox 1362 1701 1422 1739; x_wconf 85' lang='lat' dir='ltr'><strong>se</strong></span> <span class='ocrx_word' id='word_1_120' title='bbox 1471 1683 1696 1751; x_wconf 78' lang='lat' dir='ltr'><strong>avertit,</strong></span> <span class='ocrx_word' id='word_1_121' title='bbox 1752 1683 1851 1739; x_wconf 90' lang='lat' dir='ltr'><strong>sed</strong></span> <span class='ocrx_word' id='word_1_122' title='bbox 1902 1683 2096 1755; x_wconf 85' lang='lat' dir='ltr'><strong>potius</strong></span> 
     </span>
    </p>
   </div>
   <div class='ocr_carea' id='block_1_19' title="bbox 2201 525 3831 602">
    <p class='ocr_par' dir='ltr' id='par_1_19' title="bbox 2201 525 3831 602">
     <span class='ocr_line' id='line_1_19' title="bbox 2201 525 3831 602; baseline 0.001 -18"><span class='ocrx_word' id='word_1_123' title='bbox 2201 531 2278 584; x_wconf 90' lang='lat' dir='ltr'><strong>De</strong></span> <span class='ocrx_word' id='word_1_124' title='bbox 2309 547 2424 602; x_wconf 88' lang='lat' dir='ltr'><strong>qua</strong></span> <span class='ocrx_word' id='word_1_125' title='bbox 2455 530 2548 586; x_wconf 90' lang='lat' dir='ltr'><strong>hic</strong></span> <span class='ocrx_word' id='word_1_126' title='bbox 2579 529 2795 585; x_wconf 87' lang='lat' dir='ltr'><strong>dicitur</strong></span> <span class='ocrx_word' id='word_1_127' title='bbox 2825 543 2838 582; x_wconf 89' lang='lat'><strong>:</strong></span> <span class='ocrx_word' id='word_1_128' title='bbox 2873 530 2936 584; x_wconf 83' lang='lat' dir='ltr'><strong>In</strong></span> <span class='ocrx_word' id='word_1_129' title='bbox 2986 528 3164 584; x_wconf 81' lang='lat' dir='ltr'><strong>medio</strong></span> <span class='ocrx_word' id='word_1_130' title='bbox 3216 529 3473 585; x_wconf 67' lang='lat' dir='ltr'><strong>Et:ch</strong></span> <span class='ocrx_word' id='word_1_131' title='bbox 3525 525 3740 600; x_wconf 51' lang='lat' dir='ltr'><strong>aperuit</strong></span> <span class='ocrx_word' id='word_1_132' title='bbox 3784 527 3831 586; x_wconf 58' lang='lat' dir='ltr'><strong>os</strong></span> 
     </span>
    </p>
   </div>
   <div class='ocr_carea' id='block_1_20' title="bbox 2201 619 3833 692">
    <p class='ocr_par' dir='ltr' id='par_1_20' title="bbox 2201 619 3833 692">
     <span class='ocr_line' id='line_1_20' title="bbox 2201 619 3833 692; baseline 0.001 -17"><span class='ocrx_word' id='word_1_133' title='bbox 2201 622 2335 690; x_wconf 78' lang='lat' dir='ltr'><strong>ejus,</strong></span> <span class='ocrx_word' id='word_1_134' title='bbox 2371 638 2437 676; x_wconf 86' lang='lat' dir='ltr'><strong>ac</strong></span> <span class='ocrx_word' id='word_1_135' title='bbox 2470 621 2516 676; x_wconf 88' lang='lat' dir='ltr'><strong>si</strong></span> <span class='ocrx_word' id='word_1_136' title='bbox 2567 620 2722 676; x_wconf 85' lang='lat' dir='ltr'><strong>dicat</strong></span> <span class='ocrx_word' id='word_1_137' title='bbox 2751 623 2982 692; x_wconf 86' lang='lat' dir='ltr'><strong>aperte:</strong></span> <span class='ocrx_word' id='word_1_138' title='bbox 3016 619 3140 674; x_wconf 82' lang='lat' dir='ltr'><strong>Non</strong></span> <span class='ocrx_word' id='word_1_139' title='bbox 3177 623 3492 691; x_wconf 61' lang='lat' dir='ltr'><strong>praesumat</strong></span> <span class='ocrx_word' id='word_1_140' title='bbox 3515 619 3833 691; x_wconf 68' lang='lat' dir='ltr'><strong>pmdiCator</strong></span> 
     </span>
    </p>
   </div>
   <div class='ocr_carea' id='block_1_21' title="bbox 2203 708 3830 781">
    <p class='ocr_par' dir='ltr' id='par_1_21' title="bbox 2203 708 3830 781">
     <span class='ocr_line' id='line_1_21' title="bbox 2203 708 3830 781; baseline 0.001 -18"><span class='ocrx_word' id='word_1_141' title='bbox 2203 709 2274 765; x_wconf 91' lang='lat' dir='ltr'><strong>de</strong></span> <span class='ocrx_word' id='word_1_142' title='bbox 2300 709 2632 781; x_wconf 76' lang='lat' dir='ltr'><strong>eloquentia</strong></span> <span class='ocrx_word' id='word_1_143' title='bbox 2649 727 2776 775; x_wconf 89' lang='lat' dir='ltr'><strong>sua,</strong></span> <span class='ocrx_word' id='word_1_144' title='bbox 2803 709 2943 780; x_wconf 82' lang='lat' dir='ltr'><strong>quia</strong></span> <span class='ocrx_word' id='word_1_145' title='bbox 2963 725 3077 762; x_wconf 90' lang='lat' dir='ltr'><strong>non</strong></span> <span class='ocrx_word' id='word_1_146' title='bbox 3097 711 3290 780; x_wconf 82' lang='lat' dir='ltr'><strong>potest</strong></span> <span class='ocrx_word' id='word_1_147' title='bbox 3315 708 3629 780; x_wconf 59' lang='lat' dir='ltr'><strong>pradicare‘</strong></span> <span class='ocrx_word' id='word_1_148' title='bbox 3645 721 3830 781; x_wconf 74' lang='lat' dir='ltr'><strong>pet-se,</strong></span> 
     </span>
    </p>
   </div>
   <div class='ocr_carea' id='block_1_22' title="bbox 2203 795 3917 872">
    <p class='ocr_par' dir='ltr' id='par_1_22' title="bbox 2203 795 3917 872">
     <span class='ocr_line' id='line_1_22' title="bbox 2203 795 3917 872; baseline 0 -19"><span class='ocrx_word' id='word_1_149' title='bbox 2203 797 2316 853; x_wconf 88' lang='lat' dir='ltr'><strong>nisi</strong></span> <span class='ocrx_word' id='word_1_150' title='bbox 2349 799 2632 854; x_wconf 85' lang='lat' dir='ltr'><strong>Dominus</strong></span> <span class='ocrx_word' id='word_1_151' title='bbox 2665 814 2728 853; x_wconf 91' lang='lat' dir='ltr'><strong>os</strong></span> <span class='ocrx_word' id='word_1_152' title='bbox 2759 797 2888 869; x_wconf 84' lang='lat' dir='ltr'><strong>ejus</strong></span> <span class='ocrx_word' id='word_1_153' title='bbox 2945 796 3186 870; x_wconf 81' lang='lat' dir='ltr'><strong>aperiat.</strong></span> <span class='ocrx_word' id='word_1_154' title='bbox 3236 796 3400 852; x_wconf 90' lang='lat' dir='ltr'><strong>Unde</strong></span> <span class='ocrx_word' id='word_1_155' title='bbox 3448 800 3503 851; x_wconf 88' lang='lat' dir='ltr'><strong>et</strong></span> <span class='ocrx_word' id='word_1_156' title='bbox 3551 795 3831 853; x_wconf 53' lang='lat' dir='ltr'><strong>Psalmis“</strong></span> 
     </span>
    </p>
   </div>
   <div class='ocr_carea' id='block_1_23' title="bbox 2496 881 3917 956">
    <p class='ocr_par' dir='ltr' id='par_1_23' title="bbox 2496 881 3917 956">
     <span class='ocr_line' id='line_1_23' title="bbox 2496 881 3917 956; baseline -0.006 -13"><span class='ocrx_word' id='word_1_157' title='bbox 2496 887 2759 954; x_wconf 88' lang='lat' dir='ltr'><strong>Domine,</strong></span> <span class='ocrx_word' id='word_1_158' title='bbox 2811 884 2967 941; x_wconf 84' lang='lat' dir='ltr'><strong>labia</strong></span> <span class='ocrx_word' id='word_1_159' title='bbox 3022 899 3151 940; x_wconf 87' lang='lat' dir='ltr'><strong>mea</strong></span> <span class='ocrx_word' id='word_1_160' title='bbox 3209 883 3434 956; x_wconf 78' lang='lat' dir='ltr'><strong>aperies</strong></span> <span class='ocrx_word' id='word_1_161' title='bbox 3489 887 3666 951; x_wconf 68' lang='lat' dir='ltr'><strong>(mat.</strong></span> <span class='ocrx_word' id='word_1_162' title='bbox 3723 888 3824 954; x_wconf 77' lang='lat' dir='ltr'><strong>L).i</strong></span> <span class='ocrx_word' id='word_1_163' title='bbox 3916 881 3917 908; x_wconf 32' lang='grc' dir='ltr'>ξ</span> 
     </span>
    </p>
   </div>
   <div class='ocr_carea' id='block_1_24' title="bbox 2203 891 2435 942">
    <p class='ocr_par' dir='ltr' id='par_1_24' title="bbox 2203 891 2435 942">
     <span class='ocr_line' id='line_1_24' title="bbox 2203 891 2435 942; baseline 0 0"><span class='ocrx_word' id='word_1_164' title='bbox 2203 891 2330 942; x_wconf 87' lang='lat' dir='ltr'><strong>orat</strong></span> <span class='ocrx_word' id='word_1_165' title='bbox 2361 904 2373 942; x_wconf 93' lang='lat'><strong>:</strong></span> <span class='ocrx_word' id='word_1_166' title='bbox 2408 911 2435 937; x_wconf 85' lang='lat'><strong><em>«</em></strong></span> 
     </span>
    </p>
   </div>
   <div class='ocr_carea' id='block_1_25' title="bbox 2204 972 3830 1047">
    <p class='ocr_par' dir='ltr' id='par_1_25' title="bbox 2204 972 3830 1047">
     <span class='ocr_line' id='line_1_25' title="bbox 2204 972 3830 1047; baseline 0 -17"><span class='ocrx_word' id='word_1_167' title='bbox 2204 975 2528 1047; x_wconf 72' lang='lat' dir='ltr'><strong>Septimum</strong></span> <span class='ocrx_word' id='word_1_168' title='bbox 2543 980 2652 1043; x_wconf 83' lang='lat' dir='ltr'><strong>est,</strong></span> <span class='ocrx_word' id='word_1_169' title='bbox 2669 973 3009 1047; x_wconf 87' lang='lat' dir='ltr'><strong>adimpletio</strong></span> <span class='ocrx_word' id='word_1_170' title='bbox 3027 972 3282 1046; x_wconf 81' lang='lat' dir='ltr'><strong>Spiritus</strong></span> <span class='ocrx_word' id='word_1_171' title='bbox 3305 972 3671 1046; x_wconf 67' lang='lat' dir='ltr'><strong>sapientiae-et</strong></span> <span class='ocrx_word' id='word_1_172' title='bbox 3691 974 3830 1031; x_wconf 72' lang='lat' dir='ltr'><strong>intel-</strong></span> 
     </span>
    </p>
   </div>
   <div class='ocr_carea' id='block_1_26' title="bbox 2203 1061 3917 1137">
    <p class='ocr_par' dir='ltr' id='par_1_26' title="bbox 2203 1061 3917 1137">
     <span class='ocr_line' id='line_1_26' title="bbox 2203 1061 3917 1137; baseline 0.001 -20"><span class='ocrx_word' id='word_1_173' title='bbox 2203 1062 2407 1133; x_wconf 79' lang='lat' dir='ltr'><strong>lectus,</strong></span> <span class='ocrx_word' id='word_1_174' title='bbox 2445 1065 2540 1137; x_wconf 89' lang='lat' dir='ltr'><strong>qui</strong></span> <span class='ocrx_word' id='word_1_175' title='bbox 2575 1063 2738 1119; x_wconf 88' lang='lat' dir='ltr'><strong>solus</strong></span> <span class='ocrx_word' id='word_1_176' title='bbox 2786 1062 3084 1118; x_wconf 82' lang='lat' dir='ltr'><strong>ministrat</strong></span> <span class='ocrx_word' id='word_1_177' title='bbox 3137 1061 3502 1134; x_wconf 62' lang='lat' dir='ltr'><strong>praediCato&#39;ri</strong></span> <span class='ocrx_word' id='word_1_178' title='bbox 3551 1066 3680 1135; x_wconf 71' lang='lat' dir='ltr'><strong>qua:</strong></span> <span class='ocrx_word' id='word_1_179' title='bbox 3727 1063 3826 1136; x_wconf 72' lang='lat' dir='ltr'><strong>ipse</strong></span> <span class='ocrx_word' id='word_1_180' title='bbox 3915 1099 3917 1137; x_wconf 48' lang='grc' dir='ltr'>ί</span> 
     </span>
    </p>
   </div>
   <div class='ocr_carea' id='block_1_27' title="bbox 2203 1149 3827 1224">
    <p class='ocr_par' dir='ltr' id='par_1_27' title="bbox 2203 1149 3827 1224">
     <span class='ocr_line' id='line_1_27' title="bbox 2203 1149 3827 1224; baseline 0 -18"><span class='ocrx_word' id='word_1_181' title='bbox 2203 1152 2376 1208; x_wconf 85' lang='lat' dir='ltr'><strong>dicat.</strong></span> <span class='ocrx_word' id='word_1_182' title='bbox 2413 1153 2575 1209; x_wconf 87' lang='lat' dir='ltr'><strong>Unde</strong></span> <span class='ocrx_word' id='word_1_183' title='bbox 2609 1170 2669 1207; x_wconf 77' lang='grc' dir='ltr'><strong>ει(</strong></span> <span class='ocrx_word' id='word_1_184' title='bbox 2701 1151 3024 1217; x_wconf 86' lang='lat' dir='ltr'><strong>Nouenim,</strong></span> <span class='ocrx_word' id='word_1_185' title='bbox 3048 1149 3535 1224; x_wconf 85' lang='lat' dir='ltr'><strong>inquit,vosestis</strong></span> <span class='ocrx_word' id='word_1_186' title='bbox 3551 1151 3827 1224; x_wconf 69' lang='lat' dir='ltr'><strong>qui-loqui-</strong></span> 
     </span>
    </p>
   </div>
   <div class='ocr_carea' id='block_1_28' title="bbox 2203 1235 3825 1314">
    <p class='ocr_par' dir='ltr' id='par_1_28' title="bbox 2203 1235 3825 1314">
     <span class='ocr_line' id='line_1_28' title="bbox 2203 1235 3825 1314; baseline 0.001 -20"><span class='ocrx_word' id='word_1_187' title='bbox 2203 1239 2368 1309; x_wconf 89' lang='lat' dir='ltr'><strong>mini,</strong></span> <span class='ocrx_word' id='word_1_188' title='bbox 2404 1242 2503 1298; x_wconf 89' lang='lat' dir='ltr'><strong>sed</strong></span> <span class='ocrx_word' id='word_1_189' title='bbox 2538 1240 2791 1314; x_wconf 77' lang='lat' dir='ltr'><strong>Spiritus</strong></span> <span class='ocrx_word' id='word_1_190' title='bbox 2825 1239 3014 1296; x_wconf 80' lang='lat' dir='ltr'><strong>Patris</strong></span> <span class='ocrx_word' id='word_1_191' title='bbox 3045 1235 3222 1295; x_wconf 83' lang='lat' dir='ltr'><strong>vestri</strong></span> <span class='ocrx_word' id='word_1_192' title='bbox 3255 1239 3355 1311; x_wconf 86' lang='lat' dir='ltr'><strong>qui</strong></span> <span class='ocrx_word' id='word_1_193' title='bbox 3385 1237 3647 1311; x_wconf 78' lang='lat' dir='ltr'><strong>loquitur</strong></span> <span class='ocrx_word' id='word_1_194' title='bbox 3673 1239 3726 1295; x_wconf 83' lang='lat' dir='ltr'><strong>in</strong></span> <span class='ocrx_word' id='word_1_195' title='bbox 3751 1256 3825 1295; x_wconf 52' lang='grc' dir='ltr'><strong>νο.</strong></span> 
     </span>
    </p>
   </div>
   <div class='ocr_carea' id='block_1_29' title="bbox 2203 1328 3825 1402">
    <p class='ocr_par' dir='ltr' id='par_1_29' title="bbox 2203 1328 3825 1402">
     <span class='ocr_line' id='line_1_29' title="bbox 2203 1328 3825 1402; baseline 0 -18"><span class='ocrx_word' id='word_1_196' title='bbox 2203 1328 2293 1384; x_wconf 86' lang='lat' dir='ltr'><strong>bis</strong></span> <span class='ocrx_word' id='word_1_197' title='bbox 2333 1330 2538 1402; x_wconf 79' lang='lat' dir='ltr'><strong>(Matth.</strong></span> <span class='ocrx_word' id='word_1_198' title='bbox 2572 1329 2652 1402; x_wconf 73' lang='grc' dir='ltr'><strong>χ.)</strong></span> <span class='ocrx_word' id='word_1_199' title='bbox 2686 1352 2712 1380; x_wconf 82' lang='grc'>»</span> <span class='ocrx_word' id='word_1_200' title='bbox 2747 1330 2826 1385; x_wconf 86' lang='lat' dir='ltr'><strong>De</strong></span> <span class='ocrx_word' id='word_1_201' title='bbox 2861 1329 2954 1384; x_wconf 87' lang='lat' dir='ltr'><strong>his</strong></span> <span class='ocrx_word' id='word_1_202' title='bbox 2980 1328 3300 1384; x_wconf 83' lang='lat' dir='ltr'><strong>subditur:</strong></span> <span class='ocrx_word' id='word_1_203' title='bbox 3333 1329 3400 1384; x_wconf 82' lang='lat' dir='ltr'><strong>Et</strong></span> <span class='ocrx_word' id='word_1_204' title='bbox 3438 1328 3685 1400; x_wconf 67' lang='lat' dir='ltr'><strong>implebit</strong></span> <span class='ocrx_word' id='word_1_205' title='bbox 3725 1343 3825 1384; x_wconf 72' lang='lat' dir='ltr'><strong>eum</strong></span> 
     </span>
    </p>
   </div>
   <div class='ocr_carea' id='block_1_30' title="bbox 2201 1417 3828 1496">
    <p class='ocr_par' dir='ltr' id='par_1_30' title="bbox 2201 1417 3828 1496">
     <span class='ocr_line' id='line_1_30' title="bbox 2201 1417 3828 1496; baseline -0.002 -21"><span class='ocrx_word' id='word_1_206' title='bbox 2201 1417 2466 1475; x_wconf 76' lang='lat' dir='ltr'><strong>Dominus</strong></span> <span class='ocrx_word' id='word_1_207' title='bbox 2494 1419 2712 1490; x_wconf 79' lang='lat' dir='ltr'><strong>Spiritu</strong></span> <span class='ocrx_word' id='word_1_208' title='bbox 2739 1419 3034 1490; x_wconf 64' lang='lat' dir='ltr'><strong>sapientia?</strong></span> <span class='ocrx_word' id='word_1_209' title='bbox 3061 1425 3114 1474; x_wconf 81' lang='lat' dir='ltr'><strong>et</strong></span> <span class='ocrx_word' id='word_1_210' title='bbox 3137 1418 3462 1496; x_wconf 72' lang='lat' dir='ltr'><strong>intellectus.</strong></span> <span class='ocrx_word' id='word_1_211' title='bbox 3493 1417 3679 1489; x_wconf 83' lang='lat' dir='ltr'><strong>Supra</strong></span> <span class='ocrx_word' id='word_1_212' title='bbox 3705 1417 3828 1472; x_wconf 66' lang='lat' dir='ltr'><strong>dixe</strong></span> 
     </span>
    </p>
   </div>
   <div class='ocr_carea' id='block_1_31' title="bbox 2202 1505 3822 1580">
    <p class='ocr_par' dir='ltr' id='par_1_31' title="bbox 2202 1505 3822 1580">
     <span class='ocr_line' id='line_1_31' title="bbox 2202 1505 3822 1580; baseline -0.001 -18"><span class='ocrx_word' id='word_1_213' title='bbox 2202 1512 2294 1562; x_wconf 90' lang='lat' dir='ltr'><strong>rat</strong></span> <span class='ocrx_word' id='word_1_214' title='bbox 2327 1524 2338 1562; x_wconf 94' lang='lat'>:</span> <span class='ocrx_word' id='word_1_215' title='bbox 2369 1509 2522 1580; x_wconf 81' lang='lat' dir='ltr'><strong>Aqua</strong></span> <span class='ocrx_word' id='word_1_216' title='bbox 2547 1509 2836 1580; x_wconf 70' lang='lat' dir='ltr'><strong>sapientia:</strong></span> <span class='ocrx_word' id='word_1_217' title='bbox 2874 1507 3088 1580; x_wconf 82' lang='lat' dir='ltr'><strong>potabit</strong></span> <span class='ocrx_word' id='word_1_218' title='bbox 3138 1507 3320 1561; x_wconf 75' lang='lat' dir='ltr'><strong>ilium.</strong></span> <span class='ocrx_word' id='word_1_219' title='bbox 3375 1505 3480 1562; x_wconf 86' lang='lat' dir='ltr'><strong>Hic</strong></span> <span class='ocrx_word' id='word_1_220' title='bbox 3536 1517 3668 1562; x_wconf 86' lang='lat' dir='ltr'><strong>vero</strong></span> <span class='ocrx_word' id='word_1_221' title='bbox 3718 1507 3822 1561; x_wconf 76' lang='lat' dir='ltr'><strong>ait:</strong></span> 
     </span>
    </p>
   </div>
   <div class='ocr_carea' id='block_1_32' title="bbox 2203 1595 3824 1669">
    <p class='ocr_par' dir='ltr' id='par_1_32' title="bbox 2203 1595 3824 1669">
     <span class='ocr_line' id='line_1_32' title="bbox 2203 1595 3824 1669; baseline -0.002 -16"><span class='ocrx_word' id='word_1_222' title='bbox 2203 1597 2454 1669; x_wconf 79' lang='lat' dir='ltr'><strong>Implebit</strong></span> <span class='ocrx_word' id='word_1_223' title='bbox 2473 1611 2596 1652; x_wconf 81' lang='lat' dir='ltr'><strong>eum</strong></span> <span class='ocrx_word' id='word_1_224' title='bbox 2621 1597 2835 1669; x_wconf 80' lang='lat' dir='ltr'><strong>Spiritu</strong></span> <span class='ocrx_word' id='word_1_225' title='bbox 2864 1597 3172 1668; x_wconf 65' lang='lat' dir='ltr'><strong>sapisti-tim,</strong></span> <span class='ocrx_word' id='word_1_226' title='bbox 3207 1595 3361 1667; x_wconf 82' lang='lat' dir='ltr'><strong>quod</strong></span> <span class='ocrx_word' id='word_1_227' title='bbox 3393 1596 3594 1667; x_wconf 80' lang='lat' dir='ltr'><strong>majus</strong></span> <span class='ocrx_word' id='word_1_228' title='bbox 3636 1597 3733 1650; x_wconf 77' lang='lat' dir='ltr'><strong>est.</strong></span> <span class='ocrx_word' id='word_1_229' title='bbox 3777 1595 3824 1650; x_wconf 76' lang='lat' dir='ltr'><strong>In</strong></span> 
     </span>
    </p>
   </div>
   <div class='ocr_carea' id='block_1_33' title="bbox 2205 1682 3824 1757">
    <p class='ocr_par' dir='ltr' id='par_1_33' title="bbox 2205 1682 3824 1757">
     <span class='ocr_line' id='line_1_33' title="bbox 2205 1682 3824 1757; baseline -0.001 -18"><span class='ocrx_word' id='word_1_230' title='bbox 2205 1701 2318 1757; x_wconf 90' lang='lat' dir='ltr'><strong>quo</strong></span> <span class='ocrx_word' id='word_1_231' title='bbox 2349 1685 2615 1740; x_wconf 82' lang='lat' dir='ltr'><strong>innuitur</strong></span> <span class='ocrx_word' id='word_1_232' title='bbox 2645 1685 2800 1757; x_wconf 89' lang='lat' dir='ltr'><strong>quod</strong></span> <span class='ocrx_word' id='word_1_233' title='bbox 2823 1685 3058 1756; x_wconf 84' lang='lat' dir='ltr'><strong>quando</strong></span> <span class='ocrx_word' id='word_1_234' title='bbox 3079 1683 3294 1756; x_wconf 72' lang='lat' dir='ltr'><strong>aliquis</strong></span> <span class='ocrx_word' id='word_1_235' title='bbox 3313 1684 3492 1756; x_wconf 82' lang='lat' dir='ltr'><strong>digne</strong></span> <span class='ocrx_word' id='word_1_236' title='bbox 3513 1684 3585 1739; x_wconf 84' lang='lat' dir='ltr'><strong>a&#39;d</strong></span> <span class='ocrx_word' id='word_1_237' title='bbox 3602 1682 3824 1740; x_wconf 68' lang='lat' dir='ltr'><strong>officiunt</strong></span> 
     </span>
    </p>
   </div>
   <div class='ocr_carea' id='block_1_34' title="bbox 433 1771 3917 1881">
    <p class='ocr_par' dir='ltr' id='par_1_34' title="bbox 433 1771 3917 1881">
     <span class='ocr_line' id='line_1_34' title="bbox 433 1771 3917 1881; baseline -0.002 -51"><span class='ocrx_word' id='word_1_238' title='bbox 433 1773 662 1830; x_wconf 82' lang='lat' dir='ltr'><strong>obviam</strong></span> <span class='ocrx_word' id='word_1_239' title='bbox 688 1773 738 1829; x_wconf 90' lang='lat' dir='ltr'><strong>ei</strong></span> <span class='ocrx_word' id='word_1_240' title='bbox 769 1773 935 1828; x_wconf 72' lang='lat' dir='ltr'><strong>offert</strong></span> <span class='ocrx_word' id='word_1_241' title='bbox 967 1771 1315 1838; x_wconf 87' lang='lat' dir='ltr'><strong>mamillam,</strong></span> <span class='ocrx_word' id='word_1_242' title='bbox 1346 1774 1512 1840; x_wconf 87' lang='lat' dir='ltr'><strong>Ecce,</strong></span> <span class='ocrx_word' id='word_1_243' title='bbox 1537 1775 1743 1828; x_wconf 83' lang='lat' dir='ltr'><strong>fratres</strong></span> <span class='ocrx_word' id='word_1_244' title='bbox 1774 1772 1910 1838; x_wconf 89' lang='lat' dir='ltr'><strong>mei,</strong></span> <span class='ocrx_word' id='word_1_245' title='bbox 1935 1771 2094 1839; x_wconf 85' lang='lat' dir='ltr'><strong>talis,</strong></span> <span class='ocrx_word' id='word_1_246' title='bbox 2125 1815 2172 1881; x_wconf 76' lang='grc' dir='ltr'>Β</span> <span class='ocrx_word' id='word_1_247' title='bbox 2205 1772 2638 1846; x_wconf 63' lang='grc' dir='ltr'><strong>ριιωᾶίοτιιίοηὶε</strong></span> <span class='ocrx_word' id='word_1_248' title='bbox 2673 1773 3049 1841; x_wconf 86' lang='lat' dir='ltr'><strong>sublimatur,</strong></span> <span class='ocrx_word' id='word_1_249' title='bbox 3109 1772 3300 1846; x_wconf 83' lang='lat' dir='ltr'><strong>gratia</strong></span> <span class='ocrx_word' id='word_1_250' title='bbox 3355 1771 3552 1829; x_wconf 81' lang='lat' dir='ltr'><strong>sancti</strong></span> <span class='ocrx_word' id='word_1_251' title='bbox 3607 1771 3824 1845; x_wconf 67' lang='lat' dir='ltr'><strong>Spiritus</strong></span> <span class='ocrx_word' id='word_1_252' title='bbox 3915 1787 3917 1822; x_wconf 75' lang='lat' dir='ltr'><strong>l</strong></span> 
     </span>
    </p>
   </div>
   <div class='ocr_carea' id='block_1_35' title="bbox 433 1861 3084 1935">
    <p class='ocr_par' dir='ltr' id='par_1_35' title="bbox 433 1861 3084 1935">
     <span class='ocr_line' id='line_1_35' title="bbox 433 1861 3084 1935; baseline -0 -17"><span class='ocrx_word' id='word_1_253' title='bbox 433 1863 550 1919; x_wconf 90' lang='lat' dir='ltr'><strong>imo</strong></span> <span class='ocrx_word' id='word_1_254' title='bbox 585 1863 773 1934; x_wconf 82' lang='lat' dir='ltr'><strong>major</strong></span> <span class='ocrx_word' id='word_1_255' title='bbox 803 1867 893 1917; x_wconf 89' lang='lat' dir='ltr'><strong>est</strong></span> <span class='ocrx_word' id='word_1_256' title='bbox 924 1862 1110 1935; x_wconf 90' lang='lat' dir='ltr'><strong>pietas</strong></span> <span class='ocrx_word' id='word_1_257' title='bbox 1143 1863 1240 1917; x_wconf 91' lang='lat' dir='ltr'><strong>Dei</strong></span> <span class='ocrx_word' id='word_1_258' title='bbox 1270 1876 1409 1935; x_wconf 86' lang='lat' dir='ltr'><strong>erga</strong></span> <span class='ocrx_word' id='word_1_259' title='bbox 1439 1880 1567 1934; x_wconf 89' lang='lat' dir='ltr'><strong>nos,</strong></span> <span class='ocrx_word' id='word_1_260' title='bbox 1596 1862 1644 1917; x_wconf 87' lang='lat' dir='ltr'><strong>si</strong></span> <span class='ocrx_word' id='word_1_261' title='bbox 1677 1861 1780 1916; x_wconf 84' lang='lat' dir='ltr'><strong>ﬁlii</strong></span> <span class='ocrx_word' id='word_1_262' title='bbox 1805 1862 1934 1932; x_wconf 90' lang='lat' dir='ltr'><strong>ejus</strong></span> <span class='ocrx_word' id='word_1_263' title='bbox 1965 1877 2093 1916; x_wconf 90' lang='lat' dir='ltr'><strong>esse</strong></span> <span class='ocrx_word' id='word_1_264' title='bbox 2125 1861 2172 1881; x_wconf 80' lang='lat'><em>&quot;</em></span> <span class='ocrx_word' id='word_1_265' title='bbox 2201 1862 2390 1934; x_wconf 85' lang='lat' dir='ltr'><strong>magis</strong></span> <span class='ocrx_word' id='word_1_266' title='bbox 2420 1865 2477 1917; x_wconf 87' lang='lat' dir='ltr'><strong>et</strong></span> <span class='ocrx_word' id='word_1_267' title='bbox 2508 1861 2698 1934; x_wconf 83' lang='lat' dir='ltr'><strong>magis</strong></span> <span class='ocrx_word' id='word_1_268' title='bbox 2727 1861 3084 1918; x_wconf 83' lang='lat' dir='ltr'><strong>cumulatur.</strong></span> 
     </span>
    </p>
   </div>
   <div class='ocr_carea' id='block_1_36' title="bbox 434 1949 2094 2024">
    <p class='ocr_par' dir='ltr' id='par_1_36' title="bbox 434 1949 2094 2024">
     <span class='ocr_line' id='line_1_36' title="bbox 434 1949 2094 2024; baseline -0.002 -16"><span class='ocrx_word' id='word_1_269' title='bbox 434 1951 725 2008; x_wconf 87' lang='lat' dir='ltr'><strong>volumus.</strong></span> <span class='ocrx_word' id='word_1_270' title='bbox 758 1951 922 2006; x_wconf 87' lang='lat' dir='ltr'><strong>Unde</strong></span> <span class='ocrx_word' id='word_1_271' title='bbox 951 1952 1202 2006; x_wconf 88' lang='lat' dir='ltr'><strong>Jacobus</strong></span> <span class='ocrx_word' id='word_1_272' title='bbox 1237 1969 1251 2019; x_wconf 87' lang='lat'><strong>;</strong></span> <span class='ocrx_word' id='word_1_273' title='bbox 1286 1976 1312 2001; x_wconf 83' lang='lat'><strong>«</strong></span> <span class='ocrx_word' id='word_1_274' title='bbox 1346 1951 1401 2006; x_wconf 90' lang='lat' dir='ltr'><strong>Si</strong></span> <span class='ocrx_word' id='word_1_275' title='bbox 1435 1952 1589 2024; x_wconf 89' lang='lat' dir='ltr'><strong>quis,</strong></span> <span class='ocrx_word' id='word_1_276' title='bbox 1621 1950 1834 2023; x_wconf 90' lang='lat' dir='ltr'><strong>inquit,</strong></span> <span class='ocrx_word' id='word_1_277' title='bbox 1870 1949 2094 2022; x_wconf 85' lang='lat' dir='ltr'><strong>indiget</strong></span> 
     </span>
    </p>
   </div>
   <div class='ocr_carea' id='block_1_37' title="bbox 434 2039 2088 2115">
    <p class='ocr_par' dir='ltr' id='par_1_37' title="bbox 434 2039 2088 2115">
     <span class='ocr_line' id='line_1_37' title="bbox 434 2039 2088 2115; baseline -0.002 -18"><span class='ocrx_word' id='word_1_278' title='bbox 434 2041 738 2115; x_wconf 85' lang='lat' dir='ltr'><strong>sapientia,</strong></span> <span class='ocrx_word' id='word_1_279' title='bbox 775 2039 1030 2112; x_wconf 88' lang='lat' dir='ltr'><strong>postulet</strong></span> <span class='ocrx_word' id='word_1_280' title='bbox 1053 2058 1088 2096; x_wconf 88' lang='lat' dir='ltr'><strong>a</strong></span> <span class='ocrx_word' id='word_1_281' title='bbox 1119 2046 1253 2108; x_wconf 87' lang='lat' dir='ltr'><strong>Deo,</strong></span> <span class='ocrx_word' id='word_1_282' title='bbox 1286 2040 1388 2112; x_wconf 88' lang='lat' dir='ltr'><strong>qui</strong></span> <span class='ocrx_word' id='word_1_283' title='bbox 1420 2041 1519 2095; x_wconf 86' lang='lat' dir='ltr'><strong>dat</strong></span> <span class='ocrx_word' id='word_1_284' title='bbox 1545 2039 1857 2094; x_wconf 83' lang='lat' dir='ltr'><strong>alfluenter</strong></span> <span class='ocrx_word' id='word_1_285' title='bbox 1889 2044 1944 2095; x_wconf 88' lang='lat' dir='ltr'><strong>et</strong></span> <span class='ocrx_word' id='word_1_286' title='bbox 1975 2055 2088 2094; x_wconf 89' lang='lat' dir='ltr'><strong>non</strong></span> 
     </span>
    </p>
   </div>
   <div class='ocr_carea' id='block_1_38' title="bbox 434 2131 1111 2203">
    <p class='ocr_par' dir='ltr' id='par_1_38' title="bbox 434 2131 1111 2203">
     <span class='ocr_line' id='line_1_38' title="bbox 434 2131 1111 2203; baseline -0.012 -17"><span class='ocrx_word' id='word_1_287' title='bbox 434 2131 789 2203; x_wconf 81' lang='lat' dir='ltr'><strong>improperat</strong></span> <span class='ocrx_word' id='word_1_288' title='bbox 819 2131 954 2196; x_wconf 84' lang='lat' dir='ltr'><strong>(Jac.</strong></span> <span class='ocrx_word' id='word_1_289' title='bbox 989 2133 1049 2197; x_wconf 84' lang='grc' dir='ltr'><strong>ι.)</strong></span> <span class='ocrx_word' id='word_1_290' title='bbox 1085 2152 1111 2178; x_wconf 89' lang='grc'><strong><em>››</em></strong></span> 
     </span>
    </p>
   </div>
   <div class='ocr_carea' id='block_1_39' title="bbox 505 2217 2088 2292">
    <p class='ocr_par' dir='ltr' id='par_1_39' title="bbox 505 2217 2088 2292">
     <span class='ocr_line' id='line_1_39' title="bbox 505 2217 2088 2292; baseline -0.003 -16"><span class='ocrx_word' id='word_1_291' title='bbox 505 2218 781 2292; x_wconf 88' lang='lat' dir='ltr'><strong>Sequitur</strong></span> <span class='ocrx_word' id='word_1_292' title='bbox 808 2235 941 2289; x_wconf 87' lang='lat' dir='ltr'><strong>pars</strong></span> <span class='ocrx_word' id='word_1_293' title='bbox 971 2218 1249 2283; x_wconf 88' lang='lat' dir='ltr'><strong>secunda,</strong></span> <span class='ocrx_word' id='word_1_294' title='bbox 1285 2217 1343 2271; x_wconf 90' lang='lat' dir='ltr'><strong>in</strong></span> <span class='ocrx_word' id='word_1_295' title='bbox 1375 2234 1492 2288; x_wconf 87' lang='lat' dir='ltr'><strong>qua</strong></span> <span class='ocrx_word' id='word_1_296' title='bbox 1535 2220 1955 2271; x_wconf 86' lang='lat' dir='ltr'><strong>enumerantur</strong></span> <span class='ocrx_word' id='word_1_297' title='bbox 1985 2217 2088 2272; x_wconf 89' lang='lat' dir='ltr'><strong>de-</strong></span> 
     </span>
    </p>
   </div>
   <div class='ocr_carea' id='block_1_40' title="bbox 433 2305 2090 2379">
    <p class='ocr_par' dir='ltr' id='par_1_40' title="bbox 433 2305 2090 2379">
     <span class='ocr_line' id='line_1_40' title="bbox 433 2305 2090 2379; baseline -0.002 -16"><span class='ocrx_word' id='word_1_298' title='bbox 433 2325 559 2364; x_wconf 88' lang='lat' dir='ltr'><strong>cem</strong></span> <span class='ocrx_word' id='word_1_299' title='bbox 592 2309 766 2375; x_wconf 83' lang='lat' dir='ltr'><strong>doua,</strong></span> <span class='ocrx_word' id='word_1_300' title='bbox 798 2323 926 2378; x_wconf 79' lang='lat' dir='ltr'><strong>qua:</strong></span> <span class='ocrx_word' id='word_1_301' title='bbox 956 2307 1168 2379; x_wconf 86' lang='lat' dir='ltr'><strong>adepta</strong></span> <span class='ocrx_word' id='word_1_302' title='bbox 1197 2305 1484 2377; x_wconf 84' lang='lat' dir='ltr'><strong>sapientia</strong></span> <span class='ocrx_word' id='word_1_303' title='bbox 1509 2305 1632 2360; x_wconf 87' lang='lat' dir='ltr'><strong>suis</strong></span> <span class='ocrx_word' id='word_1_304' title='bbox 1655 2307 1880 2360; x_wconf 81' lang='lat' dir='ltr'><strong>confert</strong></span> <span class='ocrx_word' id='word_1_305' title='bbox 1910 2305 2090 2360; x_wconf 87' lang='lat' dir='ltr'><strong>alum-</strong></span> 
     </span>
    </p>
   </div>
   <div class='ocr_carea' id='block_1_41' title="bbox 435 2393 2090 2468">
    <p class='ocr_par' dir='ltr' id='par_1_41' title="bbox 435 2393 2090 2468">
     <span class='ocr_line' id='line_1_41' title="bbox 435 2393 2090 2468; baseline -0.002 -16"><span class='ocrx_word' id='word_1_306' title='bbox 435 2397 546 2452; x_wconf 88' lang='lat' dir='ltr'><strong>nis.</strong></span> <span class='ocrx_word' id='word_1_307' title='bbox 583 2399 839 2464; x_wconf 86' lang='lat' dir='ltr'><strong>Quorum</strong></span> <span class='ocrx_word' id='word_1_308' title='bbox 871 2399 1092 2468; x_wconf 84' lang='lat' dir='ltr'><strong>septem</strong></span> <span class='ocrx_word' id='word_1_309' title='bbox 1125 2395 1224 2450; x_wconf 90' lang='lat' dir='ltr'><strong>dat</strong></span> <span class='ocrx_word' id='word_1_310' title='bbox 1245 2393 1298 2448; x_wconf 91' lang='lat' dir='ltr'><strong>in</strong></span> <span class='ocrx_word' id='word_1_311' title='bbox 1324 2394 1433 2450; x_wconf 87' lang='lat' dir='ltr'><strong>hac</strong></span> <span class='ocrx_word' id='word_1_312' title='bbox 1452 2395 1588 2462; x_wconf 87' lang='lat' dir='ltr'><strong>vita,</strong></span> <span class='ocrx_word' id='word_1_313' title='bbox 1617 2395 1730 2450; x_wconf 86' lang='lat' dir='ltr'><strong>tria</strong></span> <span class='ocrx_word' id='word_1_314' title='bbox 1759 2412 1890 2449; x_wconf 89' lang='lat' dir='ltr'><strong>vero</strong></span> <span class='ocrx_word' id='word_1_315' title='bbox 1911 2394 1967 2448; x_wconf 90' lang='lat' dir='ltr'><strong>in</strong></span> <span class='ocrx_word' id='word_1_316' title='bbox 1996 2394 2090 2449; x_wconf 61' lang='lat' dir='ltr'><strong>fu.</strong></span> 
     </span>
    </p>
   </div>
   <div class='ocr_carea' id='block_1_42' title="bbox 433 2482 2084 2555">
    <p class='ocr_par' dir='ltr' id='par_1_42' title="bbox 433 2482 2084 2555">
     <span class='ocr_line' id='line_1_42' title="bbox 433 2482 2084 2555; baseline -0.002 -13"><span class='ocrx_word' id='word_1_317' title='bbox 433 2491 588 2542; x_wconf 89' lang='lat' dir='ltr'><strong>tura.</strong></span> <span class='ocrx_word' id='word_1_318' title='bbox 622 2483 882 2539; x_wconf 89' lang='lat' dir='ltr'><strong>Primum</strong></span> <span class='ocrx_word' id='word_1_319' title='bbox 916 2485 1005 2539; x_wconf 86' lang='lat' dir='ltr'><strong>est</strong></span> <span class='ocrx_word' id='word_1_320' title='bbox 1029 2483 1215 2550; x_wconf 87' lang='lat' dir='ltr'><strong>cibus,</strong></span> <span class='ocrx_word' id='word_1_321' title='bbox 1240 2500 1353 2538; x_wconf 88' lang='lat' dir='ltr'><strong>non</strong></span> <span class='ocrx_word' id='word_1_322' title='bbox 1371 2482 1708 2555; x_wconf 86' lang='lat' dir='ltr'><strong>corporalis,</strong></span> <span class='ocrx_word' id='word_1_323' title='bbox 1733 2484 1832 2538; x_wconf 86' lang='lat' dir='ltr'><strong>sed</strong></span> <span class='ocrx_word' id='word_1_324' title='bbox 1857 2482 2084 2547; x_wconf 69' lang='lat' dir='ltr'><strong>animae,</strong></span> 
     </span>
    </p>
   </div>
   <div class='ocr_carea' id='block_1_43' title="bbox 434 2572 2089 2647">
    <p class='ocr_par' dir='ltr' id='par_1_43' title="bbox 434 2572 2089 2647">
     <span class='ocr_line' id='line_1_43' title="bbox 434 2572 2089 2647; baseline -0.002 -15"><span class='ocrx_word' id='word_1_325' title='bbox 434 2577 506 2632; x_wconf 90' lang='lat' dir='ltr'><strong>de</strong></span> <span class='ocrx_word' id='word_1_326' title='bbox 537 2591 651 2647; x_wconf 91' lang='lat' dir='ltr'><strong>quo</strong></span> <span class='ocrx_word' id='word_1_327' title='bbox 693 2573 822 2628; x_wconf 89' lang='lat' dir='ltr'><strong>ait:</strong></span> <span class='ocrx_word' id='word_1_328' title='bbox 878 2572 1093 2628; x_wconf 81' lang='lat' dir='ltr'><strong>Cibabit</strong></span> <span class='ocrx_word' id='word_1_329' title='bbox 1146 2573 1306 2627; x_wconf 83' lang='lat' dir='ltr'><strong>illum</strong></span> <span class='ocrx_word' id='word_1_330' title='bbox 1357 2589 1503 2645; x_wconf 79' lang='lat' dir='ltr'><strong>pane</strong></span> <span class='ocrx_word' id='word_1_331' title='bbox 1559 2574 1690 2629; x_wconf 67' lang='lat' dir='ltr'><strong>vitae</strong></span> <span class='ocrx_word' id='word_1_332' title='bbox 1747 2581 1796 2628; x_wconf 86' lang='lat' dir='ltr'><strong>et</strong></span> <span class='ocrx_word' id='word_1_333' title='bbox 1846 2573 2089 2628; x_wconf 81' lang='lat' dir='ltr'><strong>intellec-</strong></span> 
     </span>
    </p>
   </div>
   <div class='ocr_carea' id='block_1_44' title="bbox 433 2660 2087 2735">
    <p class='ocr_par' dir='ltr' id='par_1_44' title="bbox 433 2660 2087 2735">
     <span class='ocr_line' id='line_1_44' title="bbox 433 2660 2087 2735; baseline -0.002 -15"><span class='ocrx_word' id='word_1_334' title='bbox 433 2673 568 2735; x_wconf 60' lang='lat' dir='ltr'><strong>tus”</strong></span> <span class='ocrx_word' id='word_1_335' title='bbox 598 2662 654 2719; x_wconf 91' lang='lat' dir='ltr'><strong>id</strong></span> <span class='ocrx_word' id='word_1_336' title='bbox 716 2666 805 2718; x_wconf 89' lang='lat' dir='ltr'><strong>est</strong></span> <span class='ocrx_word' id='word_1_337' title='bbox 861 2660 1077 2717; x_wconf 87' lang='lat' dir='ltr'><strong>Christi</strong></span> <span class='ocrx_word' id='word_1_338' title='bbox 1137 2677 1400 2733; x_wconf 87' lang='lat' dir='ltr'><strong>corpore,</strong></span> <span class='ocrx_word' id='word_1_339' title='bbox 1459 2661 1544 2717; x_wconf 91' lang='lat' dir='ltr'><strong>vel</strong></span> <span class='ocrx_word' id='word_1_340' title='bbox 1603 2663 1868 2717; x_wconf 89' lang='lat' dir='ltr'><strong>doctrina</strong></span> <span class='ocrx_word' id='word_1_341' title='bbox 1915 2660 2087 2716; x_wconf 87' lang='lat' dir='ltr'><strong>Verbi</strong></span> 
     </span>
    </p>
   </div>
   <div class='ocr_carea' id='block_1_45' title="bbox 445 2749 2086 2824">
    <p class='ocr_par' dir='ltr' id='par_1_45' title="bbox 445 2749 2086 2824">
     <span class='ocr_line' id='line_1_45' title="bbox 445 2749 2086 2824; baseline -0.003 -15"><span class='ocrx_word' id='word_1_342' title='bbox 445 2753 572 2809; x_wconf 89' lang='lat' dir='ltr'><strong>sine</strong></span> <span class='ocrx_word' id='word_1_343' title='bbox 630 2768 744 2824; x_wconf 91' lang='lat' dir='ltr'><strong>quo</strong></span> <span class='ocrx_word' id='word_1_344' title='bbox 803 2767 952 2824; x_wconf 90' lang='lat' dir='ltr'><strong>pane</strong></span> <span class='ocrx_word' id='word_1_345' title='bbox 1007 2749 1204 2806; x_wconf 88' lang='lat' dir='ltr'><strong>anima</strong></span> <span class='ocrx_word' id='word_1_346' title='bbox 1263 2751 1322 2805; x_wconf 86' lang='lat' dir='ltr'><strong>in</strong></span> <span class='ocrx_word' id='word_1_347' title='bbox 1383 2751 1610 2806; x_wconf 91' lang='lat' dir='ltr'><strong>deserto</strong></span> <span class='ocrx_word' id='word_1_348' title='bbox 1665 2750 1842 2822; x_wconf 84' lang='lat' dir='ltr'><strong>hujus</strong></span> <span class='ocrx_word' id='word_1_349' title='bbox 1883 2750 2086 2805; x_wconf 83' lang='lat' dir='ltr'><strong>mundi</strong></span> 
     </span>
    </p>
   </div>
   <div class='ocr_carea' id='block_1_46' title="bbox 436 2839 2084 2914">
    <p class='ocr_par' dir='ltr' id='par_1_46' title="bbox 436 2839 2084 2914">
     <span class='ocr_line' id='line_1_46' title="bbox 436 2839 2084 2914; baseline -0.002 -16"><span class='ocrx_word' id='word_1_350' title='bbox 436 2843 586 2898; x_wconf 86' lang='lat' dir='ltr'><strong>fame</strong></span> <span class='ocrx_word' id='word_1_351' title='bbox 613 2841 799 2914; x_wconf 89' lang='lat' dir='ltr'><strong>perit;</strong></span> <span class='ocrx_word' id='word_1_352' title='bbox 834 2839 931 2912; x_wconf 90' lang='lat' dir='ltr'><strong>qui</strong></span> <span class='ocrx_word' id='word_1_353' title='bbox 965 2839 1183 2895; x_wconf 89' lang='lat' dir='ltr'><strong>dicitur</strong></span> <span class='ocrx_word' id='word_1_354' title='bbox 1211 2839 1381 2912; x_wconf 88' lang='lat' dir='ltr'><strong>panis</strong></span> <span class='ocrx_word' id='word_1_355' title='bbox 1419 2839 1546 2896; x_wconf 68' lang='lat' dir='ltr'><strong>vitae</strong></span> <span class='ocrx_word' id='word_1_356' title='bbox 1605 2846 1662 2896; x_wconf 90' lang='lat' dir='ltr'><strong>et</strong></span> <span class='ocrx_word' id='word_1_357' title='bbox 1719 2839 2084 2908; x_wconf 90' lang='lat' dir='ltr'><strong>intellectus;</strong></span> 
     </span>
    </p>
   </div>
   <div class='ocr_carea' id='block_1_47' title="bbox 431 2928 2086 3004">
    <p class='ocr_par' dir='ltr' id='par_1_47' title="bbox 431 2928 2086 3004">
     <span class='ocr_line' id='line_1_47' title="bbox 431 2928 2086 3004; baseline -0.002 -18"><span class='ocrx_word' id='word_1_358' title='bbox 431 2931 571 3004; x_wconf 88' lang='lat' dir='ltr'><strong>quia</strong></span> <span class='ocrx_word' id='word_1_359' title='bbox 602 2937 755 2986; x_wconf 89' lang='lat' dir='ltr'><strong>recte</strong></span> <span class='ocrx_word' id='word_1_360' title='bbox 782 2929 990 2994; x_wconf 86' lang='lat' dir='ltr'><strong>vivere,</strong></span> <span class='ocrx_word' id='word_1_361' title='bbox 1024 2933 1082 2984; x_wconf 91' lang='lat' dir='ltr'><strong>et</strong></span> <span class='ocrx_word' id='word_1_362' title='bbox 1107 2935 1257 2984; x_wconf 91' lang='lat' dir='ltr'><strong>recte</strong></span> <span class='ocrx_word' id='word_1_363' title='bbox 1289 2928 1614 3002; x_wconf 82' lang='lat' dir='ltr'><strong>intelligere</strong></span> <span class='ocrx_word' id='word_1_364' title='bbox 1665 2928 1820 2984; x_wconf 83' lang='lat' dir='ltr'><strong>facit.</strong></span> <span class='ocrx_word' id='word_1_365' title='bbox 1870 2933 2086 2984; x_wconf 90' lang='lat' dir='ltr'><strong>Secun-</strong></span> 
     </span>
    </p>
   </div>
   <div class='ocr_carea' id='block_1_48' title="bbox 432 3016 2089 3092">
    <p class='ocr_par' dir='ltr' id='par_1_48' title="bbox 432 3016 2089 3092">
     <span class='ocr_line' id='line_1_48' title="bbox 432 3016 2089 3092; baseline 0.001 -18"><span class='ocrx_word' id='word_1_366' title='bbox 432 3020 574 3075; x_wconf 90' lang='lat' dir='ltr'><strong>dum</strong></span> <span class='ocrx_word' id='word_1_367' title='bbox 607 3023 696 3076; x_wconf 89' lang='lat' dir='ltr'><strong>est</strong></span> <span class='ocrx_word' id='word_1_368' title='bbox 717 3023 890 3092; x_wconf 91' lang='lat' dir='ltr'><strong>potus</strong></span> <span class='ocrx_word' id='word_1_369' title='bbox 923 3016 1150 3086; x_wconf 65' lang='lat' dir='ltr'><strong>animae,</strong></span> <span class='ocrx_word' id='word_1_370' title='bbox 1177 3017 1247 3073; x_wconf 91' lang='lat' dir='ltr'><strong>de</strong></span> <span class='ocrx_word' id='word_1_371' title='bbox 1269 3034 1383 3090; x_wconf 92' lang='lat' dir='ltr'><strong>quo</strong></span> <span class='ocrx_word' id='word_1_372' title='bbox 1406 3017 1490 3072; x_wconf 89' lang='lat' dir='ltr'><strong>ait</strong></span> <span class='ocrx_word' id='word_1_373' title='bbox 1520 3034 1533 3073; x_wconf 93' lang='lat'><strong>:</strong></span> <span class='ocrx_word' id='word_1_374' title='bbox 1565 3019 1784 3090; x_wconf 86' lang='lat' dir='ltr'><strong>Etaq-ua</strong></span> <span class='ocrx_word' id='word_1_375' title='bbox 1801 3018 2089 3090; x_wconf 69' lang='lat' dir='ltr'><strong>sapientiae</strong></span> 
     </span>
    </p>
   </div>
   <div class='ocr_carea' id='block_1_49' title="bbox 429 3101 2088 3180">
    <p class='ocr_par' dir='ltr' id='par_1_49' title="bbox 429 3101 2088 3180">
     <span class='ocr_line' id='line_1_49' title="bbox 429 3101 2088 3180; baseline -0.004 -14"><span class='ocrx_word' id='word_1_376' title='bbox 429 3110 691 3166; x_wconf 72' lang='lat' dir='ltr'><strong>salutaris</strong></span> <span class='ocrx_word' id='word_1_377' title='bbox 717 3107 935 3180; x_wconf 77' lang='lat' dir='ltr'><strong>potabit</strong></span> <span class='ocrx_word' id='word_1_378' title='bbox 966 3107 1146 3171; x_wconf 84' lang='lat' dir='ltr'><strong>illum,</strong></span> <span class='ocrx_word' id='word_1_379' title='bbox 1181 3105 1238 3161; x_wconf 88' lang='lat' dir='ltr'><strong>id</strong></span> <span class='ocrx_word' id='word_1_380' title='bbox 1269 3101 1357 3162; x_wconf 75' lang='lat' dir='ltr'><strong>est</strong></span> <span class='ocrx_word' id='word_1_381' title='bbox 1383 3106 1631 3180; x_wconf 82' lang='lat' dir='ltr'><strong>gratiam</strong></span> <span class='ocrx_word' id='word_1_382' title='bbox 1665 3105 1916 3178; x_wconf 85' lang='lat' dir='ltr'><strong>Spiritus</strong></span> <span class='ocrx_word' id='word_1_383' title='bbox 1947 3123 2088 3162; x_wconf 81' lang='lat' dir='ltr'><strong>san—-</strong></span> 
     </span>
    </p>
   </div>
   <div class='ocr_carea' id='block_1_50' title="bbox 2270 1949 3824 2022">
    <p class='ocr_par' dir='ltr' id='par_1_50' title="bbox 2270 1949 3824 2022">
     <span class='ocr_line' id='line_1_50' title="bbox 2270 1949 3824 2022; baseline -0.001 -16"><span class='ocrx_word' id='word_1_384' title='bbox 2270 1951 2341 2006; x_wconf 87' lang='lat' dir='ltr'><strong>Et</strong></span> <span class='ocrx_word' id='word_1_385' title='bbox 2372 1950 2492 2006; x_wconf 79' lang='lat' dir='ltr'><strong>haec</strong></span> <span class='ocrx_word' id='word_1_386' title='bbox 2526 1956 2663 2006; x_wconf 85' lang='lat' dir='ltr'><strong>sunt</strong></span> <span class='ocrx_word' id='word_1_387' title='bbox 2691 1955 2912 2022; x_wconf 82' lang='lat' dir='ltr'><strong>septem</strong></span> <span class='ocrx_word' id='word_1_388' title='bbox 2937 1951 3091 2006; x_wconf 86' lang='lat' dir='ltr'><strong>dona</strong></span> <span class='ocrx_word' id='word_1_389' title='bbox 3115 1961 3241 2022; x_wconf 66' lang='lat' dir='ltr'><strong>quae</strong></span> <span class='ocrx_word' id='word_1_390' title='bbox 3263 1961 3396 2005; x_wconf 83' lang='lat' dir='ltr'><strong>vera</strong></span> <span class='ocrx_word' id='word_1_391' title='bbox 3416 1949 3700 2022; x_wconf 75' lang='lat' dir='ltr'><strong>Sapientia</strong></span> <span class='ocrx_word' id='word_1_392' title='bbox 3717 1953 3824 2004; x_wconf 76' lang='lat' dir='ltr'><strong>coh-</strong></span> 
     </span>
    </p>
   </div>
   <div class='ocr_carea' id='block_1_51' title="bbox 2203 2039 3822 2112">
    <p class='ocr_par' dir='ltr' id='par_1_51' title="bbox 2203 2039 3822 2112">
     <span class='ocr_line' id='line_1_51' title="bbox 2203 2039 3822 2112; baseline -0.002 -17"><span class='ocrx_word' id='word_1_393' title='bbox 2203 2041 2312 2095; x_wconf 89' lang='lat' dir='ltr'><strong>fert</strong></span> <span class='ocrx_word' id='word_1_394' title='bbox 2344 2041 2402 2095; x_wconf 92' lang='lat' dir='ltr'><strong>in</strong></span> <span class='ocrx_word' id='word_1_395' title='bbox 2435 2040 2703 2112; x_wconf 65' lang='lat' dir='ltr'><strong>prazscnti</strong></span> <span class='ocrx_word' id='word_1_396' title='bbox 2726 2040 2862 2094; x_wconf 82' lang='lat' dir='ltr'><strong>vita.</strong></span> <span class='ocrx_word' id='word_1_397' title='bbox 2897 2039 3032 2095; x_wconf 85' lang='lat' dir='ltr'><strong>Tria</strong></span> <span class='ocrx_word' id='word_1_398' title='bbox 3062 2057 3214 2111; x_wconf 87' lang='lat' dir='ltr'><strong>vero,</strong></span> <span class='ocrx_word' id='word_1_399' title='bbox 3239 2045 3367 2112; x_wconf 68' lang='lat' dir='ltr'><strong>quae</strong></span> <span class='ocrx_word' id='word_1_400' title='bbox 3399 2041 3822 2112; x_wconf 60' lang='lat' dir='ltr'><strong>emant-uncon-</strong></span> 
     </span>
    </p>
   </div>
   <div class='ocr_carea' id='block_1_52' title="bbox 2201 2128 3820 2202">
    <p class='ocr_par' dir='ltr' id='par_1_52' title="bbox 2201 2128 3820 2202">
     <span class='ocr_line' id='line_1_52' title="bbox 2201 2128 3820 2202; baseline -0.002 -18"><span class='ocrx_word' id='word_1_401' title='bbox 2201 2130 2310 2198; x_wconf 72' lang='lat' dir='ltr'><strong>feit</strong></span> <span class='ocrx_word' id='word_1_402' title='bbox 2340 2128 2397 2184; x_wconf 90' lang='lat' dir='ltr'><strong>in</strong></span> <span class='ocrx_word' id='word_1_403' title='bbox 2431 2129 2545 2183; x_wconf 84' lang='lat' dir='ltr'><strong>alia</strong></span> <span class='ocrx_word' id='word_1_404' title='bbox 2575 2129 2711 2183; x_wconf 87' lang='lat' dir='ltr'><strong>vita.</strong></span> <span class='ocrx_word' id='word_1_405' title='bbox 2745 2128 3024 2184; x_wconf 82' lang='lat' dir='ltr'><strong>Octa-vum</strong></span> <span class='ocrx_word' id='word_1_406' title='bbox 3057 2143 3193 2202; x_wconf 80' lang='lat' dir='ltr'><strong>ergo</strong></span> <span class='ocrx_word' id='word_1_407' title='bbox 3223 2132 3311 2184; x_wconf 87' lang='lat' dir='ltr'><strong>cst</strong></span> <span class='ocrx_word' id='word_1_408' title='bbox 3339 2128 3493 2184; x_wconf 75' lang='lat' dir='ltr'><strong>etola</strong></span> <span class='ocrx_word' id='word_1_409' title='bbox 3523 2128 3708 2201; x_wconf 60' lang='lat' dir='ltr'><strong>gloria!</strong></span> <span class='ocrx_word' id='word_1_410' title='bbox 3734 2128 3820 2182; x_wconf 79' lang='lat' dir='ltr'><strong>ini-</strong></span> 
     </span>
    </p>
   </div>
   <div class='ocr_carea' id='block_1_53' title="bbox 2197 2217 3814 2292">
    <p class='ocr_par' dir='ltr' id='par_1_53' title="bbox 2197 2217 3814 2292">
     <span class='ocr_line' id='line_1_53' title="bbox 2197 2217 3814 2292; baseline -0.004 -17"><span class='ocrx_word' id='word_1_411' title='bbox 2197 2219 2567 2275; x_wconf 86' lang='lat' dir='ltr'><strong>morlalitatis</strong></span> <span class='ocrx_word' id='word_1_412' title='bbox 2597 2222 2652 2273; x_wconf 90' lang='lat' dir='ltr'><strong>et</strong></span> <span class='ocrx_word' id='word_1_413' title='bbox 2683 2217 2890 2272; x_wconf 70' lang='lat' dir='ltr'><strong>animae</strong></span> <span class='ocrx_word' id='word_1_414' title='bbox 2916 2221 2973 2273; x_wconf 89' lang='lat' dir='ltr'><strong>et</strong></span> <span class='ocrx_word' id='word_1_415' title='bbox 2994 2219 3274 2292; x_wconf 83' lang='lat' dir='ltr'><strong>corporis,</strong></span> <span class='ocrx_word' id='word_1_416' title='bbox 3295 2221 3372 2274; x_wconf 86' lang='lat' dir='ltr'><strong>De</strong></span> <span class='ocrx_word' id='word_1_417' title='bbox 3391 2221 3513 2290; x_wconf 77' lang='lat' dir='ltr'><strong>qua</strong></span> <span class='ocrx_word' id='word_1_418' title='bbox 3538 2217 3814 2273; x_wconf 77' lang='lat' dir='ltr'><strong>subditur:</strong></span> 
     </span>
    </p>
   </div>
   <div class='ocr_carea' id='block_1_54' title="bbox 2199 2303 3820 2376">
    <p class='ocr_par' dir='ltr' id='par_1_54' title="bbox 2199 2303 3820 2376">
     <span class='ocr_line' id='line_1_54' title="bbox 2199 2303 3820 2376; baseline -0.002 -13"><span class='ocrx_word' id='word_1_419' title='bbox 2199 2309 2261 2363; x_wconf 85' lang='lat' dir='ltr'><strong>Et</strong></span> <span class='ocrx_word' id='word_1_420' title='bbox 2285 2309 2424 2363; x_wconf 81' lang='lat' dir='ltr'><strong>stola</strong></span> <span class='ocrx_word' id='word_1_421' title='bbox 2449 2309 2647 2376; x_wconf 67' lang='lat' dir='ltr'><strong>gloria,o</strong></span> <span class='ocrx_word' id='word_1_422' title='bbox 2676 2307 2866 2362; x_wconf 77' lang='lat' dir='ltr'><strong>induet</strong></span> <span class='ocrx_word' id='word_1_423' title='bbox 2920 2324 3062 2362; x_wconf 84' lang='lat' dir='ltr'><strong>eum.</strong></span> <span class='ocrx_word' id='word_1_424' title='bbox 3123 2309 3286 2363; x_wconf 85' lang='lat' dir='ltr'><strong>Tunc</strong></span> <span class='ocrx_word' id='word_1_425' title='bbox 3335 2307 3495 2362; x_wconf 77' lang='lat' dir='ltr'><strong>enim</strong></span> <span class='ocrx_word' id='word_1_426' title='bbox 3556 2307 3625 2362; x_wconf 74' lang='lat' dir='ltr'><strong>de</strong></span> <span class='ocrx_word' id='word_1_427' title='bbox 3651 2303 3820 2361; x_wconf 64' lang='lat' dir='ltr'><strong>ceteri)</strong></span> 
     </span>
    </p>
   </div>
   <div class='ocr_carea' id='block_1_55' title="bbox 2199 2395 3819 2468">
    <p class='ocr_par' dir='ltr' id='par_1_55' title="bbox 2199 2395 3819 2468">
     <span class='ocr_line' id='line_1_55' title="bbox 2199 2395 3819 2468; baseline -0.002 -16"><span class='ocrx_word' id='word_1_428' title='bbox 2199 2398 2404 2452; x_wconf 75' lang='lat' dir='ltr'><strong>a-nimze</strong></span> <span class='ocrx_word' id='word_1_429' title='bbox 2459 2399 2794 2452; x_wconf 87' lang='lat' dir='ltr'><strong>sanctorum</strong></span> <span class='ocrx_word' id='word_1_430' title='bbox 2859 2413 2972 2451; x_wconf 91' lang='lat' dir='ltr'><strong>non</strong></span> <span class='ocrx_word' id='word_1_431' title='bbox 3033 2400 3304 2468; x_wconf 82' lang='lat' dir='ltr'><strong>poterunt</strong></span> <span class='ocrx_word' id='word_1_432' title='bbox 3363 2395 3658 2468; x_wconf 69' lang='lat' dir='ltr'><strong>corrumpi</strong></span> <span class='ocrx_word' id='word_1_433' title='bbox 3712 2401 3819 2467; x_wconf 82' lang='lat' dir='ltr'><strong>pec-</strong></span> 
     </span>
    </p>
   </div>
   <div class='ocr_carea' id='block_1_56' title="bbox 2197 2485 3820 2558">
    <p class='ocr_par' dir='ltr' id='par_1_56' title="bbox 2197 2485 3820 2558">
     <span class='ocr_line' id='line_1_56' title="bbox 2197 2485 3820 2558; baseline -0.003 -16"><span class='ocrx_word' id='word_1_434' title='bbox 2197 2487 2344 2542; x_wconf 89' lang='lat' dir='ltr'><strong>catis</strong></span> <span class='ocrx_word' id='word_1_435' title='bbox 2400 2485 2487 2541; x_wconf 85' lang='lat' dir='ltr'><strong>vel</strong></span> <span class='ocrx_word' id='word_1_436' title='bbox 2545 2485 3126 2557; x_wconf 83' lang='lat' dir='ltr'><strong>perturbationibus;</strong></span> <span class='ocrx_word' id='word_1_437' title='bbox 3192 2501 3296 2540; x_wconf 89' lang='lat' dir='ltr'><strong>nec</strong></span> <span class='ocrx_word' id='word_1_438' title='bbox 3353 2491 3602 2558; x_wconf 67' lang='lat' dir='ltr'><strong>carpere.</strong></span> <span class='ocrx_word' id='word_1_439' title='bbox 3663 2487 3820 2538; x_wconf 78' lang='lat' dir='ltr'><strong>morte</strong></span> 
     </span>
    </p>
   </div>
   <div class='ocr_carea' id='block_1_57' title="bbox 2193 2573 3815 2646">
    <p class='ocr_par' dir='ltr' id='par_1_57' title="bbox 2193 2573 3815 2646">
     <span class='ocr_line' id='line_1_57' title="bbox 2193 2573 3815 2646; baseline -0.003 -16"><span class='ocrx_word' id='word_1_440' title='bbox 2193 2575 2279 2630; x_wconf 90' lang='lat' dir='ltr'><strong>vel</strong></span> <span class='ocrx_word' id='word_1_441' title='bbox 2338 2574 2801 2630; x_wconf 84' lang='lat' dir='ltr'><strong>inﬁrmitatibus.</strong></span> <span class='ocrx_word' id='word_1_442' title='bbox 2849 2597 2876 2624; x_wconf 84' lang='lat'><strong>«</strong></span> <span class='ocrx_word' id='word_1_443' title='bbox 2909 2574 3073 2630; x_wconf 83' lang='lat' dir='ltr'><strong>Tunc</strong></span> <span class='ocrx_word' id='word_1_444' title='bbox 3126 2573 3281 2630; x_wconf 88' lang='lat' dir='ltr'><strong>enim</strong></span> <span class='ocrx_word' id='word_1_445' title='bbox 3340 2573 3639 2646; x_wconf 79' lang='lat' dir='ltr'><strong>absterget</strong></span> <span class='ocrx_word' id='word_1_446' title='bbox 3689 2575 3815 2626; x_wconf 69' lang='lat' dir='ltr'><strong>ue‘u&#39;s</strong></span> 
     </span>
    </p>
   </div>
   <div class='ocr_carea' id='block_1_58' title="bbox 2195 2661 3816 2736">
    <p class='ocr_par' dir='ltr' id='par_1_58' title="bbox 2195 2661 3816 2736">
     <span class='ocr_line' id='line_1_58' title="bbox 2195 2661 3816 2736; baseline -0.003 -17"><span class='ocrx_word' id='word_1_447' title='bbox 2195 2679 2428 2719; x_wconf 89' lang='lat' dir='ltr'><strong>omnem</strong></span> <span class='ocrx_word' id='word_1_448' title='bbox 2478 2662 2798 2736; x_wconf 84' lang='lat' dir='ltr'><strong>lacrymam</strong></span> <span class='ocrx_word' id='word_1_449' title='bbox 2848 2663 2922 2719; x_wconf 89' lang='lat' dir='ltr'><strong>ab</strong></span> <span class='ocrx_word' id='word_1_450' title='bbox 2979 2661 3164 2718; x_wconf 89' lang='lat' dir='ltr'><strong>oculis</strong></span> <span class='ocrx_word' id='word_1_451' title='bbox 3220 2668 3584 2729; x_wconf 82' lang='lat' dir='ltr'><strong>sanctorum,</strong></span> <span class='ocrx_word' id='word_1_452' title='bbox 3617 2665 3669 2716; x_wconf 86' lang='lat' dir='ltr'><strong>et</strong></span> <span class='ocrx_word' id='word_1_453' title='bbox 3721 2663 3816 2715; x_wconf 64' lang='lat' dir='ltr'><strong>sua</strong></span> 
     </span>
    </p>
   </div>
   <div class='ocr_carea' id='block_1_59' title="bbox 2195 2750 3822 2826">
    <p class='ocr_par' dir='ltr' id='par_1_59' title="bbox 2195 2750 3822 2826">
     <span class='ocr_line' id='line_1_59' title="bbox 2195 2750 3822 2826; baseline -0.004 -17"><span class='ocrx_word' id='word_1_454' title='bbox 2195 2753 2304 2809; x_wconf 90' lang='lat' dir='ltr'><strong>erit</strong></span> <span class='ocrx_word' id='word_1_455' title='bbox 2344 2751 2623 2826; x_wconf 88' lang='lat' dir='ltr'><strong>amplius,</strong></span> <span class='ocrx_word' id='word_1_456' title='bbox 2669 2765 2860 2824; x_wconf 88' lang='lat' dir='ltr'><strong>neque</strong></span> <span class='ocrx_word' id='word_1_457' title='bbox 2915 2751 3108 2808; x_wconf 88' lang='lat' dir='ltr'><strong>luctus</strong></span> <span class='ocrx_word' id='word_1_458' title='bbox 3167 2763 3356 2825; x_wconf 86' lang='lat' dir='ltr'><strong>neque</strong></span> <span class='ocrx_word' id='word_1_459' title='bbox 3411 2750 3652 2818; x_wconf 75' lang='lat' dir='ltr'><strong>clamar,</strong></span> <span class='ocrx_word' id='word_1_460' title='bbox 3706 2751 3822 2820; x_wconf 78' lang='lat' dir='ltr'><strong>que-</strong></span> 
     </span>
    </p>
   </div>
   <div class='ocr_carea' id='block_1_60' title="bbox 2196 2836 3815 2914">
    <p class='ocr_par' dir='ltr' id='par_1_60' title="bbox 2196 2836 3815 2914">
     <span class='ocr_line' id='line_1_60' title="bbox 2196 2836 3815 2914; baseline -0.003 -17"><span class='ocrx_word' id='word_1_461' title='bbox 2196 2842 2355 2898; x_wconf 87' lang='lat' dir='ltr'><strong>niam</strong></span> <span class='ocrx_word' id='word_1_462' title='bbox 2389 2841 2583 2914; x_wconf 88' lang='lat' dir='ltr'><strong>priora</strong></span> <span class='ocrx_word' id='word_1_463' title='bbox 2613 2841 2973 2897; x_wconf 88' lang='lat' dir='ltr'><strong>transierunt</strong></span> <span class='ocrx_word' id='word_1_464' title='bbox 3029 2841 3154 2897; x_wconf 86' lang='lat' dir='ltr'><strong>Non</strong></span> <span class='ocrx_word' id='word_1_465' title='bbox 3197 2841 3480 2908; x_wconf 76' lang='lat' dir='ltr'><strong>esuriant,</strong></span> <span class='ocrx_word' id='word_1_466' title='bbox 3535 2843 3708 2912; x_wconf 79' lang='lat' dir='ltr'><strong>neque</strong></span> <span class='ocrx_word' id='word_1_467' title='bbox 3753 2836 3815 2893; x_wconf 73' lang='grc' dir='ltr'><strong>εἰ-</strong></span> 
     </span>
    </p>
   </div>
   <div class='ocr_carea' id='block_1_61' title="bbox 2193 2927 3818 3003">
    <p class='ocr_par' dir='ltr' id='par_1_61' title="bbox 2193 2927 3818 3003">
     <span class='ocr_line' id='line_1_61' title="bbox 2193 2927 3818 3003; baseline -0.004 -17"><span class='ocrx_word' id='word_1_468' title='bbox 2193 2931 2344 2987; x_wconf 87' lang='lat' dir='ltr'><strong>tient</strong></span> <span class='ocrx_word' id='word_1_469' title='bbox 2374 2929 2646 3003; x_wconf 81' lang='lat' dir='ltr'><strong>amplius,</strong></span> <span class='ocrx_word' id='word_1_470' title='bbox 2681 2934 2737 2986; x_wconf 91' lang='lat' dir='ltr'><strong>et</strong></span> <span class='ocrx_word' id='word_1_471' title='bbox 2766 2943 2881 2986; x_wconf 88' lang='lat' dir='ltr'><strong>non</strong></span> <span class='ocrx_word' id='word_1_472' title='bbox 2915 2931 3081 2986; x_wconf 81' lang='lat' dir='ltr'><strong>cadet</strong></span> <span class='ocrx_word' id='word_1_473' title='bbox 3111 2945 3288 3002; x_wconf 85' lang='lat' dir='ltr'><strong>super</strong></span> <span class='ocrx_word' id='word_1_474' title='bbox 3331 2929 3470 2986; x_wconf 86' lang='lat' dir='ltr'><strong>illos</strong></span> <span class='ocrx_word' id='word_1_475' title='bbox 3521 2927 3605 2985; x_wconf 84' lang='lat' dir='ltr'><strong>sel</strong></span> <span class='ocrx_word' id='word_1_476' title='bbox 3660 2931 3818 2997; x_wconf 77' lang='lat' dir='ltr'><strong>neque</strong></span> 
     </span>
    </p>
   </div>
   <div class='ocr_carea' id='block_1_62' title="bbox 2196 3011 3816 3092">
    <p class='ocr_par' dir='ltr' id='par_1_62' title="bbox 2196 3011 3816 3092">
     <span class='ocr_line' id='line_1_62' title="bbox 2196 3011 3816 3092; baseline -0.003 -17"><span class='ocrx_word' id='word_1_477' title='bbox 2196 3019 2354 3076; x_wconf 89' lang='lat' dir='ltr'><strong>ullus</strong></span> <span class='ocrx_word' id='word_1_478' title='bbox 2399 3023 2575 3076; x_wconf 64' lang='lat' dir='ltr'><strong>aestus</strong></span> <span class='ocrx_word' id='word_1_479' title='bbox 2633 3020 2812 3092; x_wconf 77' lang='lat' dir='ltr'><strong>(Apoc.</strong></span> <span class='ocrx_word' id='word_1_480' title='bbox 2873 3021 3075 3088; x_wconf 61' lang='lat' dir='ltr'><strong>nn)»</strong></span> <span class='ocrx_word' id='word_1_481' title='bbox 3135 3013 3368 3075; x_wconf 86' lang='lat' dir='ltr'><strong>Nonum</strong></span> <span class='ocrx_word' id='word_1_482' title='bbox 3429 3022 3521 3074; x_wconf 86' lang='lat' dir='ltr'><strong>est</strong></span> <span class='ocrx_word' id='word_1_483' title='bbox 3571 3011 3816 3091; x_wconf 62' lang='lat' dir='ltr'><strong>gaudium</strong></span> 
     </span>
    </p>
   </div>
   <div class='ocr_carea' id='block_1_63' title="bbox 2195 3107 3816 3181">
    <p class='ocr_par' dir='ltr' id='par_1_63' title="bbox 2195 3107 3816 3181">
     <span class='ocr_line' id='line_1_63' title="bbox 2195 3107 3816 3181; baseline -0.004 -17"><span class='ocrx_word' id='word_1_484' title='bbox 2195 3107 2486 3164; x_wconf 75' lang='lat' dir='ltr'><strong>ineffabile</strong></span> <span class='ocrx_word' id='word_1_485' title='bbox 2519 3125 2632 3181; x_wconf 86' lang='lat' dir='ltr'><strong>quo</strong></span> <span class='ocrx_word' id='word_1_486' title='bbox 2667 3108 2824 3164; x_wconf 85' lang='lat' dir='ltr'><strong>Deus</strong></span> <span class='ocrx_word' id='word_1_487' title='bbox 2857 3107 3109 3180; x_wconf 87' lang='lat' dir='ltr'><strong>replebit</strong></span> <span class='ocrx_word' id='word_1_488' title='bbox 3167 3111 3403 3164; x_wconf 87' lang='lat' dir='ltr'><strong>sanctos</strong></span> <span class='ocrx_word' id='word_1_489' title='bbox 3463 3107 3521 3163; x_wconf 84' lang='lat' dir='ltr'><strong>in</strong></span> <span class='ocrx_word' id='word_1_490' title='bbox 3553 3110 3816 3162; x_wconf 73' lang='lat' dir='ltr'><strong>aeternum.</strong></span> 
     </span>
    </p>
   </div>
   <div class='ocr_carea' id='block_1_64' title="bbox 433 3185 3820 3270">
    <p class='ocr_par' dir='ltr' id='par_1_64' title="bbox 433 3185 3820 3270">
     <span class='ocr_line' id='line_1_64' title="bbox 433 3185 3820 3270; baseline -0.001 -17"><span class='ocrx_word' id='word_1_491' title='bbox 433 3199 536 3263; x_wconf 87' lang='lat' dir='ltr'><strong>cti,</strong></span> <span class='ocrx_word' id='word_1_492' title='bbox 569 3196 694 3253; x_wconf 85' lang='lat' dir='ltr'><strong>sine</strong></span> <span class='ocrx_word' id='word_1_493' title='bbox 725 3214 842 3269; x_wconf 89' lang='lat' dir='ltr'><strong>qua</strong></span> <span class='ocrx_word' id='word_1_494' title='bbox 864 3196 1036 3251; x_wconf 88' lang='lat' dir='ltr'><strong>homo</strong></span> <span class='ocrx_word' id='word_1_495' title='bbox 1057 3195 1115 3250; x_wconf 89' lang='lat' dir='ltr'><strong>in</strong></span> <span class='ocrx_word' id='word_1_496' title='bbox 1134 3195 1352 3251; x_wconf 85' lang='lat' dir='ltr'><strong>fervore</strong></span> <span class='ocrx_word' id='word_1_497' title='bbox 1372 3194 1550 3266; x_wconf 87' lang='lat' dir='ltr'><strong>hujus</strong></span> <span class='ocrx_word' id='word_1_498' title='bbox 1583 3194 1899 3250; x_wconf 89' lang='lat' dir='ltr'><strong>mundisiti</strong></span> <span class='ocrx_word' id='word_1_499' title='bbox 1919 3194 2084 3268; x_wconf 90' lang='lat' dir='ltr'><strong>perit.</strong></span> <span class='ocrx_word' id='word_1_500' title='bbox 2121 3185 2164 3252; x_wconf 84' lang='lat' dir='ltr'><strong><em>C</em></strong></span> <span class='ocrx_word' id='word_1_501' title='bbox 2204 3198 2284 3253; x_wconf 92' lang='lat' dir='ltr'><strong>De</strong></span> <span class='ocrx_word' id='word_1_502' title='bbox 2315 3215 2430 3270; x_wconf 92' lang='lat' dir='ltr'><strong>quo</strong></span> <span class='ocrx_word' id='word_1_503' title='bbox 2485 3197 2762 3253; x_wconf 88' lang='lat' dir='ltr'><strong>subditur</strong></span> <span class='ocrx_word' id='word_1_504' title='bbox 2792 3214 2805 3252; x_wconf 89' lang='lat'><strong>:</strong></span> <span class='ocrx_word' id='word_1_505' title='bbox 2861 3196 3267 3253; x_wconf 73' lang='lat' dir='ltr'><strong>Juwnditatem</strong></span> <span class='ocrx_word' id='word_1_506' title='bbox 3327 3201 3379 3253; x_wconf 76' lang='lat' dir='ltr'><strong>et</strong></span> <span class='ocrx_word' id='word_1_507' title='bbox 3437 3191 3820 3254; x_wconf 66' lang='lat' dir='ltr'><strong>exsitth</strong></span> 
     </span>
    </p>
   </div>
   <div class='ocr_carea' id='block_1_65' title="bbox 434 3283 2086 3359">
    <p class='ocr_par' dir='ltr' id='par_1_65' title="bbox 434 3283 2086 3359">
     <span class='ocr_line' id='line_1_65' title="bbox 434 3283 2086 3359; baseline -0.003 -16"><span class='ocrx_word' id='word_1_508' title='bbox 434 3287 514 3344; x_wconf 92' lang='lat' dir='ltr'><strong>De</strong></span> <span class='ocrx_word' id='word_1_509' title='bbox 550 3303 666 3359; x_wconf 87' lang='lat' dir='ltr'><strong>qua</strong></span> <span class='ocrx_word' id='word_1_510' title='bbox 696 3303 850 3358; x_wconf 86' lang='lat' dir='ltr'><strong>aqua</strong></span> <span class='ocrx_word' id='word_1_511' title='bbox 881 3283 1165 3340; x_wconf 91' lang='lat' dir='ltr'><strong>Dominus</strong></span> <span class='ocrx_word' id='word_1_512' title='bbox 1196 3284 1276 3338; x_wconf 87' lang='lat' dir='ltr'><strong>ait</strong></span> <span class='ocrx_word' id='word_1_513' title='bbox 1309 3301 1321 3338; x_wconf 94' lang='lat'><strong>:</strong></span> <span class='ocrx_word' id='word_1_514' title='bbox 1357 3307 1383 3333; x_wconf 88' lang='grc'><strong>‹‹</strong></span> <span class='ocrx_word' id='word_1_515' title='bbox 1417 3283 1524 3350; x_wconf 88' lang='lat' dir='ltr'><strong>Qui</strong></span> <span class='ocrx_word' id='word_1_516' title='bbox 1583 3283 1796 3339; x_wconf 88' lang='lat' dir='ltr'><strong>biberit</strong></span> <span class='ocrx_word' id='word_1_517' title='bbox 1851 3301 2086 3356; x_wconf 88' lang='lat' dir='ltr'><strong>aquam,</strong></span> 
     </span>
    </p>
   </div>
   <div class='ocr_carea' id='block_1_66' title="bbox 436 3371 2090 3448">
    <p class='ocr_par' dir='ltr' id='par_1_66' title="bbox 436 3371 2090 3448">
     <span class='ocr_line' id='line_1_66' title="bbox 436 3371 2090 3448; baseline -0.003 -16"><span class='ocrx_word' id='word_1_518' title='bbox 436 3393 612 3448; x_wconf 88' lang='lat' dir='ltr'><strong>quam</strong></span> <span class='ocrx_word' id='word_1_519' title='bbox 643 3391 748 3447; x_wconf 86' lang='lat' dir='ltr'><strong>ego</strong></span> <span class='ocrx_word' id='word_1_520' title='bbox 780 3374 951 3443; x_wconf 87' lang='lat' dir='ltr'><strong>dabo,</strong></span> <span class='ocrx_word' id='word_1_521' title='bbox 983 3374 1082 3429; x_wconf 82' lang='lat' dir='ltr'><strong>fiet</strong></span> <span class='ocrx_word' id='word_1_522' title='bbox 1112 3373 1170 3427; x_wconf 91' lang='lat' dir='ltr'><strong>in</strong></span> <span class='ocrx_word' id='word_1_523' title='bbox 1203 3390 1268 3428; x_wconf 91' lang='lat' dir='ltr'><strong>eo</strong></span> <span class='ocrx_word' id='word_1_524' title='bbox 1317 3374 1446 3429; x_wconf 87' lang='lat' dir='ltr'><strong>fons</strong></span> <span class='ocrx_word' id='word_1_525' title='bbox 1493 3390 1656 3446; x_wconf 68' lang='lat' dir='ltr'><strong>aqua:</strong></span> <span class='ocrx_word' id='word_1_526' title='bbox 1713 3371 1980 3428; x_wconf 88' lang='lat' dir='ltr'><strong>salientis</strong></span> <span class='ocrx_word' id='word_1_527' title='bbox 2029 3372 2090 3427; x_wconf 90' lang='lat' dir='ltr'><strong>in</strong></span> 
     </span>
    </p>
   </div>
   <div class='ocr_carea' id='block_1_67' title="bbox 433 3461 2089 3535">
    <p class='ocr_par' dir='ltr' id='par_1_67' title="bbox 433 3461 2089 3535">
     <span class='ocr_line' id='line_1_67' title="bbox 433 3461 2089 3535; baseline -0.001 -16"><span class='ocrx_word' id='word_1_528' title='bbox 433 3465 617 3520; x_wconf 89' lang='lat' dir='ltr'><strong>vitam</strong></span> <span class='ocrx_word' id='word_1_529' title='bbox 653 3469 928 3518; x_wconf 64' lang='lat' dir='ltr'><strong>internum</strong></span> <span class='ocrx_word' id='word_1_530' title='bbox 964 3464 1146 3535; x_wconf 79' lang='lat' dir='ltr'><strong>(Joan.</strong></span> <span class='ocrx_word' id='word_1_531' title='bbox 1175 3468 1274 3530; x_wconf 74' lang='grc' dir='ltr'><strong>ιν),</strong></span> <span class='ocrx_word' id='word_1_532' title='bbox 1312 3484 1340 3510; x_wconf 86' lang='grc'><strong>››</strong></span> <span class='ocrx_word' id='word_1_533' title='bbox 1389 3463 1653 3516; x_wconf 89' lang='lat' dir='ltr'><strong>Tertium</strong></span> <span class='ocrx_word' id='word_1_534' title='bbox 1687 3467 1774 3516; x_wconf 84' lang='lat' dir='ltr'><strong>est</strong></span> <span class='ocrx_word' id='word_1_535' title='bbox 1811 3461 2089 3518; x_wconf 83' lang='lat' dir='ltr'><strong>fortitudo</strong></span> 
     </span>
    </p>
   </div>
   <div class='ocr_carea' id='block_1_68' title="bbox 431 3550 2088 3624">
    <p class='ocr_par' dir='ltr' id='par_1_68' title="bbox 431 3550 2088 3624">
     <span class='ocr_line' id='line_1_68' title="bbox 431 3550 2088 3624; baseline -0.001 -16"><span class='ocrx_word' id='word_1_536' title='bbox 431 3551 720 3608; x_wconf 89' lang='lat' dir='ltr'><strong>tolerandi</strong></span> <span class='ocrx_word' id='word_1_537' title='bbox 779 3552 1070 3624; x_wconf 88' lang='lat' dir='ltr'><strong>patienter</strong></span> <span class='ocrx_word' id='word_1_538' title='bbox 1131 3551 1581 3623; x_wconf 86' lang='lat' dir='ltr'><strong>persecutiones,</strong></span> <span class='ocrx_word' id='word_1_539' title='bbox 1640 3550 1867 3624; x_wconf 83' lang='lat' dir='ltr'><strong>ﬂagella</strong></span> <span class='ocrx_word' id='word_1_540' title='bbox 1915 3550 2088 3606; x_wconf 90' lang='lat' dir='ltr'><strong>mise-</strong></span> 
     </span>
    </p>
   </div>
   <div class='ocr_carea' id='block_1_69' title="bbox 433 3637 2090 3713">
    <p class='ocr_par' dir='ltr' id='par_1_69' title="bbox 433 3637 2090 3713">
     <span class='ocr_line' id='line_1_69' title="bbox 433 3637 2090 3713; baseline -0.001 -17"><span class='ocrx_word' id='word_1_541' title='bbox 433 3641 668 3713; x_wconf 86' lang='lat' dir='ltr'><strong>riasque</strong></span> <span class='ocrx_word' id='word_1_542' title='bbox 703 3637 1055 3695; x_wconf 88' lang='lat' dir='ltr'><strong>mundanas.</strong></span> <span class='ocrx_word' id='word_1_543' title='bbox 1084 3639 1164 3695; x_wconf 90' lang='lat' dir='ltr'><strong>De</strong></span> <span class='ocrx_word' id='word_1_544' title='bbox 1196 3657 1310 3712; x_wconf 90' lang='lat' dir='ltr'><strong>qua</strong></span> <span class='ocrx_word' id='word_1_545' title='bbox 1342 3639 1434 3694; x_wconf 90' lang='lat' dir='ltr'><strong>hic</strong></span> <span class='ocrx_word' id='word_1_546' title='bbox 1466 3639 1740 3694; x_wconf 88' lang='lat' dir='ltr'><strong>subditur</strong></span> <span class='ocrx_word' id='word_1_547' title='bbox 1771 3657 1784 3694; x_wconf 87' lang='lat'><strong>:</strong></span> <span class='ocrx_word' id='word_1_548' title='bbox 1813 3641 1877 3694; x_wconf 86' lang='lat' dir='ltr'><strong>Et</strong></span> <span class='ocrx_word' id='word_1_549' title='bbox 1899 3641 2090 3711; x_wconf 83' lang='lat' dir='ltr'><strong>ﬁrma-</strong></span> 
     </span>
    </p>
   </div>
   <div class='ocr_carea' id='block_1_70' title="bbox 435 3727 2087 3797">
    <p class='ocr_par' dir='ltr' id='par_1_70' title="bbox 435 3727 2087 3797">
     <span class='ocr_line' id='line_1_70' title="bbox 435 3727 2087 3797; baseline -0.001 -12"><span class='ocrx_word' id='word_1_550' title='bbox 435 3729 583 3786; x_wconf 80' lang='lat' dir='ltr'><strong>bitur</strong></span> <span class='ocrx_word' id='word_1_551' title='bbox 604 3747 664 3784; x_wconf 79' lang='grc' dir='ltr'><strong>ιη</strong></span> <span class='ocrx_word' id='word_1_552' title='bbox 693 3729 811 3797; x_wconf 82' lang='lat' dir='ltr'><strong>illo,</strong></span> <span class='ocrx_word' id='word_1_553' title='bbox 837 3728 893 3783; x_wconf 91' lang='lat' dir='ltr'><strong>id</strong></span> <span class='ocrx_word' id='word_1_554' title='bbox 927 3731 1015 3784; x_wconf 90' lang='lat' dir='ltr'><strong>est</strong></span> <span class='ocrx_word' id='word_1_555' title='bbox 1031 3729 1268 3784; x_wconf 79' lang='lat' dir='ltr'><strong>firmum</strong></span> <span class='ocrx_word' id='word_1_556' title='bbox 1291 3745 1424 3784; x_wconf 89' lang='lat' dir='ltr'><strong>eum</strong></span> <span class='ocrx_word' id='word_1_557' title='bbox 1455 3727 1644 3795; x_wconf 86' lang='lat' dir='ltr'><strong>faciet,</strong></span> <span class='ocrx_word' id='word_1_558' title='bbox 1679 3733 1871 3783; x_wconf 88' lang='lat' dir='ltr'><strong>etnon</strong></span> <span class='ocrx_word' id='word_1_559' title='bbox 1896 3729 2087 3784; x_wconf 87' lang='lat' dir='ltr'><strong>ﬂecte-</strong></span> 
     </span>
    </p>
   </div>
   <div class='ocr_carea' id='block_1_71' title="bbox 433 3815 2089 3892">
    <p class='ocr_par' dir='ltr' id='par_1_71' title="bbox 433 3815 2089 3892">
     <span class='ocr_line' id='line_1_71' title="bbox 433 3815 2089 3892; baseline -0.001 -18"><span class='ocrx_word' id='word_1_560' title='bbox 433 3823 532 3874; x_wconf 87' lang='lat' dir='ltr'><strong>tur</strong></span> <span class='ocrx_word' id='word_1_561' title='bbox 561 3836 594 3874; x_wconf 88' lang='lat' dir='ltr'><strong>a</strong></span> <span class='ocrx_word' id='word_1_562' title='bbox 627 3818 816 3892; x_wconf 89' lang='lat' dir='ltr'><strong>rigore</strong></span> <span class='ocrx_word' id='word_1_563' title='bbox 844 3816 1104 3873; x_wconf 89' lang='lat' dir='ltr'><strong>veritatis</strong></span> <span class='ocrx_word' id='word_1_564' title='bbox 1133 3822 1190 3873; x_wconf 91' lang='lat' dir='ltr'><strong>et</strong></span> <span class='ocrx_word' id='word_1_565' title='bbox 1202 3817 1446 3888; x_wconf 77' lang='lat' dir='ltr'><strong>justitize</strong></span> <span class='ocrx_word' id='word_1_566' title='bbox 1464 3834 1565 3890; x_wconf 84' lang='lat' dir='ltr'><strong>per</strong></span> <span class='ocrx_word' id='word_1_567' title='bbox 1583 3815 1840 3889; x_wconf 84' lang='lat' dir='ltr'><strong>aliquam</strong></span> <span class='ocrx_word' id='word_1_568' title='bbox 1871 3817 2089 3890; x_wconf 90' lang='lat' dir='ltr'><strong>impor-</strong></span> 
     </span>
    </p>
   </div>
   <div class='ocr_carea' id='block_1_72' title="bbox 432 3904 2088 3980">
    <p class='ocr_par' dir='ltr' id='par_1_72' title="bbox 432 3904 2088 3980">
     <span class='ocr_line' id='line_1_72' title="bbox 432 3904 2088 3980; baseline -0.001 -16"><span class='ocrx_word' id='word_1_569' title='bbox 432 3908 766 3975; x_wconf 86' lang='lat' dir='ltr'><strong>tunitatem,</strong></span> <span class='ocrx_word' id='word_1_570' title='bbox 800 3906 950 3963; x_wconf 91' lang='lat' dir='ltr'><strong>sicut</strong></span> <span class='ocrx_word' id='word_1_571' title='bbox 974 3905 1194 3980; x_wconf 86' lang='lat' dir='ltr'><strong>faciunt</strong></span> <span class='ocrx_word' id='word_1_572' title='bbox 1214 3906 1388 3961; x_wconf 86' lang='lat' dir='ltr'><strong>hodie</strong></span> <span class='ocrx_word' id='word_1_573' title='bbox 1408 3904 1537 3962; x_wconf 85' lang='lat' dir='ltr'><strong>falsi</strong></span> <span class='ocrx_word' id='word_1_574' title='bbox 1563 3906 1802 3977; x_wconf 87' lang='lat' dir='ltr'><strong>quidam</strong></span> <span class='ocrx_word' id='word_1_575' title='bbox 1827 3910 2088 3979; x_wconf 84' lang='lat' dir='ltr'><strong>pastores</strong></span> 
     </span>
    </p>
   </div>
   <div class='ocr_carea' id='block_1_73' title="bbox 431 3995 2088 4067">
    <p class='ocr_par' dir='ltr' id='par_1_73' title="bbox 431 3995 2088 4067">
     <span class='ocr_line' id='line_1_73' title="bbox 431 3995 2088 4067; baseline -0.002 -11"><span class='ocrx_word' id='word_1_576' title='bbox 431 4001 643 4056; x_wconf 66' lang='lat' dir='ltr'><strong>sanctae</strong></span> <span class='ocrx_word' id='word_1_577' title='bbox 674 3995 963 4053; x_wconf 67' lang='lat' dir='ltr'><strong>Ecclesiae.</strong></span> <span class='ocrx_word' id='word_1_578' title='bbox 999 3995 1078 4051; x_wconf 92' lang='lat' dir='ltr'><strong>De</strong></span> <span class='ocrx_word' id='word_1_579' title='bbox 1109 3995 1326 4067; x_wconf 88' lang='lat' dir='ltr'><strong>quibus</strong></span> <span class='ocrx_word' id='word_1_580' title='bbox 1358 3995 1642 4052; x_wconf 90' lang='lat' dir='ltr'><strong>Dominus</strong></span> <span class='ocrx_word' id='word_1_581' title='bbox 1675 4011 1688 4049; x_wconf 89' lang='lat'>:</span> <span class='ocrx_word' id='word_1_582' title='bbox 1722 4018 1750 4046; x_wconf 86' lang='lat'><strong>«</strong></span> <span class='ocrx_word' id='word_1_583' title='bbox 1793 3995 2088 4052; x_wconf 71' lang='lat' dir='ltr'><strong>Mercenn-</strong></span> 
     </span>
    </p>
   </div>
   <div class='ocr_carea' id='block_1_74' title="bbox 431 4083 2087 4158">
    <p class='ocr_par' dir='ltr' id='par_1_74' title="bbox 431 4083 2087 4158">
     <span class='ocr_line' id='line_1_74' title="bbox 431 4083 2087 4158; baseline -0.002 -15"><span class='ocrx_word' id='word_1_584' title='bbox 431 4087 577 4154; x_wconf 85' lang='lat' dir='ltr'><strong>rius,</strong></span> <span class='ocrx_word' id='word_1_585' title='bbox 609 4085 826 4156; x_wconf 90' lang='lat' dir='ltr'><strong>inquit,</strong></span> <span class='ocrx_word' id='word_1_586' title='bbox 858 4089 914 4140; x_wconf 89' lang='lat' dir='ltr'><strong>et</strong></span> <span class='ocrx_word' id='word_1_587' title='bbox 957 4084 1058 4157; x_wconf 88' lang='lat' dir='ltr'><strong>qui</strong></span> <span class='ocrx_word' id='word_1_588' title='bbox 1110 4101 1226 4140; x_wconf 90' lang='lat' dir='ltr'><strong>non</strong></span> <span class='ocrx_word' id='word_1_589' title='bbox 1275 4089 1364 4140; x_wconf 88' lang='lat' dir='ltr'><strong>est</strong></span> <span class='ocrx_word' id='word_1_590' title='bbox 1411 4088 1630 4158; x_wconf 87' lang='lat' dir='ltr'><strong>pastor,</strong></span> <span class='ocrx_word' id='word_1_591' title='bbox 1679 4083 1834 4141; x_wconf 90' lang='lat' dir='ltr'><strong>videt</strong></span> <span class='ocrx_word' id='word_1_592' title='bbox 1880 4083 2087 4158; x_wconf 89' lang='lat' dir='ltr'><strong>lupum</strong></span> 
     </span>
    </p>
   </div>
   <div class='ocr_carea' id='block_1_75' title="bbox 428 4172 2087 4246">
    <p class='ocr_par' dir='ltr' id='par_1_75' title="bbox 428 4172 2087 4246">
     <span class='ocr_line' id='line_1_75' title="bbox 428 4172 2087 4246; baseline -0.006 -14"><span class='ocrx_word' id='word_1_593' title='bbox 428 4173 776 4240; x_wconf 87' lang='lat' dir='ltr'><strong>venientem,</strong></span> <span class='ocrx_word' id='word_1_594' title='bbox 809 4177 867 4228; x_wconf 89' lang='lat' dir='ltr'><strong>et</strong></span> <span class='ocrx_word' id='word_1_595' title='bbox 895 4173 1145 4228; x_wconf 87' lang='lat' dir='ltr'><strong>dimittit</strong></span> <span class='ocrx_word' id='word_1_596' title='bbox 1192 4190 1348 4240; x_wconf 90' lang='lat' dir='ltr'><strong>oves,</strong></span> <span class='ocrx_word' id='word_1_597' title='bbox 1410 4178 1468 4228; x_wconf 91' lang='lat' dir='ltr'><strong>et</strong></span> <span class='ocrx_word' id='word_1_598' title='bbox 1511 4172 1660 4246; x_wconf 86' lang='lat' dir='ltr'><strong>fugit</strong></span> <span class='ocrx_word' id='word_1_599' title='bbox 1715 4174 1910 4246; x_wconf 86' lang='lat' dir='ltr'><strong>(Joan,</strong></span> <span class='ocrx_word' id='word_1_600' title='bbox 1941 4177 2022 4241; x_wconf 69' lang='grc' dir='ltr'><strong>Χ.)</strong></span> <span class='ocrx_word' id='word_1_601' title='bbox 2058 4195 2087 4223; x_wconf 84' lang='grc'><strong>››</strong></span> 
     </span>
    </p>
   </div>
   <div class='ocr_carea' id='block_1_76' title="bbox 431 4261 2086 4334">
    <p class='ocr_par' dir='ltr' id='par_1_76' title="bbox 431 4261 2086 4334">
     <span class='ocr_line' id='line_1_76' title="bbox 431 4261 2086 4334; baseline 0 -16"><span class='ocrx_word' id='word_1_602' title='bbox 431 4265 712 4330; x_wconf 84' lang='lat' dir='ltr'><strong>Quartum</strong></span> <span class='ocrx_word' id='word_1_603' title='bbox 745 4266 834 4317; x_wconf 91' lang='lat' dir='ltr'><strong>est</strong></span> <span class='ocrx_word' id='word_1_604' title='bbox 863 4261 1239 4330; x_wconf 87' lang='lat' dir='ltr'><strong>continentia,</strong></span> <span class='ocrx_word' id='word_1_605' title='bbox 1275 4263 1345 4318; x_wconf 91' lang='lat' dir='ltr'><strong>de</strong></span> <span class='ocrx_word' id='word_1_606' title='bbox 1376 4279 1492 4334; x_wconf 90' lang='lat' dir='ltr'><strong>qua</strong></span> <span class='ocrx_word' id='word_1_607' title='bbox 1513 4262 1787 4318; x_wconf 90' lang='lat' dir='ltr'><strong>subditur</strong></span> <span class='ocrx_word' id='word_1_608' title='bbox 1819 4280 1832 4319; x_wconf 89' lang='lat'>:</span> <span class='ocrx_word' id='word_1_609' title='bbox 1865 4265 1929 4318; x_wconf 85' lang='lat' dir='ltr'><strong>Et</strong></span> <span class='ocrx_word' id='word_1_610' title='bbox 1957 4279 2086 4319; x_wconf 83' lang='lat' dir='ltr'><strong>con-</strong></span> 
     </span>
    </p>
   </div>
   <div class='ocr_carea' id='block_1_77' title="bbox 428 4350 2087 4418">
    <p class='ocr_par' dir='ltr' id='par_1_77' title="bbox 428 4350 2087 4418">
     <span class='ocr_line' id='line_1_77' title="bbox 428 4350 2087 4418; baseline -0.002 -9"><span class='ocrx_word' id='word_1_611' title='bbox 428 4353 620 4409; x_wconf 79' lang='lat' dir='ltr'><strong>tinebit</strong></span> <span class='ocrx_word' id='word_1_612' title='bbox 649 4369 793 4418; x_wconf 83' lang='lat' dir='ltr'><strong>eum,</strong></span> <span class='ocrx_word' id='word_1_613' title='bbox 827 4350 884 4406; x_wconf 88' lang='lat' dir='ltr'><strong>id</strong></span> <span class='ocrx_word' id='word_1_614' title='bbox 914 4355 1022 4416; x_wconf 90' lang='lat' dir='ltr'><strong>est,</strong></span> <span class='ocrx_word' id='word_1_615' title='bbox 1056 4351 1456 4408; x_wconf 89' lang='lat' dir='ltr'><strong>continentem</strong></span> <span class='ocrx_word' id='word_1_616' title='bbox 1488 4369 1623 4407; x_wconf 90' lang='lat' dir='ltr'><strong>eum</strong></span> <span class='ocrx_word' id='word_1_617' title='bbox 1673 4352 1864 4418; x_wconf 85' lang='lat' dir='ltr'><strong>faciet,</strong></span> <span class='ocrx_word' id='word_1_618' title='bbox 1897 4361 1948 4407; x_wconf 81' lang='lat' dir='ltr'><strong>et</strong></span> <span class='ocrx_word' id='word_1_619' title='bbox 1975 4369 2087 4406; x_wconf 84' lang='lat' dir='ltr'><strong>non</strong></span> 
     </span>
    </p>
   </div>
   <div class='ocr_carea' id='block_1_78' title="bbox 431 4439 2086 4514">
    <p class='ocr_par' dir='ltr' id='par_1_78' title="bbox 431 4439 2086 4514">
     <span class='ocr_line' id='line_1_78' title="bbox 431 4439 2086 4514; baseline -0.001 -16"><span class='ocrx_word' id='word_1_620' title='bbox 431 4441 795 4514; x_wconf 75' lang='lat' dir='ltr'><strong>confundetur</strong></span> <span class='ocrx_word' id='word_1_621' title='bbox 822 4439 910 4496; x_wconf 89' lang='lat' dir='ltr'><strong>vel</strong></span> <span class='ocrx_word' id='word_1_622' title='bbox 941 4440 1272 4496; x_wconf 78' lang='lat' dir='ltr'><strong>effundatur</strong></span> <span class='ocrx_word' id='word_1_623' title='bbox 1300 4457 1404 4514; x_wconf 91' lang='lat' dir='ltr'><strong>per</strong></span> <span class='ocrx_word' id='word_1_624' title='bbox 1448 4439 1651 4496; x_wconf 87' lang='lat' dir='ltr'><strong>illicita</strong></span> <span class='ocrx_word' id='word_1_625' title='bbox 1688 4441 1976 4497; x_wconf 84' lang='lat' dir='ltr'><strong>desideria</strong></span> <span class='ocrx_word' id='word_1_626' title='bbox 1998 4440 2086 4497; x_wconf 91' lang='lat' dir='ltr'><strong>vel</strong></span> 
     </span>
    </p>
   </div>
   <div class='ocr_carea' id='block_1_79' title="bbox 427 4525 2165 4622">
    <p class='ocr_par' dir='ltr' id='par_1_79' title="bbox 427 4525 2165 4622">
     <span class='ocr_line' id='line_1_79' title="bbox 427 4525 2165 4622; baseline -0.001 -36"><span class='ocrx_word' id='word_1_627' title='bbox 427 4531 779 4587; x_wconf 88' lang='lat' dir='ltr'><strong>tentationes</strong></span> <span class='ocrx_word' id='word_1_628' title='bbox 809 4525 1023 4600; x_wconf 86' lang='lat' dir='ltr'><strong>carnis,</strong></span> <span class='ocrx_word' id='word_1_629' title='bbox 1056 4529 1326 4622; x_wconf 82' lang='lat' dir='ltr'><strong>videlicet</strong></span> <span class='ocrx_word' id='word_1_630' title='bbox 1351 4530 1428 4585; x_wconf 92' lang='lat' dir='ltr'><strong>sit</strong></span> <span class='ocrx_word' id='word_1_631' title='bbox 1460 4530 1670 4622; x_wconf 81' lang='lat' dir='ltr'><strong>ﬁrmus</strong></span> <span class='ocrx_word' id='word_1_632' title='bbox 1709 4533 1912 4622; x_wconf 83' lang='lat' dir='ltr'><strong>contra</strong></span> <span class='ocrx_word' id='word_1_633' title='bbox 1951 4547 2084 4602; x_wconf 90' lang='lat' dir='ltr'><strong>per-</strong></span> <span class='ocrx_word' id='word_1_634' title='bbox 2117 4556 2165 4622; x_wconf 72' lang='grc' dir='ltr'><strong>Β</strong></span> 
     </span>
    </p>
   </div>
   <div class='ocr_carea' id='block_1_80' title="bbox 427 4617 2091 4692">
    <p class='ocr_par' dir='ltr' id='par_1_80' title="bbox 427 4617 2091 4692">
     <span class='ocr_line' id='line_1_80' title="bbox 427 4617 2091 4692; baseline -0.002 -15"><span class='ocrx_word' id='word_1_635' title='bbox 427 4619 758 4677; x_wconf 89' lang='lat' dir='ltr'><strong>secutiones</strong></span> <span class='ocrx_word' id='word_1_636' title='bbox 790 4617 1404 4686; x_wconf 86' lang='lat' dir='ltr'><strong>interiores.Quintum</strong></span> <span class='ocrx_word' id='word_1_637' title='bbox 1429 4622 1517 4675; x_wconf 90' lang='lat' dir='ltr'><strong>est</strong></span> <span class='ocrx_word' id='word_1_638' title='bbox 1528 4617 1946 4692; x_wconf 70' lang='lat' dir='ltr'><strong>praelatio,quaa</strong></span> <span class='ocrx_word' id='word_1_639' title='bbox 1961 4635 2091 4675; x_wconf 89' lang='lat' dir='ltr'><strong>con-</strong></span> 
     </span>
    </p>
   </div>
   <div class='ocr_carea' id='block_1_81' title="bbox 426 4706 2087 4780">
    <p class='ocr_par' dir='ltr' id='par_1_81' title="bbox 426 4706 2087 4780">
     <span class='ocr_line' id='line_1_81' title="bbox 426 4706 2087 4780; baseline -0.001 -16"><span class='ocrx_word' id='word_1_640' title='bbox 426 4709 721 4764; x_wconf 89' lang='lat' dir='ltr'><strong>venienter</strong></span> <span class='ocrx_word' id='word_1_641' title='bbox 743 4708 947 4780; x_wconf 88' lang='lat' dir='ltr'><strong>quinto</strong></span> <span class='ocrx_word' id='word_1_642' title='bbox 971 4707 1095 4764; x_wconf 90' lang='lat' dir='ltr'><strong>loco</strong></span> <span class='ocrx_word' id='word_1_643' title='bbox 1122 4707 1386 4780; x_wconf 90' lang='lat' dir='ltr'><strong>ponitur;</strong></span> <span class='ocrx_word' id='word_1_644' title='bbox 1408 4708 1644 4780; x_wconf 88' lang='lat' dir='ltr'><strong>quando</strong></span> <span class='ocrx_word' id='word_1_645' title='bbox 1671 4706 1767 4763; x_wconf 91' lang='lat' dir='ltr'><strong>ille</strong></span> <span class='ocrx_word' id='word_1_646' title='bbox 1791 4707 1890 4780; x_wconf 91' lang='lat' dir='ltr'><strong>qui</strong></span> <span class='ocrx_word' id='word_1_647' title='bbox 1910 4707 2087 4765; x_wconf 88' lang='lat' dir='ltr'><strong>habet</strong></span> 
     </span>
    </p>
   </div>
   <div class='ocr_carea' id='block_1_82' title="bbox 430 4795 2091 4870">
    <p class='ocr_par' dir='ltr' id='par_1_82' title="bbox 430 4795 2091 4870">
     <span class='ocr_line' id='line_1_82' title="bbox 430 4795 2091 4870; baseline 0 -18"><span class='ocrx_word' id='word_1_648' title='bbox 430 4797 818 4870; x_wconf 77' lang='lat' dir='ltr'><strong>praecedentia</strong></span> <span class='ocrx_word' id='word_1_649' title='bbox 838 4797 1011 4863; x_wconf 85' lang='lat' dir='ltr'><strong>dona,</strong></span> <span class='ocrx_word' id='word_1_650' title='bbox 1046 4797 1101 4852; x_wconf 91' lang='lat' dir='ltr'><strong>id</strong></span> <span class='ocrx_word' id='word_1_651' title='bbox 1134 4797 1222 4853; x_wconf 82' lang='lat' dir='ltr'><strong>est</strong></span> <span class='ocrx_word' id='word_1_652' title='bbox 1253 4795 1601 4862; x_wconf 89' lang='lat' dir='ltr'><strong>doctrinam,</strong></span> <span class='ocrx_word' id='word_1_653' title='bbox 1625 4797 1895 4870; x_wconf 88' lang='lat' dir='ltr'><strong>gratiam,</strong></span> <span class='ocrx_word' id='word_1_654' title='bbox 1931 4797 2091 4852; x_wconf 87' lang='lat' dir='ltr'><strong>forti-</strong></span> 
     </span>
    </p>
   </div>
   <div class='ocr_carea' id='block_1_83' title="bbox 429 4885 2086 4960">
    <p class='ocr_par' dir='ltr' id='par_1_83' title="bbox 429 4885 2086 4960">
     <span class='ocr_line' id='line_1_83' title="bbox 429 4885 2086 4960; baseline 0 -18"><span class='ocrx_word' id='word_1_655' title='bbox 429 4885 692 4942; x_wconf 91' lang='lat' dir='ltr'><strong>tudinem</strong></span> <span class='ocrx_word' id='word_1_656' title='bbox 725 4891 783 4942; x_wconf 88' lang='lat' dir='ltr'><strong>et</strong></span> <span class='ocrx_word' id='word_1_657' title='bbox 812 4885 1254 4956; x_wconf 81' lang='lat' dir='ltr'><strong>continentiam,</strong></span> <span class='ocrx_word' id='word_1_658' title='bbox 1282 4886 1496 4960; x_wconf 86' lang='lat' dir='ltr'><strong>dignus</strong></span> <span class='ocrx_word' id='word_1_659' title='bbox 1527 4891 1616 4942; x_wconf 89' lang='lat' dir='ltr'><strong>est</strong></span> <span class='ocrx_word' id='word_1_660' title='bbox 1638 4890 1701 4942; x_wconf 89' lang='lat' dir='ltr'><strong>ut</strong></span> <span class='ocrx_word' id='word_1_661' title='bbox 1732 4886 1801 4940; x_wconf 89' lang='lat' dir='ltr'><strong>ad</strong></span> <span class='ocrx_word' id='word_1_662' title='bbox 1827 4885 2086 4952; x_wconf 78' lang='lat' dir='ltr'><strong>cilicium</strong></span> 
     </span>
    </p>
   </div>
   <div class='ocr_carea' id='block_1_84' title="bbox 427 4972 2086 5047">
    <p class='ocr_par' dir='ltr' id='par_1_84' title="bbox 427 4972 2086 5047">
     <span class='ocr_line' id='line_1_84' title="bbox 427 4972 2086 5047; baseline -0.001 -19"><span class='ocrx_word' id='word_1_663' title='bbox 427 4973 856 5047; x_wconf 69' lang='lat' dir='ltr'><strong>praedicationis</strong></span> <span class='ocrx_word' id='word_1_664' title='bbox 888 4978 943 5028; x_wconf 88' lang='lat' dir='ltr'><strong>et</strong></span> <span class='ocrx_word' id='word_1_665' title='bbox 991 4972 1310 5047; x_wconf 85' lang='lat' dir='ltr'><strong>magisterii</strong></span> <span class='ocrx_word' id='word_1_666' title='bbox 1355 4973 1726 5030; x_wconf 88' lang='lat' dir='ltr'><strong>sublimetur.</strong></span> <span class='ocrx_word' id='word_1_667' title='bbox 1779 4972 1942 5029; x_wconf 91' lang='lat' dir='ltr'><strong>Unde</strong></span> <span class='ocrx_word' id='word_1_668' title='bbox 1992 4972 2086 5028; x_wconf 90' lang='lat' dir='ltr'><strong>hic</strong></span> 
     </span>
    </p>
   </div>
   <div class='ocr_carea' id='block_1_85' title="bbox 425 5061 2080 5134">
    <p class='ocr_par' dir='ltr' id='par_1_85' title="bbox 425 5061 2080 5134">
     <span class='ocr_line' id='line_1_85' title="bbox 425 5061 2080 5134; baseline -0.001 -16"><span class='ocrx_word' id='word_1_669' title='bbox 425 5061 701 5118; x_wconf 89' lang='lat' dir='ltr'><strong>subditur</strong></span> <span class='ocrx_word' id='word_1_670' title='bbox 733 5079 746 5115; x_wconf 90' lang='lat'>:</span> <span class='ocrx_word' id='word_1_671' title='bbox 782 5063 847 5116; x_wconf 88' lang='lat' dir='ltr'><strong>Et</strong></span> <span class='ocrx_word' id='word_1_672' title='bbox 874 5063 1146 5117; x_wconf 76' lang='lat' dir='ltr'><strong>exaltabit</strong></span> <span class='ocrx_word' id='word_1_673' title='bbox 1193 5063 1355 5117; x_wconf 82' lang='lat' dir='ltr'><strong>illum</strong></span> <span class='ocrx_word' id='word_1_674' title='bbox 1413 5062 1557 5134; x_wconf 83' lang='lat' dir='ltr'><strong>apud</strong></span> <span class='ocrx_word' id='word_1_675' title='bbox 1609 5064 1890 5134; x_wconf 67' lang='lat' dir='ltr'><strong>proximos</strong></span> <span class='ocrx_word' id='word_1_676' title='bbox 1938 5079 2080 5118; x_wconf 81' lang='lat' dir='ltr'><strong>suos.</strong></span> 
     </span>
    </p>
   </div>
   <div class='ocr_carea' id='block_1_86' title="bbox 423 5149 2084 5225">
    <p class='ocr_par' dir='ltr' id='par_1_86' title="bbox 423 5149 2084 5225">
     <span class='ocr_line' id='line_1_86' title="bbox 423 5149 2084 5225; baseline -0.001 -17"><span class='ocrx_word' id='word_1_677' title='bbox 423 5151 550 5208; x_wconf 88' lang='lat' dir='ltr'><strong>Non</strong></span> <span class='ocrx_word' id='word_1_678' title='bbox 582 5150 663 5205; x_wconf 87' lang='lat' dir='ltr'><strong>ait</strong></span> <span class='ocrx_word' id='word_1_679' title='bbox 695 5149 945 5206; x_wconf 87' lang='lat' dir='ltr'><strong>famulos</strong></span> <span class='ocrx_word' id='word_1_680' title='bbox 976 5149 1061 5205; x_wconf 88' lang='lat' dir='ltr'><strong>vel</strong></span> <span class='ocrx_word' id='word_1_681' title='bbox 1093 5167 1309 5218; x_wconf 87' lang='lat' dir='ltr'><strong>servos,</strong></span> <span class='ocrx_word' id='word_1_682' title='bbox 1349 5151 1502 5222; x_wconf 91' lang='lat' dir='ltr'><strong>quod</strong></span> <span class='ocrx_word' id='word_1_683' title='bbox 1565 5150 1831 5207; x_wconf 90' lang='lat' dir='ltr'><strong>videlicet</strong></span> <span class='ocrx_word' id='word_1_684' title='bbox 1884 5155 2084 5225; x_wconf 88' lang='lat' dir='ltr'><strong>pastor</strong></span> 
     </span>
    </p>
   </div>
   <div class='ocr_carea' id='block_1_87' title="bbox 425 5238 2078 5313">
    <p class='ocr_par' dir='ltr' id='par_1_87' title="bbox 425 5238 2078 5313">
     <span class='ocr_line' id='line_1_87' title="bbox 425 5238 2078 5313; baseline 0 -17"><span class='ocrx_word' id='word_1_685' title='bbox 425 5239 695 5296; x_wconf 89' lang='lat' dir='ltr'><strong>subditos</strong></span> <span class='ocrx_word' id='word_1_686' title='bbox 719 5255 831 5294; x_wconf 90' lang='lat' dir='ltr'><strong>non</strong></span> <span class='ocrx_word' id='word_1_687' title='bbox 851 5238 1063 5294; x_wconf 88' lang='lat' dir='ltr'><strong>habeat</strong></span> <span class='ocrx_word' id='word_1_688' title='bbox 1084 5242 1146 5293; x_wconf 88' lang='lat' dir='ltr'><strong>ut</strong></span> <span class='ocrx_word' id='word_1_689' title='bbox 1161 5238 1441 5311; x_wconf 87' lang='lat' dir='ltr'><strong>minores,</strong></span> <span class='ocrx_word' id='word_1_690' title='bbox 1464 5239 1566 5296; x_wconf 90' lang='lat' dir='ltr'><strong>sed</strong></span> <span class='ocrx_word' id='word_1_691' title='bbox 1590 5240 1786 5312; x_wconf 91' lang='lat' dir='ltr'><strong>potius</strong></span> <span class='ocrx_word' id='word_1_692' title='bbox 1804 5245 1869 5294; x_wconf 90' lang='lat' dir='ltr'><strong>ut</strong></span> <span class='ocrx_word' id='word_1_693' title='bbox 1889 5240 2078 5313; x_wconf 79' lang='lat' dir='ltr'><strong>proxi-</strong></span> 
     </span>
    </p>
   </div>
   <div class='ocr_carea' id='block_1_88' title="bbox 425 5325 2082 5400">
    <p class='ocr_par' dir='ltr' id='par_1_88' title="bbox 425 5325 2082 5400">
     <span class='ocr_line' id='line_1_88' title="bbox 425 5325 2082 5400; baseline 0.001 -17"><span class='ocrx_word' id='word_1_694' title='bbox 425 5343 556 5383; x_wconf 89' lang='lat' dir='ltr'><strong>mos</strong></span> <span class='ocrx_word' id='word_1_695' title='bbox 587 5331 645 5382; x_wconf 92' lang='lat' dir='ltr'><strong>et</strong></span> <span class='ocrx_word' id='word_1_696' title='bbox 671 5327 899 5382; x_wconf 86' lang='lat' dir='ltr'><strong>fratres.</strong></span> <span class='ocrx_word' id='word_1_697' title='bbox 933 5325 1096 5382; x_wconf 90' lang='lat' dir='ltr'><strong>Unde</strong></span> <span class='ocrx_word' id='word_1_698' title='bbox 1127 5327 1410 5400; x_wconf 89' lang='lat' dir='ltr'><strong>scriptum</strong></span> <span class='ocrx_word' id='word_1_699' title='bbox 1444 5333 1532 5386; x_wconf 91' lang='lat' dir='ltr'><strong>est</strong></span> <span class='ocrx_word' id='word_1_700' title='bbox 1564 5346 1577 5384; x_wconf 90' lang='lat'>:</span> <span class='ocrx_word' id='word_1_701' title='bbox 1613 5351 1641 5379; x_wconf 82' lang='lat'><strong><em>«</em></strong></span> <span class='ocrx_word' id='word_1_702' title='bbox 1676 5329 2003 5400; x_wconf 88' lang='lat' dir='ltr'><strong>Principem</strong></span> <span class='ocrx_word' id='word_1_703' title='bbox 2028 5335 2082 5386; x_wconf 92' lang='lat' dir='ltr'><strong>te</strong></span> 
     </span>
    </p>
   </div>
   <div class='ocr_carea' id='block_1_89' title="bbox 425 5412 2082 5488">
    <p class='ocr_par' dir='ltr' id='par_1_89' title="bbox 425 5412 2082 5488">
     <span class='ocr_line' id='line_1_89' title="bbox 425 5412 2082 5488; baseline 0.002 -18"><span class='ocrx_word' id='word_1_704' title='bbox 425 5413 875 5479; x_wconf 88' lang='lat' dir='ltr'><strong>constituerunt,</strong></span> <span class='ocrx_word' id='word_1_705' title='bbox 910 5412 1028 5468; x_wconf 90' lang='lat' dir='ltr'><strong>noli</strong></span> <span class='ocrx_word' id='word_1_706' title='bbox 1058 5412 1274 5482; x_wconf 80' lang='lat' dir='ltr'><strong>extolli,</strong></span> <span class='ocrx_word' id='word_1_707' title='bbox 1310 5415 1409 5472; x_wconf 91' lang='lat' dir='ltr'><strong>sed</strong></span> <span class='ocrx_word' id='word_1_708' title='bbox 1441 5421 1563 5472; x_wconf 90' lang='lat' dir='ltr'><strong>esto</strong></span> <span class='ocrx_word' id='word_1_709' title='bbox 1593 5416 1764 5488; x_wconf 88' lang='lat' dir='ltr'><strong>quasi</strong></span> <span class='ocrx_word' id='word_1_710' title='bbox 1812 5435 1966 5474; x_wconf 89' lang='lat' dir='ltr'><strong>unus</strong></span> <span class='ocrx_word' id='word_1_711' title='bbox 2014 5433 2082 5474; x_wconf 79' lang='lat' dir='ltr'><strong>ex</strong></span> 
     </span>
    </p>
   </div>
   <div class='ocr_carea' id='block_1_90' title="bbox 424 5501 2084 5582">
    <p class='ocr_par' dir='ltr' id='par_1_90' title="bbox 424 5501 2084 5582">
     <span class='ocr_line' id='line_1_90' title="bbox 424 5501 2084 5582; baseline 0.004 -21"><span class='ocrx_word' id='word_1_712' title='bbox 424 5502 512 5562; x_wconf 86' lang='lat' dir='ltr'><strong>eis</strong></span> <span class='ocrx_word' id='word_1_713' title='bbox 543 5502 727 5577; x_wconf 82' lang='lat' dir='ltr'><strong>(Eccli.</strong></span> <span class='ocrx_word' id='word_1_714' title='bbox 759 5505 958 5572; x_wconf 63' lang='grc' dir='ltr'><strong>χχχιι.)</strong></span> <span class='ocrx_word' id='word_1_715' title='bbox 990 5523 1017 5552; x_wconf 84' lang='grc'><strong>››</strong></span> <span class='ocrx_word' id='word_1_716' title='bbox 1046 5501 1286 5560; x_wconf 81' lang='lat' dir='ltr'><strong>Sextum</strong></span> <span class='ocrx_word' id='word_1_717' title='bbox 1317 5511 1406 5562; x_wconf 89' lang='lat' dir='ltr'><strong>est</strong></span> <span class='ocrx_word' id='word_1_718' title='bbox 1434 5505 1790 5580; x_wconf 59' lang='lat' dir='ltr'><strong>pradicatio,</strong></span> <span class='ocrx_word' id='word_1_719' title='bbox 1835 5523 1961 5582; x_wconf 76' lang='lat' dir='ltr'><strong>qua:</strong></span> <span class='ocrx_word' id='word_1_720' title='bbox 1995 5512 2084 5566; x_wconf 85' lang='lat' dir='ltr'><strong>est</strong></span> 
     </span>
    </p>
   </div>
   <div class='ocr_carea' id='block_1_91' title="bbox 2200 3283 3822 3354">
    <p class='ocr_par' dir='ltr' id='par_1_91' title="bbox 2200 3283 3822 3354">
     <span class='ocr_line' id='line_1_91' title="bbox 2200 3283 3822 3354; baseline -0.002 -12"><span class='ocrx_word' id='word_1_721' title='bbox 2200 3286 2616 3354; x_wconf 67' lang='lat' dir='ltr'><strong>thesaurizabit,</strong></span> <span class='ocrx_word' id='word_1_722' title='bbox 2649 3285 2706 3341; x_wconf 89' lang='lat' dir='ltr'><strong>id</strong></span> <span class='ocrx_word' id='word_1_723' title='bbox 2757 3291 2867 3352; x_wconf 92' lang='lat' dir='ltr'><strong>est,</strong></span> <span class='ocrx_word' id='word_1_724' title='bbox 2926 3285 3328 3341; x_wconf 85' lang='lat' dir='ltr'><strong>indesinenter</strong></span> <span class='ocrx_word' id='word_1_725' title='bbox 3375 3283 3696 3341; x_wconf 78' lang='lat' dir='ltr'><strong>cumulabit</strong></span> <span class='ocrx_word' id='word_1_726' title='bbox 3741 3293 3822 3338; x_wconf 72' lang='grc' dir='ltr'><strong>ευ-</strong></span> 
     </span>
    </p>
   </div>
   <div class='ocr_carea' id='block_1_92' title="bbox 2199 3372 3818 3448">
    <p class='ocr_par' dir='ltr' id='par_1_92' title="bbox 2199 3372 3818 3448">
     <span class='ocr_line' id='line_1_92' title="bbox 2199 3372 3818 3448; baseline -0.004 -17"><span class='ocrx_word' id='word_1_727' title='bbox 2199 3391 2303 3448; x_wconf 92' lang='lat' dir='ltr'><strong>per</strong></span> <span class='ocrx_word' id='word_1_728' title='bbox 2361 3393 2516 3431; x_wconf 91' lang='lat' dir='ltr'><strong>eum.</strong></span> <span class='ocrx_word' id='word_1_729' title='bbox 2575 3373 3011 3431; x_wconf 85' lang='lat' dir='ltr'><strong>Jucunditatem</strong></span> <span class='ocrx_word' id='word_1_730' title='bbox 3085 3375 3331 3441; x_wconf 84' lang='lat' dir='ltr'><strong>mentis,</strong></span> <span class='ocrx_word' id='word_1_731' title='bbox 3405 3372 3818 3431; x_wconf 77' lang='lat' dir='ltr'><strong>exsultationem</strong></span> 
     </span>
    </p>
   </div>
   <div class='ocr_carea' id='block_1_93' title="bbox 2197 3460 3818 3536">
    <p class='ocr_par' dir='ltr' id='par_1_93' title="bbox 2197 3460 3818 3536">
     <span class='ocr_line' id='line_1_93' title="bbox 2197 3460 3818 3536; baseline -0.004 -16"><span class='ocrx_word' id='word_1_732' title='bbox 2197 3465 2479 3536; x_wconf 88' lang='lat' dir='ltr'><strong>corporis,</strong></span> <span class='ocrx_word' id='word_1_733' title='bbox 2532 3463 2622 3518; x_wconf 86' lang='lat' dir='ltr'><strong>vel</strong></span> <span class='ocrx_word' id='word_1_734' title='bbox 2665 3464 3102 3534; x_wconf 86' lang='lat' dir='ltr'><strong>jucunditatem</strong></span> <span class='ocrx_word' id='word_1_735' title='bbox 3159 3464 3228 3519; x_wconf 91' lang='lat' dir='ltr'><strong>de</strong></span> <span class='ocrx_word' id='word_1_736' title='bbox 3283 3463 3513 3520; x_wconf 83' lang='lat' dir='ltr'><strong>visione</strong></span> <span class='ocrx_word' id='word_1_737' title='bbox 3567 3461 3680 3518; x_wconf 82' lang='lat' dir='ltr'><strong>Dei.</strong></span> <span class='ocrx_word' id='word_1_738' title='bbox 3731 3460 3818 3514; x_wconf 74' lang='lat' dir='ltr'><strong>Ex-</strong></span> 
     </span>
    </p>
   </div>
   <div class='ocr_carea' id='block_1_94' title="bbox 2198 3545 3820 3609">
    <p class='ocr_par' dir='ltr' id='par_1_94' title="bbox 2198 3545 3820 3609">
     <span class='ocr_line' id='line_1_94' title="bbox 2198 3545 3820 3609; baseline -0.005 0"><span class='ocrx_word' id='word_1_739' title='bbox 2198 3553 2575 3609; x_wconf 88' lang='lat' dir='ltr'><strong>sultationem</strong></span> <span class='ocrx_word' id='word_1_740' title='bbox 2608 3553 2678 3608; x_wconf 91' lang='lat' dir='ltr'><strong>de</strong></span> <span class='ocrx_word' id='word_1_741' title='bbox 2719 3551 2906 3608; x_wconf 87' lang='lat' dir='ltr'><strong>salute</strong></span> <span class='ocrx_word' id='word_1_742' title='bbox 2955 3552 3277 3608; x_wconf 88' lang='lat' dir='ltr'><strong>communi.</strong></span> <span class='ocrx_word' id='word_1_743' title='bbox 3339 3553 3508 3608; x_wconf 71' lang='lat' dir='ltr'><strong>Tene</strong></span> <span class='ocrx_word' id='word_1_744' title='bbox 3565 3550 3712 3608; x_wconf 88' lang='lat' dir='ltr'><strong>enim</strong></span> <span class='ocrx_word' id='word_1_745' title='bbox 3760 3545 3820 3601; x_wconf 85' lang='lat' dir='ltr'><strong>vi-</strong></span> 
     </span>
    </p>
   </div>
   <div class='ocr_carea' id='block_1_95' title="bbox 2197 3634 3816 3715">
    <p class='ocr_par' dir='ltr' id='par_1_95' title="bbox 2197 3634 3816 3715">
     <span class='ocr_line' id='line_1_95' title="bbox 2197 3634 3816 3715; baseline -0.004 -19"><span class='ocrx_word' id='word_1_746' title='bbox 2197 3643 2422 3698; x_wconf 87' lang='lat' dir='ltr'><strong>debunt</strong></span> <span class='ocrx_word' id='word_1_747' title='bbox 2451 3641 2619 3696; x_wconf 88' lang='lat' dir='ltr'><strong>illum</strong></span> <span class='ocrx_word' id='word_1_748' title='bbox 2655 3641 2746 3696; x_wconf 87' lang='lat' dir='ltr'><strong>«in</strong></span> <span class='ocrx_word' id='word_1_749' title='bbox 2780 3657 2952 3713; x_wconf 89' lang='lat' dir='ltr'><strong>quem</strong></span> <span class='ocrx_word' id='word_1_750' title='bbox 2985 3641 3320 3698; x_wconf 75' lang='lat' dir='ltr'><strong>desiderant</strong></span> <span class='ocrx_word' id='word_1_751' title='bbox 3378 3640 3574 3715; x_wconf 78' lang='lat' dir='ltr'><strong>angeli</strong></span> <span class='ocrx_word' id='word_1_752' title='bbox 3622 3634 3816 3708; x_wconf 78' lang='lat' dir='ltr'><strong>conspi-</strong></span> 
     </span>
    </p>
   </div>
   <div class='ocr_carea' id='block_1_96' title="bbox 2199 3723 3817 3804">
    <p class='ocr_par' dir='ltr' id='par_1_96' title="bbox 2199 3723 3817 3804">
     <span class='ocr_line' id='line_1_96' title="bbox 2199 3723 3817 3804; baseline -0.005 -17"><span class='ocrx_word' id='word_1_753' title='bbox 2199 3746 2325 3787; x_wconf 90' lang='lat' dir='ltr'><strong>cere</strong></span> <span class='ocrx_word' id='word_1_754' title='bbox 2357 3731 2402 3802; x_wconf 88' lang='lat' dir='ltr'><strong>(I</strong></span> <span class='ocrx_word' id='word_1_755' title='bbox 2430 3735 2576 3786; x_wconf 82' lang='lat' dir='ltr'><strong>Petr.</strong></span> <span class='ocrx_word' id='word_1_756' title='bbox 2611 3730 2686 3802; x_wconf 80' lang='lat'><strong>1;)</strong></span> <span class='ocrx_word' id='word_1_757' title='bbox 2721 3753 2748 3780; x_wconf 87' lang='grc'>››</span> <span class='ocrx_word' id='word_1_758' title='bbox 2782 3734 2838 3786; x_wconf 90' lang='lat' dir='ltr'><strong>et</strong></span> <span class='ocrx_word' id='word_1_759' title='bbox 2867 3731 2940 3786; x_wconf 90' lang='lat' dir='ltr'><strong>de</strong></span> <span class='ocrx_word' id='word_1_760' title='bbox 2969 3729 3140 3786; x_wconf 90' lang='lat' dir='ltr'><strong>bonis</strong></span> <span class='ocrx_word' id='word_1_761' title='bbox 3173 3729 3546 3804; x_wconf 77' lang='lat' dir='ltr'><strong>singulorum</strong></span> <span class='ocrx_word' id='word_1_762' title='bbox 3589 3723 3817 3785; x_wconf 71' lang='lat' dir='ltr'><strong>cauimu-</strong></span> 
     </span>
    </p>
   </div>
   <div class='ocr_carea' id='block_1_97' title="bbox 2197 3815 3817 3893">
    <p class='ocr_par' dir='ltr' id='par_1_97' title="bbox 2197 3815 3817 3893">
     <span class='ocr_line' id='line_1_97' title="bbox 2197 3815 3817 3893; baseline -0.002 -19"><span class='ocrx_word' id='word_1_763' title='bbox 2197 3819 2350 3874; x_wconf 90' lang='lat' dir='ltr'><strong>niter</strong></span> <span class='ocrx_word' id='word_1_764' title='bbox 2375 3818 2502 3874; x_wconf 90' lang='lat' dir='ltr'><strong>sine</strong></span> <span class='ocrx_word' id='word_1_765' title='bbox 2531 3817 2750 3874; x_wconf 87' lang='lat' dir='ltr'><strong>invidia</strong></span> <span class='ocrx_word' id='word_1_766' title='bbox 2798 3819 3157 3892; x_wconf 88' lang='lat' dir='ltr'><strong>gaudebunt.</strong></span> <span class='ocrx_word' id='word_1_767' title='bbox 3212 3818 3595 3893; x_wconf 84' lang='lat' dir='ltr'><strong>Singulorum</strong></span> <span class='ocrx_word' id='word_1_768' title='bbox 3638 3815 3817 3888; x_wconf 83' lang='lat' dir='ltr'><strong>quippe</strong></span> 
     </span>
    </p>
   </div>
   <div class='ocr_carea' id='block_1_98' title="bbox 2197 3903 3818 3970">
    <p class='ocr_par' dir='ltr' id='par_1_98' title="bbox 2197 3903 3818 3970">
     <span class='ocr_line' id='line_1_98' title="bbox 2197 3903 3818 3970; baseline -0.006 -6"><span class='ocrx_word' id='word_1_769' title='bbox 2197 3909 2350 3964; x_wconf 89' lang='lat' dir='ltr'><strong>bona</strong></span> <span class='ocrx_word' id='word_1_770' title='bbox 2380 3907 2552 3963; x_wconf 80' lang='lat' dir='ltr'><strong>faciet</strong></span> <span class='ocrx_word' id='word_1_771' title='bbox 2583 3907 2920 3963; x_wconf 88' lang='lat' dir='ltr'><strong>communia</strong></span> <span class='ocrx_word' id='word_1_772' title='bbox 2947 3907 3218 3964; x_wconf 83' lang='lat' dir='ltr'><strong>voluntas</strong></span> <span class='ocrx_word' id='word_1_773' title='bbox 3245 3911 3302 3963; x_wconf 88' lang='lat' dir='ltr'><strong>et</strong></span> <span class='ocrx_word' id='word_1_774' title='bbox 3331 3906 3592 3964; x_wconf 75' lang='lat' dir='ltr'><strong>ohe-ritas</strong></span> <span class='ocrx_word' id='word_1_775' title='bbox 3629 3913 3750 3970; x_wconf 79' lang='lat' dir='ltr'><strong>una,</strong></span> <span class='ocrx_word' id='word_1_776' title='bbox 3775 3903 3818 3955; x_wconf 83' lang='lat' dir='ltr'><strong>et</strong></span> 
     </span>
    </p>
   </div>
   <div class='ocr_carea' id='block_1_99' title="bbox 2196 3993 3917 4070">
    <p class='ocr_par' dir='ltr' id='par_1_99' title="bbox 2196 3993 3917 4070">
     <span class='ocr_line' id='line_1_99' title="bbox 2196 3993 3917 4070; baseline -0.006 -18"><span class='ocrx_word' id='word_1_777' title='bbox 2196 3997 2278 4052; x_wconf 91' lang='lat' dir='ltr'><strong>ita</strong></span> <span class='ocrx_word' id='word_1_778' title='bbox 2307 3997 2365 4052; x_wconf 89' lang='lat' dir='ltr'><strong>in</strong></span> <span class='ocrx_word' id='word_1_779' title='bbox 2399 3995 2618 4068; x_wconf 88' lang='lat' dir='ltr'><strong>dispari</strong></span> <span class='ocrx_word' id='word_1_780' title='bbox 2649 3995 2913 4052; x_wconf 83' lang='lat' dir='ltr'><strong>claritate</strong></span> <span class='ocrx_word' id='word_1_781' title='bbox 2935 4013 3040 4070; x_wconf 90' lang='lat' dir='ltr'><strong>par</strong></span> <span class='ocrx_word' id='word_1_782' title='bbox 3069 3996 3180 4053; x_wconf 88' lang='lat' dir='ltr'><strong>erit</strong></span> <span class='ocrx_word' id='word_1_783' title='bbox 3209 3995 3516 4070; x_wconf 87' lang='lat' dir='ltr'><strong>gaudium.</strong></span> <span class='ocrx_word' id='word_1_784' title='bbox 3550 3993 3817 4052; x_wconf 85' lang='lat' dir='ltr'><strong>Decimum</strong></span> <span class='ocrx_word' id='word_1_785' title='bbox 3915 4021 3917 4070; x_wconf 43' lang='grc' dir='ltr'>ς</span> 
     </span>
    </p>
   </div>
   <div class='ocr_carea' id='block_1_100' title="bbox 2196 4081 3818 4158">
    <p class='ocr_par' dir='ltr' id='par_1_100' title="bbox 2196 4081 3818 4158">
     <span class='ocr_line' id='line_1_100' title="bbox 2196 4081 3818 4158; baseline -0.005 -16"><span class='ocrx_word' id='word_1_786' title='bbox 2196 4090 2284 4142; x_wconf 85' lang='lat' dir='ltr'><strong>est</strong></span> <span class='ocrx_word' id='word_1_787' title='bbox 2315 4085 2502 4141; x_wconf 92' lang='lat' dir='ltr'><strong>honor</strong></span> <span class='ocrx_word' id='word_1_788' title='bbox 2526 4088 2798 4152; x_wconf 71' lang='lat' dir='ltr'><strong>aeternus,</strong></span> <span class='ocrx_word' id='word_1_789' title='bbox 2841 4085 2912 4141; x_wconf 91' lang='lat' dir='ltr'><strong>de</strong></span> <span class='ocrx_word' id='word_1_790' title='bbox 2969 4102 3083 4158; x_wconf 83' lang='lat' dir='ltr'><strong>quo</strong></span> <span class='ocrx_word' id='word_1_791' title='bbox 3138 4085 3459 4141; x_wconf 84' lang='lat' dir='ltr'><strong>subditur:</strong></span> <span class='ocrx_word' id='word_1_792' title='bbox 3518 4087 3583 4140; x_wconf 85' lang='lat' dir='ltr'><strong>Et</strong></span> <span class='ocrx_word' id='word_1_793' title='bbox 3633 4081 3818 4138; x_wconf 76' lang='lat' dir='ltr'><strong>nomine</strong></span> 
     </span>
    </p>
   </div>
   <div class='ocr_carea' id='block_1_101' title="bbox 2193 4171 3818 4246">
    <p class='ocr_par' dir='ltr' id='par_1_101' title="bbox 2193 4171 3818 4246">
     <span class='ocr_line' id='line_1_101' title="bbox 2193 4171 3818 4246; baseline -0.007 -14"><span class='ocrx_word' id='word_1_794' title='bbox 2193 4183 2398 4232; x_wconf 69' lang='lat' dir='ltr'><strong>aeterno</strong></span> <span class='ocrx_word' id='word_1_795' title='bbox 2418 4174 2765 4231; x_wconf 70' lang='lat' dir='ltr'><strong>has&#39;rcditabit</strong></span> <span class='ocrx_word' id='word_1_796' title='bbox 2787 4173 3352 4242; x_wconf 80' lang='lat' dir='ltr'><strong>illum.Quis,fratres</strong></span> <span class='ocrx_word' id='word_1_797' title='bbox 3373 4173 3648 4246; x_wconf 77' lang='lat' dir='ltr'><strong>mei,quis</strong></span> <span class='ocrx_word' id='word_1_798' title='bbox 3666 4171 3818 4226; x_wconf 82' lang='lat' dir='ltr'><strong>honor</strong></span> 
     </span>
    </p>
   </div>
   <div class='ocr_carea' id='block_1_102' title="bbox 2195 4253 3818 4335">
    <p class='ocr_par' dir='ltr' id='par_1_102' title="bbox 2195 4253 3818 4335">
     <span class='ocr_line' id='line_1_102' title="bbox 2195 4253 3818 4335; baseline -0.006 -16"><span class='ocrx_word' id='word_1_799' title='bbox 2195 4265 2386 4334; x_wconf 89' lang='lat' dir='ltr'><strong>major</strong></span> <span class='ocrx_word' id='word_1_800' title='bbox 2415 4266 2603 4335; x_wconf 85' lang='lat' dir='ltr'><strong>potest</strong></span> <span class='ocrx_word' id='word_1_801' title='bbox 2633 4277 2760 4318; x_wconf 90' lang='lat' dir='ltr'><strong>esse</strong></span> <span class='ocrx_word' id='word_1_802' title='bbox 2787 4279 2965 4334; x_wconf 87' lang='lat' dir='ltr'><strong>quam</strong></span> <span class='ocrx_word' id='word_1_803' title='bbox 2989 4277 3124 4319; x_wconf 88' lang='lat' dir='ltr'><strong>cum</strong></span> <span class='ocrx_word' id='word_1_804' title='bbox 3145 4267 3300 4319; x_wconf 88' lang='lat' dir='ltr'><strong>Deus</strong></span> <span class='ocrx_word' id='word_1_805' title='bbox 3321 4263 3554 4319; x_wconf 78' lang='lat' dir='ltr'><strong>vocabit</strong></span> <span class='ocrx_word' id='word_1_806' title='bbox 3573 4253 3818 4318; x_wconf 85' lang='lat' dir='ltr'><strong>etc-cnsti-</strong></span> 
     </span>
    </p>
   </div>
   <div class='ocr_carea' id='block_1_103' title="bbox 2195 4343 3817 4424">
    <p class='ocr_par' dir='ltr' id='par_1_103' title="bbox 2195 4343 3817 4424">
     <span class='ocr_line' id='line_1_103' title="bbox 2195 4343 3817 4424; baseline -0.002 -16"><span class='ocrx_word' id='word_1_807' title='bbox 2195 4357 2320 4408; x_wconf 88' lang='lat' dir='ltr'><strong>tuet</strong></span> <span class='ocrx_word' id='word_1_808' title='bbox 2350 4355 2583 4407; x_wconf 86' lang='lat' dir='ltr'><strong>sanctos</strong></span> <span class='ocrx_word' id='word_1_809' title='bbox 2613 4351 2764 4407; x_wconf 84' lang='lat' dir='ltr'><strong>filios</strong></span> <span class='ocrx_word' id='word_1_810' title='bbox 2787 4351 2911 4419; x_wconf 90' lang='lat' dir='ltr'><strong>Dei,</strong></span> <span class='ocrx_word' id='word_1_811' title='bbox 2935 4375 2962 4402; x_wconf 89' lang='lat'>«</span> <span class='ocrx_word' id='word_1_812' title='bbox 2989 4351 3246 4408; x_wconf 64' lang='lat' dir='ltr'><strong>heredes</strong></span> <span class='ocrx_word' id='word_1_813' title='bbox 3263 4351 3508 4424; x_wconf 79' lang='lat' dir='ltr'><strong>quidem</strong></span> <span class='ocrx_word' id='word_1_814' title='bbox 3529 4349 3644 4418; x_wconf 72' lang='lat' dir='ltr'><strong>Dei”,</strong></span> <span class='ocrx_word' id='word_1_815' title='bbox 3668 4343 3817 4404; x_wconf 61' lang='lat' dir='ltr'><strong>coha-</strong></span> 
     </span>
    </p>
   </div>
   <div class='ocr_carea' id='block_1_104' title="bbox 2195 4431 3814 4514">
    <p class='ocr_par' dir='ltr' id='par_1_104' title="bbox 2195 4431 3814 4514">
     <span class='ocr_line' id='line_1_104' title="bbox 2195 4431 3814 4514; baseline -0.007 -18"><span class='ocrx_word' id='word_1_816' title='bbox 2195 4442 2363 4497; x_wconf 88' lang='lat' dir='ltr'><strong>redes</strong></span> <span class='ocrx_word' id='word_1_817' title='bbox 2397 4445 2593 4496; x_wconf 87' lang='lat' dir='ltr'><strong>autem</strong></span> <span class='ocrx_word' id='word_1_818' title='bbox 2626 4439 2840 4496; x_wconf 85' lang='lat' dir='ltr'><strong>Christi</strong></span> <span class='ocrx_word' id='word_1_819' title='bbox 2871 4441 3046 4511; x_wconf 84' lang='lat' dir='ltr'><strong>(Rom.</strong></span> <span class='ocrx_word' id='word_1_820' title='bbox 3075 4458 3166 4497; x_wconf 88' lang='lat' dir='ltr'><strong>vm</strong></span> <span class='ocrx_word' id='word_1_821' title='bbox 3192 4443 3232 4510; x_wconf 86' lang='lat'><strong>;)</strong></span> <span class='ocrx_word' id='word_1_822' title='bbox 3257 4463 3284 4490; x_wconf 75' lang='grc'><strong>››</strong></span> <span class='ocrx_word' id='word_1_823' title='bbox 3328 4455 3510 4514; x_wconf 86' lang='lat' dir='ltr'><strong>quam</strong></span> <span class='ocrx_word' id='word_1_824' title='bbox 3539 4453 3668 4496; x_wconf 83' lang='lat' dir='ltr'><strong>cum</strong></span> <span class='ocrx_word' id='word_1_825' title='bbox 3687 4431 3814 4491; x_wconf 73' lang='lat' dir='ltr'><strong>illini</strong></span> 
     </span>
    </p>
   </div>
   <div class='ocr_carea' id='block_1_105' title="bbox 2197 4517 3811 4603">
    <p class='ocr_par' dir='ltr' id='par_1_105' title="bbox 2197 4517 3811 4603">
     <span class='ocr_line' id='line_1_105' title="bbox 2197 4517 3811 4603; baseline -0.006 -19"><span class='ocrx_word' id='word_1_826' title='bbox 2197 4527 2504 4603; x_wconf 87' lang='lat' dir='ltr'><strong>adoptivus</strong></span> <span class='ocrx_word' id='word_1_827' title='bbox 2534 4527 2644 4584; x_wconf 90' lang='lat' dir='ltr'><strong>erit</strong></span> <span class='ocrx_word' id='word_1_828' title='bbox 2673 4531 2730 4584; x_wconf 88' lang='lat' dir='ltr'><strong>et</strong></span> <span class='ocrx_word' id='word_1_829' title='bbox 2760 4527 3000 4586; x_wconf 87' lang='lat' dir='ltr'><strong>nomine</strong></span> <span class='ocrx_word' id='word_1_830' title='bbox 3029 4533 3086 4586; x_wconf 88' lang='lat' dir='ltr'><strong>et</strong></span> <span class='ocrx_word' id='word_1_831' title='bbox 3140 4529 3359 4587; x_wconf 88' lang='lat' dir='ltr'><strong>honore</strong></span> <span class='ocrx_word' id='word_1_832' title='bbox 3388 4534 3448 4587; x_wconf 85' lang='lat' dir='ltr'><strong>et</strong></span> <span class='ocrx_word' id='word_1_833' title='bbox 3475 4517 3811 4601; x_wconf 65' lang='lat' dir='ltr'><strong>hereditate,</strong></span> 
     </span>
    </p>
   </div>
   <div class='ocr_carea' id='block_1_106' title="bbox 2199 4613 3812 4691">
    <p class='ocr_par' dir='ltr' id='par_1_106' title="bbox 2199 4613 3812 4691">
     <span class='ocr_line' id='line_1_106' title="bbox 2199 4613 3812 4691; baseline -0.006 -17"><span class='ocrx_word' id='word_1_834' title='bbox 2199 4619 2296 4675; x_wconf 90' lang='lat' dir='ltr'><strong>ubi</strong></span> <span class='ocrx_word' id='word_1_835' title='bbox 2330 4623 2420 4674; x_wconf 90' lang='lat' dir='ltr'><strong>est</strong></span> <span class='ocrx_word' id='word_1_836' title='bbox 2451 4615 2736 4673; x_wconf 86' lang='lat' dir='ltr'><strong>naturalis</strong></span> <span class='ocrx_word' id='word_1_837' title='bbox 2765 4622 2824 4673; x_wconf 88' lang='lat' dir='ltr'><strong>et</strong></span> <span class='ocrx_word' id='word_1_838' title='bbox 2871 4619 3211 4691; x_wconf 86' lang='lat' dir='ltr'><strong>unigenitus</strong></span> <span class='ocrx_word' id='word_1_839' title='bbox 3263 4619 3357 4675; x_wconf 85' lang='lat' dir='ltr'><strong>Dei</strong></span> <span class='ocrx_word' id='word_1_840' title='bbox 3407 4618 3610 4675; x_wconf 84' lang='lat' dir='ltr'><strong>Filius.</strong></span> <span class='ocrx_word' id='word_1_841' title='bbox 3655 4613 3812 4674; x_wconf 86' lang='lat' dir='ltr'><strong>Nunc,</strong></span> 
     </span>
    </p>
   </div>
   <div class='ocr_carea' id='block_1_107' title="bbox 2197 4699 3814 4780">
    <p class='ocr_par' dir='ltr' id='par_1_107' title="bbox 2197 4699 3814 4780">
     <span class='ocr_line' id='line_1_107' title="bbox 2197 4699 3814 4780; baseline -0.006 -17"><span class='ocrx_word' id='word_1_842' title='bbox 2197 4709 2406 4764; x_wconf 86' lang='lat' dir='ltr'><strong>fratres</strong></span> <span class='ocrx_word' id='word_1_843' title='bbox 2437 4705 2790 4773; x_wconf 85' lang='lat' dir='ltr'><strong>charissimi,</strong></span> <span class='ocrx_word' id='word_1_844' title='bbox 2822 4706 3128 4764; x_wconf 90' lang='lat' dir='ltr'><strong>videamus</strong></span> <span class='ocrx_word' id='word_1_845' title='bbox 3158 4707 3454 4780; x_wconf 88' lang='lat' dir='ltr'><strong>quomodo</strong></span> <span class='ocrx_word' id='word_1_846' title='bbox 3505 4703 3694 4763; x_wconf 79' lang='lat' dir='ltr'><strong>omnia</strong></span> <span class='ocrx_word' id='word_1_847' title='bbox 3723 4699 3814 4755; x_wconf 68' lang='lat' dir='ltr'><strong>ist!</strong></span> 
     </span>
    </p>
   </div>
   <div class='ocr_carea' id='block_1_108' title="bbox 2197 4788 3814 4871">
    <p class='ocr_par' dir='ltr' id='par_1_108' title="bbox 2197 4788 3814 4871">
     <span class='ocr_line' id='line_1_108' title="bbox 2197 4788 3814 4871; baseline -0.004 -20"><span class='ocrx_word' id='word_1_848' title='bbox 2197 4795 2437 4870; x_wconf 86' lang='lat' dir='ltr'><strong>impleta</strong></span> <span class='ocrx_word' id='word_1_849' title='bbox 2467 4805 2609 4851; x_wconf 90' lang='lat' dir='ltr'><strong>sunt</strong></span> <span class='ocrx_word' id='word_1_850' title='bbox 2661 4795 2722 4850; x_wconf 91' lang='lat' dir='ltr'><strong>in</strong></span> <span class='ocrx_word' id='word_1_851' title='bbox 2767 4796 2919 4852; x_wconf 89' lang='lat' dir='ltr'><strong>bono</strong></span> <span class='ocrx_word' id='word_1_852' title='bbox 2973 4797 3197 4853; x_wconf 87' lang='lat' dir='ltr'><strong>Joanne</strong></span> <span class='ocrx_word' id='word_1_853' title='bbox 3245 4795 3619 4871; x_wconf 86' lang='lat' dir='ltr'><strong>evangelista,</strong></span> <span class='ocrx_word' id='word_1_854' title='bbox 3674 4788 3814 4859; x_wconf 81' lang='lat' dir='ltr'><strong>cujus</strong></span> 
     </span>
    </p>
   </div>
   <div class='ocr_carea' id='block_1_109' title="bbox 2195 4873 3917 4959">
    <p class='ocr_par' dir='ltr' id='par_1_109' title="bbox 2195 4873 3917 4959">
     <span class='ocr_line' id='line_1_109' title="bbox 2195 4873 3917 4959; baseline -0.006 -19"><span class='ocrx_word' id='word_1_855' title='bbox 2195 4884 2368 4941; x_wconf 89' lang='lat' dir='ltr'><strong>hodie</strong></span> <span class='ocrx_word' id='word_1_856' title='bbox 2398 4883 2830 4940; x_wconf 87' lang='lat' dir='ltr'><strong>solemnitatem</strong></span> <span class='ocrx_word' id='word_1_857' title='bbox 2852 4883 3238 4942; x_wconf 89' lang='lat' dir='ltr'><strong>celebramus.</strong></span> <span class='ocrx_word' id='word_1_858' title='bbox 3259 4885 3390 4958; x_wconf 89' lang='lat' dir='ltr'><strong>Ipse</strong></span> <span class='ocrx_word' id='word_1_859' title='bbox 3411 4884 3626 4959; x_wconf 87' lang='lat' dir='ltr'><strong>quippe</strong></span> <span class='ocrx_word' id='word_1_860' title='bbox 3647 4873 3814 4936; x_wconf 80' lang='lat' dir='ltr'><strong>timuit</strong></span> <span class='ocrx_word' id='word_1_861' title='bbox 3916 4897 3917 4959; x_wconf 14' lang='grc' dir='ltr'><strong>ί</strong></span> 
     </span>
    </p>
   </div>
   <div class='ocr_carea' id='block_1_110' title="bbox 2197 4966 3814 5060">
    <p class='ocr_par' dir='ltr' id='par_1_110' title="bbox 2197 4966 3814 5060">
     <span class='ocr_line' id='line_1_110' title="bbox 2197 4966 3814 5060; baseline -0.004 -31"><span class='ocrx_word' id='word_1_862' title='bbox 2197 4975 2536 5040; x_wconf 84' lang='lat' dir='ltr'><strong>Dominum,</strong></span> <span class='ocrx_word' id='word_1_863' title='bbox 2568 4990 2702 5029; x_wconf 90' lang='lat' dir='ltr'><strong>cum</strong></span> <span class='ocrx_word' id='word_1_864' title='bbox 2731 4973 2940 5060; x_wconf 84' lang='lat' dir='ltr'><strong>vitaret</strong></span> <span class='ocrx_word' id='word_1_865' title='bbox 2969 4975 3147 5042; x_wconf 88' lang='lat' dir='ltr'><strong>mala,</strong></span> <span class='ocrx_word' id='word_1_866' title='bbox 3181 4980 3236 5031; x_wconf 90' lang='lat' dir='ltr'><strong>et</strong></span> <span class='ocrx_word' id='word_1_867' title='bbox 3267 4976 3480 5031; x_wconf 87' lang='lat' dir='ltr'><strong>taceret</strong></span> <span class='ocrx_word' id='word_1_868' title='bbox 3506 4974 3671 5060; x_wconf 69' lang='lat' dir='ltr'><strong>bona.</strong></span> <span class='ocrx_word' id='word_1_869' title='bbox 3709 4966 3814 5038; x_wconf 63' lang='lat' dir='ltr'><strong>Ipse</strong></span> 
     </span>
    </p>
   </div>
   <div class='ocr_carea' id='block_1_111' title="bbox 2197 5056 3813 5134">
    <p class='ocr_par' dir='ltr' id='par_1_111' title="bbox 2197 5056 3813 5134">
     <span class='ocr_line' id='line_1_111' title="bbox 2197 5056 3813 5134; baseline -0.007 -16"><span class='ocrx_word' id='word_1_870' title='bbox 2197 5063 2306 5118; x_wconf 91' lang='lat' dir='ltr'><strong>fuit</strong></span> <span class='ocrx_word' id='word_1_871' title='bbox 2334 5062 2639 5119; x_wconf 88' lang='lat' dir='ltr'><strong>continens</strong></span> <span class='ocrx_word' id='word_1_872' title='bbox 2681 5056 2946 5134; x_wconf 67' lang='lat' dir='ltr'><strong>justitiés,</strong></span> <span class='ocrx_word' id='word_1_873' title='bbox 3004 5063 3281 5120; x_wconf 88' lang='lat' dir='ltr'><strong>exhibens</strong></span> <span class='ocrx_word' id='word_1_874' title='bbox 3340 5069 3452 5119; x_wconf 88' lang='lat' dir='ltr'><strong>Deo</strong></span> <span class='ocrx_word' id='word_1_875' title='bbox 3511 5056 3813 5132; x_wconf 79' lang='lat' dir='ltr'><strong>religionem</strong></span> 
     </span>
    </p>
   </div>
   <div class='ocr_carea' id='block_1_112' title="bbox 2191 5149 3810 5224">
    <p class='ocr_par' dir='ltr' id='par_1_112' title="bbox 2191 5149 3810 5224">
     <span class='ocr_line' id='line_1_112' title="bbox 2191 5149 3810 5224; baseline -0.007 -18"><span class='ocrx_word' id='word_1_876' title='bbox 2191 5152 2304 5208; x_wconf 90' lang='lat' dir='ltr'><strong>sibi</strong></span> <span class='ocrx_word' id='word_1_877' title='bbox 2336 5157 2456 5208; x_wconf 88' lang='lat' dir='ltr'><strong>tam</strong></span> <span class='ocrx_word' id='word_1_878' title='bbox 2489 5151 2748 5224; x_wconf 89' lang='lat' dir='ltr'><strong>corporis</strong></span> <span class='ocrx_word' id='word_1_879' title='bbox 2778 5163 2956 5224; x_wconf 85' lang='lat' dir='ltr'><strong>quam</strong></span> <span class='ocrx_word' id='word_1_880' title='bbox 2989 5153 3197 5209; x_wconf 85' lang='lat' dir='ltr'><strong>animae</strong></span> <span class='ocrx_word' id='word_1_881' title='bbox 3229 5149 3601 5218; x_wconf 80' lang='lat' dir='ltr'><strong>munditiam,</strong></span> <span class='ocrx_word' id='word_1_882' title='bbox 3636 5151 3810 5220; x_wconf 81' lang='lat' dir='ltr'><strong>paren-</strong></span> 
     </span>
    </p>
   </div>
   <div class='ocr_carea' id='block_1_113' title="bbox 2191 5237 3917 5310">
    <p class='ocr_par' dir='ltr' id='par_1_113' title="bbox 2191 5237 3917 5310">
     <span class='ocr_line' id='line_1_113' title="bbox 2191 5237 3917 5310; baseline -0.006 -14"><span class='ocrx_word' id='word_1_883' title='bbox 2191 5241 2356 5298; x_wconf 91' lang='lat' dir='ltr'><strong>tibus</strong></span> <span class='ocrx_word' id='word_1_884' title='bbox 2375 5239 2847 5307; x_wconf 87' lang='lat' dir='ltr'><strong>honorem,fratri</strong></span> <span class='ocrx_word' id='word_1_885' title='bbox 2873 5239 3317 5310; x_wconf 85' lang='lat' dir='ltr'><strong>charitatem,de</strong></span> <span class='ocrx_word' id='word_1_886' title='bbox 3337 5239 3534 5297; x_wconf 85' lang='lat' dir='ltr'><strong>labore</strong></span> <span class='ocrx_word' id='word_1_887' title='bbox 3561 5237 3808 5294; x_wconf 85' lang='lat' dir='ltr'><strong>manuum</strong></span> <span class='ocrx_word' id='word_1_888' title='bbox 3916 5289 3917 5308; x_wconf 17' lang='grc' dir='ltr'>χ</span> 
     </span>
    </p>
   </div>
   <div class='ocr_carea' id='block_1_114' title="bbox 2205 5318 3806 5403">
    <p class='ocr_par' dir='ltr' id='par_1_114' title="bbox 2205 5318 3806 5403">
     <span class='ocr_line' id='line_1_114' title="bbox 2205 5318 3806 5403; baseline -0.003 -17"><span class='ocrx_word' id='word_1_889' title='bbox 2205 5346 2339 5386; x_wconf 90' lang='lat' dir='ltr'><strong>cum</strong></span> <span class='ocrx_word' id='word_1_890' title='bbox 2371 5333 2533 5403; x_wconf 87' lang='lat' dir='ltr'><strong>patre</strong></span> <span class='ocrx_word' id='word_1_891' title='bbox 2564 5335 2621 5386; x_wconf 92' lang='lat' dir='ltr'><strong>et</strong></span> <span class='ocrx_word' id='word_1_892' title='bbox 2678 5329 2856 5386; x_wconf 86' lang='lat' dir='ltr'><strong>fratre</strong></span> <span class='ocrx_word' id='word_1_893' title='bbox 2908 5330 3128 5399; x_wconf 87' lang='lat' dir='ltr'><strong>vivens,</strong></span> <span class='ocrx_word' id='word_1_894' title='bbox 3189 5330 3326 5387; x_wconf 90' lang='lat' dir='ltr'><strong>huic</strong></span> <span class='ocrx_word' id='word_1_895' title='bbox 3384 5328 3482 5386; x_wconf 84' lang='lat' dir='ltr'><strong>Dei</strong></span> <span class='ocrx_word' id='word_1_896' title='bbox 3537 5318 3806 5398; x_wconf 59' lang='lat' dir='ltr'><strong>sapientia,</strong></span> 
     </span>
    </p>
   </div>
   <div class='ocr_carea' id='block_1_115' title="bbox 2190 5405 3806 5492">
    <p class='ocr_par' dir='ltr' id='par_1_115' title="bbox 2190 5405 3806 5492">
     <span class='ocr_line' id='line_1_115' title="bbox 2190 5405 3806 5492; baseline 0.001 -17"><span class='ocrx_word' id='word_1_897' title='bbox 2190 5424 2473 5492; x_wconf 86' lang='lat' dir='ltr'><strong>tanquam</strong></span> <span class='ocrx_word' id='word_1_898' title='bbox 2505 5427 2683 5475; x_wconf 84' lang='lat' dir='ltr'><strong>mater</strong></span> <span class='ocrx_word' id='word_1_899' title='bbox 2712 5419 3072 5491; x_wconf 76' lang='lat' dir='ltr'><strong>honoriﬁcam</strong></span> <span class='ocrx_word' id='word_1_900' title='bbox 3123 5413 3352 5477; x_wconf 83' lang='lat' dir='ltr'><strong>obviam</strong></span> <span class='ocrx_word' id='word_1_901' title='bbox 3394 5416 3568 5484; x_wconf 82' lang='lat' dir='ltr'><strong>venit,</strong></span> <span class='ocrx_word' id='word_1_902' title='bbox 3607 5405 3806 5486; x_wconf 65' lang='lat' dir='ltr'><strong>quando</strong></span> 
     </span>
    </p>
   </div>
   <div class='ocr_carea' id='block_1_116' title="bbox 2191 5494 3802 5580">
    <p class='ocr_par' dir='ltr' id='par_1_116' title="bbox 2191 5494 3802 5580">
     <span class='ocr_line' id='line_1_116' title="bbox 2191 5494 3802 5580; baseline -0.004 -15"><span class='ocrx_word' id='word_1_903' title='bbox 2191 5525 2325 5565; x_wconf 89' lang='lat' dir='ltr'><strong>eum</strong></span> <span class='ocrx_word' id='word_1_904' title='bbox 2356 5513 2412 5564; x_wconf 90' lang='lat' dir='ltr'><strong>et</strong></span> <span class='ocrx_word' id='word_1_905' title='bbox 2451 5508 2689 5564; x_wconf 87' lang='lat' dir='ltr'><strong>fratrem</strong></span> <span class='ocrx_word' id='word_1_906' title='bbox 2749 5510 2876 5580; x_wconf 90' lang='lat' dir='ltr'><strong>ejus</strong></span> <span class='ocrx_word' id='word_1_907' title='bbox 2934 5525 2967 5565; x_wconf 87' lang='lat' dir='ltr'><strong>a</strong></span> <span class='ocrx_word' id='word_1_908' title='bbox 3021 5510 3170 5566; x_wconf 87' lang='lat' dir='ltr'><strong>mari</strong></span> <span class='ocrx_word' id='word_1_909' title='bbox 3228 5507 3449 5566; x_wconf 87' lang='lat' dir='ltr'><strong>vocavit</strong></span> <span class='ocrx_word' id='word_1_910' title='bbox 3508 5494 3802 5579; x_wconf 40' lang='lat' dir='ltr'><strong>(Mantua)</strong></span> 
     </span>
    </p>
   </div>
   <div class='ocr_carea' id='block_1_117' title="bbox 2192 5586 3799 5676">
    <p class='ocr_par' dir='ltr' id='par_1_117' title="bbox 2192 5586 3799 5676">
     <span class='ocr_line' id='line_1_117' title="bbox 2192 5586 3799 5676; baseline -0.009 -14"><span class='ocrx_word' id='word_1_911' title='bbox 2192 5599 2358 5662; x_wconf 87' lang='lat' dir='ltr'><strong>Hunc</strong></span> <span class='ocrx_word' id='word_1_912' title='bbox 2379 5595 2583 5658; x_wconf 71' lang='lat' dir='ltr'><strong>ciba-vit</strong></span> <span class='ocrx_word' id='word_1_913' title='bbox 2603 5614 2748 5676; x_wconf 81' lang='lat' dir='ltr'><strong>pane</strong></span> <span class='ocrx_word' id='word_1_914' title='bbox 2769 5600 2891 5658; x_wconf 68' lang='lat' dir='ltr'><strong>vitae</strong></span> <span class='ocrx_word' id='word_1_915' title='bbox 2911 5605 2964 5659; x_wconf 80' lang='lat' dir='ltr'><strong>et</strong></span> <span class='ocrx_word' id='word_1_916' title='bbox 2998 5599 3325 5673; x_wconf 73' lang='lat' dir='ltr'><strong>intellectus,</strong></span> <span class='ocrx_word' id='word_1_917' title='bbox 3357 5605 3406 5656; x_wconf 78' lang='lat' dir='ltr'><strong>et</strong></span> <span class='ocrx_word' id='word_1_918' title='bbox 3451 5609 3598 5673; x_wconf 84' lang='lat' dir='ltr'><strong>aqua</strong></span> <span class='ocrx_word' id='word_1_919' title='bbox 3619 5586 3799 5667; x_wconf 58' lang='grc' dir='ltr'><strong>δανίση-</strong></span> 
     </span>
    </p>
   </div>
  </div>
