4012 6072
197 277 346 338 1321

1322 281 1708 379 ΗΟΜιιΙλΕ.
1743 315 1820 328 -—
1850 284 1896 343 l.
1944 283 2045 343 DE
2090 282 2490 344 TEMPORE.

3453 285 3610 347 4382

199 409 590 467 tzessalutaris
605 413 828 484 potavit,
850 413 1084 484 quando
1101 431 1234 470 eum
1254 431 1432 487 super
1452 420 1654 488 peetus
1676 432 1848 471 suum
1879 418 1932 485 Α
1964 420 2029 470 ut
2074 414 2260 487 possit
2306 415 2494 471 dicere
2546 432 2747 472 secure
2778 433 2910 471 cum
2963 415 3175 472 Paulo:
3222 440 3249 466 ‹‹
3286 417 3613 474 Imitatores

199 498 640 555 recumbentem
689 503 873 569 (Joan.
926 505 1062 570 xxi),
1111 503 1184 558 de
1242 503 1400 559 fonte
1456 504 1704 576 pectoris
1762 505 1851 560 sui

193 587 418 643 scelesti
471 589 738 645 doctrina
767 595 824 645 et
871 591 1161 664 sapientia
1207 591 1429 666 largius
1478 611 1593 666 pra
1630 594 1853 650 ueteris

191 674 526 733 inebriavit.
576 677 743 734 Hunc
775 679 1158 748 confirmavit,
1193 681 1293 752 qui
1344 698 1446 736 nec
1490 681 1848 750 Judaaorum,

191 781 299 820 nec
359 765 670 838 gentilium
730 769 1256 840 persecutiouibus,
1318 787 1422 826 nec
1479 769 1632 826 dolio
1682 771 1850 843 pleno

189 854 466 910 ferventis
496 855 628 922 olei,
655 873 760 912 nec
781 857 981 913 exsilio
1003 876 1036 913 a
1056 859 1297 914 veritate
1320 860 1508 931 potuit
1539 859 1846 916 infirmari.

189 943 356 999 Hunc
401 946 798 1001 continentem
849 947 1061 1016 effecit,
1095 947 1234 1020 quia
1281 948 1339 1003 in
1374 948 1533 1004 nulla
1562 949 1850 1006 desideria

185 1034 384 1089 carnis
416 1034 675 1090 deﬂuxit.
709 1039 878 1091 Hunc
916 1036 1190 1094 exaltavit
1220 1038 1364 1110 apud
1389 1040 1674 1110 proximos
1702 1055 1847 1106 suos,

184 1124 424 1196 quando
473 1140 609 1181 eum
659 1124 718 1180 in
767 1125 1096 1198 apostolum
1153 1127 1508 1183 sublimavit.
1559 1129 1622 1184 In
1673 1127 1847 1184 medio

183 1213 443 1270 Ecclesiae
459 1215 680 1286 aperuit
699 1230 755 1269 os
770 1215 907 1286 ejus,
932 1217 1166 1287 quando
1182 1233 1316 1272 eum
1339 1217 1773 1289 praedicatorem
1792 1221 1848 1272 et

180 1301 600 1376 evangelistam
663 1302 988 1360 constituit.
1061 1305 1226 1360 Hunc
1297 1303 1561 1378 implevit
1634 1307 1845 1377 Spiritu

175 1393 480 1461 sapientia:
506 1399 556 1448 et
577 1393 901 1461 intellectus,
928 1410 1042 1448 non
1067 1393 1256 1449 solum
1281 1393 1339 1448 in
1363 1395 1455 1449 die
1476 1395 1843 1451 Pentecostes

179 1497 319 1537 cum
350 1480 593 1549 ceteris,
623 1482 727 1537 sed
757 1487 816 1538 et
845 1483 1244 1539 abundantius
1274 1483 1495 1539 caeteris
1523 1501 1536 1552 ;
1570 1488 1635 1538 ut
1665 1501 1842 1556 supra

178 1587 419 1627 omnem
459 1569 818 1626 intellectum
878 1571 1249 1645 intelligeret,
1310 1572 1588 1630 scriberet
1617 1576 1675 1628 et
1719 1572 1841 1629 cla-

178 1665 408 1715 maret:
443 1659 557 1714 «In
593 1659 878 1732 principio
910 1664 1034 1716 erat
1055 1660 1332 1728 Verbum,
1368 1665 1425 1716 et
1449 1661 1695 1717 Verbum
1719 1667 1840 1718 erat

175 1749 338 1821 apud
369 1749 575 1817 Deum,
611 1753 666 1803 et
698 1750 850 1805 Deus
882 1755 1006 1804 erat
1036 1749 1287 1806 Verbum
1318 1753 1488 1818 (Joan.
1526 1751 1584 1821 1).
1616 1773 1643 1800 ››
1681 1753 1839 1807 Ilunc

170 1837 372 1893 induit
389 1837 672 1893 Dominus
689 1839 828 1894 stola
842 1839 1057 1908 glorim,
1080 1839 1314 1910 quando
1331 1855 1464 1894 eum
1489 1839 1614 1895 sine
1637 1839 1832 1896 dolore

166 1925 370 1982 carnis
400 1927 471 1982 ad
505 1925 761 1982 ccelestia
782 1927 1104 1983 transtulit.
1138 1928 1539 1984 Jueunditatem
1569 1937 1619 1985 et
1648 1930 1830 1985 exsul-

163 2018 437 2071 tationem
458 2015 874 2072 thesaurizavit
895 2033 1071 2088 super
1091 2034 1248 2085 eum,
1275 2035 1448 2089 quem
1470 2035 1669 2074 secum
1693 2035 1830 2074 con-

160 2105 425 2178 gaude’re
457 2105 594 2161 facit
625 2106 684 2160 in
717 2111 1019 2162 aeternum.
1053 2108 1280 2162 Nomine
1300 2116 1504 2164 αἰαῖ-ληο
1536 2107 1829 2164 hzm'edita-

160 2196 249 2249 bit
300 2193 489 2261 illum,
541 2195 818 2268 quoniam
869 2212 1003 2251 eum
1051 2195 1143 2251 sui
1195 2196 1450 2251 nominis
1497 2201 1551 2251 et
1590 2196 1830 2252 honoris

157 2282 455 2339 haeredem
502 2288 558 2339 et
602 2283 949 2356 participem
1005 2284 1213 2340 ell‘ecit.
1277 2285 1457 2355 Cujus
1515 2286 1741 2341 meritis
1771 2291 1829 2340 et

152 2371 438 2445 precibus
462 2390 568 2428 nos
585 2372 1139 2446 quantuloscunque
1162 2391 1358 2430 servos
1381 2375 1826 2447 comparticipes

155 2459 360 2535 gloriae
393 2478 509 2517 suae
563 2463 740 2518 faciat
768 2463 1053 2519 Dominus
1112 2469 1308 2519 noster
1337 2466 1506 2519 Jesus
1538 2463 1823 2533 Christus,

155 2551 266 2623 qui
300 2567 435 2606 cum
471 2552 659 2618 Patre,
696 2557 805 2607 etc.

963 2641 1035 2697 VI

415 2747 472 2786 IN
504 2747 692 2786 EODEM
725 2747 892 2788 FESTO
924 2748 1113 2787 SERMO
1149 2749 1219 2787 DE
1244 2726 1572 2788 EVANGELIO.

235 2821 392 2876 Dixit
421 2821 578 2876 Jesus
603 2822 761 2876 Petro
786 2840 804 2876 :
854 2821 1088 2894 Sequere
1122 2839 1228 2878 me.
1282 2822 1582 2878 Conversus
1628 2823 1825 2876 Petrus

157 2908 310 2965 vidit
374 2910 541 2964 illum
595 2919 906 2982 sequentem
962 2909 1299 2982 discipulum
1354 2927 1511 2982 quem
1563 2909 1825 2980 diligebat

155 3000 318 3056 Jesus
346 3001 535 3067 (Joan.
567 3002 708 3067 xx1),
738 3003 796 3054 et
827 2998 1068 3071 reliqua.
1109 3001 1262 3054 Hanc
1296 2999 1602 3055 lectionem
1636 2997 1822 3053 sancti

154 3087 482 3161 Evangelii,
518 3088 722 3144 fratres
754 3087 888 3154 mei,
923 3088 1126 3144 scribit
1153 3088 1408 3144 Joannes
1437 3086 1736 3160 apostolus
1766 3091 1824 3143 et

1965 505 2080 560 mei
2127 510 2332 571 estote,
2385 507 2533 560 sicut
2583 509 2639 560 et
2677 522 2782 578 ego
2813 505 3024 561 Christi
3059 507 3102 577 (Ι
3132 506 3249 561 Cor.
3283 523 3340 560 Iv
3368 509 3424 560 et
3450 509 3551 574 x1.)
3584 528 3612 556 ››

1961 594 2120 659 Quod
2175 598 2370 666 aperte
2421 599 2624 650 contra
2673 611 2779 650 nos
2826 594 3231 666 praedicatores
3272 599 3379 661 est,
3413 595 3513 666 qui
3554 595 3614 650 in

1961 683 2216 740 Ecclesia
2245 683 2457 739 Christi
2479 683 2870 739 ministerium
2901 684 3181 756 gerimus,
3216 688 3272 739 et
3303 687 3496 738 tamen
3519 700 3616 740 ve-

1961 772 2135 845 stigia
2167 774 2296 844 ejus
2328 790 2442 828 non
2477 773 2799 845 sequimur.
2825 772 3090 828 Christus
3112 773 3269 828 enim
3293 772 3445 828 viam
3469 789 3613 844 pau-

1959 861 2219 933 pertatis,
2253 861 2625 928 humilitatis,
2676 862 2893 918 laboris
2925 866 2981 916 et
3010 861 3318 934 patientia,
3354 861 3523 918 nobis
3551 861 3611 918 in

1959 949 2067 1006 hoc
2100 953 2318 1007 mundo
2351 951 2788 1007 demonstravit.
2816 953 2889 1006 At
2909 968 3014 1007 nos
3035 955 3272 1006 econtra
3293 950 3386 1006 hic
3417 950 3612 1021 ditari,

1957 1038 2213 1112 gloriari,
2248 1041 2545 1112 quiescere
2575 1045 2632 1095 et
2663 1039 2933 1098 delectari
2965 1040 3388 1096 desideramus.
3423 1039 3607 1107 Unde,

1955 1130 2110 1200 quod
2145 1130 2271 1185 sine
2319 1129 2594 1201 lacrymis
2625 1130 2814 1184 dicere
2851 1146 2966 1184 non
3015 1145 3280 1201 possum,
3323 1127 3610 1202 contingit

1955 1219 2107 1289 quod
2143 1235 2176 1273 a
2207 1217 2421 1274 Christi
2451 1218 2711 1291 vestigiis
2757 1236 2862 1274 nos
2894 1222 3156 1291 pastores
3185 1217 3603 1286 exorbitamus,

1954 1306 2120 1362 nobis
2152 1307 2417 1362 subditos
2449 1307 2754 1363 nobiscum
2785 1306 3106 1363 exorbitare
3135 1307 3403 1377 facimus,
3437 1311 3495 1363 et
3524 1307 3607 1364 ita

1953 1413 2067 1452 non
2099 1395 2289 1452 solum
2313 1397 2626 1454 animabus
2652 1397 2886 1464 nostris,
2922 1397 3020 1452 sed
3053 1399 3110 1452 et
3138 1396 3448 1453 animabus
3469 1395 3606 1454 alio-

1951 1502 2081 1540 rum
2113 1485 2345 1541 ruinam
2398 1486 2624 1541 damus.
2690 1485 2851 1542 Unde
2891 1485 3174 1557 scriptum
3225 1490 3350 1541 est:
3401 1509 3428 1535 «
3461 1486 3603 1542 Pro-

1950 1574 2127 1646 pheta
2173 1574 2420 1646 laqueus
2476 1575 2658 1630 ruinae
2713 1576 2850 1644 (Ose.
2893 1578 2992 1644 xl.)
3024 1598 3050 1625 ι)
3099 1575 3172 1632 At
3217 1591 3343 1642 nos,
3397 1575 3603 1633 fratres

1949 1663 2302 1731 charissimi,
2356 1662 2508 1719 sicut
2558 1663 2824 1720 videmus
2873 1663 3197 1736 periculum
3230 1667 3517 1732 nostrum,
3551 1665 3601 1721 si

1946 1752 2194 1826 vestigia
2225 1753 2441 1809 summi
2475 1753 2728 1824 pastoris
2758 1770 2872 1808 non
2897 1770 3234 1825 sequamur,
3259 1753 3339 1809 ita
3368 1770 3601 1826 quoque

1945 1842 2268 1914 periculum
2301 1846 2556 1897 vestrum
2587 1843 2920 1910 timeamus,
2954 1842 3003 1898 si
3024 1860 3125 1899 vos
3155 1861 3262 1898 nos
3293 1847 3446 1899 recte
3467 1860 3599 1917 gra-

1943 1931 2168 1987 dientes
2201 1931 2366 2002 sequi
2390 1932 2797 1987 contemnatis.
2823 1932 3131 2004 Propterea
3149 1949 3250 1989 vos
3270 1937 3328 1988 et
3353 1949 3458 1988 nos
3476 1934 3597 1990 vias

1941 2024 2174 2076 nostras
2220 2021 2604 2094 corrigamus,
2638 2024 2694 2076 et
2734 2021 2887 2077 viam
2948 2021 3130 2078 nostri
3191 2021 3596 2094 Redemptoris

1940 2109 2104 2180 sequi
2139 2111 2581 2167 contendamus.
2633 2111 2937 2165 Imitemur
2979 2127 3211 2183 quoque
3243 2110 3593 2166 imitatorem

1939 2200 2066 2269 ejus
2103 2199 2355 2266 Petrum,
2390 2199 2488 2270 qui
2524 2199 2840 2268 Christum,
2873 2199 3009 2267 vita,
3045 2200 3310 2255 doctrina
3339 2205 3395 2255 et
3425 2216 3595 2256 cruce

1939 2292 2174 2343 secutus
2205 2292 2310 2342 est.
2348 2287 2408 2342 ln
2442 2287 2659 2359 quibus
2683 2289 2870 2343 tribus
2902 2305 3104 2344 omnes
3127 2288 3457 2360 specialiter
3488 2307 3594 2345 nos

1938 2377 2344 2447 praedicatores
2373 2392 2508 2431 eum
2542 2377 2706 2449 sequi
2738 2382 3026 2445 tenemur,
3063 2382 3128 2433 ut
3153 2377 3421 2433 videlicet
3451 2395 3594 2450 pure
3626 2388 3632 2394 ‘

1935 2465 2219 2529 vivamus,
2278 2469 2430 2520 recte
2474 2467 2808 2533 doceamus,
2843 2471 2900 2522 et
2931 2467 3194 2521 membra
3226 2471 3427 2522 nostra
3457 2483 3591 2522 cum

1935 2553 2090 2608 vitiis
2121 2554 2687 2626 etconcupiscentiis
2711 2556 3144 2628 crucifigamus.
3167 2556 3432 2611 Secundo
3454 2574 3593 2628 quo-

1937 2644 2108 2697 modo
2156 2643 2411 2698 Joannes
2455 2643 2809 2716 evangelista
2839 2644 2910 2698 ab
2941 2644 3049 2699 hac
3078 2644 3194 2698 vita
3233 2644 3592 2717 migraturus

1933 2736 2108 2800 esset,
2143 2732 2537 2804 signiﬁcatum
2561 2736 2649 2788 est
2679 2750 2712 2787 a
2739 2733 3004 2800 Domino,
3029 2750 3161 2787 cum
3186 2732 3350 2789 Petro
3373 2734 3444 2789 de
3463 2735 3592 2806 ejus

1935 2825 2120 2876 morte
2167 2821 2468 2893 quaerenti,
2521 2822 2638 2876 ait:
2675 2821 2767 2877 Sic
2811 2839 2936 2877 eum
2966 2823 3083 2879 volo
3129 2839 3371 2892 manere,
3416 2825 3592 2880 donec

1931 2912 2170 2966 veniam.
2201 2912 2281 2966 Ac
2311 2911 2358 2966 si
2410 2911 2662 2966 diceret:
2697 2911 2788 2966 Sic
2838 2910 3059 2966 diutius
3091 2915 3147 2966 et
3175 2915 3308 2984 post
3339 2915 3585 2968 mortem

1932 2999 2197 3055 omnium
2257 2998 2655 3071 apostolorum
2712 2999 2839 3055 volo
2887 3017 3023 3056 eum
3076 3000 3262 3056 vivere
3291 3000 3350 3056 in
3390 3017 3584 3071 carne,

1933 3089 2116 3144 donec
2146 3104 2250 3160 ego
2283 3105 2414 3143 eum
2467 3088 2720 3156 visitem,
2753 3093 2811 3144 et
2841 3088 3070 3160 placida
3098 3094 3283 3145 morte
3313 3090 3383 3144 ad
3417 3088 3585 3145 coele-

152 3175 541 3249 evangelista,
571 3177 742 3248 cujus
771 3176 943 3232 hodie
971 3177 1400 3233 solemnitatem
1429 3176 1813 3233 celebramus.
1847 3165 1893 3232 C
1933 3177 2041 3234 stia
2097 3194 2231 3232 eum
2290 3177 2660 3232 transferam.
2723 3177 2997 3250 Legimus
3052 3177 3209 3233 enim
3261 3179 3414 3249 quod
3473 3177 3586 3234 iste

155 3265 321 3322 Facit
351 3265 532 3339 igitur
557 3266 669 3322 tria
695 3265 754 3320 in
787 3265 895 3321 hac
926 3265 1188 3322 lectione.
1217 3266 1430 3333 Primo,
1460 3266 1820 3321 demonstrat

153 3355 557 3430 significatum
582 3355 764 3412 fuisse
792 3372 825 3412 a
843 3355 1088 3412 Domino
1103 3359 1417 3429 quantorte
1444 3355 1646 3410 Petrus
1668 3359 1822 3410 esset

149 3443 476 3500 Dominum
490 3442 1213 3502 clariﬁcaturus.Secundo
1229 3443 1518 3516 quomodo
1533 3443 1655 3516 ipse
1668 3446 1822 3499 esset

152 3533 231 3589 ab
254 3531 366 3588 hac
385 3532 503 3588 vita
520 3533 900 3606 migraturus.
926 3534 1140 3600 Tertio,
1164 3550 1471 3606 personam
1495 3549 1663 3588 suam
1687 3547 1820 3587 cum

149 3639 188 3694 q
200 3621 514 3678 uibusdam
529 3622 928 3679 locutionibus
947 3624 1305 3679 manifestat.
1325 3623 1497 3678 Porro
1510 3639 1625 3694 qua
1637 3625 1822 3676 morte

149 3711 584 3768 clarificaturus
643 3713 847 3768 Petrus
880 3717 1034 3768 esset
1083 3713 1420 3780 Dominum,
1474 3709 1822 3785 significavit

154 3799 450 3857 Dominus
473 3818 606 3856 cum
632 3801 954 3858 inlectione
976 3801 1322 3874 praecedenti
1351 3801 1400 3856 ei
1425 3801 1594 3855 dixit:
1623 3823 1649 3850 «
1677 3800 1821 3854 Cum

151 3906 319 3946 esses
323 3889 527 3961 junior
537 3891 586 3946 ci
597 3891 814 3964 ngebas
829 3895 881 3946 te
894 3895 950 3946 et
963 3890 1305 3946 ambulabas
1318 3890 1414 3945 ubi
1427 3889 1823 3957 volebas;cum

161 3982 364 4034 autem
386 3979 673 4047 senueris,
694 3981 972 4036 extendes
990 3997 1202 4034 manus
1221 3984 1373 4046 tuas,
1392 3983 1446 4033 et
1467 3977 1616 4034 alius
1635 3982 1689 4032 te
1711 3977 1827 4032 cin-

153 4071 274 4140 get,
313 4072 370 4124 et
401 4069 576 4124 ducet
609 4087 723 4141 quo
755 4073 817 4124 tu
844 4086 960 4124 non
982 4071 1069 4124 vis
1089 4069 1292 4140 (Ibid)
1327 4068 1444 4122 «Et
1475 4084 1607 4123 cum
1625 4071 1826 4138 postea

156 4158 268 4212 hoc
312 4157 361 4212 ei
415 4158 567 4230 quod
605 4159 778 4213 modo
832 4156 1185 4226 audivimus,
1240 4155 1420 4211 dixit:
1459 4159 1691 4228 Sequere
1718 4172 1820 4214 me.

155 4250 233 4302 Ac
267 4245 318 4302 si
353 4250 551 4318 aperte
579 4247 774 4303 dicat:
811 4247 1048 4303 Imitare
1080 4264 1192 4315 me,
1227 4250 1283 4301 et
1311 4245 1597 4318 praecipue
1629 4244 1684 4299 in
1717 4245 1825 4300 hoc

153 4335 314 4408 quod
348 4337 502 4392 sicut
538 4352 644 4410 ego
680 4341 950 4393 mortuus
983 4353 1113 4392 sum
1147 4352 1250 4407 pro
1284 4339 1360 4403 te,
1395 4335 1476 4389 ita
1503 4338 1566 4388 tu
1594 4351 1825 4406 quoque

157 4424 439 4480 moriaris
467 4441 571 4496 pro
621 4443 735 4482 me.
770 4426 945 4481 Porro
983 4423 1233 4498 principi
1265 4422 1660 4496 apostolorum
1709 4439 1824 4494 pra;

157 4513 385 4569 ceteris
405 4513 623 4570 dicitur
639 4519 702 4569 ut
720 4518 999 4588 sequatur
1016 4513 1354 4580 Dominum,
1375 4511 1673 4585 quoniam,
1689 4529 1822 4568 cum
1849 4538 1900 4602 cf,

159 4619 368 4658 omnes
403 4604 566 4676 sequi
600 4604 857 4660 debeanr
878 4620 1032 4673 eum,
1067 4601 1358 4676 praecipue
1384 4601 1665 4674 primates
1697 4618 1824 4657 san-

157 4696 261 4747 ctae
313 4691 604 4760 Ecclesiae,
662 4693 761 4765 qui
794 4695 925 4766 ejus
970 4693 1155 4749 vicem
1191 4693 1248 4747 in
1299 4691 1559 4747 Ecclesia
1602 4694 1826 4763 tenent.

161 4781 381 4836 Omnes
417 4781 632 4855 quippe
663 4787 938 4838 tenentur
970 4799 1106 4838 eum
1141 4781 1327 4853 sequi.
1353 4780 1515 4836 Unde
1545 4781 1829 4853 scriptum

157 4873 288 4924 est:
346 4893 371 4919 ‹‹
400 4871 505 4936 Qui
553 4871 678 4926 vult
728 4889 862 4927 cum
913 4871 1143 4927 Christo
1201 4887 1456 4936 manere,
1507 4871 1660 4926 sicut
1705 4870 1830 4942 ipse

159 4958 510 5026 ambulavit,
548 4961 718 5016 debet
749 4966 807 5017 et
828 4960 1133 5017 ambulare
1154 4963 1200 5027 (I
1226 4963 1382 5016 Joan.
1418 4963 1500 5028 ιι.)
1532 4984 1558 5010 ››
1595 4960 1704 5015 Sed
1728 4959 1832 5014 mi-

169 5048 421 5105 noribus
453 5050 691 5117 sufficit,
728 5051 776 5106 si
807 5051 958 5106 viam
985 5049 1194 5105 Christi
1229 5067 1261 5103 a
1289 5049 1457 5121 longe
1488 5053 1825 5120 sequantur.

162 5137 434 5194 Praelatis
465 5155 600 5195 vero
629 5138 895 5195 Ecclesiae
927 5149 1160 5206 sanctae,
1194 5155 1309 5193 non
1355 5137 1570 5193 sufﬁcit
1617 5138 1728 5193 nisi
1762 5138 1832 5194 de

159 5243 341 5299 prope
375 5233 432 5282 et
455 5245 725 5301 expresse
777 5228 1073 5284 Christum
1105 5231 1446 5299 sequantur,
1481 5232 1536 5282 et
1579 5228 1707 5298 ejus
1736 5245 1830 5283 ve-

158 5315 356 5388 stigiis
390 5316 741 5374 innitantur.
796 5317 958 5373 Unde
1011 5320 1065 5372 et
1113 5316 1446 5389 specialiter
1474 5316 1557 5371 eis
1609 5315 1829 5372 dictum

163 5411 285 5459 est:
324 5428 350 5455 ‹‹
379 5406 486 5471 Qui
522 5406 668 5462 mihi
693 5407 1010 5474 ministrat,
1035 5423 1128 5461 me
1161 5408 1632 5478 sequatur(Joan.
1658 5409 1783 5475 xu.)
1803 5429 1829 5456 ››

155 5494 236 5549 Ac
268 5493 317 5549 si
351 5495 598 5552 diceret:
627 5496 734 5562 Qui
758 5513 952 5552 meum
978 5495 1370 5551 ministerium
1402 5495 1570 5567 gerit,
1587 5494 1832 5568 vestigia

154 5597 290 5641 mea
323 5590 632 5657 sequatur,
666 5589 730 5641 ut
764 5586 863 5658 qui
897 5603 1029 5642 cum
1064 5584 1348 5660 sequitur,
1396 5600 1490 5641 me
1529 5589 1828 5663 sequatur,

498 5710 771 5794 Parnm“
816 5710 988 5780 CLV.

1928 3267 2182 3322 Joannes
2212 3264 2569 3337 evangelista
2591 3264 2764 3338 longo
2783 3270 3042 3338 tempore
3063 3270 3195 3339 post
3225 3283 3428 3322 omnes
3453 3283 3585 3340 apo-

1929 3355 2112 3410 stolos
2142 3353 2299 3410 vixit.
2333 3354 2402 3408 Et
2429 3371 2562 3410 cum
2594 3359 2748 3410 esset
2791 3371 3076 3410 annorum
3128 3355 3446 3428 nonaginta
3475 3372 3586 3412 no-

1927 3461 2080 3511 vem,
2131 3442 2403 3515 apparuit
2431 3443 2482 3497 ei
2517 3443 2798 3499 Dominus
2837 3443 3008 3498 Jesus
3032 3443 3318 3512 Christus,
3353 3447 3409 3499 et
3439 3443 3586 3499 dixit

1929 3532 2053 3587 illi:
2089 3554 2116 3581 ‹‹
2149 3532 2315 3598 Veni,
2348 3531 2554 3587 dilecte
2586 3531 2686 3600 mi,
2721 3533 2791 3587 ad
2827 3549 2939 3600 me,
2974 3533 3111 3604 quia
3139 3537 3372 3606 tempus
3403 3537 3492 3589 est
3520 3537 3586 3589 ut

1931 3621 2184 3694 epuleris
2229 3637 2454 3676 mecum
2487 3621 2544 3675 in
2604 3621 2863 3676 convivio
2921 3638 3050 3677 meo
3109 3639 3243 3677 cum
3305 3623 3584 3678 fratribus

1933 3711 2098 3767 meis.
2151 3710 2252 3765 Die
2300 3709 2481 3783 igitur
2513 3710 2812 3765 Dominico
2861 3710 2961 3782 qui
3006 3715 3134 3783 post
3172 3711 3433 3784 quinque
3463 3713 3588 3768 dies

1933 3801 2166 3856 futurus
2214 3803 2321 3866 est,
2354 3799 2549 3855 venies
2581 3799 2652 3854 ad
2686 3816 2797 3855 me.
2832 3821 2860 3850 »
2894 3801 2962 3856 Et
2993 3817 3126 3856 cum
3170 3800 3292 3856 haec
3324 3800 3584 3871 dixisset,

1931 3889 2074 3945 ccelo
2133 3892 2402 3960 receptus
2446 3893 2552 3943 est.
2603 3889 2885 3944 Veniente
2914 3888 3095 3962 igitur
3125 3889 3218 3945 die
3267 3890 3586 3960 Dominico,

1931 3979 2088 4058 venit
2143 3979 2348 4034 beatus
2397 3978 2651 4034 Joannes
2689 3978 2762 4033 ad
2819 3977 3153 4046 ecclesiam,
3185 3983 3403 4034 etcum
3450 3979 3592 4035 ibia

1934 4069 2122 4141 primo
2145 4066 2438 4139 pullorum
2472 4071 2645 4122 cantu
2681 4084 2870 4138 usque
2903 4068 2974 4122 ad
3007 4067 3239 4124 tertiam
3273 4069 3474 4124 horam
3507 4067 3594 4124 di-

1932 4157 2068 4213 vina
2115 4156 2393 4229 mysteria
2438 4155 2808 4224 celebrasset,
2846 4161 2902 4211 et
2940 4157 3223 4229 populum
3257 4158 3592 4214 exhortatus

1934 4246 2159 4312 fuisset,
2193 4245 2556 4300 indcfossum
2587 4244 2902 4317 sepulturae
2934 4263 3051 4300 sua:
3083 4246 3276 4302 locum
3302 4247 3464 4303 solus
3494 4248 3591 4303 de-

1934 4335 2180 4401 scendit,
2215 4337 2271 4389 et
2302 4333 2574 4405 spiritum
2606 4334 2720 4389 Deo
2778 4334 3052 4402 reddidit,
3095 4339 3152 4391 et
3183 4339 3301 4392 tam
3335 4354 3368 4392 a
3397 4336 3594 4393 dolore

1937 4424 2142 4479 mortis
2173 4427 2505 4490 extraneas,
2542 4440 2715 4495 quam
2750 4441 2783 4478 a
2812 4423 3002 4480 carnis
3032 4425 3400 4498 corruptione
3431 4426 3594 4482 inve-

1935 4513 2096 4568 nitur
2123 4511 2368 4568 alienus.

2001 4601 2128 4658 Non
2160 4606 2360 4657 autem
2391 4600 2521 4656 ideo
2556 4600 2841 4674 Dominus
2888 4601 3036 4657 dixit
3085 4602 3462 4675 singulariter
3489 4603 3596 4659 Pe-

1938 4695 2062 4746 tro:
2097 4692 2330 4762 Sequere
2359 4706 2462 4760 me,
2499 4691 2666 4761 quasi
2701 4691 2810 4746 iste
2841 4692 3096 4747 Joannes
3129 4709 3244 4747 non
3275 4697 3429 4748 esset
3458 4708 3594 4748 eum

1937 4784 2268 4836 secuturus.
2304 4779 2410 4844 Qui
2445 4779 2602 4833 enim
2653 4779 2843 4854 magis
2873 4785 3182 4837 secuturus
3209 4786 3331 4838 erat
3363 4787 3596 4855 Agnum

1939 4886 2116 4941 quam
2139 4867 2238 4924 ille
2263 4867 2360 4940 qui
2390 4868 2655 4940 sequitur
2684 4885 2818 4924 eum
2840 4886 3186 4942 quocunque
3219 4871 3596 4945 ierit?(Apoc.

1935 4961 2072 5027 xw.)
2105 4959 2218 5014 Sed
2268 4958 2407 5030 quia
2463 4975 2564 5029 per
2621 4958 3072 5014 amaritudinem
3136 4960 3425 5033 passionis
3484 4979 3601 5018 non

1940 5051 2097 5104 esset
2129 5064 2261 5102 eum
2287 5052 2619 5114 securutus,
2654 5047 3090 5104 demonstravit.
3121 5049 3235 5106 Nec
3255 5055 3452 5106 tamen
3474 5051 3602 5109 ideo

1942 5138 2197 5193 Joannes
2247 5154 2280 5191 a
2335 5152 2549 5192 corona
2600 5136 2861 5210 martyrii
2907 5137 3168 5210 privatus
3217 5144 3323 5208 est,
3357 5141 3605 5198 Domino

1945 5231 2115 5297 teste,
2149 5225 2250 5297 qui
2278 5226 2327 5280 ei
2362 5229 2418 5280 et
2453 5225 2614 5281 fratri
2639 5243 2744 5281 suo
2769 5226 2985 5283 Jacobo
3017 5229 3400 5299 praedixerat:
3442 5253 3469 5282 ‹‹
3499 5233 3605 5288 Εεια

1949 5315 2120 5371 licem
2155 5315 2395 5387 quidem
2431 5331 2628 5370 meum
2667 5315 2882 5371 bibetis
2913 5317 3119 5384 (Matth.
3153 5322 3270 5388 xx.)
3303 5342 3331 5369 »
3360 5322 3486 5391 Ipse
3517 5321 3609 5376 ni-

1941 5404 2158 5460 mirum
2194 5408 2251 5459 et
2286 5419 2418 5458 cum
2455 5404 2674 5460 emeris
2717 5405 2995 5476 apostolis
3027 5424 3058 5461 a
3102 5407 3322 5464 Judazis
3353 5408 3610 5482 ﬂagella-

1941 5499 2038 5549 tus
2070 5497 2197 5560 est;
2237 5493 2362 5564 ipse
2396 5493 2451 5547 in
2487 5492 2640 5548 dolio
2691 5495 2966 5550 ferventis
2997 5495 3106 5552 olei
3134 5504 3371 5570 propter
3394 5515 3610 5556 nomen

1938 5581 2159 5644 Christi
2192 5598 2226 5642 a
2271 5580 2601 5641 Domitiano
2651 5583 2880 5660 positus
2911 5589 3036 5656 est;
3069 5585 3192 5660 ipse
3222 5586 3282 5643 in
3327 5587 3609 5651 Patbmos

3200 5713 3279 5782 42
