3980 6084
424 251 581 318 i323

1697 260 2100 326 RADULPHI
2147 259 2563 325 ABDENTIS.

419 387 675 445 insulam
707 389 768 445 in
817 392 1086 449 exsilium
1143 394 1437 469 relegatus
1497 400 1616 465 est;
1661 395 1786 468 ipse
1843 400 2076 469 propter
2102 397 2160 465 Α
2189 396 2273 452 Ita
2301 393 2623 452 econtrario
2655 398 2872 467 quanto
2896 393 3030 468 quis
3052 397 3144 450 est
3172 391 3556 467 propinquior
3585 394 3816 452 caelesti-

419 476 712 534 Christum
746 479 962 538 multas
991 483 1426 556 persecutiones
1443 502 1653 557 passus
1674 492 1780 553 est,
1805 489 2068 558 propter-

416 581 486 622 ea
514 570 636 623 tam
668 567 864 626 labore
895 587 1074 643 quam
1094 574 1393 630 voluntate
1423 578 1645 646 martyr
1674 577 1782 630 est.
1809 575 2072 647 Propter-

415 670 503 723 ea,
556 656 762 714 fratres
813 660 947 728 mei,
1005 661 1252 731 labores,
1315 662 1744 730 tribulationes,
1801 680 2071 736 persecu-

415 742 605 801 tiones
636 750 692 801 et
721 748 914 804 carnis
945 750 1292 808 afﬂictiones
1323 756 1558 824 propter
1579 751 1759 807 Deum
1787 751 2074 824 patienter

418 836 476 888 et
504 835 827 905 gaudenter
857 837 1254 896 sustineamus
1281 859 1293 909 ;
1329 840 1607 912 quoniam
1640 841 1801 909 dum,
1836 840 1956 896 haec
1988 841 2071 896 fa-

421 921 831 994 cimus,juxta
877 927 1121 983 verbum
1171 928 1425 999 Domini,
1475 928 1713 985 calicem
1745 929 1874 1000 ejus
1923 929 2073 985 bibi-

421 1026 574 1080 mus,
608 1016 663 1068 et
693 1015 955 1087 martyrii
987 1017 1243 1089 palmam
1285 1036 1704 1090 promeremur.
1739 1020 1800 1074 In
1832 1018 1942 1074 hoc
1971 1036 2068 1073 au-

421 1103 540 1157 tem
591 1103 745 1172 quod
795 1104 1078 1162 Dominus
1129 1108 1362 1162 Petrum
1410 1112 1659 1164 mortem
1691 1106 2076 1178 condiscipuli

424 1189 517 1245 sui
551 1190 840 1248 curiosius
877 1193 1266 1266 inquirentem
1300 1197 1511 1271 arguit,
1545 1197 1782 1252 dicens:
1818 1196 1959 1264 Quid
2007 1195 2077 1250 ad

423 1281 520 1335 te?
552 1281 624 1335 Tu
675 1297 764 1337 me
803 1299 1060 1354 sequere;
1111 1303 1217 1342 nos
1271 1285 1528 1352 instruit,
1579 1286 1788 1342 fratres
1834 1285 1968 1353 mei,
2003 1301 2075 1340 ne

420 1365 598 1424 vitam
631 1371 1029 1441 proximorum
1062 1378 1419 1442 nostrorum,
1454 1374 1743 1446 praecipue
1774 1374 1873 1445 qui
1907 1372 2076 1429 nobis

421 1456 670 1528 subjecti
710 1465 871 1529 sunt,
923 1462 1171 1532 curiose,
1228 1468 1290 1518 ut
1319 1463 1558 1535 quidam
1602 1463 1842 1529 faciunt,
1876 1461 2074 1533 inqui-

423 1561 644 1616 ramus,
697 1548 798 1604 sed
857 1551 1054 1622 potius
1098 1569 1330 1626 semper
1379 1553 1450 1608 de
1476 1557 1678 1608 nostra
1726 1551 1960 1607 solliciti
1992 1550 2072 1607 si-

422 1649 585 1703 mus;
621 1652 735 1691 non
763 1637 1012 1694 alienam
1061 1640 1264 1707 vitam,
1299 1642 1396 1697 sed
1431 1646 1690 1697 nostram
1725 1657 1956 1712 semper
1986 1639 2074 1695 di-

412 1723 772 1794 judicemus.
825 1727 1040 1800 Tertio,
1092 1729 1582 1786 considerandum
1633 1733 1722 1785 est
1781 1729 2152 1836 quomodoB

430 1811 675 1836 1’-..__.._
709 1831 941 1836 ..-___,A,
997 1834 1005 1836 ξ
1303 1820 1317 1836 1
1400 1819 1500 1836 ιοιοι
1553 1824 1562 1836 ι
1927 1817 1964 1836 ιι
1994 1835 2063 1836 ,7,

421 1811 677 1868 Joannes
707 1831 1015 1886 personam
1049 1835 1216 1873 suam
1250 1820 1320 1874 ad
1355 1819 1665 1874 utilitatem
1699 1817 2073 1890 sequentium

423 1903 794 1958 commendat
823 1909 879 1960 et
929 1907 1236 1963 manifeste
1280 1907 1604 1964 extribus:
1660 1925 1726 1964 ex
1775 1905 2074 1980 privilegio

421 1989 641 2062 gratim,
676 2008 742 2047 ex
771 1993 1071 2068 privilegio
1114 1995 1548 2063 familiaritatis,
1583 2002 1639 2052 et
1667 2014 1734 2052 ex
1763 1997 1972 2052 ofﬁcio.
2007 1996 2076 2051 Et

421 2081 616 2136 tamen
649 2080 704 2135 in
739 2082 1014 2140 omnibus
1038 2085 1110 2141 iis
1141 2086 1212 2141 de
1241 2103 1324 2152 se,
1356 2090 1640 2157 tanquam
1664 2086 1733 2141 de
1757 2085 1870 2141 alio
1892 2085 2076 2157 loqui-

419 2170 536 2224 tur.
560 2169 663 2224 Hic
685 2170 839 2225 enim
857 2190 985 2228 mos
1007 2178 1096 2228 est
1118 2174 1422 2231 familiaris
1441 2175 1660 2230 sanctis
1678 2175 1966 2240 Patribus,
1987 2178 2070 2240 ut,

421 2259 654 2329 quando
685 2259 1009 2331 loquuntur
1028 2263 1097 2318 de
1120 2280 1181 2318 se
1203 2265 1374 2330 bona,
1407 2264 1477 2319 ad
1501 2263 1828 2320 evitandam
1843 2264 2074 2335 jactan-

418 2345 582 2415 tiam,
609 2348 678 2403 de
700 2364 761 2404 se
783 2352 1060 2421 tanquam
1084 2351 1153 2406 de
1170 2350 1282 2408 alio
1303 2351 1637 2424 loquantur.
1664 2353 1826 2409 Unde
1847 2353 2074 2425 Moyses

418 2433 490 2490 de
521 2451 582 2491 se
613 2435 879 2507 loquens,
936 2442 1218 2511 tanquam
1251 2441 1322 2496 de
1351 2441 1462 2496 alio
1493 2442 1612 2496 ait:
1647 2465 1673 2492 ‹‹
1709 2442 1844 2497 Erat
1875 2445 2071 2496 autem

419 2521 648 2595 Moyses
678 2525 1030 2584 mitissimus
1047 2529 1313 2584 omnium
1347 2529 1652 2585 hominum
1683 2531 1865 2598 (Num.
1898 2533 2023 2598 xu.)
2043 2551 2070 2578 »

419 2611 506 2668 Ita
535 2617 590 2668 et
618 2613 875 2672 Joannes
908 2617 1018 2673 iste
1051 2617 1295 2690 loquens
1323 2635 1392 2673 ex
1437 2619 1734 2692 privilegio
1779 2619 1978 2691 gratia:
2009 2635 2071 2675 se

418 2703 838 2761 commendat:
899 2723 1032 2761 cum
1089 2724 1152 2763 se
1209 2708 1542 2780 discipulum
1597 2725 1756 2780 quem
1808 2708 2073 2779 diligebat

416 2792 567 2848 Iesus
614 2796 800 2848 vocat.
853 2794 976 2849 Non
1031 2795 1169 2867 quia
1215 2796 1405 2852 solum
1451 2813 1584 2852 eum
1645 2796 1935 2870 diligeret,
1969 2796 2070 2852 sed

419 2879 560 2952 quia
607 2882 848 2953 majoris
905 2883 1140 2956 signum
1203 2885 1532 2941 dilectionis
1579 2885 1630 2940 ei
1689 2885 2066 2941 ostendebat:

419 2967 635 3025 Omnes
664 2970 878 3044 quippe
899 2971 1117 3041 dilexit,
1149 2973 1248 3043 qui
1275 2974 1551 3030 omnibus
1582 2975 1727 3030 dixit
1751 2991 1762 3030 :
1790 2997 1816 3025 «
1844 2974 2071 3030 Manete

416 3056 477 3113 in
529 3058 832 3116 dilectione
880 3078 1030 3128 mea,
1087 3062 1239 3118 sicut
1290 3067 1346 3120 et
1378 3079 1482 3136 ego
1535 3063 1706 3118 dilexi
1739 3081 1840 3119 vos
1891 3063 2067 3135 (Joan.

416 3150 534 3216 xv.)
566 3170 594 3198 »
626 3149 737 3205 Sed
771 3149 951 3205 istum
983 3150 1312 3223 specialiter
1341 3151 1561 3218 dilexit,
1597 3153 1875 3223 quoniam
1905 3151 2066 3224 virgo
2098 3137 2144 3209 Ο

415 3235 634 3292 electus
678 3244 766 3294 est
797 3257 830 3294 a
879 3239 1162 3307 Domino;
1195 3240 1356 3313 virgo
1391 3241 1447 3295 in
1499 3259 1683 3296 aevum
1721 3240 2066 3312 permansit.

413 3325 571 3384 Felix
597 3332 751 3382 certe
779 3331 868 3384 est
898 3333 954 3384 et
1004 3329 1402 3396 beatissimus,
1438 3347 1610 3401 quem
1645 3331 1932 3386 Dominus
1967 3347 2068 3385 an-

411 3416 796 3471 tonomastice
827 3417 1044 3472 dicitur
1065 3416 1324 3490 diligere.
1357 3421 1428 3473 At
1449 3418 1748 3491 privilegio
1771 3417 2074 3474 familiari-

411 3503 551 3560 tatis
581 3521 642 3559 se
667 3507 1060 3574 commendat,
1093 3523 1226 3561 cum
1261 3507 1330 3562 de
1363 3524 1425 3562 se
1457 3507 1535 3564 ait
1561 3525 1572 3564 :
1601 3510 1714 3578 Qui
1739 3515 1791 3564 et
1819 3508 2068 3564 recubuit

412 3595 474 3649 in
494 3609 648 3649 caena
688 3611 852 3666 super
892 3603 1076 3666 pectus
1125 3596 1263 3667 ejus,
1296 3604 1348 3652 et
1374 3598 1494 3651 ait:
1537 3599 1788 3664 Domine,
1841 3598 1961 3670 quis
1989 3605 2069 3652 est

411 3683 510 3754 qui
537 3682 713 3738 tradet
743 3690 791 3739 te
809 3685 836 3736 ?
865 3682 1128 3738 Maxima:
1153 3685 1369 3757 quippe
1392 3685 1628 3759 signum
1654 3685 2065 3742 familiaritatis

414 3774 504 3826 est
533 3787 709 3844 super
738 3775 942 3843 pectus
975 3772 1241 3845 magistri
1274 3775 1632 3842 recumbere,
1667 3780 1723 3830 et
1745 3776 1874 3846 ejus
1906 3791 2066 3830 arca-

417 3875 626 3915 norum
657 3859 957 3915 conscium
986 3877 1131 3917 esse.
1167 3861 1226 3918 Si
1257 3861 1389 3934 quis
1411 3868 1604 3919 autem
1639 3867 1860 3935 quaerat
1889 3879 2068 3936 quare

419 3947 702 4005 Dominus
734 3948 829 4004 isti
852 3949 1137 4022 discipulo
1159 3955 1386 4006 tantum
1418 3969 1696 4020 amorem,
1725 3957 2068 4024 tantamque

419 4037 748 4094 exhibuerit
777 4037 1250 4106 familiaritatem,
1283 4040 1533 4096 dicimus
1567 4042 1720 4113 quod
1743 4041 1860 4096 vita
1885 4041 2066 4114 virgi-

418 4124 570 4181 nalis
601 4129 658 4181 et
688 4125 1135 4198 contemplativa
1165 4132 1255 4184 est
1284 4127 1401 4184 vita
1424 4128 1676 4186 ccelestis
1704 4135 1760 4186 et
1781 4127 2062 4202 angelica.

416 4213 591 4270 Porro
609 4213 762 4270 Deus
784 4218 842 4270 et
865 4213 1053 4287 angeli
1076 4217 1203 4288 ejus
1225 4233 1359 4273 cum
1380 4217 1703 4290 virginibus
1724 4221 1781 4274 et
1801 4223 2066 4274 contem-

413 4300 646 4374 plativis
694 4319 971 4376 magnam
1022 4303 1240 4360 habent
1271 4305 1747 4361 familiaritatem.
1800 4307 1944 4362 Hinc
1977 4309 2066 4363 est

412 4391 568 4462 quod
600 4390 885 4446 Dominus
916 4391 1275 4463 discipulum
1307 4391 1591 4465 virginem
1625 4397 1681 4448 et
1713 4392 2062 4466 contempla-

2181 485 2292 540 hus
2323 484 2441 539 vita
2471 487 2527 539 et
2559 483 2842 552 moribus,
2878 483 2959 539 ita
2989 481 3309 539 transitum
3343 482 3415 538 ad
3445 497 3514 538 ea
3543 499 3819 555 promere-

2180 578 2280 629 tur
2326 572 2619 628 leviorem.
2668 573 2753 628 Ab
2803 571 2998 628 officio
3046 589 3181 629 vero
3213 575 3454 628 sanctus
3495 571 3824 629 Joannesse

2181 661 2538 729 manifestat,
2589 679 2724 718 cum
2775 661 2954 718 dicit:
3006 663 3106 717 Hic
3151 668 3227 716 est
3277 660 3580 734 discipulus
3619 663 3710 718 ille
3737 665 3825 734 qui

2181 753 2559 808 testimonium
2599 751 2850 823 perhibet
2894 750 2958 807 de
2988 752 3080 817 iis,
3122 758 3172 806 et
3201 751 3424 822 scripsit
3463 751 3601 808 haec.
3633 753 3698 806 Et
3721 754 3822 807 sci-

2180 857 2304 896 mus
2334 840 2465 911 quia
2496 856 2682 895 verum
2713 848 2791 896 est
2822 841 3196 896 testimonium
3223 840 3360 911 ejus.
3395 839 3578 910 Cujus
3601 839 3819 912 scripta,

2183 929 2392 985 fratres
2424 928 2559 995 mei,
2611 933 2772 984 tanto
2805 928 3034 984 ﬁrmius
3065 932 3121 984 et
3151 926 3388 983 charius
3431 927 3704 999 amplecti
3735 927 3820 984 de-

2185 1019 2412 1085 bemus,
2446 1021 2663 1088 quanto
2695 1018 2819 1090 ipse
2849 1017 3144 1091 mysteriis
3175 1033 3302 1088 quae
3331 1015 3456 1088 ipse
3488 1016 3711 1082 scribit,
3744 1017 3820 1072 fa-

2185 1106 2474 1162 miliarius
2505 1111 2560 1161 et
2588 1105 2977 1178 propinquius
3009 1105 3308 1174 interfuit;
3344 1109 3682 1176 quantoque
3713 1104 3821 1176 ipse

2185 1195 2256 1250 de
2286 1193 2511 1260 rivulis,
2565 1194 2788 1251 scilicet
2812 1197 2881 1250 de
2913 1194 3041 1267 ipso
3081 1194 3237 1250 fonte
3267 1192 3553 1249 Dominici
3585 1194 3822 1266 pectoris

2184 1283 2406 1355 largius
2445 1287 2502 1338 et
2560 1282 2907 1355 profundius
2966 1283 3188 1339 caeteris
3231 1282 3450 1338 hausit.
3509 1281 3822 1354 Propterea,

2187 1373 2395 1428 fratres
2427 1371 2563 1439 mei,
2602 1371 2798 1445 ipsum
2845 1371 3136 1445 precibus,
3170 1371 3364 1443 ipsum
3395 1371 3714 1444 gemitibus
3741 1388 3824 1427 ex-

2185 1478 2440 1528 oremus,
2487 1466 2778 1532 quatenus
2812 1461 3037 1517 meritis
3067 1460 3456 1534 precibusque
3488 1459 3636 1528 suis,
3671 1461 3828 1517 nobis

2186 1551 2341 1624 apud
2373 1549 2653 1606 dilectum
2685 1549 3001 1606 Dominum
3032 1567 3208 1606 suum
3239 1549 3518 1617 obtineat,
3549 1554 3829 1622 quatenus
3925 1593 3927 1598 .

2187 1656 2520 1696 mereamur
2566 1639 2784 1712 scripta
2812 1638 2973 1695 illius
3003 1642 3156 1695 recte
3186 1637 3530 1712 intelligere,
3563 1644 3622 1694 et
3651 1640 3832 1696 obser-

2187 1745 2319 1784 vare
2349 1731 2698 1794 castitatem,
2731 1727 3282 1800 contemplationem
3313 1731 3668 1800 craterasque
3713 1729 3830 1800 ejus

2185 1817 2428 1873 virtutes
2479 1834 2510 1872 a
2563 1817 2732 1888 longe
2791 1817 3032 1882 imitari,
3094 1817 3385 1872 mundum
3442 1821 3827 1888 contemnere,

2183 1906 2366 1962 Deum
2399 1923 2576 1978 super
2604 1905 2802 1962 omnia
2845 1904 3108 1978 diligere,
3143 1905 3214 1961 ad
3246 1905 3503 1962 cmlestia
3531 1909 3652 1962 toto
3685 1907 3833 1964 desi-

2184 1994 2343 2050 derio
2369 1995 2666 2061 festinare,
2699 1998 2754 2050 et
2781 1995 2850 2050 ad
2885 2011 2954 2050 ea
2985 1993 3137 2050 felici
3163 2010 3339 2050 cursu
3371 1995 3692 2066 pervenire,
3725 1993 3831 2051 lar-

2183 2084 2376 2156 giente
2403 2083 2650 2140 Domino
2683 2087 2880 2140 nostro
2911 2083 3054 2140 Jesu
3081 2083 3327 2153 Christo,
3361 2083 3462 2155 qui
3494 2083 3554 2138 in
3585 2085 3831 2156 perfecta

2182 2173 2463 2228 Trinitate
2495 2172 2636 2227 vivit
2666 2176 2722 2228 et
2753 2177 2958 2245 regnat
2985 2189 3088 2245 per
3118 2173 3337 2242 omnia,
3371 2175 3479 2228 etc.

2297 2281 2412 2335 Vita
2437 2279 2553 2335 divi
2578 2281 2804 2336 Joannis
2851 2277 3208 2349 evangelise?
3229 2296 3332 2351 per
3378 2281 3732 2337 Dorotheum.

2254 2386 2341 2460 (4)
2373 2386 2627 2460 Joannes
2686 2386 2866 2442 frater
2919 2385 3172 2460 Jac_obi,‘
3207 2385 3308 2458 qui
3345 2390 3427 2460 iet
3481 2385 3833 2460 evangelista

2185 2457 2411 2532 Domini
2443 2458 2630 2532 factus
2661 2462 2769 2532 est,
2804 2474 2981 2532 quem
3010 2457 3831 2532 Dominusdilexit,Evange~

2181 2529 2327 2602 lium
2380 2529 2610 2584 Domini
2653 2528 3089 2602 _Jesu’Cbristi¥
3113 2529 3177 2602 in
3227 2529 3362 2584 Asia
3406 2528 3834 2602 praedicavitiA

2183 2601 2434 2674 fl‘rajano
2483 2617 2614 2674 vero
2648 2600 2708 2655 in
2741 2600 2999 2674 insulam
3061 2600 3371 2656 Patbmum
3408 2600 3674 2674 propter
3715 2618 3831 2674 ver-

2182 2671 2324 2727 bum
2378 2671 2608 2727 Domini
2667 2671 2868 2727 exsilio
2927 2672 3243 2728 damnatus
3299 2677 3387 2728 est
3419 2671 3449 2740 ς’
3496 2671 3598 2728 ubi
3658 2673 3830 2728 etiam

2183 2747 2451 2824 sanctum
2473 2742 2849 2824 Evangelium
2869 2759 3043 2824 suum
3061 2742 3430 2815 conscripsit,
3457 2743 3610 2824 quud
3636 2749 3835 2824 postea

2181 2814 2392 2886 Ephesi
2425 2831 2526 2885 per
2555 2814 2758 2886 Caium
2803 2814 3094 2886 hospitem
3127 2814 3308 2871 suum
3331 2814 3709 2886 conscripsit,
3741 2815 3829 2870 cui

2181 2885 2243 2941 et
2262 2885 2474 2957 Paulus
2495 2885 2800 2957 apostolus
2820 2885 3098 2942 Romanis
3121 2886 3404 2957 scribens,
3426 2885 3832 2941 testimonium

2181 2956 2341 3012 dedit
2368 2956 2568 3028 dicens
2597 2973 2686 3028 ;ί‹‹
2715 2956 2940 3012 Salutat
2967 2973 3070 3013 vos
3099 2957 3278 3013 Gaius
3308 2956 3520 3028 hospes
3574 2974 3748 3014 meus
3780 2961 3834 3013 et

2181 3029 2364 3084 totius
2405 3025 2692 3099 Ecclesiae
2749 3028 2919 3099 (Rom.
2950 3031 3092 3096 xvr.)
3127 3050 3147 3077 ι
3211 3029 3349 3084 Post
3400 3025 3655 3084 mortem
3706 3045 3834 3084 vero

2181 3098 2414 3172 Trajani
2461 3116 2728 3172 reversus
2757 3098 2845 3155 est
2873 3116 2948 3172 ex,
2973 3099 3461 3172 insulaPathmo,
3495 3100 3836 3172 mansitque

2181 3169 2413 3244 Ephesi,
2448 3187 2514 3226 ac
2545 3169 2688 3244 visit
2716 3187 2901 3244 annos
2928 3171 3068 3244 420L
3086 3170 3308 3244 Quibus
3332 3170 3535 3244 finitis,
3571 3169 3838 3244 seipsum

2181 3241 2261 3297 ibi
2311 3242 2503 3315 vivus
2532 3242 2723 3315 adhuc
2766 3242 2992 3298 volente
3040 3241 3288 3297 Domino
3327 3242 3636 3315 sepelivit.
3666 3241 3840 3315 _Sunt

2180 3319 2375 3386 tamen
2407 3313 2506 3386 qui
2535 3313 2737 3386 dicunt
2756 3330 2890 3369 eum
2923 3330 3037 3368 non
3061 3315 3171 3386 sub
3203 3313 3546 3386 Trajan—oin
3577 3314 3838 3386 insulam

2181 3384 2493 3460 Pathmqu
2513 3384 2832 3460 relegatum
2850 3401 3002 3460 esse,
3019 3385 3123 3441 sed
3144 3385 3253 3440 sub
3273 3385 3841 3460 DomitianoVespa-

2178 3456 2327 3512 siani
2376 3455 2516 3531 filio.
2543 3461 2616 3531 _In
2639 3455 2758 3531 hac
2789 3456 3076 3531 posterior
3108 3456 3528 3531 _senten_tia_est
3560 3455 3840 3531 Hierony-

2177 3544 2334 3596 mus,
2387 3527 2676 3583 Eusebius
2731 3527 2808 3582 in‘
2851 3527 3154 3584 Chronicis
3205 3533 3263 3584 et
3319 3528 3380 3583 in
3412 3528 3560 3584 Hist.
3612 3527 3837 3597 Eccles.

2219 3599 2492 3672 luresque
2517 3598 2658 3654 item
2707 3599 2826 3666 alii,
2861 3615 3200 3672 quanquam
3235 3599 3408 3672 idem
3453 3600 3754 3656 Eusebius
3785 3601 3840 3656 in

2220 3617 2492 3670 iuresque
2517 3617 2658 3654 item
2707 3617 2826 3666 am,
2861 3617 3200 3672 quanquam
3254 3617 3408 3654 mem
3455 3617 3754 3656 uusemus
3785 3618 3840 3656 ιη

2177 3617 2278 3727 iib.
2310 3672 2383 3726 De
2407 3685 2651 3742 praepara
2704 3687 2896 3742 evang.
2948 3675 3004 3726 et
3044 3668 3452 3742 Tertullianus
3500 3671 3784 3728 scribunt
3812 3689 3840 3728 τι

2177 3741 2564 3798 Νθῐιοηόευῐι]
2598 3742 2658 3797 in
2693 3741 3003 3798 Pathmum
3038 3741 3293 3798 insulam
3326 3741 3653 3814 relegatum
3687 3760 3836 3800 esse.

2481 3955 2537 3992 IN
2569 3953 2737 3994 FESTO
2765 3953 3106 3994 SANCTORUM
3139 3954 3526 3995 INNOCENTUM.

2248 4035 2370 4091 Vidi
2413 4052 2585 4108 supra
2637 4043 2874 4091 montem
2924 4037 3056 4092 Sion
3103 4037 3319 4105 Agnum
3365 4044 3602 4092 stantem
3653 4040 3840 4111 (Apoc.

2175 4125 2312 4196 xrv,)
2344 4129 2449 4182 etc.
2488 4125 2645 4180 Hanc
2676 4124 2981 4192 visionem,
3005 4125 3213 4181 fratres
3243 4125 3601 4191 cbarissimi,
3639 4133 3846 4182 narrat

2175 4213 2287 4270 sibi
2319 4213 2629 4270 revelatam
2657 4213 2837 4269 fuisse
2866 4231 2900 4269 a
2916 4213 3160 4270 Domino
3183 4215 3438 4270 Joannes
3455 4215 3777 4287 apostolus
3793 4221 3846 4272 et

2151 4291 2528 4376 'evangelista
2587 4303 2760 4375 (Joan.
2799 4305 2924 4372 xu,)
2981 4303 3082 4375 qui
3139 4303 3300 4376 virgo
3361 4303 3472 4358 fuit
3529 4303 3768 4362 electus
3814 4322 3845 4360 a

2173 4392 2421 4461 Christo,
2472 4396 2528 4448 et
2575 4391 2735 4465 virgo
2788 4392 2846 4446 in
2879 4409 3064 4448 aevum
3115 4393 3458 4465 permansit.
3492 4395 3602 4459 Qui
3655 4400 3716 4451 et
3746 4412 3842 4451 su—

410 4479 595 4536 tivum
644 4483 900 4536 tenerius
931 4485 988 4535 et
1021 4479 1370 4536 familiarius
1417 4479 1615 4536 dilexit
1646 4481 1887 4549 caeteris,
1939 4499 2062 4538 ma-
2091 4509 2141 4576 D
2175 4499 2279 4554 pra
2310 4486 2512 4554 pectus
2543 4481 2670 4552 ejus
2703 4481 2763 4536 in
2795 4497 2960 4537 caena
2985 4481 3288 4550 recubuit;
3322 4483 3476 4537 unde
3508 4487 3566 4538 et
3599 4485 3844 4556 profun-

407 4571 675 4642 tremque
690 4569 988 4643 Virginem
1007 4569 1057 4625 ei
1081 4569 1290 4642 virgini
1310 4570 1756 4638 commendavit,
1781 4571 2061 4644 quoniam

408 4657 561 4714 inter
579 4658 833 4731 virgines
864 4663 920 4714 et
951 4657 1432 4731 contemplativos
1457 4663 1660 4714 sancta
1681 4660 2059 4728 conversatio,

408 4747 630 4802 munda
676 4743 1062 4816 familiaritas,
1097 4752 1154 4803 et
1185 4746 1428 4803 ﬂoridus
1467 4752 1739 4820 aspectus
1769 4753 1876 4804 est.
1909 4751 2059 4814 Quo-

407 4835 565 4890 niam
618 4841 814 4892 autern
870 4836 964 4891 vix
993 4836 1110 4892 vita
1166 4836 1468 4909 virginalis
1499 4841 1556 4893 et
1613 4837 2060 4910 contemplativa

406 4924 656 4981 ccelestis
687 4930 743 4981 et
772 4926 1035 4998 angelica
1066 4929 1172 4992 est,
1206 4925 1336 4981 ideo
1383 4925 1588 4997 opinor
1617 4926 1930 4982 Dominum
1960 4944 2057 4984 vo-

403 5011 584 5070 luisse
617 5015 770 5086 quod
802 5016 972 5069 beata
1001 5013 1178 5086 Virgo
1209 5019 1266 5069 et
1297 5013 1622 5086 discipulus
1651 5015 1778 5083 iste,
1813 5015 1980 5071 facile
1999 5021 2058 5073 et

401 5101 529 5158 sine
579 5101 774 5158 dolore
836 5103 906 5156 ad
969 5101 1226 5158 caalestia
1283 5103 1808 5175 transmigrarent;
1865 5104 2054 5162 facilis

401 5191 618 5262 quippe
651 5195 739 5246 est
767 5190 1052 5246 transitus
1083 5192 1152 5247 de
1185 5191 1481 5247 similibus
1513 5193 1584 5248 ad
1617 5192 1855 5249 similia.
1890 5193 2053 5251 Sicut

399 5279 557 5335 enim
592 5283 809 5350 quanto
842 5279 976 5352 quis
999 5281 1275 5336 remotior
1304 5285 1395 5336 est
1422 5299 1456 5336 a
1486 5280 1823 5338 cmlestibus
1851 5282 1968 5338 vita
1997 5288 2054 5340 et

397 5367 682 5437 moribus,
714 5367 798 5424 ita
826 5370 1143 5426 transitum
1175 5370 1246 5426 ad
1281 5386 1346 5424 ea
1373 5369 1615 5426 sortitur
1636 5370 2048 5430 difﬁciliorem.

467 5545 543 5629 (4)
573 5547 781 5606 Esses.
812 5548 915 5606 lib.
946 5563 1035 5622 ιιι,
1071 5564 1199 5623 cap.
1232 5562 1276 5620 ι,
1309 5550 1451 5608 Hist.
1483 5550 1692 5623 800168.,
1725 5554 1785 5607 et
1814 5567 1940 5626 cap.
1977 5551 2000 5611 i
2014 5553 2065 5610 8.

2173 4571 2307 4627 dius
2338 4569 2558 4627 caeteris
2599 4574 2822 4626 secreta
2851 4569 3120 4642 cognovit
3162 4569 3441 4627 ccelestia.
3491 4571 3704 4631 Primo
3736 4573 3841 4646 igi-

2171 4664 2270 4715 tur
2315 4658 2577 4732 loquitur
2633 4660 2703 4715 de
2751 4675 2815 4715 eo
2866 4675 3042 4731 quem
3098 4659 3264 4716 vidit.
3326 4659 3600 4718 Secundo
3651 4662 3730 4718 de
3761 4663 3842 4718 eis

2171 4765 2317 4820 quos
2366 4765 2500 4804 cum
2555 4747 2668 4804 Deo
2717 4747 2880 4804 vidit.
2934 4749 3203 4821 Loquens
3243 4748 3423 4820 igitur
3451 4748 3523 4803 de
3553 4765 3628 4806 eo
3661 4764 3841 4823 quem

2167 4837 2332 4903 vidit,
2365 4838 2476 4892 ait:
2543 4837 2664 4894 Vidi
2713 4853 2882 4910 supra
2936 4845 3175 4894 montem
3225 4837 3358 4898 Sion
3413 4838 3640 4909 Agnum
3687 4850 3842 4896 stau-

2168 4935 2292 4983 tem.
2329 4927 2391 4982 In
2441 4943 2556 4998 quo
2587 4926 2702 4981 tria
2745 4926 2922 4982 dicit:
2957 4931 3012 4982 et
3059 4943 3233 4999 quem
3259 4925 3487 4996 viderit,
3523 4931 3580 4983 et
3616 4929 3756 4998 ubi,
3789 4933 3840 4984 et

2167 5016 2459 5088 quomodo
2509 5031 2642 5070 eum
2691 5015 2872 5070 situm
2919 5015 3148 5072 viderit.
3202 5017 3382 5082 Quem
3432 5015 3634 5072 vidit?
3695 5017 3839 5084 Vidi,

2165 5105 2376 5178 inquit,
2425 5106 2660 5176 Agnum.
2704 5105 2926 5177 Agnus,
2977 5105 3185 5160 fratres
3215 5103 3350 5170 mei,
3402 5105 3628 5160 dicitur
3660 5105 3839 5162 Chri-

2164 5198 2294 5250 stus
2342 5191 2559 5266 triplici
2607 5193 2677 5248 de
2725 5210 2924 5249 causa.
2958 5193 3104 5260 Quia
3133 5193 3193 5248 in
3233 5210 3383 5266 agno
3437 5193 3718 5266 paschali
3751 5201 3841 5251 est

2163 5285 2591 5356 prazfiguratus.
2645 5282 2790 5347 Quia
2834 5281 2995 5339 mitis
3041 5288 3099 5339 et
3155 5283 3435 5339 innocens
3487 5287 3555 5339 ut
3589 5301 3835 5359 agnus;

2159 5377 2215 5431 et
2245 5373 2384 5446 quia
2435 5389 2542 5428 nos
2582 5371 2770 5446 pascit
2819 5389 2992 5429 carne
3023 5376 3080 5429 et
3109 5371 3395 5447 sanguine
3442 5389 3573 5442 suo,
3613 5379 3677 5430 et
3711 5390 3836 5431 sum

3676 261 3818 323 1324
3923 237 3926 258 '
