3980 6084
191 315 350 382 I333

1314 318 1691 385 HOMILLIE.
1722 353 1800 364 —
1831 317 1882 382 Ι.
1925 318 2030 382 DE
2073 319 2473 385 TEMPORE.

3439 314 3596 388 133‘

189 447 392 520 Israel,
415 449 486 508 de
509 449 725 525 quibus
744 450 1030 526 scriptum
1053 455 1159 522 est,
1187 476 1214 504 «
1238 453 1383 511 Cum
1404 455 1694 511 occideret
1715 470 1832 522 eos,
1864 453 1922 522 Α
1951 453 2232 511 convertit
2260 455 2333 511 ad
2364 472 2426 520 se
2457 451 2739 512 Dominus
2770 452 3080 530 plerosque
3113 458 3382 513 nostrum
3404 456 3596 529 quoti-

187 540 527 614 quaerebant
576 557 732 612 eum,
766 547 824 597 et
869 543 1308 599 revertebantur
1339 544 1509 613 (Psal.
1547 544 1774 615 LXXVII).
1808 565 1836 594 »

187 629 310 686 Hoc
357 631 530 686 modo
583 631 870 687 convertit
926 631 1196 700 Paulum,
1233 633 1486 707 ﬂagellat
1516 633 1675 688 enim
1705 649 1838 688 eum

186 719 410 792 primo;
447 719 725 782 secundo,
762 719 1170 792 flagellationis
1201 738 1440 778 causam
1473 738 1607 778 eum
1636 723 1836 790 docet;

183 807 382 876 tertio,
403 806 618 864 Saulus
649 807 1002 865 medicinam
1023 809 1229 882 quaerit
1253 828 1266 880 ;
1291 815 1520 882 quarto,
1546 811 1841 868 medicina

186 897 242 952 ei
265 898 458 954 datur.
482 897 627 953 Cum
649 897 905 970 ﬂagellat
926 914 1081 967 eum,
1099 898 1228 956 luce
1249 900 1320 956 de
1341 899 1483 956 cmlo
1507 900 1841 956 circumful-

185 989 379 1059 gente,
415 1001 550 1041 eum
578 991 845 1054 exczecat,
874 988 1208 1059 prosternit.
1233 990 1303 1044 Et
1333 988 1618 1058 debilitat,
1641 994 1840 1046 osten-

184 1075 334 1130 dens
363 1091 425 1130 se
445 1073 658 1131 habere
681 1074 938 1131 divinam
971 1078 1314 1149 potentiam,
1338 1082 1396 1134 et
1423 1077 1592 1134 illum
1624 1078 1838 1134 huma-

183 1179 328 1219 nam
345 1162 738 1236 fragilitatem.
754 1165 900 1220 Eum
916 1169 1182 1233 excaecat,
1197 1166 1474 1239 quoniam
1488 1184 1602 1224 non
1617 1171 1840 1239 poterat

182 1268 318 1307 vere
339 1249 682 1318 illuminari,
706 1251 820 1308 nisi
844 1270 878 1307 a
899 1252 1055 1308 mala
1076 1271 1186 1310 sua
1206 1253 1451 1310 scientia
1472 1255 1636 1327 prius
1661 1272 1838 1311 excin-

182 1344 438 1396 caretur.
464 1340 610 1396 Eum
637 1340 974 1413 prosternit,
999 1342 1280 1414 quoniam
1308 1361 1425 1400 non
1446 1348 1670 1416 poterat
1690 1344 1838 1400 bene

180 1445 445 1502 surgere,
472 1428 586 1485 nisi
610 1428 773 1502 prius
795 1446 828 1484 a
850 1428 1007 1486 mala
1027 1447 1135 1486 sua
1164 1431 1414 1489 elatione
1443 1437 1836 1505 prosternere-

183 1523 304 1575 tur.
321 1519 470 1574 Eum
497 1517 761 1575 debilitat
783 1519 1064 1591 quoniam
1085 1537 1197 1576 non
1218 1526 1442 1594 poterat
1459 1523 1604 1578 bene
1624 1521 1834 1590 valere,

186 1608 303 1666 nisi
328 1606 546 1680 priusa
578 1625 686 1663 sua
710 1607 866 1664 mala
895 1608 1236 1666 fortitudine
1265 1610 1686 1666 debilitaretur.
1711 1610 1836 1666 Non

185 1701 379 1770 potest
406 1695 562 1752 enim
594 1695 809 1768 aliquis
839 1695 1096 1754 divinam
1127 1699 1388 1771 accipere
1412 1700 1835 1767 fortitudinem,

185 1783 301 1843 nisi
333 1803 502 1842 suam
533 1785 764 1842 amittat
793 1791 851 1841 et
878 1786 1198 1860 vilipendat
1227 1788 1651 1845 fortitudinem.
1675 1789 1838 1845 Unde

185 1875 344 1933 idem
377 1873 614 1944 Paulus,
652 1895 680 1925 «
702 1877 868 1943 Cum,
901 1876 1112 1949 inquit,
1147 1877 1432 1945 infirmor,
1467 1883 1605 1934 tunc
1637 1878 1840 1933 fortior

186 1982 320 2022 sum
362 1968 419 2021 et
466 1969 673 2036 potens
704 1965 776 2037 (II
802 1964 922 2020 Cor.
955 1971 1071 2039 xu).
1096 1989 1123 2018 »
1156 1969 1402 2022 Causam
1431 1966 1838 2039 ﬂagellationis

186 2070 321 2110 eum
351 2054 638 2110 Dominus
667 2054 838 2110 docet
867 2071 1002 2110 cum
1033 2055 1144 2110 ait:
1169 2057 1354 2124 Saule,
1390 2056 1724 2129 Saule,quid
1751 2074 1837 2113 me

185 2144 566 2217 persequeris?
592 2144 672 2197 Ac
707 2142 756 2199 si
787 2143 944 2198 dicat
976 2160 988 2197 :
1019 2143 1243 2217 Dignus
1273 2162 1335 2200 es
1366 2162 1482 2200 non
1516 2146 1708 2202 solum
1739 2146 1838 2201 fia-

186 2231 411 2306 gellari,
435 2231 552 2288 imo
572 2231 750 2287 etiam
766 2231 1056 2299 damnari,
1073 2233 1174 2306 qui
1197 2250 1288 2290 me
1302 2234 1646 2290 salvatorem
1663 2251 1833 2290 mun-

187 2320 646 2394 dipersequeris.
662 2321 787 2377 Non
810 2325 1006 2377 autem
1029 2320 1128 2390 ait,
1143 2323 1274 2394 quid
1292 2339 1452 2379 meos
1468 2325 1831 2396 persequeris,

187 2410 308 2478 sed,
331 2409 462 2482 quid
481 2426 566 2466 me
582 2412 922 2483 persequeris
943 2414 971 2465 ?
995 2410 1057 2465 In
1083 2427 1197 2482 quo
1214 2412 1650 2468 demonstratur
1667 2411 1835 2468 nobis

187 2504 410 2572 quanta
439 2498 516 2556 sit
563 2499 702 2556 unio
759 2498 968 2572 capitis
999 2503 1058 2555 et
1087 2501 1508 2557 membrorum.
1543 2501 1832 2568 Quoniam

186 2591 341 2646 sicut
359 2592 535 2660 caput
563 2587 706 2644 dicit
727 2606 828 2661 pro
851 2589 994 2661 pede
1016 2589 1374 2659 conculcato,
1391 2608 1570 2663 quare
1599 2590 1832 2647 concul-

185 2695 286 2734 cas
317 2677 454 2742 me?
481 2683 537 2732 et
567 2693 671 2749 pro
720 2677 892 2733 dorso
942 2694 1109 2746 case,
1144 2694 1325 2750 quare
1357 2679 1533 2735 caadis
1579 2680 1718 2735 me?
1750 2680 1835 2736 Ita

186 2767 472 2824 Dominus
529 2765 670 2822 dicit
718 2766 828 2822 sibi
877 2765 1078 2822 inferri
1129 2785 1256 2840 quae
1305 2767 1431 2824 suis
1478 2769 1830 2825 inferuntur.

193 2857 272 2912 Ad
306 2857 415 2912 hoc
445 2853 661 2912 Saulus
715 2860 976 2912 tremens
1033 2873 1148 2928 pra:
1207 2855 1434 2925 timore,
1470 2859 1741 2914 conscius
1771 2875 1832 2914 se

182 2945 386 3003 Jesum
411 2948 781 3017 persecutum
807 2943 1010 3011 fuisse,
1025 2950 1080 3000 et
1101 2951 1364 3018 stupens,
1382 2945 1550 3002 illum
1571 2947 1834 3003 animad-

183 3039 416 3091 vertens
454 3049 582 3090 esse
627 3035 833 3103 Deum,
869 3051 1045 3106 quem
1103 3052 1318 3107 purum
1371 3035 1669 3092 hominem
1723 3053 1832 3109 pu—

185 3124 369 3190 tabat,
403 3124 572 3196 quasi
632 3128 868 3180 coactus
916 3124 989 3179 ad
1037 3123 1440 3180 obediendum-
1479 3125 1830 3182 medicinam

1951 545 2062 600 die.
2095 545 2424 618 Nam'saepe
2457 547 2597 602 dum
2631 563 2838 603 sumus
2871 545 2931 601 in
2961 546 3256 619 proposito
3272 546 3404 602 etin
3421 563 3597 604 cursu

1950 635 2222 706 peccandi
2249 638 2304 690 et
2325 635 2478 691 male
2499 636 2730 708 agendi,
2758 641 2824 690 ut
2850 653 2957 692 nos
2989 640 3286 691 convertat
3316 635 3602 695 Dominus

1951 723 2020 778 ad
2037 723 2368 790 se,immitit
2382 724 2554 780 nobis
2571 723 3609 798 ﬂagellainﬁrmitatum,pcrsecutioo

1951 829 2092 868 num
2119 817 2175 868 et
2207 813 2598 880 miseriarum,
2617 817 2682 868 ut
2703 813 2798 884 qui
2827 812 3104 869 nolumus
3125 830 3227 884 per
3251 815 3604 886 prosperita-

1948 904 2088 966 tem,
2105 901 2312 958 saltem
2327 902 2707 959 emendemur
2724 918 2828 974 per
2843 902 3392 968 adversitatem.Qui
3409 903 3460 958 si
3476 920 3606 962 vere

1949 989 2352 1060 humiliamur,
2369 996 2427 1047 'et
2451 991 2921 1047 emendationem
2957 991 3374 1063 promittimus,
3391 991 3607 1048 illumi-

1949 1096 2160 1134 namur
2177 1097 2210 1134 a
2231 1079 2476 1135 Domino
2511 1069 2776 1149 interius,
2803 1079 3085 1152 erigimur
3104 1084 3160 1136 et
3180 1081 3595 1139 confortamur.

2020 1169 2444 1240 Sequiturpars
2459 1169 2718 1237 tertia,in
2733 1187 2846 1241 qua
2860 1169 3188 1226 ostenditur
3208 1186 3385 1241 quam
3407 1170 3598 1228 bonus

1955 1256 2129 1312 fuerit
2154 1256 2370 1313 Paulus
2393 1262 2523 1329 post
2545 1258 3004 1323 conversionem,
3029 1275 3161 1314 cum
3185 1259 3592 1333 subjungitur:

1929 1347 2072 1426 ‘Fuit
2119 1354 2303 1402 autem
2348 1362 2472 1401 cum
2522 1347 2808 1419 discipulis
2857 1350 2953 1419 qui
2999 1355 3158 1403 erant
3199 1348 3469 1416 Damasci,
3498 1366 3599 1422 per

1946 1434 2061 1491 dies
2093 1436 2322 1508 aliquot.
2357 1435 2464 1500 Qui
2498 1435 2654 1491 enim
2687 1436 2852 1509 prius
2883 1441 3009 1492 erat
3043 1440 3158 1492 toto
3190 1439 3363 1494 corde
3395 1441 3599 1496 contra

1948 1523 2247 1580 Christum
2279 1528 2335 1580 et
2383 1524 2707 1596 discipulos
2747 1525 2896 1596 ejus,
2932 1542 3088 1580 nunc
3121 1529 3244 1582 erat
3273 1529 3391 1582 toto
3424 1528 3598 1584 corde

1949 1631 2083 1669 cum
2115 1614 2341 1669 Christo
2375 1618 2431 1669 et
2463 1613 2768 1686 discipulis
2800 1615 2948 1685 ejus.
2983 1615 3171 1687 Super
3215 1616 3412 1672 omnia
3439 1617 3596 1673 enim

1949 1702 2229 1776 diligebat
2249 1702 2562 1770 Christum,
2580 1706 2635 1757 et
2655 1702 2975 1774 discipulos
2994 1704 3120 1774 ejus
3139 1702 3290 1759 sicut
3311 1705 3594 1778 seipsum.

1949 1791 2240 1854 Quantum
2275 1789 2491 1861 quippe
2523 1789 2788 1861 diligeret
2819 1789 3113 1846 Christum
3156 1792 3428 1862 ostendit,
3461 1810 3594 1849 cum

1947 1878 2027 1933 ait
2060 1895 2072 1932 :
2109 1900 2137 1928 «
2171 1877 2375 1932 Certus
2407 1894 2538 1932 sum
2570 1877 2728 1932 enim
2761 1879 2916 1950 quod
2963 1895 3150 1951 neque
3191 1897 3371 1951 mors,
3408 1899 3594 1954 neque

1944 1966 2083 2032 vita,
2116 1982 2306 2037 neque
2337 1965 2841 2040 instantia,neque
2873 1968 3086 2036 futura,
3104 1987 3292 2042 neque
3323 1970 3591 2041 altitudo,

1947 2071 2134 2127 neque
2164 2055 2544 2126 profundum,
2578 2073 2766 2128 neque
2812 2061 3080 2113 creatura
3127 2059 3344 2130 aliqua,
3379 2059 3593 2133 poterit

1947 2162 2039 2200 me
2071 2161 2341 2217 separare
2372 2162 2406 2200 a
2437 2144 2720 2201 charitate
2769 2163 2896 2218 quas
2947 2152 3037 2202 est
3083 2147 3140 2203 in
3190 2149 3417 2205 Christo
3448 2149 3590 2206 Jesu

1945 2234 2118 2305 (Rom.
2133 2237 2312 2301 vm).»
2338 2236 2630 2300 Quantum
2653 2251 2785 2290 vero
2807 2234 3075 2307 diligeret
3097 2236 3309 2292 Christi
3331 2238 3476 2294 disci
3483 2255 3592 2310 pu-

1945 2321 2031 2378 los
2062 2321 2334 2390 ostendit,
2388 2339 2523 2378 cum
2574 2323 2700 2377 ait:
2763 2346 2791 2373 «
2826 2323 2966 2389 Quis
3012 2323 3346 2380 inﬁrmatur
3392 2330 3449 2382 et
3487 2343 3592 2400 ego

1946 2410 2535 2477 noninﬁrmor?Quis
2560 2411 3198 2485 scandalizatur,ctego
3223 2431 3336 2471 non
3371 2415 3592 2471 uror?»

1944 2502 2016 2572 (Il
2046 2501 2166 2557 Cor.
2202 2503 2288 2569 ιι.)
2320 2502 2388 2556 Et
2445 2501 2542 2573 qui
2605 2500 2738 2573 plus
2786 2501 3234 2574 blasphamabat
3287 2508 3344 2559 et
3401 2521 3593 2577 perse-

1944 2591 2232 2663 quebatur
2263 2607 2472 2646 nomen
2506 2589 2738 2656 Christi,
2763 2607 2958 2645 coram
2985 2591 3221 2663 regibus
3242 2596 3300 2648 et
3321 2592 3594 2665 principi-

1943 2680 2054 2735 bus
2085 2685 2139 2737 et
2172 2679 2307 2734 filiis
2357 2678 2531 2735 Israel
2583 2678 2834 2750 portavit
2882 2696 3094 2735 nomen
3155 2681 3392 2738 Christi.
3427 2682 3593 2740 Unde

1942 2773 1998 2825 et
2019 2769 2111 2824 hic
2134 2767 2350 2823 dicitur
2375 2784 2387 2822 :
2413 2769 2476 2823 Et
2505 2769 2761 2822 continuo
2793 2770 3069 2839 ingressus
3097 2771 3307 2826 Paulus
3338 2773 3394 2827 in
3424 2788 3594 2844 syna-

1939 2875 2122 2930 gogas,
2142 2857 2473 2930 prtedicabat
2491 2857 2605 2912 illis
2624 2859 2823 2922 Jesum,
2849 2858 3129 2913 ostendens
3149 2862 3405 2931 quoniam
3417 2861 3595 2917 hicest

1941 2947 2315 3002 FiliusDeiEt
2329 2945 2428 3018 qui
2445 2945 2608 3017 prius
2622 2945 2937 3016 adjuvabat
2949 2949 3068 3002 toto
3083 2947 3592 3022 niquudmosper—

1942 3051 2194 3108 sequens
2207 3035 2522 3100 Christum,
2540 3050 2695 3089 nunc
2710 3039 2827 3089 toto
2843 3033 2974 3090 nisu
2989 3037 3590 3109 persequebaturinﬂ-

1944 3121 2240 3177 delitatem
2275 3137 2496 3176 eorum.
2515 3120 2678 3176 Unde
2707 3125 2763 3176 et
2792 3120 2885 3176 hic
2917 3122 3166 3178 dicitur:
3200 3125 3401 3181 Saulus
3420 3125 3590 3183 multo

187 3212 1250 3287 quaerit,dicens:Domine,quidmevis
1267 3213 1829 3286 facere?Aesidicat:
1865 3201 1907 3267 C
1943 3213 2124 3280 magis
2182 3211 2600 3276 convalescebat,
2633 3218 2683 3265 et
2728 3210 3092 3282 confundebat
3146 3212 3382 3284 Judazos,
3415 3221 3591 3270 osten-

186 3302 404 3359 Verum
433 3307 542 3368 est,
577 3301 840 3370 Domine,
875 3303 1028 3374 quod
1063 3306 1118 3358 te
1149 3307 1493 3374 persecutus
1543 3320 1698 3370 sum,
1732 3303 1834 3360 sed

189 3392 531 3466 ignorabam
591 3396 647 3446 te
692 3407 822 3447 esse
873 3391 1196 3448 Christum.
1233 3393 1344 3448 Sed
1369 3394 1496 3464 jam
1529 3395 1599 3450 de
1629 3397 1833 3449 caetero

189 3481 292 3539 tibi
315 3481 552 3550 obedio;
575 3479 820 3553 praecipe
857 3479 1143 3554 quidquid
1175 3482 1282 3538 vis.
1309 3481 1657 3538 Medicinam
1690 3481 1833 3538 inci-

190 3571 274 3646 pit
303 3571 355 3628 ei
385 3570 669 3634 Dominus
699 3569 998 3637 adhibere,
1031 3572 1173 3626 dum
1218 3571 1479 3644 prazcipit
1523 3571 1582 3626 in
1628 3573 1834 3628 urbem

187 3659 424 3728 intrare,
457 3662 514 3714 et
544 3658 808 3715 dicendis
839 3658 1094 3715 obedire.
1126 3658 1246 3713 Viri
1305 3665 1500 3716 autem
1551 3661 1650 3733 qui
1699 3679 1833 3717 eum

189 3748 643 3814 comitabantur,
667 3747 903 3803 stabant
924 3746 1256 3819 stupefacti,
1270 3765 1469 3805 vocem
1487 3748 1724 3820 quidem
1737 3768 1836 3807 au-

189 3836 435 3903 dientes,
471 3841 534 3890 ut
563 3833 966 3892 testimonium
997 3835 1048 3890 ei
1099 3836 1244 3892 ferre
1292 3841 1550 3908 possent,
1584 3839 1683 3894 sed
1718 3857 1834 3895 non

188 3923 396 3992 renati,
441 3941 575 3980 eum
606 3924 799 3980 videre
830 3942 946 3979 non
977 3929 1145 3980 erant
1175 3925 1358 3997 digni.
1399 3926 1478 3981 Ad
1505 3944 1702 3983 manus
1731 3945 1834 3983 au-

187 4021 294 4070 tem
321 4014 483 4069 illum
511 4013 804 4081 trahentes,
847 4018 959 4069 etc.
994 4036 1021 4064 «
1047 4013 1175 4069 Haec
1203 4013 1450 4070 mutatio
1485 4016 1694 4072 dextrae
1725 4017 1835 4073 Ex-

188 4101 330 4158 celsi
359 4102 530 4174 (Psal.
576 4104 780 4170 uxvr).
815 4123 842 4151 ››
887 4101 992 4165 Qui
1024 4107 1260 4158 venerat
1289 4103 1518 4160 trahere
1549 4121 1684 4162 oves
1713 4109 1836 4161 tra-

187 4190 352 4246 hitur
381 4195 444 4246 ut
474 4190 617 4256 ovis,
651 4191 840 4246 factus
869 4191 939 4246 de
971 4189 1108 4262 lupo
1140 4207 1347 4264 agnus,
1381 4193 1451 4248 de
1482 4191 1656 4249 Saulo
1689 4195 1831 4250 Pau-

186 4279 302 4346 lus,
336 4279 406 4334 de
461 4283 829 4351 persecutore
883 4279 1245 4352 praedicator.
1280 4281 1344 4336 Et
1391 4289 1511 4337 erat
1551 4283 1633 4337 ibi
1660 4285 1836 4339 tribus

183 4369 378 4424 diebus
407 4377 457 4424 et
487 4371 664 4424 tribus
689 4371 937 4424 noctibus
959 4385 1071 4425 non
1103 4370 1309 4442 videns,
1323 4378 1373 4426 et
1401 4387 1511 4426 non
1539 4372 1836 4427 manduca-

180 4460 260 4514 vit
285 4475 458 4530 neque
488 4459 644 4514 bibit.
677 4459 760 4513 Ad
783 4458 1022 4514 modum
1057 4459 1340 4514 triduana:
1376 4459 1601 4514 Domini
1633 4460 1834 4534 sepul-

1942 3301 2094 3365 dcns,
2133 3300 2190 3355 id
2237 3303 2324 3355 est
2353 3299 2678 3365 afﬁrmans,
2709 3301 2840 3371 quia
2870 3299 2960 3354 hic
2987 3307 3063 3355 est
3093 3301 3358 3356 Christus.
3394 3302 3462 3356 Et
3491 3301 3590 3374 qui

1944 3389 2108 3463 prius
2139 3389 2439 3462 lapidabat
2470 3391 2524 3444 et
2555 3387 2855 3443 occidebat
2897 3389 3239 3446 confitentes
3271 3390 3591 3461 Christum,

1945 3497 2100 3535 nunc
2122 3496 2236 3534 non
2261 3477 2721 3551 cifugitlapidari
2742 3481 2797 3532 et
2814 3478 2994 3533 occidi
3014 3483 3250 3550 propter
3269 3478 3589 3550 Christum,

1945 3569 2104 3635 Ecce,
2131 3570 2335 3623 fratres
2369 3567 2502 3634 mei,
2527 3567 2598 3622 de
2631 3584 2808 3638 quam
2841 3583 3108 3639 perverso
3141 3585 3320 3640 quam
3352 3573 3590 3626 sanctus

1943 3659 2132 3713 factus
2154 3661 2241 3713 est
2263 3655 2498 3711 Paulus.
2526 3656 2587 3710 ln
2613 3656 2789 3711 Paulo
2821 3656 3039 3728 quippe
3071 3661 3128 3712 et
3155 3657 3214 3712 in
3249 3658 3593 3731 Magdalena

1943 3751 2001 3803 et
2031 3744 2392 3818 hujusmodi,
2415 3745 2598 3800 voluit
2633 3744 2911 3800 Dominus
2941 3747 3341 3802 demonstrare
3369 3747 3594 3806 viscera

1945 3834 2356 3892 misericordiae
2389 3851 2529 3901 suae,
2563 3837 2628 3888 ut
2659 3832 2878 3888 scilicet
2927 3834 3149 3890 caeteris
3191 3837 3592 3907 peccatoribus

1944 3923 2272 3995 exemplum
2309 3921 2660 3993 pmnitcutia:
2691 3926 2748 3977 et
2779 3939 2942 3994 spem
2973 3923 3151 3978 venia:
3183 3929 3503 3996 praestaret,
3518 3943 3592 3982 ne

1943 4011 2212 4068 videlicet
2233 4009 2448 4082 aliquis
2468 4010 2525 4064 in
2545 4016 3000 4083 quantacunque
3032 4011 3316 4068 scelerum
3344 4013 3594 4069 enormi-

1945 4105 2062 4158 tate
2096 4100 2450 4171 desperaret,
2485 4099 2585 4154 sed
2642 4091 2838 4170 potius
2901 4118 3000 4172 per
3057 4101 3456 4173 paenitentiam
3517 4103 3591 4159 ad

1945 4207 2109 4263 spem
2157 4188 2335 4244 veniae
2389 4187 2706 4243 festinaret.
2741 4188 2904 4242 Sicut
2955 4191 3276 4246 econtrario
3322 4191 3380 4246 in
3423 4191 3594 4248 ruina

1944 4280 2107 4335 Judze
2141 4283 2198 4334 et
2230 4276 2536 4342 similium,
2571 4275 2666 4347 qui
2703 4277 2774 4332 de
2801 4277 2918 4332 alto
2949 4279 3134 4350 gradu
3175 4280 3502 4337 sanctitatis
3531 4281 3592 4336 in

1946 4369 2169 4424 foveam
2193 4364 2538 4439 perditionis
2563 4365 2818 4437 prolapsi
2844 4370 3002 4432 sunt,
3025 4367 3207 4424 voluit
3235 4369 3594 4441 profundita-

1945 4463 2062 4514 tem
2095 4454 2421 4512 severitatis
2452 4472 2571 4509 suae
2604 4454 3027 4520 demonstrare,
3050 4461 3113 4510 ut
3129 4455 3350 4512 scilicet
3371 4458 3594 4515 caateris

139 4551 151 4558 ’
181 4552 326 4604 tura:
360 4553 630 4604 mortuus
677 4553 767 4603 est
818 4552 1076 4620 peccato,
1113 4552 1177 4602 ut
1221 4553 1486 4620 surgeret
1517 4550 1652 4606 Deo.
1687 4553 1830 4606 Cum
1865 4569 1908 4634 υ
1936 4545 2120 4619 justis
2143 4544 2411 4600 timorem
2437 4541 3322 4616 incuteret,nevidelicetaliquis
3345 4545 3400 4601 in
3417 4564 3598 4618 quan-

183 4641 383 4692 autem
425 4635 708 4692 Dominus
750 4637 877 4708 jam
935 4653 1038 4708 per
1066 4653 1129 4692 se
1157 4634 1406 4693 interius
1457 4655 1592 4693 eum
1650 4639 1828 4695 etiam
1865 4632 1896 4634 _
1939 4643 2233 4707 tacunque
2252 4632 2859 4689 virtutumaltitudine
2882 4635 3594 4706 praesumeret,sedpotius

184 4723 566 4797 Evangelium
625 4723 918 4781 docuisset
950 4725 1127 4797 (unde
1157 4724 1281 4796 ipse
1311 4725 1596 4798 gloriatur
1625 4745 1687 4784 se
1717 4745 1833 4784 non

187 4834 215 4862 ‹‹
251 4812 325 4867 ab
355 4812 592 4869 homine
617 4836 645 4863 »
668 4814 960 4886 accepisse
992 4812 1158 4878 illud,
1184 4830 1371 4886 neque
1404 4814 1699 4883 didicisse,
1733 4817 1834 4873 sed

189 4923 217 4951 «
253 4918 357 4974 per
387 4901 794 4958 revelationem
842 4903 981 4959 Jesu
1037 4901 1272 4973 Christi)
1303 4904 1447 4976 (Gal.
1481 4908 1542 4973 ι),
1577 4929 1604 4956 ››
1641 4909 1835 4962 tamen

189 4989 374 5046 mittit
392 4991 463 5046 ad
485 5008 623 5048 eum
646 4991 1124 5059 illuminandum,
1146 4991 1489 5064 erigendum
1520 4999 1577 5050 et
1605 4996 1837 5051 confor-

186 5079 437 5135 tandum
461 5081 534 5136 ad
554 5081 872 5148 Ananiam;
899 5085 964 5136 ut
984 5096 1086 5152 per
1104 5079 1212 5136 hoc
1233 5083 1501 5137 ostendat
1526 5083 1834 5156 ministris,

189 5169 250 5224 id
283 5173 376 5225 est
407 5169 752 5226 ministeriis
783 5169 902 5238 Dei,
939 5174 1158 5242 quanta
1195 5171 1514 5227 reverentia
1537 5173 1837 5242 debeatur,

190 5261 258 5313 ut
288 5274 405 5314 non
439 5259 552 5315 nisi
574 5275 677 5332 per
697 5275 795 5315 eos
815 5263 872 5315 et
892 5275 994 5331 per
1012 5275 1080 5314 ea
1100 5262 1297 5331 pateat
1324 5259 1504 5317 salus.
1531 5262 1676 5317 Nam
1709 5279 1843 5318 mox

191 5351 259 5403 ut
289 5347 542 5404 Ananias
594 5347 877 5422 imposuit
932 5347 1109 5404 Paulo
1169 5365 1403 5417 manus,
1436 5351 1744 5407 ceciderunt
1775 5354 1842 5409 ab

186 5436 365 5492 oculis
396 5437 514 5508 ejus
545 5445 807 5512 tanquam
834 5452 1097 5510 squamae,
1132 5439 1478 5509 serpentium
1509 5439 1766 5508 malitiae,
1787 5447 1845 5500 et

188 5524 684 5584 illuminatusest.
700 5528 918 5584 Etcum
932 5526 1251 5597 accepisset
1273 5528 1490 5598 cibum,
1506 5534 1626 5586 tam
1648 5547 1846 5604 corpo-

188 5615 376 5673 ralem
411 5633 590 5688 quam
623 5616 1008 5690 spiritualem,
1029 5614 1389 5673 confortatus
1407 5625 1507 5676 est.
1533 5621 1650 5677 Hoc
1672 5625 1846 5681 modo

1945 4741 2006 4782 se
2035 4723 2398 4789 humiliaret,
2419 4721 2652 4777 timeret
2682 4727 2738 4776 ct
2769 4721 3054 4792 vigilaret,
3083 4727 3139 4778 et
3169 4740 3283 4778 non
3314 4722 3372 4778 in
3405 4725 3597 4791 se,sed

1947 4815 2003 4868 in
2037 4814 2152 4869 Deo
2185 4829 2245 4868 se
2279 4827 2449 4884 posse
2481 4814 2639 4866 stare
2671 4811 3008 4866 confideret.
3035 4812 3184 4867 Audi
3215 4817 3432 4880 tamen,
3464 4828 3596 4885 pec-

1945 4907 2124 4959 cator.
2149 4902 2272 4956 Non
2297 4899 2644 4971 proponitur
2667 4899 2770 4953 tibi
2797 4899 3011 4956 Paulus
3037 4901 3096 4955 in
3119 4899 3451 4974 exemplum
3473 4917 3601 4974 pec-

1947 4991 2139 5056 candi,
2177 4990 2274 5045 sed
2309 4988 2650 5060 pcnnitendi.
2687 4987 2745 5043 Si
2780 4993 3019 5044 secutus
3051 5005 3113 5045 es
3145 4995 3602 5062 peccantem,se-

1947 5096 2125 5152 quere
2159 5078 2557 5150 poeuitentcm.
2590 5077 2669 5132 Ne
2719 5076 2956 5133 differas
2994 5079 3065 5133 de
3097 5078 3187 5136 die
3215 5079 3276 5134 in
3309 5079 3484 5136 diem.
3519 5080 3602 5138 Ne

1951 5167 2196 5239 adjicias
2228 5171 2533 5240 peccatum
2567 5184 2744 5238 super
2777 5172 3102 5238 peccatum,
3128 5172 3184 5222 et
3204 5168 3402 5224 dicas:
3437 5169 3606 5226 Mise-

1951 5257 2097 5314 ratio
2123 5257 2216 5312 Dei
2243 5271 2458 5326 magna
2479 5261 2589 5321 est,
2614 5262 2990 5327 peccatorum
3015 5273 3277 5312 meorum
3300 5257 3602 5314 miserebi-

1951 5352 2065 5402 tur.
2089 5346 2286 5417 Neque
2312 5344 2468 5399 enim
2492 5344 2627 5415 vita,
2647 5360 2841 5416 neque
2863 5344 3220 5418 poenitentia,
3236 5349 3324 5402 est
3342 5347 3404 5401 in
3427 5362 3608 5402 manu

1953 5434 2231 5502 hominis,
2265 5433 2364 5488 sed
2398 5432 2455 5488 in
2490 5449 2672 5489 manu
2704 5433 2833 5493 Dei.
2867 5433 2974 5501 Qui
3020 5433 3172 5490 sicut
3202 5433 3526 5490 humilibus
3553 5437 3612 5489 et

1955 5524 2298 5581 timentibus
2331 5539 2434 5594 per
2467 5520 2944 5584 misericordiam
2977 5539 3144 5578 suam
3169 5527 3402 5593 tempus
3432 5519 3614 5594 poeni-

1957 5612 2150 5671 tentia:
2177 5611 2400 5680 tribuit,
2416 5613 2498 5670 ita
2515 5613 3024 5686 praesumentibus
3040 5613 3097 5666 et
3116 5606 3618 5667 contemnentibus
