3980 6084
427 354 587 419 1335
1699 352 2101 422 RADULPHI
2142 351 2567 421 ARDENTIS.
3675 351 3846 422 tam

423 507 534 564 per
552 490 846 564 justitiam
897 492 1042 550 illud
1092 493 1404 550 subtrahit.
1434 493 1654 565 Itaque,
1687 492 1895 548 fratres
1937 491 2070 560 mei,
2103 490 2158 558 Α
2185 489 2380 563 liquit,
2404 495 2461 547 et
2482 492 2865 565 cupiditatem
2885 493 3134 550 habendi
3158 493 3394 566 penitus
3413 491 3845 567 deposuit.Duo

429 581 530 655 qui
543 583 747 654 justus
768 587 856 639 est
876 599 944 638 ex
969 583 1160 650 nobis,
1182 584 1323 639 dum
1357 587 1444 638 est
1475 583 1532 637 in
1560 582 1668 637 hac
1690 580 1915 636 lubrica
1937 580 2077 652 vita,
2185 579 2343 636 enim
2368 581 3683 656 sunt,relinquerecupiditatem,etrelinquere
3696 597 3844 639 rem.

429 687 663 744 semper
691 671 895 728 timeat
922 677 978 728 et
1008 672 1226 744 vigilet,
1259 677 1316 728 ct
1353 671 1453 743 qui
1502 675 1775 743 peccator
1820 675 1928 737 est,
1964 686 2079 725 non
2185 667 2448 723 Alterum
2465 672 2553 725 est
2567 671 3112 742 praecepti,alterum
3127 670 3845 744 veroconsilii.Relinque-

427 762 714 832 desperet,
750 763 850 817 sed
884 762 1024 817 dum
1057 761 1210 828 licet,
1244 761 1315 816 ad
1354 760 1676 816 remedium
1728 759 2077 832 pmnitentiaa
2185 771 2249 812 re
2273 757 2488 829 quippe
2513 759 2894 830 cupiditatem
2926 765 3195 815 tenemur
3216 776 3285 815 ex
3306 764 3614 833 praecepto.
3648 757 3847 816 Relin-

429 849 681 916 festinet,
721 854 1164 923 compungatur,
1199 849 1404 922 ploret,
1439 851 1803 916 conﬁteatur,
1827 853 1882 903 et
1908 848 2079 904 bonis
2188 863 2365 918 quere
2378 864 2509 902 vero
2533 865 2653 903 rem
2681 865 2794 904 non
2823 854 3110 917 tenemur,
3128 850 3227 905 sed
3251 849 3848 906 monemurexconsi-

430 939 704 1013 operibus
737 939 987 996 redimat
1017 944 1252 1012 peccata
1275 956 1400 1008 sua,
1427 944 1722 1011 quatenus
1744 937 1975 1009 utrique
2003 936 2081 992 vi-

428 1028 549 1084 tam
582 1044 914 1084 mereamur
942 1029 1222 1101 consequi
1258 1028 1695 1100 sempiternam.
1731 1027 1837 1082 Per
1882 1025 2078 1082 Domi-

423 1134 575 1173 .num
626 1121 896 1173 nostrum
944 1119 1146 1174 Jesum
1197 1117 1492 1173 Christum
1539 1116 1637 1190 qui
1666 1133 1798 1172 cum
1829 1119 1998 1171 Patre
2025 1119 2082 1171 et

431 1206 652 1280 Spiritu
687 1211 889 1263 sancto
919 1206 1059 1263 vivit
1089 1213 1146 1264 et
1175 1211 1377 1281 regnat
1411 1209 1584 1274 Deus,
1619 1221 1722 1279 per
1751 1205 1949 1260 omnia
1969 1221 2080 1260 sse-

431 1295 566 1352 cula
596 1295 965 1352 saeculorum.
997 1298 1202 1352 Amen.

687 1387 802 1442 Vita
832 1387 894 1441 D.
927 1385 1096 1442 Pauli
1126 1387 1377 1458 apostoli,
1407 1401 1508 1458 per
1541 1384 1830 1441 Isidorum.

506 1473 743 1542 Paulus,
769 1475 870 1547 qui
893 1478 1064 1530 antea
1092 1471 1641 1547 Saulus,apostolus
1671 1472 1952 1545 gentium,
1979 1470 2082 1547 ad-

437 1551 678 1602 vocatus
707 1543 1116 1614 Judzsorum,a
1147 1543 1474 1602 Christo—de
1505 1545 1646 1601 coelo
1675 1543 2080 1610 vocatus,etin

437 1621 598 1690 terra
628 1622 974 1690 prostratus,
1007 1619 1106 1690 qui
1139 1618 1404 1674 oculatus
1435 1616 1661 1690 cecidit,
1686 1620 1933 1690 Caecatus
1961 1632 2083 1669 sur-

436 1689 602 1760 rexit,
628 1686 694 1744 ex
717 1686 1087 1760 persecutore
1119 1690 1303 1744 factus
1335 1694 1422 1745 est
1450 1706 1550 1760 vas
1573 1686 1984 1760 electionis,ret
2015 1703 2084 1741 ex

433 1759 586 1833 lupo
604 1759 812 1833 agnus,
846 1761 998 1816 inter
1047 1759 1338 1833 apostolos
1369 1759 1668 1833 vocatione
1700 1759 2080 1833 novissimus,

435 1830 1190 1914 prigdicationelprimusﬂn
1210 1833 1336 1905 lege
1366 1830 1701 1914 Qamalielis
1731 1830 2080 1914 discipulus,

434 1899 495 1958 in
517 1903 826 1975 Evangelia
847 1899 1059 1959 Christi
1083 1899 1302 1968 servus",
1318 1904 1488 1975 cujus
1512 1903 1701 1975 patria
1722 1899 1926 1957 Judaia
1949 1899 2077 1975 fuit,

434 1990 621 2048 genus
642 1971 712 2030 de
732 1975 888 2048 tribu
912 1975 1346 2048 Benjamin.liic
1364 1971 1620 2048 secundo
1642 1979 1774 2046 post
1792 1971 2080 2048 ascensio-

433 2043 567 2124 nem
586 2045 818 2124 Domini
837 2063 991 2124 anno
1009 2043 1708 2124 baptizatus,dignitate'm
1725 2043 1938 2124 meruit
1950 2060 2082 2124 apo-

435 2115 892 2189 _stolatus,atque
915 2117 1047 2189 plus
1078 2113 1354 2173 omnibus
1385 2113 1879 2189 laborans,mu|_to
1903 2113 2080 2169 latius

434 2186 858 2261 intercateros
887 2186 1044 2261 verbi
1095 2189 1194 2244 Dei
1249 2188 1496 2261 gratiam
1543 2186 1873 2261 seminavit,
1905 2190 2082 2261 atque

435 2257 762 2332 doctrinam
780 2260 1170 2332 evangelicam
1193 2257 1302 2316 su'a
1321 2259 1731 2332 praedicatione
1747 2257 2078 2332 complevit,

434 2329 823 2411 incipiens_ab
855 2329 1271 2411 Hierosolymis
1302 2329 1489 2411 usque
1519 2332 1590 2386 ad
1625 2329 1994 2411 Illyricumet
2019 2329 2078 2411 in

437 2397 685 2474 Italiam,
713 2397 1168 2474 Hispangiaque
1200 2397 1586 2474 proces_sit,ac
1618 2397 1840 2474 no'rneni
1863 2399 2074 2455 Christi

435 2471 758 2546 multarum
781 2471 1039 2546 gentium
1061 2471 1296 2546 populis
1316 2471 1711 2546 manilestavit
1728 2472 1940 2544 quibus
1963 2487 2078 2526 non

435 2543 624 2599 fuerat
639 2543 1026 2617 declaratum.
1046 2543 1226 2617 Cuj—us
1248 2543 1532 2617 miracula
1553 2544 1667 2617 ista
1686 2543 1813 2599 esse
1831 2560 2080 2617 noscun-

435 2619 534 2670 tur
566 2633 615 2688 :A
643 2620 845 2688 raptus
901 2615 1141 2688 tertium
1199 2615 1406 2688 cmlum
1461 2616 1763 2688 ascendit,
1795 2615 2076 2688 seducen—

434 2690 562 2760 tem
588 2686 863 2760 Pythonis
893 2687 1166 2760 spiritum
1197 2687 1504 2760 imperata
1525 2686 1881 2760 discessione
1912 2686 2077 2760 dam-

435 2757 1026 2830 navit—adolescenti
1087 2757 1314 2814 mortuo
1372 2757 1604 2814 vitalem
1669 2757 2080 2830 redintegravit

433 2826 729 2902 Spiritum,
762 2830 1014 2902 caecitate
1063 2830 1357 2902 praeclusit
1415 2831 1672 2901 Magum,
1705 2826 1923 2902 claudo
1946 2845 2076 2901 pro-

431 2899 628 2972 prium
686 2901 1022 2957 reformavit
1064 2899 1396 2969 incessum,
1457 2899 1564 2956 diri
1622 2901 1912 2972 serpentis
1953 2899 2076 2955 nec

430 2971 622 3028 sensit
676 2974 1133 3046 morsumtsed
1190 2973 1310 3046 igni
1388 2973 1547 3028 dedit
1594 2971 1911 3046 arsurum,
1971 2988 2077 3046 pa-

433 3047 580 3098 trem
615 3043 789 3099 etiam
837 3044 1021 3100 Publii
1049 3063 1082 3100 a
1112 3043 1374 3100 febribus
1431 3044 1649 3099 orando
1709 3043 1953 3099 sanavit.
1991 3043 2075 3098 Ob

434 3131 692 3197 amorem
753 3133 983 3197 quoque
1025 3115 1245 3197 ‘Christi
1309 3115 1524 3197 multas
1564 3115 1866 3197 passiones
1896 3115 2074 3197 susti-

433 3187 582 3259 nuit,
608 3185 666 3259 in
690 3185 905 3259 primis
928 3186 1206 3242 Judaicas
1237 3185 1690 3259 persecutiones,
1723 3192 1778 3259 et
1809 3185 2072 3258 gentium

2189 934 2742 1007 lio.Sicupiditatem
2759 955 2872 993 non
2890 937 3751 1010 relinquimus,damnamur.Si
3764 955 3846 994 ve-

2190 1041 2252 1079 ro
2292 1040 2414 1079 rem
2455 1042 2570 1081 non
2610 1025 3021 1099 relinquimus,
3047 1041 3162 1082 non
3194 1025 3325 1082 ideo
3356 1027 3732 1095 damnamur,
3747 1028 3843 1083 sed

2187 1113 2558 1185 quodamodo
2571 1113 3201 1186 impedimur.Quidam
3218 1111 3400 1189 igitur
3413 1118 3663 1188 suntqui
3679 1116 3847 1172 relin-

2190 1207 2379 1274 quunt
2390 1202 2774 1274 cupiditatem
2791 1209 2847 1260 et
2861 1219 2982 1260 rem
2993 1204 3382 1276 ;quidam,qui
3397 1205 3780 1276 cupiditatem
3793 1212 3845 1261 et

2191 1307 2306 1346 non
2321 1307 2472 1360 rem;
2495 1292 2760 1363 quidam,
2779 1293 2878 1365 qui
2895 1309 3038 1362 rem,
3055 1297 3111 1349 et
3124 1307 3238 1349 non
3251 1292 3653 1366 cupiditatem.
3670 1295 3842 1368 Cupi-

2192 1379 2435 1436 ditatem
2448 1384 2506 1436 et
2519 1396 2640 1436 rem
2655 1381 3022 1453 reliquerunt
3035 1382 3367 1454 apostoli,et
3378 1397 3580 1438 eorum
3595 1383 3845 1440 imitato-

2191 1483 2306 1534 res,
2329 1468 2430 1540 qui
2453 1472 2508 1524 et
2530 1467 2913 1542 cupiditatem
2937 1468 3189 1526 habendi
3222 1470 3458 1542 penitus
3480 1486 3514 1525 a
3534 1487 3599 1527 se
3617 1470 3841 1543 abjece-

2192 1561 2348 1624 runt,
2363 1556 2628 1613 etomnia
2639 1557 2815 1614 etiam
2835 1558 3164 1623 necessaria
3177 1558 3558 1631 reliquerunt.
3573 1559 3844 1626 Quibusa

2191 1646 2438 1702 Domino
2470 1647 2718 1703 dicitur:
2755 1672 2780 1698 ‹‹
2799 1647 2954 1703 Nihil
2979 1647 3234 1704 tuleritis
3265 1647 3324 1703 in
3353 1647 3466 1716 via,
3501 1663 3694 1722 neque
3721 1661 3843 1706 sae-

2191 1735 2414 1800 culum,
2440 1752 2626 1808 neque
2659 1752 2880 1808 peram,
2899 1751 3088 1809 neque
3119 1736 3580 1792 calceamentum
3603 1737 3844 1808 (επακ),

2192 1829 2336 1880 etc.»
2369 1824 2594 1891 Quibus
2623 1825 2796 1880 debet
2825 1841 2954 1881 esse
2986 1825 3045 1880 in
3078 1821 3194 1881 Deo
3226 1829 3388 1880 tanta
3419 1826 3660 1894 ﬁducia,
3693 1829 3844 1900 quod

2191 1913 2301 1970 etsi
2333 1929 2448 1968 non
2481 1917 2711 1984 portent
2733 1913 3078 1980 ista,tamen
3112 1929 3216 1985 pro
3242 1917 3397 1970 certo
3427 1913 3704 1980 habeant,
3734 1916 3846 1972 Deo

2191 2002 2549 2074 providente,
2585 2002 2746 2057 nulla
2806 2002 2916 2058 sibi
2978 2003 3271 2058 defutura.
3306 2003 3471 2059 Unde
3514 2003 3844 2061 Dominus:

2189 2089 2727 2162 «Quando,inquit,
2749 2090 2884 2147 misi
2913 2109 3015 2148 vos
3047 2092 3174 2147 sine
3204 2107 3362 2164 pera,
3381 2097 3440 2147 et
3468 2107 3638 2148 sacco
3653 2092 3842 2148 etcal-

2187 2179 2524 2246 ceamentis,
2560 2179 2824 2251 nunquid
2859 2179 3082 2252 aliquid
3116 2177 3306 2236 defuit
3333 2178 3538 2236 vobis?
3553 2181 3666 2248 Qui
3685 2181 3840 2238 dixe-

2188 2272 2327 2323 runt
2357 2286 2373 2322 :
2406 2267 2562 2323 Nihil
2596 2269 2750 2336 (Luc:
2778 2271 2936 2340 χχιι).
2973 2290 3000 2318 »
3034 2270 3197 2336 Quod
3249 2271 3445 2342 aperte
3493 2267 3585 2326 est
3641 2275 3840 2327 contra

2188 2356 2660 2429 claustrales,qui
2685 2363 2998 2430 postquam
3023 2358 3223 2414 omnia
3243 2354 3837 2432 reliquerunt,rursus

2188 2446 2261 2501 ad
2293 2445 2628 2501 habendum
2677 2446 2945 2503 sacculos
2975 2451 3032 2503 et
3064 2447 3296 2513 bursas,
3323 2463 3428 2520 per
3455 2448 3832 2520 capiditatem

2187 2535 2452 2604 redeunt,
2481 2535 2616 2591 facti
2636 2535 2949 2592 deteriores
2965 2535 3150 2591 multo
3181 2553 3358 2609 quam
3390 2537 3724 2606 saeculares,
3739 2538 3834 2611 qui

2187 2641 2286 2680 eas
2343 2624 2499 2680 licite
2563 2625 2884 2698 possident.
2942 2625 3334 2697 Cupiditatem
3392 2643 3545 2697 vero,
3607 2632 3668 2684 et
3725 2643 3834 2683 non

2165 2714 2334 2781 "rem,
2365 2713 2709 2786 relinquunt
2740 2714 2874 2769 boni
2907 2715 3235 2783 saeculares,
3269 2713 3369 2787 qui
3399 2733 3636 2772 omnem
3672 2715 3833 2772 illicio

2187 2805 2306 2856 tam
2345 2801 2729 2874 cupiditatem
2773 2802 3135 2875 relinquunt,
3170 2820 3262 2860 res
3305 2819 3437 2860 vero
3480 2803 3595 2860 sibi
3643 2821 3835 2862 neces-

2187 2890 2373 2966 sarias
2405 2907 2519 2946 non
2562 2890 2923 2964 relinquunt.
2955 2891 3101 2948 Nam
3160 2909 3252 2948 res
3309 2893 3644 2966 superﬂuas
3703 2894 3834 2950 reti-

2186 2997 2343 3046 nere,
2375 2979 2612 3036 cuilibet
2669 2981 3004 3038 damnabile
3059 2985 3166 3038 est.
3227 2982 3334 3050 Qui
3394 2999 3530 3056 ergo
3594 2999 3690 3040 res
3741 3001 3835 3041 su-

2185 3069 2655 3140 perabundantes
2685 3074 2741 3125 et
2769 3070 3100 3142 superfluas
3130 3071 3408 3143 possidet,
3440 3088 3538 3128 eas
3571 3072 3833 3145 pupillis,

2188 3157 2378 3214 viduis
2411 3163 2468 3214 et
2496 3159 2694 3232 egenis
2719 3165 2934 3231 eroget,
2967 3177 3039 3215 ne
3069 3160 3217 3215 forte
3267 3161 3368 3216 fiat
3414 3176 3551 3216 reus
3603 3167 3836 3235 propter

433 3232 726 3340 miserias,
745 3263 806 3340 et
827 3258 1106 3326 laborem,
1123 3265 1181 3314 et
1212 3232 1446 3340 famem,
1463 3257 1644 3340 sitim,
1672 3232 1957 3340 iriguosnet
1978 3275 2070 3312 nu-

2184 3246 2441 3318 inopiam
2464 3251 2547 3302 tot
2570 3247 2940 3320 pereuntium
2959 3249 3316 3318 animarum,
3337 3255 3480 3322 quot
3501 3232 3700 3322 potuit
3715 3232 3834 3308 sus-

434 3328 699 3402 ditatem,
727 3331 818 3386 die
840 3345 906 3385 ac
928 3335 1118 3398 nocte,
1145 3329 1416 3402 profundi
1450 3328 1775 3402 naufragia,
1790 3328 1949 3383 mille
1973 3344 2074 3400 pe-

436 3400 642 3466 ricula,
678 3401 918 3466 ferrum,
951 3399 1211 3466 verbera,
1267 3399 1585 3456 carcerales
1635 3399 1921 3464 ténebras,
1957 3399 2075 3455 tor-

435 3475 636 3526 menta
691 3477 1052 3539 catenarum,
1103 3471 1324 3528 calores
1375 3477 1433 3527 et
1487 3470 1739 3526 vincula.
1771 3471 1926 3526 Inter
1955 3471 2074 3525 haec

429 3540 757 3623 ligaturhet
785 3543 1004 3623 Judaeis
1036 3543 1660 3623 traditur,a_gentib_us
1692 3541 1984 3623 lapidatur
1999 3543 2072 3623 ad

305 3671 316 3677 _
425 3625 652 3679 necem,
677 3613 733 3686 in
757 3619 954 3686 sporta
977 3632 1078 3686 per
1101 3631 1340 3669 murum
1359 3613 1878 3686 dimittitur,virgis
1899 3614 2039 3668 caedi
2055 3644 2074 3655 -

424 3687 542 3756 tur,
577 3685 766 3756 pinnis
797 3685 1066 3742 ’arctatur
1097 3686 1171 3756 in
1197 3702 1444 3753 carcere,
1479 3685 1708 3740 vinctus
1739 3689 2071 3756 terraemotu

426 3755 935 3828 facto’resolvitur.
970 3759 1044 3812 Ac
1073 3755 1346 3812 ultimum
1379 3774 1412 3811 a
1445 3757 1668 3811 Nerone
1697 3755 1892 3828 gladio
1921 3756 2071 3828 occi-

425 3825 584 3881 ditur
613 3843 678 3882 eo
711 3825 803 3882 die
836 3845 950 3900 quo
981 3829 1274 3900 etPetrus
1307 3829 1620 3900 crucifixus
1650 3825 1755 3882 est.
1791 3826 1884 3882 Sic
1913 3827 2068 3900 enim

424 3901 763 3969 oportuerat
795 3898 870 3954 ut
889 3899 927 3954 ii
963 3898 1061 3971 qui
1094 3899 1266 3955 simul
1301 3899 1552 3954 confessi
1587 3903 1746 3971 sunt,
1799 3916 1914 3971 uno
1977 3899 2071 3954 die

422 3973 856 4025 coronarentur.
880 3969 1156 4038 Sepultus
1177 3976 1264 4026 est
1288 3972 1480 4026 Roma:
1502 3971 1594 4026 via
1614 3969 1889 4038 Ostiensi,
1917 3987 2069 4025 anno

420 4045 556 4167 post
587 4041 920 4113 passionem
944 4040 1174 4097 Domini
1197 4042 1497 4114 trigesimo
1517 4046 1700 4107 sexto,
1732 4040 1904 4096 tertio
1938 4041 2069 4096 mil-

445 4112 589 4167 iario
622 4112 694 4167 ab
725 4113 868 4167 urbe
900 4118 1103 4167 contra
1131 4113 1470 4167 orientalem
1503 4112 1756 4167 plagam.

445 4112 604 4168 iario”
622 4112 694 4168 ab
725 4113 868 4168 urbe
900 4118 1103 4169 contra
1131 4112 1470 4170 orientalem
1503 4112 1756 4186 plagam.

985 4333 1044 4372 ΙΝ
1075 4332 1265 4372 EODEM
1306 4333 1473 4372 FESTO
1483 4357 1494 4371 .

485 4405 646 4461 Dixit
675 4406 870 4462 Simon
897 4403 1088 4468 Retrus
1117 4406 1186 4462 ad
1209 4407 1391 4462 Jesum
1410 4424 1428 4461 :
1461 4408 1589 4460 Ecce
1618 4421 1715 4460 nos
1741 4405 2067 4476 reliquimus

414 4495 605 4552 omnia
649 4501 702 4549 et
746 4497 919 4550 secuti
963 4511 1152 4551 sumus
1210 4504 1279 4550 te.
1334 4495 1475 4563 Quid
1531 4510 1658 4563 ergo
1713 4495 1820 4548 erit
1871 4493 2067 4548 nobis?

413 4582 623 4651 (Matth.
655 4586 796 4650 x1x.)
843 4585 914 4638 Et
963 4583 1207 4656 reliqua.
1260 4584 1450 4655 Hujus
1489 4580 1835 4656 evangelica:
1865 4579 2064 4636 lectio-
2097 4603 2142 4668 Ι)

412 4671 527 4740 nis,
554 4671 760 4728 fratres
785 4671 1138 4740 charissimi,
1163 4677 1280 4728 tres
1303 4675 1441 4728 sunt
1461 4675 1675 4742 partes.
1695 4669 1886 4725 Primo
1907 4669 2064 4725 enim

413 4759 556 4816 dicit
576 4760 779 4815 Petrus
801 4760 1046 4816 Domino
1068 4761 1209 4833 quid
1235 4768 1470 4834 propter
1495 4759 1809 4815 Dominum
1844 4759 2060 4815 fecerit.

411 4849 679 4905 Secundo
740 4849 942 4921 quaerit
1001 4850 1141 4923 quid
1176 4850 1311 4906 boni
1345 4851 1478 4906 inde
1510 4852 1930 4905 consecuturus
1960 4847 2057 4904 sit.

409 4938 608 4996 Tertio
640 4939 954 5010 quaasitum
987 4940 1038 4995 ei
1071 4941 1354 4996 Dominus
1387 4937 1850 5011 cxponit.Primo
1882 4937 2062 5010 igitur

409 5027 614 5098 Petrus
647 5027 788 5100 quid
815 5034 1050 5101 propter
1071 5029 1386 5085 Dominum
1411 5026 1608 5083 fecerit
1629 5025 1900 5093 ostendit,
1922 5042 2057 5081 cum

407 5117 548 5172 dicit
581 5132 593 5170 :
627 5117 756 5172 Ecce
785 5133 882 5172 nos
911 5119 1238 5188 reliquimus
1278 5119 1462 5173 omnia
1490 5125 1542 5173 et
1568 5118 1739 5172 secuti
1767 5132 1954 5170 sumus
1984 5123 2053 5170 te.

403 5205 582 5261 Porro
605 5223 738 5260 cum
763 5205 969 5261 Petrus
993 5205 1187 5262 nullas
1218 5207 1274 5262 in
1310 5207 1415 5261 hoc
1441 5206 1660 5261 mundo
1693 5204 1926 5260 divitias
1949 5204 2052 5259 ha-

402 5292 652 5364 buisset,
684 5295 784 5349 sed
817 5310 884 5348 ex
915 5298 1036 5349 arte
1069 5295 1383 5367 piscatoria
1414 5299 1710 5366 utcunque
1733 5311 1792 5349 se
1815 5296 2053 5348 susten-

400 5383 551 5436 taret
583 5397 595 5437 :
629 5381 768 5452 quia
794 5398 907 5438 non
939 5382 1130 5438 solum
1172 5399 1374 5438 navem
1406 5389 1462 5440 et
1493 5383 1636 5439 retia
1669 5381 1922 5454 reliquit,
1949 5381 2050 5436 sed

401 5469 598 5524 omnia
629 5469 937 5542 reliquisse
967 5470 1127 5538 dicit,
1155 5488 1221 5527 eo
1271 5474 1421 5545 quod
1459 5472 1773 5544 reliquerat
1813 5486 2046 5526 omnem

397 5556 780 5628 cupiditatem
813 5559 1085 5616 habendi.
1122 5562 1310 5617 Tanta
1359 5561 1514 5617 enim
1577 5561 1795 5615 indicat
1825 5577 1886 5614 se
1914 5557 2045 5614 reli-

396 5647 598 5716 quisse
629 5654 850 5721 quanta
879 5654 1105 5723 poterat
1135 5651 1445 5723 cupivisse.
1474 5649 1684 5706 Omnia
1703 5649 1884 5722 igitur
1914 5647 2046 5703 reli-

396 5736 658 5809 quit,qui
685 5743 743 5795 et
770 5739 914 5796 illud
947 5739 1258 5796 minimum
1284 5741 1438 5812 quod
1460 5739 1938 5805 habebat,totum
1964 5753 2045 5792 re-

2183 3337 2408 3391 tentare
2439 3352 2507 3390 ex
2541 3337 2713 3392 rebus
2771 3353 2920 3409 quas
2980 3338 3274 3410 superflue
3323 3338 3535 3394 retinet
3561 3341 3726 3412 apud
3757 3357 3828 3396 se.

2185 3423 2348 3480 Unde
2377 3424 2634 3480 Joannes
2665 3426 2962 3498 Baptista:
2997 3449 3024 3476 ‹‹
3053 3427 3160 3492 Qui
3194 3425 3368 3482 habet
3398 3427 3546 3483 duas
3577 3429 3828 3494 tunicas,

2183 3513 2281 3568 det
2305 3531 2484 3568 unam
2513 3530 2632 3568 non
2663 3514 2901 3570 habenti
2920 3532 2933 3582 ;
2953 3519 3010 3570 et
3030 3515 3132 3586 qui
3154 3515 3328 3571 habet
3356 3531 3542 3584 escas,
3563 3516 3830 3573 similiter

2183 3602 2358 3658 faciat
2378 3604 2526 3670 (Luc.
2552 3607 2694 3671 m).»
2719 3603 2863 3658 Nam
2879 3605 3050 3675 juxta
3071 3604 3356 3660 Joannem
3380 3605 3826 3678 evangelistam:

2182 3715 2209 3742 «
2235 3692 2295 3747 Si
2316 3693 2451 3764 quis
2473 3693 2742 3748 habuerit
2773 3692 3166 3749 substantiam
3197 3693 3377 3766 hujus
3399 3695 3638 3770 mundi,
3671 3703 3728 3752 et
3752 3697 3829 3750 vi-

2181 3782 2326 3837 dens
2347 3783 2584 3838 fratrem
2608 3799 2780 3837 suum
2803 3782 3214 3838 necessitatem
3231 3783 3576 3855 patientem,
3600 3790 3664 3841 et
3678 3785 3826 3841 clau-

2181 3870 2324 3926 serit
2353 3869 2575 3926 viscera
2603 3861 2711 3926 sua
2741 3871 2812 3926 ab
2843 3888 2932 3939 eo,
2966 3871 3259 3942 quomodo
3291 3868 3547 3928 charitas
3581 3873 3688 3929 Dei
3719 3889 3829 3930 ma-

2180 3965 2278 4014 net
2305 3958 2364 4014 in
2394 3959 2500 4015 eo?
2525 3983 2553 4008 η
2584 3960 2632 4028 (1
2657 3961 2815 4016 Joan.
2851 3964 2953 4027 III.)
2986 3959 3126 4015 Rem
3179 3964 3376 4016 autem
3425 3965 3484 4016 et
3513 3976 3637 4018 non
3671 3963 3827 4035 cupi-

2179 4048 2421 4104 ditatem
2453 4048 2793 4121 relinquunt
2826 4047 3001 4116 avari,
3039 4047 3450 4122 qui,quamvis
3479 4049 3568 4106 vel
3603 4067 3710 4124 per
3738 4067 3825 4108 ex-

2178 4136 2486 4206 actionem,
2511 4136 2597 4192 vel
2623 4155 2725 4210 per
2743 4143 2992 4195 mortem
3029 4137 3261 4195 divitias
3292 4139 3506 4195 habere
3531 4139 3822 4209 desinant,

2175 4229 2371 4282 tamen
2395 4243 2500 4283 nec
2520 4225 2578 4282 in
2603 4231 2789 4283 morte
2809 4244 2905 4283 eas
2931 4228 3285 4300 panperibus
3301 4243 3540 4301 erogare
3557 4235 3823 4301 possunt;

2176 4313 2246 4370 de
2277 4315 2491 4387 quibus
2520 4315 2802 4388 scriptum
2838 4323 2924 4371 est
2952 4333 2963 4372 :
2999 4340 3028 4367 «
3062 4318 3128 4372 Et
3159 4315 3493 4389 relinquent
3517 4316 3734 4374 alienis
3751 4317 3826 4373 di-

2174 4402 2346 4459 vitias
2377 4421 2538 4473 suas,
2572 4408 2629 4460 et
2657 4404 2924 4476 sepulcra
2958 4420 3184 4474 eorum,
3215 4406 3429 4461 domus
3459 4421 3596 4462 vero
3627 4423 3821 4464 eorum

2174 4491 2232 4547 in
2258 4498 2537 4548 aeternum
2561 4495 2731 4563 (Psal.
2766 4494 2977 4564 xnvm).
3000 4517 3028 4546 »
3057 4495 3259 4566 Itaque
3290 4495 3496 4550 Petrus
3526 4496 3634 4568 qui
3668 4495 3822 4569 cupi-

2174 4581 2412 4636 ditatem
2444 4585 2502 4637 et
2532 4582 2729 4638 omnia
2759 4583 2934 4638 etiam
2968 4583 3297 4640 necessaria
3327 4582 3668 4656 reliquerat,
3700 4599 3821 4641 vere

2176 4670 2407 4726 dicebat
2439 4687 2453 4726 :
2487 4672 2615 4727 Ecce
2641 4689 2739 4727 nos
2771 4675 3098 4744 reliquimus
3126 4675 3332 4740 omnia,
3364 4681 3416 4728 et
3440 4677 3622 4729 secuti
3640 4689 3820 4731 sumus

2173 4766 2261 4820 te:
2295 4760 2523 4815 nudum
2561 4761 2726 4828 nudi,
2761 4761 3095 4834 expeditum
3125 4761 3398 4833 expediti.
3431 4762 3510 4817 Ac
3541 4763 3596 4818 si
3630 4769 3820 4836 aperte

2172 4847 2327 4903 dicat
2351 4865 2363 4902 :
2390 4849 2513 4904 Non
2538 4851 2721 4906 secuti
2755 4867 2964 4906 sumus
2987 4853 3062 4917 te,
3088 4855 3154 4906 ut
3181 4849 3420 4922 quidam
3453 4849 3672 4919 solent,
3693 4869 3816 4924 pro.

2169 4942 2298 5008 pter
2327 4936 2556 4993 lucrum
2589 4940 2878 5010 majorum
2910 4939 3245 4995 divitiarum
3275 4937 3814 5012 saecularium,cum

2167 5041 2265 5080 eas
2288 5043 2402 5082 non
2428 5028 2751 5098 possideas,
2778 5030 2878 5084 sed
2905 5033 3135 5084 tantum
3160 5032 3395 5100 propter
3423 5028 3814 5101 teipsum.Se-

2165 5113 2367 5186 quitur
2387 5133 2522 5187 pars
2543 5118 2821 5184 secunda,
2844 5117 2903 5172 in
2927 5133 3042 5190 qua
3066 5117 3270 5174 Petrus
3291 5117 3500 5189 quarit
3515 5119 3665 5189 quid
3688 5118 3813 5174 inde

2163 5203 2297 5258 boni
2332 5205 2408 5259 sit
2437 5210 2883 5273 consecuturus,
2919 5223 3051 5262 cum
3084 5205 3285 5262 subdit
3317 5223 3331 5261 :
3367 5206 3508 5274 Quid
3537 5223 3671 5277 ergo
3715 5210 3813 5263 erit

2161 5294 2359 5348 nobis?
2386 5295 2464 5349 Ac
2496 5294 2544 5349 si
2577 5300 2773 5368 aperte
2805 5295 2962 5351 dicat
2995 5312 3008 5350 :
3043 5295 3406 5362 Mandatum,
3427 5295 3739 5350 consilium
3756 5299 3808 5349 et

2159 5381 2490 5455 exemplum
2525 5387 2690 5440 tuum
2715 5385 2898 5441 secuti
2922 5401 3130 5440 sumus
3157 5402 3170 5453 ;
3195 5385 3352 5456 quod
3381 5388 3473 5440 est
3501 5383 3648 5439 illud
3671 5401 3802 5456 prie-

2159 5468 2344 5526 mium
2377 5474 2530 5544 quod
2565 5474 2888 5544 promisisti
2923 5474 3118 5542 nobis,
3141 5475 3341 5530 dicens
3369 5491 3382 5528 :
3417 5496 3446 5524 «
3479 5473 3538 5530 Si
3569 5474 3657 5528 vis
3686 5485 3802 5527 esse

2155 5560 2468 5630 perfectus,
2502 5564 2663 5631 vade,
2685 5568 2741 5619 et
2771 5561 2954 5618 vende
2977 5564 3177 5619 omnia
3195 5579 3325 5636 qua
3348 5563 3550 5629 habes,
3577 5567 3638 5617 et
3657 5559 3795 5625 veni,

2156 5664 2395 5721 sequere
2409 5667 2520 5721 me,
2537 5657 2594 5708 et
2607 5652 2850 5710 habebis
2876 5653 3294 5710 thesaurumin
3311 5650 3454 5708 ccslo
3475 5651 3680 5722 (Matth.
3704 5653 3792 5717 1).»

2154 5735 2329 5794 Porro
2360 5739 2479 5796 hinc
2511 5740 2692 5799 illatio
2724 5759 2850 5814 quae
2884 5743 2950 5799 ﬁt
2981 5759 3085 5816 per
3133 5742 3284 5799 hanc
3331 5738 3789 5812 conjunctionem
