  <div class='ocr_page' id='page_1' title='image "/cluster/home/n/w/nwhite01/storage/ocr_20150623/155/hvd.32044054760137/672.png"; bbox 0 0 3980 6084; ppageno 0'>
   <div class='ocr_carea' id='block_1_1' title="bbox 171 318 336 393">
    <p class='ocr_par' dir='ltr' id='par_1_1' title="bbox 171 318 336 393">
     <span class='ocr_line' id='line_1_1' title="bbox 171 318 336 393; baseline -0.012 0"><span class='ocrx_word' id='word_1_1' title='bbox 171 318 336 393; x_wconf 51' lang='grc' dir='ltr'><strong>ξων</strong></span> 
     </span>
    </p>
   </div>
   <div class='ocr_carea' id='block_1_2' title="bbox 1306 313 2461 400">
    <p class='ocr_par' dir='ltr' id='par_1_2' title="bbox 1306 313 2461 400">
     <span class='ocr_line' id='line_1_2' title="bbox 1306 313 2461 400; baseline 0.003 -4"><span class='ocrx_word' id='word_1_2' title='bbox 1306 328 1685 397; x_wconf 75' lang='lat' dir='ltr'><strong>HOMILLE.</strong></span> <span class='ocrx_word' id='word_1_3' title='bbox 1712 364 1794 381; x_wconf 91' lang='grc'><strong><em>-</em></strong></span> <span class='ocrx_word' id='word_1_4' title='bbox 1818 316 1871 398; x_wconf 74' lang='grc' dir='ltr'><strong>ι.</strong></span> <span class='ocrx_word' id='word_1_5' title='bbox 1910 313 2021 396; x_wconf 80' lang='lat' dir='ltr'><strong>&#39;nn</strong></span> <span class='ocrx_word' id='word_1_6' title='bbox 2062 320 2461 400; x_wconf 75' lang='lat' dir='ltr'><strong>TEMPORE.</strong></span> 
     </span>
    </p>
   </div>
   <div class='ocr_carea' id='block_1_3' title="bbox 3427 320 3585 400">
    <p class='ocr_par' dir='ltr' id='par_1_3' title="bbox 3427 320 3585 400">
     <span class='ocr_line' id='line_1_3' title="bbox 3427 320 3585 400; baseline 0.006 -1"><span class='ocrx_word' id='word_1_7' title='bbox 3427 320 3585 400; x_wconf 68' lang='lat'><strong>1398</strong></span> 
     </span>
    </p>
   </div>
   <div class='ocr_carea' id='block_1_4' title="bbox 179 462 3587 546">
    <p class='ocr_par' dir='ltr' id='par_1_4' title="bbox 179 462 3587 546">
     <span class='ocr_line' id='line_1_4' title="bbox 179 462 3587 546; baseline 0.002 -26"><span class='ocrx_word' id='word_1_8' title='bbox 179 470 324 534; x_wconf 80' lang='lat' dir='ltr'><strong>ergo,</strong></span> <span class='ocrx_word' id='word_1_9' title='bbox 360 478 476 520; x_wconf 89' lang='lat' dir='ltr'><strong>non</strong></span> <span class='ocrx_word' id='word_1_10' title='bbox 507 462 773 537; x_wconf 84' lang='lat' dir='ltr'><strong>provenit</strong></span> <span class='ocrx_word' id='word_1_11' title='bbox 800 480 871 522; x_wconf 86' lang='lat' dir='ltr'><strong>ex</strong></span> <span class='ocrx_word' id='word_1_12' title='bbox 896 462 1080 523; x_wconf 77' lang='lat' dir='ltr'><strong>debiti</strong></span> <span class='ocrx_word' id='word_1_13' title='bbox 1109 466 1468 535; x_wconf 89' lang='lat' dir='ltr'><strong>astrictione,</strong></span> <span class='ocrx_word' id='word_1_14' title='bbox 1503 468 1603 524; x_wconf 89' lang='lat' dir='ltr'><strong>sed</strong></span> <span class='ocrx_word' id='word_1_15' title='bbox 1627 467 1822 540; x_wconf 80' lang='lat' dir='ltr'><strong>potius</strong></span> <span class='ocrx_word' id='word_1_16' title='bbox 1848 462 1906 536; x_wconf 74' lang='grc' dir='ltr'><strong>Α</strong></span> <span class='ocrx_word' id='word_1_17' title='bbox 1934 468 2400 542; x_wconf 86' lang='lat' dir='ltr'><strong>relinquentibus</strong></span> <span class='ocrx_word' id='word_1_18' title='bbox 2430 474 2665 545; x_wconf 83' lang='lat' dir='ltr'><strong>propter</strong></span> <span class='ocrx_word' id='word_1_19' title='bbox 2684 487 2746 529; x_wconf 91' lang='lat' dir='ltr'><strong>se</strong></span> <span class='ocrx_word' id='word_1_20' title='bbox 2766 474 3013 546; x_wconf 89' lang='lat' dir='ltr'><strong>patrem,</strong></span> <span class='ocrx_word' id='word_1_21' title='bbox 3047 472 3148 528; x_wconf 86' lang='lat' dir='ltr'><strong>aut</strong></span> <span class='ocrx_word' id='word_1_22' title='bbox 3187 470 3458 540; x_wconf 89' lang='lat' dir='ltr'><strong>matrem,</strong></span> <span class='ocrx_word' id='word_1_23' title='bbox 3484 473 3587 528; x_wconf 87' lang='lat' dir='ltr'><strong>aut</strong></span> 
     </span>
    </p>
   </div>
   <div class='ocr_carea' id='block_1_5' title="bbox 180 551 1823 627">
    <p class='ocr_par' dir='ltr' id='par_1_5' title="bbox 180 551 1823 627">
     <span class='ocr_line' id='line_1_5' title="bbox 180 551 1823 627; baseline 0.001 -17"><span class='ocrx_word' id='word_1_24' title='bbox 180 568 247 617; x_wconf 78' lang='lat' dir='ltr'><strong>ex</strong></span> <span class='ocrx_word' id='word_1_25' title='bbox 276 551 682 627; x_wconf 79' lang='lat' dir='ltr'><strong>promissione.</strong></span> <span class='ocrx_word' id='word_1_26' title='bbox 713 552 840 611; x_wconf 87' lang='lat' dir='ltr'><strong>Non</strong></span> <span class='ocrx_word' id='word_1_27' title='bbox 870 554 1029 611; x_wconf 89' lang='lat' dir='ltr'><strong>enim</strong></span> <span class='ocrx_word' id='word_1_28' title='bbox 1059 554 1258 612; x_wconf 81' lang='lat' dir='ltr'><strong>electis</strong></span> <span class='ocrx_word' id='word_1_29' title='bbox 1289 555 1415 613; x_wconf 85' lang='lat' dir='ltr'><strong>suis</strong></span> <span class='ocrx_word' id='word_1_30' title='bbox 1445 556 1607 613; x_wconf 85' lang='lat' dir='ltr'><strong>dabit</strong></span> <span class='ocrx_word' id='word_1_31' title='bbox 1627 557 1823 614; x_wconf 89' lang='lat' dir='ltr'><strong>Domi-</strong></span> 
     </span>
    </p>
   </div>
   <div class='ocr_carea' id='block_1_6' title="bbox 176 642 1824 718">
    <p class='ocr_par' dir='ltr' id='par_1_6' title="bbox 176 642 1824 718">
     <span class='ocr_line' id='line_1_6' title="bbox 176 642 1824 718; baseline 0.003 -19"><span class='ocrx_word' id='word_1_32' title='bbox 176 656 290 700; x_wconf 86' lang='lat' dir='ltr'><strong>nus</strong></span> <span class='ocrx_word' id='word_1_33' title='bbox 316 642 498 699; x_wconf 84' lang='lat' dir='ltr'><strong>vitam</strong></span> <span class='ocrx_word' id='word_1_34' title='bbox 528 646 825 711; x_wconf 67' lang='lat' dir='ltr'><strong>aeternam,</strong></span> <span class='ocrx_word' id='word_1_35' title='bbox 854 642 984 701; x_wconf 91' lang='lat' dir='ltr'><strong>ideo</strong></span> <span class='ocrx_word' id='word_1_36' title='bbox 1031 645 1173 717; x_wconf 93' lang='lat' dir='ltr'><strong>quia</strong></span> <span class='ocrx_word' id='word_1_37' title='bbox 1199 643 1289 701; x_wconf 86' lang='lat' dir='ltr'><strong>illi</strong></span> <span class='ocrx_word' id='word_1_38' title='bbox 1319 650 1678 718; x_wconf 85' lang='lat' dir='ltr'><strong>meruerunt,</strong></span> <span class='ocrx_word' id='word_1_39' title='bbox 1720 647 1824 704; x_wconf 90' lang='lat' dir='ltr'><strong>sed</strong></span> 
     </span>
    </p>
   </div>
   <div class='ocr_carea' id='block_1_7' title="bbox 175 730 1823 809">
    <p class='ocr_par' dir='ltr' id='par_1_7' title="bbox 175 730 1823 809">
     <span class='ocr_line' id='line_1_7' title="bbox 175 730 1823 809; baseline 0.002 -20"><span class='ocrx_word' id='word_1_40' title='bbox 175 730 304 790; x_wconf 87' lang='lat' dir='ltr'><strong>ideo</strong></span> <span class='ocrx_word' id='word_1_41' title='bbox 335 734 492 807; x_wconf 89' lang='lat' dir='ltr'><strong>quod</strong></span> <span class='ocrx_word' id='word_1_42' title='bbox 523 733 708 807; x_wconf 81' lang='lat' dir='ltr'><strong>gratis</strong></span> <span class='ocrx_word' id='word_1_43' title='bbox 737 733 823 790; x_wconf 90' lang='lat' dir='ltr'><strong>eis</strong></span> <span class='ocrx_word' id='word_1_44' title='bbox 852 733 1138 807; x_wconf 81' lang='lat' dir='ltr'><strong>promisit.</strong></span> <span class='ocrx_word' id='word_1_45' title='bbox 1159 735 1325 791; x_wconf 85' lang='lat' dir='ltr'><strong>«Non</strong></span> <span class='ocrx_word' id='word_1_46' title='bbox 1356 735 1512 792; x_wconf 90' lang='lat' dir='ltr'><strong>enim</strong></span> <span class='ocrx_word' id='word_1_47' title='bbox 1538 753 1607 792; x_wconf 85' lang='lat' dir='ltr'><strong>ex</strong></span> <span class='ocrx_word' id='word_1_48' title='bbox 1635 737 1823 809; x_wconf 89' lang='lat' dir='ltr'><strong>operi-</strong></span> 
     </span>
    </p>
   </div>
   <div class='ocr_carea' id='block_1_8' title="bbox 172 821 1825 896">
    <p class='ocr_par' dir='ltr' id='par_1_8' title="bbox 172 821 1825 896">
     <span class='ocr_line' id='line_1_8' title="bbox 172 821 1825 896; baseline 0 -16"><span class='ocrx_word' id='word_1_49' title='bbox 172 823 305 889; x_wconf 87' lang='lat' dir='ltr'><strong>bus,</strong></span> <span class='ocrx_word' id='word_1_50' title='bbox 340 825 407 879; x_wconf 86' lang='lat' dir='ltr'><strong>ut</strong></span> <span class='ocrx_word' id='word_1_51' title='bbox 437 821 519 878; x_wconf 88' lang='lat' dir='ltr'><strong>ait</strong></span> <span class='ocrx_word' id='word_1_52' title='bbox 544 821 880 896; x_wconf 78' lang='lat' dir='ltr'><strong>Apostolus,</strong></span> <span class='ocrx_word' id='word_1_53' title='bbox 913 839 1042 896; x_wconf 61' lang='lat' dir='ltr'><strong>qua:</strong></span> <span class='ocrx_word' id='word_1_54' title='bbox 1074 823 1460 891; x_wconf 87' lang='lat' dir='ltr'><strong>fecimusnos,</strong></span> <span class='ocrx_word' id='word_1_55' title='bbox 1492 826 1592 882; x_wconf 92' lang='lat' dir='ltr'><strong>sed</strong></span> <span class='ocrx_word' id='word_1_56' title='bbox 1616 841 1825 882; x_wconf 89' lang='lat' dir='ltr'><strong>secun-</strong></span> 
     </span>
    </p>
   </div>
   <div class='ocr_carea' id='block_1_9' title="bbox 171 908 1823 987">
    <p class='ocr_par' dir='ltr' id='par_1_9' title="bbox 171 908 1823 987">
     <span class='ocr_line' id='line_1_9' title="bbox 171 908 1823 987; baseline -0.002 -19"><span class='ocrx_word' id='word_1_57' title='bbox 171 908 314 968; x_wconf 85' lang='lat' dir='ltr'><strong>dum</strong></span> <span class='ocrx_word' id='word_1_58' title='bbox 347 909 810 967; x_wconf 82' lang='lat' dir='ltr'><strong>misericordiam</strong></span> <span class='ocrx_word' id='word_1_59' title='bbox 842 928 1013 968; x_wconf 90' lang='lat' dir='ltr'><strong>suam</strong></span> <span class='ocrx_word' id='word_1_60' title='bbox 1040 911 1231 969; x_wconf 88' lang='lat' dir='ltr'><strong>salvos</strong></span> <span class='ocrx_word' id='word_1_61' title='bbox 1259 930 1367 970; x_wconf 90' lang='lat' dir='ltr'><strong>nos</strong></span> <span class='ocrx_word' id='word_1_62' title='bbox 1399 914 1771 987; x_wconf 84' lang='lat' dir='ltr'><strong>fecit(Tit.m).</strong></span> <span class='ocrx_word' id='word_1_63' title='bbox 1794 936 1823 965; x_wconf 89' lang='grc'><strong>››</strong></span> 
     </span>
    </p>
   </div>
   <div class='ocr_carea' id='block_1_10' title="bbox 168 996 1824 1075">
    <p class='ocr_par' dir='ltr' id='par_1_10' title="bbox 168 996 1824 1075">
     <span class='ocr_line' id='line_1_10' title="bbox 168 996 1824 1075; baseline 0.002 -18"><span class='ocrx_word' id='word_1_64' title='bbox 168 996 338 1058; x_wconf 82' lang='lat' dir='ltr'><strong>Unde</strong></span> <span class='ocrx_word' id='word_1_65' title='bbox 366 1016 484 1056; x_wconf 90' lang='lat' dir='ltr'><strong>non</strong></span> <span class='ocrx_word' id='word_1_66' title='bbox 517 998 597 1056; x_wconf 90' lang='lat' dir='ltr'><strong>ait</strong></span> <span class='ocrx_word' id='word_1_67' title='bbox 624 998 722 1056; x_wconf 88' lang='lat' dir='ltr'><strong>hic</strong></span> <span class='ocrx_word' id='word_1_68' title='bbox 752 1000 956 1058; x_wconf 85' lang='lat' dir='ltr'><strong>Petrus</strong></span> <span class='ocrx_word' id='word_1_69' title='bbox 984 1018 997 1057; x_wconf 92' lang='lat'><strong>:</strong></span> <span class='ocrx_word' id='word_1_70' title='bbox 1049 1001 1196 1068; x_wconf 87' lang='lat' dir='ltr'><strong>Quid</strong></span> <span class='ocrx_word' id='word_1_71' title='bbox 1228 1017 1364 1075; x_wconf 80' lang='lat' dir='ltr'><strong>ergo</strong></span> <span class='ocrx_word' id='word_1_72' title='bbox 1394 1003 1603 1060; x_wconf 87' lang='lat' dir='ltr'><strong>reddes</strong></span> <span class='ocrx_word' id='word_1_73' title='bbox 1636 1003 1824 1071; x_wconf 88' lang='lat' dir='ltr'><strong>nobis,</strong></span> 
     </span>
    </p>
   </div>
   <div class='ocr_carea' id='block_1_11' title="bbox 184 1087 1829 1165">
    <p class='ocr_par' dir='ltr' id='par_1_11' title="bbox 184 1087 1829 1165">
     <span class='ocr_line' id='line_1_11' title="bbox 184 1087 1829 1165; baseline 0 -18"><span class='ocrx_word' id='word_1_74' title='bbox 184 1088 288 1147; x_wconf 66' lang='lat' dir='ltr'><strong>Sed</strong></span> <span class='ocrx_word' id='word_1_75' title='bbox 320 1087 437 1145; x_wconf 90' lang='lat' dir='ltr'><strong>ait:</strong></span> <span class='ocrx_word' id='word_1_76' title='bbox 472 1087 618 1160; x_wconf 86' lang='lat' dir='ltr'><strong>Quid</strong></span> <span class='ocrx_word' id='word_1_77' title='bbox 646 1106 772 1161; x_wconf 82' lang='lat' dir='ltr'><strong>ergo</strong></span> <span class='ocrx_word' id='word_1_78' title='bbox 818 1092 926 1146; x_wconf 83' lang='lat' dir='ltr'><strong>erit</strong></span> <span class='ocrx_word' id='word_1_79' title='bbox 950 1090 1127 1157; x_wconf 86' lang='lat' dir='ltr'><strong>nobis,</strong></span> <span class='ocrx_word' id='word_1_80' title='bbox 1160 1091 1329 1163; x_wconf 89' lang='lat' dir='ltr'><strong>quasi</strong></span> <span class='ocrx_word' id='word_1_81' title='bbox 1361 1090 1500 1165; x_wconf 91' lang='lat' dir='ltr'><strong>quid</strong></span> <span class='ocrx_word' id='word_1_82' title='bbox 1532 1091 1829 1165; x_wconf 86' lang='lat' dir='ltr'><strong>proveniet</strong></span> 
     </span>
    </p>
   </div>
   <div class='ocr_carea' id='block_1_12' title="bbox 175 1176 1823 1255">
    <p class='ocr_par' dir='ltr' id='par_1_12' title="bbox 175 1176 1823 1255">
     <span class='ocr_line' id='line_1_12' title="bbox 175 1176 1823 1255; baseline 0.002 -21"><span class='ocrx_word' id='word_1_83' title='bbox 175 1176 350 1235; x_wconf 88' lang='lat' dir='ltr'><strong>nobis</strong></span> <span class='ocrx_word' id='word_1_84' title='bbox 380 1193 449 1234; x_wconf 79' lang='lat' dir='ltr'><strong>ex</strong></span> <span class='ocrx_word' id='word_1_85' title='bbox 477 1181 583 1234; x_wconf 90' lang='lat' dir='ltr'><strong>tua</strong></span> <span class='ocrx_word' id='word_1_86' title='bbox 609 1177 1046 1251; x_wconf 84' lang='lat' dir='ltr'><strong>promissione?</strong></span> <span class='ocrx_word' id='word_1_87' title='bbox 1083 1180 1236 1236; x_wconf 91' lang='lat' dir='ltr'><strong>Bene</strong></span> <span class='ocrx_word' id='word_1_88' title='bbox 1278 1196 1510 1254; x_wconf 91' lang='lat' dir='ltr'><strong>quoque</strong></span> <span class='ocrx_word' id='word_1_89' title='bbox 1559 1180 1641 1237; x_wconf 91' lang='lat' dir='ltr'><strong>ait</strong></span> <span class='ocrx_word' id='word_1_90' title='bbox 1669 1181 1823 1255; x_wconf 86' lang='lat' dir='ltr'><strong>quid,</strong></span> 
     </span>
    </p>
   </div>
   <div class='ocr_carea' id='block_1_13' title="bbox 176 1265 1829 1343">
    <p class='ocr_par' dir='ltr' id='par_1_13' title="bbox 176 1265 1829 1343">
     <span class='ocr_line' id='line_1_13' title="bbox 176 1265 1829 1343; baseline 0.001 -20"><span class='ocrx_word' id='word_1_91' title='bbox 176 1265 459 1339; x_wconf 86' lang='lat' dir='ltr'><strong>quoniam</strong></span> <span class='ocrx_word' id='word_1_92' title='bbox 472 1281 541 1323; x_wconf 86' lang='lat' dir='ltr'><strong>ea</strong></span> <span class='ocrx_word' id='word_1_93' title='bbox 559 1282 688 1340; x_wconf 64' lang='lat' dir='ltr'><strong>qua</strong></span> <span class='ocrx_word' id='word_1_94' title='bbox 704 1265 799 1323; x_wconf 91' lang='lat' dir='ltr'><strong>hic</strong></span> <span class='ocrx_word' id='word_1_95' title='bbox 818 1266 1049 1336; x_wconf 86' lang='lat' dir='ltr'><strong>damus,</strong></span> <span class='ocrx_word' id='word_1_96' title='bbox 1070 1267 1161 1324; x_wconf 85' lang='lat' dir='ltr'><strong>vel</strong></span> <span class='ocrx_word' id='word_1_97' title='bbox 1182 1267 1570 1342; x_wconf 87' lang='lat' dir='ltr'><strong>relinquimus</strong></span> <span class='ocrx_word' id='word_1_98' title='bbox 1591 1272 1829 1343; x_wconf 86' lang='lat' dir='ltr'><strong>propter</strong></span> 
     </span>
    </p>
   </div>
   <div class='ocr_carea' id='block_1_14' title="bbox 174 1351 1827 1432">
    <p class='ocr_par' dir='ltr' id='par_1_14' title="bbox 174 1351 1827 1432">
     <span class='ocr_line' id='line_1_14' title="bbox 174 1351 1827 1432; baseline 0.001 -19"><span class='ocrx_word' id='word_1_99' title='bbox 174 1351 383 1424; x_wconf 81' lang='lat' dir='ltr'><strong>Deum,</strong></span> <span class='ocrx_word' id='word_1_100' title='bbox 409 1372 525 1412; x_wconf 88' lang='lat' dir='ltr'><strong>non</strong></span> <span class='ocrx_word' id='word_1_101' title='bbox 556 1359 697 1412; x_wconf 88' lang='lat' dir='ltr'><strong>sunt</strong></span> <span class='ocrx_word' id='word_1_102' title='bbox 727 1357 1277 1414; x_wconf 88' lang='lat' dir='ltr'><strong>commensurabilia</strong></span> <span class='ocrx_word' id='word_1_103' title='bbox 1306 1357 1358 1414; x_wconf 90' lang='lat' dir='ltr'><strong>ei</strong></span> <span class='ocrx_word' id='word_1_104' title='bbox 1388 1358 1538 1415; x_wconf 91' lang='lat' dir='ltr'><strong>bono</strong></span> <span class='ocrx_word' id='word_1_105' title='bbox 1570 1358 1725 1432; x_wconf 92' lang='lat' dir='ltr'><strong>quod</strong></span> <span class='ocrx_word' id='word_1_106' title='bbox 1754 1359 1827 1415; x_wconf 91' lang='lat' dir='ltr'><strong>ab</strong></span> 
     </span>
    </p>
   </div>
   <div class='ocr_carea' id='block_1_15' title="bbox 172 1444 1831 1522">
    <p class='ocr_par' dir='ltr' id='par_1_15' title="bbox 172 1444 1831 1522">
     <span class='ocr_line' id='line_1_15' title="bbox 172 1444 1831 1522; baseline 0.001 -20"><span class='ocrx_word' id='word_1_107' title='bbox 172 1459 245 1502; x_wconf 79' lang='lat' dir='ltr'><strong>eo</strong></span> <span class='ocrx_word' id='word_1_108' title='bbox 275 1444 567 1516; x_wconf 77' lang='lat' dir='ltr'><strong>accepturi</strong></span> <span class='ocrx_word' id='word_1_109' title='bbox 591 1462 820 1514; x_wconf 89' lang='lat' dir='ltr'><strong>sumus,</strong></span> <span class='ocrx_word' id='word_1_110' title='bbox 843 1445 1122 1518; x_wconf 88' lang='lat' dir='ltr'><strong>quoniam</strong></span> <span class='ocrx_word' id='word_1_111' title='bbox 1138 1444 1295 1503; x_wconf 87' lang='lat' dir='ltr'><strong>insta</strong></span> <span class='ocrx_word' id='word_1_112' title='bbox 1322 1451 1457 1505; x_wconf 86' lang='lat' dir='ltr'><strong>sunt</strong></span> <span class='ocrx_word' id='word_1_113' title='bbox 1480 1448 1831 1522; x_wconf 80' lang='lat' dir='ltr'><strong>parva,fugi-</strong></span> 
     </span>
    </p>
   </div>
   <div class='ocr_carea' id='block_1_16' title="bbox 166 1532 1830 1611">
    <p class='ocr_par' dir='ltr' id='par_1_16' title="bbox 166 1532 1830 1611">
     <span class='ocr_line' id='line_1_16' title="bbox 166 1532 1830 1611; baseline 0.003 -21"><span class='ocrx_word' id='word_1_114' title='bbox 166 1532 295 1590; x_wconf 82' lang='lat' dir='ltr'><strong>tiva</strong></span> <span class='ocrx_word' id='word_1_115' title='bbox 322 1534 381 1591; x_wconf 87' lang='lat' dir='ltr'><strong>et</strong></span> <span class='ocrx_word' id='word_1_116' title='bbox 408 1532 775 1605; x_wconf 81' lang='lat' dir='ltr'><strong>transitoria;</strong></span> <span class='ocrx_word' id='word_1_117' title='bbox 805 1533 949 1590; x_wconf 91' lang='lat' dir='ltr'><strong>illud</strong></span> <span class='ocrx_word' id='word_1_118' title='bbox 976 1536 1340 1593; x_wconf 89' lang='lat' dir='ltr'><strong>verabonum</strong></span> <span class='ocrx_word' id='word_1_119' title='bbox 1362 1537 1471 1593; x_wconf 90' lang='lat' dir='ltr'><strong>erit</strong></span> <span class='ocrx_word' id='word_1_120' title='bbox 1489 1538 1666 1611; x_wconf 88' lang='lat' dir='ltr'><strong>(quid)</strong></span> <span class='ocrx_word' id='word_1_121' title='bbox 1689 1553 1830 1611; x_wconf 90' lang='lat' dir='ltr'><strong>quo-</strong></span> 
     </span>
    </p>
   </div>
   <div class='ocr_carea' id='block_1_17' title="bbox 168 1621 1324 1697">
    <p class='ocr_par' dir='ltr' id='par_1_17' title="bbox 168 1621 1324 1697">
     <span class='ocr_line' id='line_1_17' title="bbox 168 1621 1324 1697; baseline 0.003 -18"><span class='ocrx_word' id='word_1_122' title='bbox 168 1621 333 1680; x_wconf 83' lang='lat' dir='ltr'><strong>niam</strong></span> <span class='ocrx_word' id='word_1_123' title='bbox 357 1636 659 1697; x_wconf 81' lang='lat' dir='ltr'><strong>magnum,</strong></span> <span class='ocrx_word' id='word_1_124' title='bbox 694 1623 904 1680; x_wconf 80' lang='lat' dir='ltr'><strong>stabile</strong></span> <span class='ocrx_word' id='word_1_125' title='bbox 934 1627 991 1680; x_wconf 92' lang='lat' dir='ltr'><strong>et</strong></span> <span class='ocrx_word' id='word_1_126' title='bbox 1020 1626 1324 1682; x_wconf 66' lang='lat' dir='ltr'><strong>aeternum.</strong></span> 
     </span>
    </p>
   </div>
   <div class='ocr_carea' id='block_1_18' title="bbox 210 1708 1825 1790">
    <p class='ocr_par' dir='ltr' id='par_1_18' title="bbox 210 1708 1825 1790">
     <span class='ocr_line' id='line_1_18' title="bbox 210 1708 1825 1790; baseline 0.002 -21"><span class='ocrx_word' id='word_1_127' title='bbox 210 1726 217 1735; x_wconf 82' lang='lat'><em>‘</em></span> <span class='ocrx_word' id='word_1_128' title='bbox 244 1708 535 1786; x_wconf 82' lang='lat' dir='ltr'><strong>Sequitur</strong></span> <span class='ocrx_word' id='word_1_129' title='bbox 557 1724 695 1785; x_wconf 91' lang='lat' dir='ltr'><strong>pars</strong></span> <span class='ocrx_word' id='word_1_130' title='bbox 715 1711 907 1780; x_wconf 89' lang='lat' dir='ltr'><strong>tertia,</strong></span> <span class='ocrx_word' id='word_1_131' title='bbox 926 1712 987 1768; x_wconf 92' lang='lat' dir='ltr'><strong>in</strong></span> <span class='ocrx_word' id='word_1_132' title='bbox 1007 1728 1124 1786; x_wconf 88' lang='lat' dir='ltr'><strong>qua</strong></span> <span class='ocrx_word' id='word_1_133' title='bbox 1144 1713 1430 1773; x_wconf 86' lang='lat' dir='ltr'><strong>Dominus</strong></span> <span class='ocrx_word' id='word_1_134' title='bbox 1451 1716 1519 1771; x_wconf 88' lang='lat' dir='ltr'><strong>ad</strong></span> <span class='ocrx_word' id='word_1_135' title='bbox 1539 1715 1649 1773; x_wconf 90' lang='lat' dir='ltr'><strong>hoc</strong></span> <span class='ocrx_word' id='word_1_136' title='bbox 1671 1716 1825 1790; x_wconf 92' lang='lat' dir='ltr'><strong>quod</strong></span> 
     </span>
    </p>
   </div>
   <div class='ocr_carea' id='block_1_19' title="bbox 166 1795 1907 1907">
    <p class='ocr_par' dir='ltr' id='par_1_19' title="bbox 166 1795 1907 1907">
     <span class='ocr_line' id='line_1_19' title="bbox 166 1795 1907 1907; baseline 0.004 -50"><span class='ocrx_word' id='word_1_137' title='bbox 166 1795 380 1907; x_wconf 42' lang='lat' dir='ltr'><strong>.P‘etrus</strong></span> <span class='ocrx_word' id='word_1_138' title='bbox 410 1799 743 1907; x_wconf 65' lang='lat' dir='ltr'><strong>quaesierat,</strong></span> <span class='ocrx_word' id='word_1_139' title='bbox 787 1802 1105 1907; x_wconf 49' lang='lat' dir='ltr'><strong>&#39;respondet</strong></span> <span class='ocrx_word' id='word_1_140' title='bbox 1132 1802 1365 1861; x_wconf 89' lang='lat' dir='ltr'><strong>dicens:</strong></span> <span class='ocrx_word' id='word_1_141' title='bbox 1393 1805 1558 1861; x_wconf 82' lang='lat' dir='ltr'><strong>Amen</strong></span> <span class='ocrx_word' id='word_1_142' title='bbox 1583 1805 1704 1863; x_wconf 85' lang='lat' dir='ltr'><strong>dico</strong></span> <span class='ocrx_word' id='word_1_143' title='bbox 1736 1822 1827 1863; x_wconf 86' lang='grc' dir='ltr'><strong>υο-</strong></span> <span class='ocrx_word' id='word_1_144' title='bbox 1857 1836 1907 1907; x_wconf 74' lang='grc' dir='ltr'><strong>Β</strong></span> 
     </span>
    </p>
   </div>
   <div class='ocr_carea' id='block_1_20' title="bbox 166 1885 1825 1965">
    <p class='ocr_par' dir='ltr' id='par_1_20' title="bbox 166 1885 1825 1965">
     <span class='ocr_line' id='line_1_20' title="bbox 166 1885 1825 1965; baseline 0.003 -18"><span class='ocrx_word' id='word_1_145' title='bbox 166 1885 278 1957; x_wconf 71' lang='lat' dir='ltr'><strong>bis,</strong></span> <span class='ocrx_word' id='word_1_146' title='bbox 299 1888 443 1965; x_wconf 83' lang='lat' dir='ltr'><strong>quod</strong></span> <span class='ocrx_word' id='word_1_147' title='bbox 469 1906 560 1947; x_wconf 82' lang='lat' dir='ltr'><strong>vos</strong></span> <span class='ocrx_word' id='word_1_148' title='bbox 589 1892 689 1963; x_wconf 86' lang='lat' dir='ltr'><strong>qui</strong></span> <span class='ocrx_word' id='word_1_149' title='bbox 716 1890 1026 1963; x_wconf 70' lang='lat' dir='ltr'><strong>reliquistis</strong></span> <span class='ocrx_word' id='word_1_150' title='bbox 1053 1894 1240 1949; x_wconf 86' lang='lat' dir='ltr'><strong>omnia</strong></span> <span class='ocrx_word' id='word_1_151' title='bbox 1276 1901 1327 1950; x_wconf 89' lang='lat' dir='ltr'><strong>et</strong></span> <span class='ocrx_word' id='word_1_152' title='bbox 1356 1896 1528 1951; x_wconf 78' lang='lat' dir='ltr'><strong>secuti</strong></span> <span class='ocrx_word' id='word_1_153' title='bbox 1555 1897 1685 1951; x_wconf 80' lang='lat' dir='ltr'><strong>estis</strong></span> <span class='ocrx_word' id='word_1_154' title='bbox 1718 1912 1825 1964; x_wconf 86' lang='lat' dir='ltr'><strong>me,</strong></span> 
     </span>
    </p>
   </div>
   <div class='ocr_carea' id='block_1_21' title="bbox 167 1978 1831 2052">
    <p class='ocr_par' dir='ltr' id='par_1_21' title="bbox 167 1978 1831 2052">
     <span class='ocr_line' id='line_1_21' title="bbox 167 1978 1831 2052; baseline 0.002 -15"><span class='ocrx_word' id='word_1_155' title='bbox 167 1981 231 2037; x_wconf 83' lang='lat' dir='ltr'><strong>in</strong></span> <span class='ocrx_word' id='word_1_156' title='bbox 264 1978 678 2052; x_wconf 79' lang='lat' dir='ltr'><strong>regeneratione</strong></span> <span class='ocrx_word' id='word_1_157' title='bbox 724 1995 849 2036; x_wconf 89' lang='lat' dir='ltr'><strong>cum</strong></span> <span class='ocrx_word' id='word_1_158' title='bbox 893 1981 1091 2038; x_wconf 88' lang='lat' dir='ltr'><strong>sederit</strong></span> <span class='ocrx_word' id='word_1_159' title='bbox 1136 1982 1312 2039; x_wconf 80' lang='lat' dir='ltr'><strong>Filius</strong></span> <span class='ocrx_word' id='word_1_160' title='bbox 1341 1984 1582 2040; x_wconf 79' lang='lat' dir='ltr'><strong>hominis</strong></span> <span class='ocrx_word' id='word_1_161' title='bbox 1621 1986 1678 2040; x_wconf 89' lang='lat' dir='ltr'><strong>in</strong></span> <span class='ocrx_word' id='word_1_162' title='bbox 1709 1984 1831 2040; x_wconf 86' lang='lat' dir='ltr'><strong>sede</strong></span> 
     </span>
    </p>
   </div>
   <div class='ocr_carea' id='block_1_22' title="bbox 167 2069 1827 2144">
    <p class='ocr_par' dir='ltr' id='par_1_22' title="bbox 167 2069 1827 2144">
     <span class='ocr_line' id='line_1_22' title="bbox 167 2069 1827 2144; baseline 0.002 -17"><span class='ocrx_word' id='word_1_163' title='bbox 167 2070 489 2143; x_wconf 71' lang='lat' dir='ltr'><strong>nuajcstatis</strong></span> <span class='ocrx_word' id='word_1_164' title='bbox 516 2084 652 2136; x_wconf 70' lang='lat' dir='ltr'><strong>suae,</strong></span> <span class='ocrx_word' id='word_1_165' title='bbox 683 2069 941 2126; x_wconf 85' lang='lat' dir='ltr'><strong>sedebitis</strong></span> <span class='ocrx_word' id='word_1_166' title='bbox 977 2078 1029 2128; x_wconf 90' lang='lat' dir='ltr'><strong>et</strong></span> <span class='ocrx_word' id='word_1_167' title='bbox 1054 2086 1145 2127; x_wconf 89' lang='lat' dir='ltr'><strong>vos</strong></span> <span class='ocrx_word' id='word_1_168' title='bbox 1171 2088 1336 2144; x_wconf 80' lang='lat' dir='ltr'><strong>super</strong></span> <span class='ocrx_word' id='word_1_169' title='bbox 1351 2073 1498 2129; x_wconf 85' lang='lat' dir='ltr'><strong>sedes</strong></span> <span class='ocrx_word' id='word_1_170' title='bbox 1526 2073 1827 2143; x_wconf 82' lang='lat' dir='ltr'><strong>duodecim,</strong></span> 
     </span>
    </p>
   </div>
   <div class='ocr_carea' id='block_1_23' title="bbox 168 2156 1835 2233">
    <p class='ocr_par' dir='ltr' id='par_1_23' title="bbox 168 2156 1835 2233">
     <span class='ocr_line' id='line_1_23' title="bbox 168 2156 1835 2233; baseline 0.002 -19"><span class='ocrx_word' id='word_1_171' title='bbox 168 2156 483 2233; x_wconf 67' lang='lat' dir='ltr'><strong>iudicantes</strong></span> <span class='ocrx_word' id='word_1_172' title='bbox 529 2156 1000 2215; x_wconf 84' lang='lat' dir='ltr'><strong>duodecimtribus</strong></span> <span class='ocrx_word' id='word_1_173' title='bbox 1032 2159 1223 2216; x_wconf 89' lang='lat' dir='ltr'><strong>Israel.</strong></span> <span class='ocrx_word' id='word_1_174' title='bbox 1250 2165 1361 2217; x_wconf 88' lang='lat' dir='ltr'><strong>Per</strong></span> <span class='ocrx_word' id='word_1_175' title='bbox 1388 2161 1498 2218; x_wconf 89' lang='lat' dir='ltr'><strong>hoc</strong></span> <span class='ocrx_word' id='word_1_176' title='bbox 1527 2162 1835 2218; x_wconf 87' lang='lat' dir='ltr'><strong>conﬁrma-</strong></span> 
     </span>
    </p>
   </div>
   <div class='ocr_carea' id='block_1_24' title="bbox 168 2246 1833 2316">
    <p class='ocr_par' dir='ltr' id='par_1_24' title="bbox 168 2246 1833 2316">
     <span class='ocr_line' id='line_1_24' title="bbox 168 2246 1833 2316; baseline 0.002 -11"><span class='ocrx_word' id='word_1_177' title='bbox 168 2247 369 2305; x_wconf 72' lang='lat' dir='ltr'><strong>tivam</strong></span> <span class='ocrx_word' id='word_1_178' title='bbox 414 2246 776 2316; x_wconf 82' lang='lat' dir='ltr'><strong>adverbium,</strong></span> <span class='ocrx_word' id='word_1_179' title='bbox 820 2264 985 2304; x_wconf 83' lang='lat' dir='ltr'><strong>amen</strong></span> <span class='ocrx_word' id='word_1_180' title='bbox 1040 2249 1346 2305; x_wconf 88' lang='lat' dir='ltr'><strong>conﬁrmat</strong></span> <span class='ocrx_word' id='word_1_181' title='bbox 1390 2246 1676 2309; x_wconf 88' lang='lat' dir='ltr'><strong>Dominus</strong></span> <span class='ocrx_word' id='word_1_182' title='bbox 1724 2250 1833 2309; x_wconf 90' lang='lat' dir='ltr'><strong>hoc</strong></span> 
     </span>
    </p>
   </div>
   <div class='ocr_carea' id='block_1_25' title="bbox 166 2334 1838 2412">
    <p class='ocr_par' dir='ltr' id='par_1_25' title="bbox 166 2334 1838 2412">
     <span class='ocr_line' id='line_1_25' title="bbox 166 2334 1838 2412; baseline 0.001 -18"><span class='ocrx_word' id='word_1_183' title='bbox 166 2337 345 2411; x_wconf 75' lang='lat' dir='ltr'><strong>quod</strong></span> <span class='ocrx_word' id='word_1_184' title='bbox 372 2334 499 2411; x_wconf 88' lang='lat' dir='ltr'><strong>ipse</strong></span> <span class='ocrx_word' id='word_1_185' title='bbox 524 2336 814 2410; x_wconf 87' lang='lat' dir='ltr'><strong>promittit</strong></span> <span class='ocrx_word' id='word_1_186' title='bbox 841 2335 963 2393; x_wconf 83' lang='lat' dir='ltr'><strong>fore</strong></span> <span class='ocrx_word' id='word_1_187' title='bbox 990 2353 1215 2406; x_wconf 86' lang='lat' dir='ltr'><strong>verum,</strong></span> <span class='ocrx_word' id='word_1_188' title='bbox 1247 2340 1301 2394; x_wconf 82' lang='lat' dir='ltr'><strong>et</strong></span> <span class='ocrx_word' id='word_1_189' title='bbox 1332 2342 1421 2395; x_wconf 89' lang='lat' dir='ltr'><strong>est</strong></span> <span class='ocrx_word' id='word_1_190' title='bbox 1451 2339 1621 2412; x_wconf 88' lang='lat' dir='ltr'><strong>quasi</strong></span> <span class='ocrx_word' id='word_1_191' title='bbox 1643 2340 1838 2412; x_wconf 89' lang='lat' dir='ltr'><strong>jusju-</strong></span> 
     </span>
    </p>
   </div>
   <div class='ocr_carea' id='block_1_26' title="bbox 180 2424 1831 2501">
    <p class='ocr_par' dir='ltr' id='par_1_26' title="bbox 180 2424 1831 2501">
     <span class='ocr_line' id='line_1_26' title="bbox 180 2424 1831 2501; baseline 0.001 -18"><span class='ocrx_word' id='word_1_192' title='bbox 180 2426 445 2484; x_wconf 75' lang='lat' dir='ltr'><strong>randum</strong></span> <span class='ocrx_word' id='word_1_193' title='bbox 475 2425 598 2495; x_wconf 87' lang='lat' dir='ltr'><strong>Dei,</strong></span> <span class='ocrx_word' id='word_1_194' title='bbox 630 2424 786 2499; x_wconf 90' lang='lat' dir='ltr'><strong>quod</strong></span> <span class='ocrx_word' id='word_1_195' title='bbox 816 2442 907 2483; x_wconf 88' lang='lat' dir='ltr'><strong>vos</strong></span> <span class='ocrx_word' id='word_1_196' title='bbox 934 2425 1145 2499; x_wconf 88' lang='lat' dir='ltr'><strong>inquit,</strong></span> <span class='ocrx_word' id='word_1_197' title='bbox 1179 2428 1277 2500; x_wconf 85' lang='lat' dir='ltr'><strong>qui</strong></span> <span class='ocrx_word' id='word_1_198' title='bbox 1304 2429 1606 2501; x_wconf 79' lang='lat' dir='ltr'><strong>reliquistis</strong></span> <span class='ocrx_word' id='word_1_199' title='bbox 1626 2432 1831 2486; x_wconf 82' lang='lat' dir='ltr'><strong>omnia.</strong></span> 
     </span>
    </p>
   </div>
   <div class='ocr_carea' id='block_1_27' title="bbox 170 2512 1838 2591">
    <p class='ocr_par' dir='ltr' id='par_1_27' title="bbox 170 2512 1838 2591">
     <span class='ocr_line' id='line_1_27' title="bbox 170 2512 1838 2591; baseline 0.001 -18"><span class='ocrx_word' id='word_1_200' title='bbox 170 2512 302 2573; x_wconf 74' lang='lat' dir='ltr'><strong>Sed</strong></span> <span class='ocrx_word' id='word_1_201' title='bbox 336 2514 613 2589; x_wconf 88' lang='lat' dir='ltr'><strong>quoniam</strong></span> <span class='ocrx_word' id='word_1_202' title='bbox 635 2512 803 2571; x_wconf 91' lang='lat' dir='ltr'><strong>multi</strong></span> <span class='ocrx_word' id='word_1_203' title='bbox 822 2519 1059 2589; x_wconf 85' lang='lat' dir='ltr'><strong>propter</strong></span> <span class='ocrx_word' id='word_1_204' title='bbox 1074 2514 1311 2573; x_wconf 89' lang='lat' dir='ltr'><strong>inanem</strong></span> <span class='ocrx_word' id='word_1_205' title='bbox 1329 2516 1689 2591; x_wconf 84' lang='lat' dir='ltr'><strong>gloriam,vel</strong></span> <span class='ocrx_word' id='word_1_206' title='bbox 1711 2535 1838 2590; x_wconf 86' lang='lat' dir='ltr'><strong>pro—</strong></span> 
     </span>
    </p>
   </div>
   <div class='ocr_carea' id='block_1_28' title="bbox 178 2603 1837 2681">
    <p class='ocr_par' dir='ltr' id='par_1_28' title="bbox 178 2603 1837 2681">
     <span class='ocr_line' id='line_1_28' title="bbox 178 2603 1837 2681; baseline 0.001 -19"><span class='ocrx_word' id='word_1_207' title='bbox 178 2610 320 2681; x_wconf 78' lang='lat' dir='ltr'><strong>pter</strong></span> <span class='ocrx_word' id='word_1_208' title='bbox 348 2605 604 2663; x_wconf 81' lang='lat' dir='ltr'><strong>furorem</strong></span> <span class='ocrx_word' id='word_1_209' title='bbox 636 2603 834 2662; x_wconf 90' lang='lat' dir='ltr'><strong>omnia</strong></span> <span class='ocrx_word' id='word_1_210' title='bbox 866 2603 1319 2678; x_wconf 90' lang='lat' dir='ltr'><strong>reliquerunttut</strong></span> <span class='ocrx_word' id='word_1_211' title='bbox 1339 2607 1604 2664; x_wconf 85' lang='lat' dir='ltr'><strong>Socrates</strong></span> <span class='ocrx_word' id='word_1_212' title='bbox 1626 2612 1684 2664; x_wconf 89' lang='lat' dir='ltr'><strong>et</strong></span> <span class='ocrx_word' id='word_1_213' title='bbox 1704 2608 1837 2664; x_wconf 90' lang='lat' dir='ltr'><strong>Dio-</strong></span> 
     </span>
    </p>
   </div>
   <div class='ocr_carea' id='block_1_29' title="bbox 181 2692 1841 2771">
    <p class='ocr_par' dir='ltr' id='par_1_29' title="bbox 181 2692 1841 2771">
     <span class='ocr_line' id='line_1_29' title="bbox 181 2692 1841 2771; baseline 0.001 -19"><span class='ocrx_word' id='word_1_214' title='bbox 181 2709 389 2771; x_wconf 81' lang='lat' dir='ltr'><strong>genes,</strong></span> <span class='ocrx_word' id='word_1_215' title='bbox 422 2692 525 2767; x_wconf 86' lang='lat' dir='ltr'><strong>qui</strong></span> <span class='ocrx_word' id='word_1_216' title='bbox 555 2695 731 2751; x_wconf 89' lang='lat' dir='ltr'><strong>etiam</strong></span> <span class='ocrx_word' id='word_1_217' title='bbox 773 2694 1105 2751; x_wconf 87' lang='lat' dir='ltr'><strong>necessaria</strong></span> <span class='ocrx_word' id='word_1_218' title='bbox 1144 2694 1528 2771; x_wconf 83' lang='lat' dir='ltr'><strong>reliquerunt,</strong></span> <span class='ocrx_word' id='word_1_219' title='bbox 1575 2696 1756 2765; x_wconf 83' lang='lat' dir='ltr'><strong>addit,</strong></span> <span class='ocrx_word' id='word_1_220' title='bbox 1787 2706 1841 2754; x_wconf 89' lang='lat' dir='ltr'><strong>et</strong></span> 
     </span>
    </p>
   </div>
   <div class='ocr_carea' id='block_1_30' title="bbox 181 2783 1839 2858">
    <p class='ocr_par' dir='ltr' id='par_1_30' title="bbox 181 2783 1839 2858">
     <span class='ocr_line' id='line_1_30' title="bbox 181 2783 1839 2858; baseline 0.001 -16"><span class='ocrx_word' id='word_1_221' title='bbox 181 2786 366 2843; x_wconf 78' lang='lat' dir='ltr'><strong>secuti</strong></span> <span class='ocrx_word' id='word_1_222' title='bbox 408 2785 538 2841; x_wconf 81' lang='lat' dir='ltr'><strong>estis</strong></span> <span class='ocrx_word' id='word_1_223' title='bbox 582 2800 686 2853; x_wconf 89' lang='lat' dir='ltr'><strong>me,</strong></span> <span class='ocrx_word' id='word_1_224' title='bbox 749 2784 907 2857; x_wconf 87' lang='lat' dir='ltr'><strong>quod</strong></span> <span class='ocrx_word' id='word_1_225' title='bbox 955 2783 1218 2840; x_wconf 86' lang='lat' dir='ltr'><strong>ﬁdelium</strong></span> <span class='ocrx_word' id='word_1_226' title='bbox 1265 2786 1568 2858; x_wconf 87' lang='lat' dir='ltr'><strong>proprium</strong></span> <span class='ocrx_word' id='word_1_227' title='bbox 1616 2790 1725 2856; x_wconf 90' lang='lat' dir='ltr'><strong>est,</strong></span> <span class='ocrx_word' id='word_1_228' title='bbox 1778 2788 1839 2843; x_wconf 85' lang='lat' dir='ltr'><strong>in</strong></span> 
     </span>
    </p>
   </div>
   <div class='ocr_carea' id='block_1_31' title="bbox 172 2872 1837 2947">
    <p class='ocr_par' dir='ltr' id='par_1_31' title="bbox 172 2872 1837 2947">
     <span class='ocr_line' id='line_1_31' title="bbox 172 2872 1837 2947; baseline 0.001 -15"><span class='ocrx_word' id='word_1_229' title='bbox 172 2875 625 2946; x_wconf 67' lang='lat' dir='ltr'><strong>regeneratione,</strong></span> <span class='ocrx_word' id='word_1_230' title='bbox 658 2872 720 2930; x_wconf 91' lang='lat' dir='ltr'><strong>id</strong></span> <span class='ocrx_word' id='word_1_231' title='bbox 768 2876 859 2931; x_wconf 88' lang='lat' dir='ltr'><strong>est</strong></span> <span class='ocrx_word' id='word_1_232' title='bbox 906 2872 966 2929; x_wconf 93' lang='lat' dir='ltr'><strong>in</strong></span> <span class='ocrx_word' id='word_1_233' title='bbox 1014 2874 1461 2943; x_wconf 82' lang='lat' dir='ltr'><strong>resurrectione,</strong></span> <span class='ocrx_word' id='word_1_234' title='bbox 1530 2892 1657 2947; x_wconf 83' lang='lat' dir='ltr'><strong>quae</strong></span> <span class='ocrx_word' id='word_1_235' title='bbox 1708 2876 1837 2933; x_wconf 90' lang='lat' dir='ltr'><strong>ideo</strong></span> 
     </span>
    </p>
   </div>
   <div class='ocr_carea' id='block_1_32' title="bbox 172 2961 1838 3036">
    <p class='ocr_par' dir='ltr' id='par_1_32' title="bbox 172 2961 1838 3036">
     <span class='ocr_line' id='line_1_32' title="bbox 172 2961 1838 3036; baseline 0 -15"><span class='ocrx_word' id='word_1_236' title='bbox 172 2961 823 3036; x_wconf 66' lang='lat' dir='ltr'><strong>vocaturregeneratio,</strong></span> <span class='ocrx_word' id='word_1_237' title='bbox 839 2963 1118 3034; x_wconf 91' lang='lat' dir='ltr'><strong>quoniam</strong></span> <span class='ocrx_word' id='word_1_238' title='bbox 1143 2962 1241 3035; x_wconf 92' lang='lat' dir='ltr'><strong>qui</strong></span> <span class='ocrx_word' id='word_1_239' title='bbox 1265 2962 1522 3036; x_wconf 91' lang='lat' dir='ltr'><strong>primum</strong></span> <span class='ocrx_word' id='word_1_240' title='bbox 1546 2965 1838 3021; x_wconf 88' lang='lat' dir='ltr'><strong>nascendo</strong></span> 
     </span>
    </p>
   </div>
   <div class='ocr_carea' id='block_1_33' title="bbox 176 3050 1838 3127">
    <p class='ocr_par' dir='ltr' id='par_1_33' title="bbox 176 3050 1838 3127">
     <span class='ocr_line' id='line_1_33' title="bbox 176 3050 1838 3127; baseline -0.001 -17"><span class='ocrx_word' id='word_1_241' title='bbox 176 3066 605 3127; x_wconf 81' lang='lat' dir='ltr'><strong>regeneramur</strong></span> <span class='ocrx_word' id='word_1_242' title='bbox 653 3052 724 3108; x_wconf 90' lang='lat' dir='ltr'><strong>ad</strong></span> <span class='ocrx_word' id='word_1_243' title='bbox 772 3050 953 3108; x_wconf 87' lang='lat' dir='ltr'><strong>vitam</strong></span> <span class='ocrx_word' id='word_1_244' title='bbox 998 3051 1327 3119; x_wconf 87' lang='lat' dir='ltr'><strong>mortalem,</strong></span> <span class='ocrx_word' id='word_1_245' title='bbox 1387 3056 1589 3124; x_wconf 87' lang='lat' dir='ltr'><strong>postea</strong></span> <span class='ocrx_word' id='word_1_246' title='bbox 1645 3070 1838 3109; x_wconf 86' lang='lat' dir='ltr'><strong>resur-</strong></span> 
     </span>
    </p>
   </div>
   <div class='ocr_carea' id='block_1_34' title="bbox 179 3138 1839 3216">
    <p class='ocr_par' dir='ltr' id='par_1_34' title="bbox 179 3138 1839 3216">
     <span class='ocr_line' id='line_1_34' title="bbox 179 3138 1839 3216; baseline 0.001 -20"><span class='ocrx_word' id='word_1_247' title='bbox 179 3138 379 3216; x_wconf 79' lang='lat' dir='ltr'><strong>gendo</strong></span> <span class='ocrx_word' id='word_1_248' title='bbox 409 3139 824 3215; x_wconf 82' lang='lat' dir='ltr'><strong>generabimur</strong></span> <span class='ocrx_word' id='word_1_249' title='bbox 853 3141 925 3196; x_wconf 90' lang='lat' dir='ltr'><strong>ad</strong></span> <span class='ocrx_word' id='word_1_250' title='bbox 956 3138 1143 3196; x_wconf 88' lang='lat' dir='ltr'><strong>vitam</strong></span> <span class='ocrx_word' id='word_1_251' title='bbox 1174 3144 1449 3196; x_wconf 60' lang='lat' dir='ltr'><strong>aeternam</strong></span> <span class='ocrx_word' id='word_1_252' title='bbox 1478 3140 1612 3197; x_wconf 81' lang='lat' dir='ltr'><strong>Cum</strong></span> <span class='ocrx_word' id='word_1_253' title='bbox 1638 3141 1839 3198; x_wconf 85' lang='lat' dir='ltr'><strong>sederit</strong></span> 
     </span>
    </p>
   </div>
   <div class='ocr_carea' id='block_1_35' title="bbox 176 3204 1910 3302">
    <p class='ocr_par' dir='ltr' id='par_1_35' title="bbox 176 3204 1910 3302">
     <span class='ocr_line' id='line_1_35' title="bbox 176 3204 1910 3302; baseline -0.002 -12"><span class='ocrx_word' id='word_1_254' title='bbox 176 3204 367 3290; x_wconf 55' lang='lat' dir='ltr'><strong>Pilius</strong></span> <span class='ocrx_word' id='word_1_255' title='bbox 395 3204 635 3287; x_wconf 58' lang='lat' dir='ltr'><strong>hominis</strong></span> <span class='ocrx_word' id='word_1_256' title='bbox 662 3232 725 3286; x_wconf 86' lang='lat' dir='ltr'><strong>in</strong></span> <span class='ocrx_word' id='word_1_257' title='bbox 750 3228 874 3286; x_wconf 83' lang='lat' dir='ltr'><strong>sede</strong></span> <span class='ocrx_word' id='word_1_258' title='bbox 890 3229 1190 3302; x_wconf 87' lang='lat' dir='ltr'><strong>majestatis</strong></span> <span class='ocrx_word' id='word_1_259' title='bbox 1207 3243 1346 3295; x_wconf 68' lang='lat' dir='ltr'><strong>suae,</strong></span> <span class='ocrx_word' id='word_1_260' title='bbox 1370 3228 1621 3286; x_wconf 83' lang='lat' dir='ltr'><strong>sedebitis</strong></span> <span class='ocrx_word' id='word_1_261' title='bbox 1649 3239 1702 3286; x_wconf 91' lang='lat' dir='ltr'><strong>et</strong></span> <span class='ocrx_word' id='word_1_262' title='bbox 1721 3246 1832 3287; x_wconf 85' lang='lat' dir='ltr'><strong>vos.</strong></span> <span class='ocrx_word' id='word_1_263' title='bbox 1866 3204 1910 3274; x_wconf 66' lang='grc' dir='ltr'><strong>(ἶ</strong></span> 
     </span>
    </p>
   </div>
   <div class='ocr_carea' id='block_1_36' title="bbox 177 3316 1836 3392">
    <p class='ocr_par' dir='ltr' id='par_1_36' title="bbox 177 3316 1836 3392">
     <span class='ocr_line' id='line_1_36' title="bbox 177 3316 1836 3392; baseline -0.002 -14"><span class='ocrx_word' id='word_1_264' title='bbox 177 3321 263 3378; x_wconf 79' lang='lat' dir='ltr'><strong>Ae</strong></span> <span class='ocrx_word' id='word_1_265' title='bbox 295 3318 349 3377; x_wconf 87' lang='lat' dir='ltr'><strong>si</strong></span> <span class='ocrx_word' id='word_1_266' title='bbox 381 3323 578 3392; x_wconf 88' lang='lat' dir='ltr'><strong>aperte</strong></span> <span class='ocrx_word' id='word_1_267' title='bbox 607 3316 799 3375; x_wconf 90' lang='lat' dir='ltr'><strong>dicat:</strong></span> <span class='ocrx_word' id='word_1_268' title='bbox 832 3316 949 3374; x_wconf 88' lang='lat' dir='ltr'><strong>Vos</strong></span> <span class='ocrx_word' id='word_1_269' title='bbox 977 3318 1077 3391; x_wconf 90' lang='lat' dir='ltr'><strong>qui</strong></span> <span class='ocrx_word' id='word_1_270' title='bbox 1102 3335 1219 3375; x_wconf 91' lang='lat' dir='ltr'><strong>non</strong></span> <span class='ocrx_word' id='word_1_271' title='bbox 1243 3317 1436 3374; x_wconf 90' lang='lat' dir='ltr'><strong>solum</strong></span> <span class='ocrx_word' id='word_1_272' title='bbox 1469 3318 1836 3389; x_wconf 86' lang='lat' dir='ltr'><strong>mandatum,</strong></span> 
     </span>
    </p>
   </div>
   <div class='ocr_carea' id='block_1_37' title="bbox 176 3405 1836 3480">
    <p class='ocr_par' dir='ltr' id='par_1_37' title="bbox 176 3405 1836 3480">
     <span class='ocr_line' id='line_1_37' title="bbox 176 3405 1836 3480; baseline -0.002 -13"><span class='ocrx_word' id='word_1_273' title='bbox 176 3408 288 3467; x_wconf 72' lang='lat' dir='ltr'><strong>sed</strong></span> <span class='ocrx_word' id='word_1_274' title='bbox 313 3406 491 3465; x_wconf 85' lang='lat' dir='ltr'><strong>etiam</strong></span> <span class='ocrx_word' id='word_1_275' title='bbox 502 3405 814 3465; x_wconf 83' lang='lat' dir='ltr'><strong>consilium</strong></span> <span class='ocrx_word' id='word_1_276' title='bbox 835 3410 893 3463; x_wconf 90' lang='lat' dir='ltr'><strong>et</strong></span> <span class='ocrx_word' id='word_1_277' title='bbox 907 3405 1237 3480; x_wconf 83' lang='lat' dir='ltr'><strong>exemplum</strong></span> <span class='ocrx_word' id='word_1_278' title='bbox 1250 3422 1451 3463; x_wconf 89' lang='lat' dir='ltr'><strong>meum</strong></span> <span class='ocrx_word' id='word_1_279' title='bbox 1468 3407 1651 3463; x_wconf 87' lang='lat' dir='ltr'><strong>secuti</strong></span> <span class='ocrx_word' id='word_1_280' title='bbox 1673 3408 1836 3477; x_wconf 88' lang='lat' dir='ltr'><strong>estis,</strong></span> 
     </span>
    </p>
   </div>
   <div class='ocr_carea' id='block_1_38' title="bbox 170 3494 1839 3570">
    <p class='ocr_par' dir='ltr' id='par_1_38' title="bbox 170 3494 1839 3570">
     <span class='ocr_line' id='line_1_38' title="bbox 170 3494 1839 3570; baseline -0.001 -15"><span class='ocrx_word' id='word_1_281' title='bbox 170 3496 267 3555; x_wconf 81' lang='lat' dir='ltr'><strong>ita</strong></span> <span class='ocrx_word' id='word_1_282' title='bbox 295 3495 627 3570; x_wconf 83' lang='lat' dir='ltr'><strong>specialiter</strong></span> <span class='ocrx_word' id='word_1_283' title='bbox 654 3509 887 3554; x_wconf 86' lang='lat' dir='ltr'><strong>mecum</strong></span> <span class='ocrx_word' id='word_1_284' title='bbox 918 3495 1216 3553; x_wconf 89' lang='lat' dir='ltr'><strong>sedebitis.</strong></span> <span class='ocrx_word' id='word_1_285' title='bbox 1248 3494 1625 3569; x_wconf 86' lang='lat' dir='ltr'><strong>Signiﬁcatur</strong></span> <span class='ocrx_word' id='word_1_286' title='bbox 1643 3500 1839 3553; x_wconf 88' lang='lat' dir='ltr'><strong>autem</strong></span> 
     </span>
    </p>
   </div>
   <div class='ocr_carea' id='block_1_39' title="bbox 172 3584 1839 3660">
    <p class='ocr_par' dir='ltr' id='par_1_39' title="bbox 172 3584 1839 3660">
     <span class='ocr_line' id='line_1_39' title="bbox 172 3584 1839 3660; baseline -0.001 -16"><span class='ocrx_word' id='word_1_287' title='bbox 172 3584 280 3644; x_wconf 79' lang='lat' dir='ltr'><strong>hic</strong></span> <span class='ocrx_word' id='word_1_288' title='bbox 302 3602 408 3660; x_wconf 87' lang='lat' dir='ltr'><strong>per</strong></span> <span class='ocrx_word' id='word_1_289' title='bbox 427 3585 735 3643; x_wconf 88' lang='lat' dir='ltr'><strong>duodecim</strong></span> <span class='ocrx_word' id='word_1_290' title='bbox 759 3584 946 3652; x_wconf 87' lang='lat' dir='ltr'><strong>sedes,</strong></span> <span class='ocrx_word' id='word_1_291' title='bbox 952 3584 1272 3657; x_wconf 84' lang='lat' dir='ltr'><strong>judiciaria</strong></span> <span class='ocrx_word' id='word_1_292' title='bbox 1293 3588 1552 3657; x_wconf 86' lang='lat' dir='ltr'><strong>potestas</strong></span> <span class='ocrx_word' id='word_1_293' title='bbox 1573 3585 1839 3642; x_wconf 89' lang='lat' dir='ltr'><strong>omnium</strong></span> 
     </span>
    </p>
   </div>
   <div class='ocr_carea' id='block_1_40' title="bbox 166 3668 1839 3749">
    <p class='ocr_par' dir='ltr' id='par_1_40' title="bbox 166 3668 1839 3749">
     <span class='ocr_line' id='line_1_40' title="bbox 166 3668 1839 3749; baseline -0.001 -17"><span class='ocrx_word' id='word_1_294' title='bbox 166 3668 599 3749; x_wconf 70' lang='lat' dir='ltr'><strong>perfactorum,</strong></span> <span class='ocrx_word' id='word_1_295' title='bbox 621 3673 774 3732; x_wconf 89' lang='lat' dir='ltr'><strong>sicut</strong></span> <span class='ocrx_word' id='word_1_296' title='bbox 794 3690 900 3748; x_wconf 90' lang='lat' dir='ltr'><strong>per</strong></span> <span class='ocrx_word' id='word_1_297' title='bbox 927 3673 1233 3731; x_wconf 89' lang='lat' dir='ltr'><strong>duodecim</strong></span> <span class='ocrx_word' id='word_1_298' title='bbox 1254 3673 1467 3741; x_wconf 89' lang='lat' dir='ltr'><strong>tribus,</strong></span> <span class='ocrx_word' id='word_1_299' title='bbox 1492 3673 1839 3731; x_wconf 86' lang='lat' dir='ltr'><strong>universitas</strong></span> 
     </span>
    </p>
   </div>
   <div class='ocr_carea' id='block_1_41' title="bbox 168 3760 1841 3837">
    <p class='ocr_par' dir='ltr' id='par_1_41' title="bbox 168 3760 1841 3837">
     <span class='ocr_line' id='line_1_41' title="bbox 168 3760 1841 3837; baseline -0.002 -14"><span class='ocrx_word' id='word_1_300' title='bbox 168 3764 457 3823; x_wconf 75' lang='lat' dir='ltr'><strong>omnium</strong></span> <span class='ocrx_word' id='word_1_301' title='bbox 479 3762 957 3837; x_wconf 72' lang='lat' dir='ltr'><strong>judicandorum.</strong></span> <span class='ocrx_word' id='word_1_302' title='bbox 996 3760 1155 3819; x_wconf 87' lang='lat' dir='ltr'><strong>Alias</strong></span> <span class='ocrx_word' id='word_1_303' title='bbox 1179 3776 1285 3819; x_wconf 89' lang='lat' dir='ltr'><strong>nec</strong></span> <span class='ocrx_word' id='word_1_304' title='bbox 1315 3762 1533 3819; x_wconf 89' lang='lat' dir='ltr'><strong>Paulus</strong></span> <span class='ocrx_word' id='word_1_305' title='bbox 1561 3762 1663 3835; x_wconf 88' lang='lat' dir='ltr'><strong>qui</strong></span> <span class='ocrx_word' id='word_1_306' title='bbox 1696 3762 1841 3820; x_wconf 87' lang='lat' dir='ltr'><strong>dicit</strong></span> 
     </span>
    </p>
   </div>
   <div class='ocr_carea' id='block_1_42' title="bbox 170 3850 1833 3928">
    <p class='ocr_par' dir='ltr' id='par_1_42' title="bbox 170 3850 1833 3928">
     <span class='ocr_line' id='line_1_42' title="bbox 170 3850 1833 3928; baseline -0.002 -16"><span class='ocrx_word' id='word_1_307' title='bbox 170 3858 241 3912; x_wconf 56' lang='grc' dir='ltr'><strong>τε</strong></span> <span class='ocrx_word' id='word_1_308' title='bbox 274 3851 520 3928; x_wconf 78' lang='lat' dir='ltr'><strong>angelos</strong></span> <span class='ocrx_word' id='word_1_309' title='bbox 533 3850 965 3926; x_wconf 79' lang='lat' dir='ltr'><strong>judicaturum,</strong></span> <span class='ocrx_word' id='word_1_310' title='bbox 988 3851 1302 3925; x_wconf 88' lang='lat' dir='ltr'><strong>judicabit,</strong></span> <span class='ocrx_word' id='word_1_311' title='bbox 1325 3867 1432 3908; x_wconf 89' lang='lat' dir='ltr'><strong>nec</strong></span> <span class='ocrx_word' id='word_1_312' title='bbox 1459 3850 1584 3908; x_wconf 63' lang='lat' dir='ltr'><strong>alia</strong></span> <span class='ocrx_word' id='word_1_313' title='bbox 1623 3868 1659 3907; x_wconf 88' lang='lat' dir='ltr'><strong>a</strong></span> <span class='ocrx_word' id='word_1_314' title='bbox 1688 3852 1833 3909; x_wconf 91' lang='lat' dir='ltr'><strong>duo-</strong></span> 
     </span>
    </p>
   </div>
   <div class='ocr_carea' id='block_1_43' title="bbox 172 3938 1838 4014">
    <p class='ocr_par' dir='ltr' id='par_1_43' title="bbox 172 3938 1838 4014">
     <span class='ocr_line' id='line_1_43' title="bbox 172 3938 1838 4014; baseline -0.002 -14"><span class='ocrx_word' id='word_1_315' title='bbox 172 3940 375 4001; x_wconf 84' lang='lat' dir='ltr'><strong>decim</strong></span> <span class='ocrx_word' id='word_1_316' title='bbox 404 3938 678 3999; x_wconf 87' lang='lat' dir='ltr'><strong>tribubus</strong></span> <span class='ocrx_word' id='word_1_317' title='bbox 691 3938 1437 4014; x_wconf 85' lang='lat' dir='ltr'><strong>judicabuutur.Judicahit</strong></span> <span class='ocrx_word' id='word_1_318' title='bbox 1458 3945 1654 3997; x_wconf 90' lang='lat' dir='ltr'><strong>autem</strong></span> <span class='ocrx_word' id='word_1_319' title='bbox 1677 3939 1838 3997; x_wconf 89' lang='lat' dir='ltr'><strong>solus</strong></span> 
     </span>
    </p>
   </div>
   <div class='ocr_carea' id='block_1_44' title="bbox 166 4022 1835 4103">
    <p class='ocr_par' dir='ltr' id='par_1_44' title="bbox 166 4022 1835 4103">
     <span class='ocr_line' id='line_1_44' title="bbox 166 4022 1835 4103; baseline -0.003 -13"><span class='ocrx_word' id='word_1_320' title='bbox 166 4022 474 4090; x_wconf 58' lang='lat' dir='ltr'><strong>Dominus</strong></span> <span class='ocrx_word' id='word_1_321' title='bbox 501 4031 868 4098; x_wconf 87' lang='lat' dir='ltr'><strong>auctoritate,</strong></span> <span class='ocrx_word' id='word_1_322' title='bbox 900 4034 1183 4103; x_wconf 89' lang='lat' dir='ltr'><strong>tanquam</strong></span> <span class='ocrx_word' id='word_1_323' title='bbox 1223 4028 1513 4087; x_wconf 89' lang='lat' dir='ltr'><strong>Dominus</strong></span> <span class='ocrx_word' id='word_1_324' title='bbox 1542 4034 1599 4087; x_wconf 84' lang='lat' dir='ltr'><strong>et</strong></span> <span class='ocrx_word' id='word_1_325' title='bbox 1626 4030 1835 4087; x_wconf 84' lang='lat' dir='ltr'><strong>Judex.</strong></span> 
     </span>
    </p>
   </div>
   <div class='ocr_carea' id='block_1_45' title="bbox 166 4116 1837 4195">
    <p class='ocr_par' dir='ltr' id='par_1_45' title="bbox 166 4116 1837 4195">
     <span class='ocr_line' id='line_1_45' title="bbox 166 4116 1837 4195; baseline -0.002 -16"><span class='ocrx_word' id='word_1_326' title='bbox 166 4116 447 4195; x_wconf 75' lang='lat' dir='ltr'><strong>Apostoli</strong></span> <span class='ocrx_word' id='word_1_327' title='bbox 474 4134 609 4177; x_wconf 88' lang='lat' dir='ltr'><strong>vero</strong></span> <span class='ocrx_word' id='word_1_328' title='bbox 649 4117 1005 4192; x_wconf 87' lang='lat' dir='ltr'><strong>judicabunt</strong></span> <span class='ocrx_word' id='word_1_329' title='bbox 1048 4133 1316 4189; x_wconf 87' lang='lat' dir='ltr'><strong>assensu,</strong></span> <span class='ocrx_word' id='word_1_330' title='bbox 1346 4121 1632 4191; x_wconf 90' lang='lat' dir='ltr'><strong>tanquam</strong></span> <span class='ocrx_word' id='word_1_331' title='bbox 1663 4135 1837 4175; x_wconf 89' lang='lat' dir='ltr'><strong>sena-</strong></span> 
     </span>
    </p>
   </div>
   <div class='ocr_carea' id='block_1_46' title="bbox 160 4204 1838 4268">
    <p class='ocr_par' dir='ltr' id='par_1_46' title="bbox 160 4204 1838 4268">
     <span class='ocr_line' id='line_1_46' title="bbox 160 4204 1838 4268; baseline -0.002 -1"><span class='ocrx_word' id='word_1_332' title='bbox 160 4212 344 4268; x_wconf 73' lang='lat' dir='ltr'><strong>tores</strong></span> <span class='ocrx_word' id='word_1_333' title='bbox 371 4204 433 4265; x_wconf 89' lang='lat' dir='ltr'><strong>in</strong></span> <span class='ocrx_word' id='word_1_334' title='bbox 451 4204 715 4266; x_wconf 88' lang='lat' dir='ltr'><strong>concilio.</strong></span> <span class='ocrx_word' id='word_1_335' title='bbox 740 4204 1106 4264; x_wconf 87' lang='lat' dir='ltr'><strong>Mediocriter</strong></span> <span class='ocrx_word' id='word_1_336' title='bbox 1125 4205 1300 4263; x_wconf 89' lang='lat' dir='ltr'><strong>etiam</strong></span> <span class='ocrx_word' id='word_1_337' title='bbox 1328 4207 1514 4263; x_wconf 90' lang='lat' dir='ltr'><strong>bonos</strong></span> <span class='ocrx_word' id='word_1_338' title='bbox 1533 4206 1677 4263; x_wconf 90' lang='lat' dir='ltr'><strong>dicit</strong></span> <span class='ocrx_word' id='word_1_339' title='bbox 1697 4208 1838 4264; x_wconf 89' lang='lat' dir='ltr'><strong>alibi</strong></span> 
     </span>
    </p>
   </div>
   <div class='ocr_carea' id='block_1_47' title="bbox 162 4294 1839 4370">
    <p class='ocr_par' dir='ltr' id='par_1_47' title="bbox 162 4294 1839 4370">
     <span class='ocr_line' id='line_1_47' title="bbox 162 4294 1839 4370; baseline -0.001 -13"><span class='ocrx_word' id='word_1_340' title='bbox 162 4296 1301 4370; x_wconf 74' lang='lat' dir='ltr'><strong>Dominusjndicaturos,comparatione</strong></span> <span class='ocrx_word' id='word_1_341' title='bbox 1313 4294 1557 4353; x_wconf 89' lang='lat' dir='ltr'><strong>scillicet</strong></span> <span class='ocrx_word' id='word_1_342' title='bbox 1577 4294 1839 4355; x_wconf 90' lang='lat' dir='ltr'><strong>melioris</strong></span> 
     </span>
    </p>
   </div>
   <div class='ocr_carea' id='block_1_48' title="bbox 166 4378 1838 4459">
    <p class='ocr_par' dir='ltr' id='par_1_48' title="bbox 166 4378 1838 4459">
     <span class='ocr_line' id='line_1_48' title="bbox 166 4378 1838 4459; baseline -0.001 -14"><span class='ocrx_word' id='word_1_343' title='bbox 166 4378 327 4445; x_wconf 66' lang='lat' dir='ltr'><strong>facti</strong></span> <span class='ocrx_word' id='word_1_344' title='bbox 356 4382 593 4445; x_wconf 85' lang='lat' dir='ltr'><strong>dicens:</strong></span> <span class='ocrx_word' id='word_1_345' title='bbox 624 4385 747 4441; x_wconf 85' lang='lat' dir='ltr'><strong>Viri</strong></span> <span class='ocrx_word' id='word_1_346' title='bbox 778 4384 1043 4442; x_wconf 69' lang='lat' dir='ltr'><strong>Ninivitas</strong></span> <span class='ocrx_word' id='word_1_347' title='bbox 1090 4388 1333 4459; x_wconf 83' lang='lat' dir='ltr'><strong>surgent</strong></span> <span class='ocrx_word' id='word_1_348' title='bbox 1360 4384 1419 4441; x_wconf 92' lang='lat' dir='ltr'><strong>in</strong></span> <span class='ocrx_word' id='word_1_349' title='bbox 1443 4385 1673 4457; x_wconf 77' lang='lat' dir='ltr'><strong>judicio</strong></span> <span class='ocrx_word' id='word_1_350' title='bbox 1702 4402 1838 4443; x_wconf 91' lang='lat' dir='ltr'><strong>cum</strong></span> 
     </span>
    </p>
   </div>
   <div class='ocr_carea' id='block_1_49' title="bbox 161 4473 1838 4551">
    <p class='ocr_par' dir='ltr' id='par_1_49' title="bbox 161 4473 1838 4551">
     <span class='ocr_line' id='line_1_49' title="bbox 161 4473 1838 4551; baseline 0.001 -19"><span class='ocrx_word' id='word_1_351' title='bbox 161 4474 558 4551; x_wconf 72' lang='lat' dir='ltr'><strong>generatlone</strong></span> <span class='ocrx_word' id='word_1_352' title='bbox 585 4473 719 4546; x_wconf 88' lang='lat' dir='ltr'><strong>ista,</strong></span> <span class='ocrx_word' id='word_1_353' title='bbox 751 4479 808 4531; x_wconf 90' lang='lat' dir='ltr'><strong>et</strong></span> <span class='ocrx_word' id='word_1_354' title='bbox 844 4474 1324 4531; x_wconf 87' lang='lat' dir='ltr'><strong>condemnabunt</strong></span> <span class='ocrx_word' id='word_1_355' title='bbox 1371 4490 1527 4543; x_wconf 88' lang='lat' dir='ltr'><strong>eam,</strong></span> <span class='ocrx_word' id='word_1_356' title='bbox 1557 4475 1838 4548; x_wconf 88' lang='lat' dir='ltr'><strong>quoniam</strong></span> 
     </span>
    </p>
   </div>
   <div class='ocr_carea' id='block_1_50' title="bbox 1937 559 3582 634">
    <p class='ocr_par' dir='ltr' id='par_1_50' title="bbox 1937 559 3582 634">
     <span class='ocr_line' id='line_1_50' title="bbox 1937 559 3582 634; baseline 0.001 -21"><span class='ocrx_word' id='word_1_357' title='bbox 1937 575 2197 628; x_wconf 80' lang='lat' dir='ltr'><strong>uxorem,</strong></span> <span class='ocrx_word' id='word_1_358' title='bbox 2223 577 2359 616; x_wconf 90' lang='lat' dir='ltr'><strong>cum</strong></span> <span class='ocrx_word' id='word_1_359' title='bbox 2383 561 2521 617; x_wconf 88' lang='lat' dir='ltr'><strong>alibi</strong></span> <span class='ocrx_word' id='word_1_360' title='bbox 2551 560 2706 616; x_wconf 89' lang='lat' dir='ltr'><strong>idem</strong></span> <span class='ocrx_word' id='word_1_361' title='bbox 2723 559 3018 634; x_wconf 66' lang='lat' dir='ltr'><strong>praecipiat</strong></span> <span class='ocrx_word' id='word_1_362' title='bbox 3042 559 3330 617; x_wconf 88' lang='lat' dir='ltr'><strong>honorare</strong></span> <span class='ocrx_word' id='word_1_363' title='bbox 3360 563 3582 633; x_wconf 84' lang='lat' dir='ltr'><strong>patrem</strong></span> 
     </span>
    </p>
   </div>
   <div class='ocr_carea' id='block_1_51' title="bbox 1933 648 3585 722">
    <p class='ocr_par' dir='ltr' id='par_1_51' title="bbox 1933 648 3585 722">
     <span class='ocr_line' id='line_1_51' title="bbox 1933 648 3585 722; baseline 0.001 -19"><span class='ocrx_word' id='word_1_364' title='bbox 1933 652 1991 703; x_wconf 87' lang='lat' dir='ltr'><strong>et</strong></span> <span class='ocrx_word' id='word_1_365' title='bbox 2020 654 2268 705; x_wconf 88' lang='lat' dir='ltr'><strong>matrem</strong></span> <span class='ocrx_word' id='word_1_366' title='bbox 2303 650 2525 722; x_wconf 81' lang='lat' dir='ltr'><strong>(Matth.</strong></span> <span class='ocrx_word' id='word_1_367' title='bbox 2558 667 2668 718; x_wconf 82' lang='lat' dir='ltr'><strong>xv;</strong></span> <span class='ocrx_word' id='word_1_368' title='bbox 2701 654 2873 708; x_wconf 80' lang='lat' dir='ltr'><strong>Marc.</strong></span> <span class='ocrx_word' id='word_1_369' title='bbox 2893 649 3014 722; x_wconf 83' lang='lat' dir='ltr'><strong>v11),</strong></span> <span class='ocrx_word' id='word_1_370' title='bbox 3048 654 3105 706; x_wconf 89' lang='lat' dir='ltr'><strong>et</strong></span> <span class='ocrx_word' id='word_1_371' title='bbox 3134 665 3371 705; x_wconf 79' lang='lat' dir='ltr'><strong>uxorem</strong></span> <span class='ocrx_word' id='word_1_372' title='bbox 3403 665 3437 705; x_wconf 89' lang='lat' dir='ltr'><strong>a</strong></span> <span class='ocrx_word' id='word_1_373' title='bbox 3464 648 3585 704; x_wconf 91' lang='lat' dir='ltr'><strong>viro</strong></span> 
     </span>
    </p>
   </div>
   <div class='ocr_carea' id='block_1_52' title="bbox 1933 736 3587 809">
    <p class='ocr_par' dir='ltr' id='par_1_52' title="bbox 1933 736 3587 809">
     <span class='ocr_line' id='line_1_52' title="bbox 1933 736 3587 809; baseline 0 -17"><span class='ocrx_word' id='word_1_374' title='bbox 1933 753 2048 793; x_wconf 91' lang='lat' dir='ltr'><strong>non</strong></span> <span class='ocrx_word' id='word_1_375' title='bbox 2082 736 2422 795; x_wconf 81' lang='lat' dir='ltr'><strong>discedere?</strong></span> <span class='ocrx_word' id='word_1_376' title='bbox 2453 739 2658 809; x_wconf 79' lang='lat' dir='ltr'><strong>(Matth.</strong></span> <span class='ocrx_word' id='word_1_377' title='bbox 2708 743 2851 807; x_wconf 69' lang='lat' dir='ltr'><strong>xxx.)</strong></span> <span class='ocrx_word' id='word_1_378' title='bbox 2883 739 2993 795; x_wconf 89' lang='lat' dir='ltr'><strong>Sed</strong></span> <span class='ocrx_word' id='word_1_379' title='bbox 3046 755 3160 794; x_wconf 91' lang='lat' dir='ltr'><strong>non</strong></span> <span class='ocrx_word' id='word_1_380' title='bbox 3194 742 3465 794; x_wconf 87' lang='lat' dir='ltr'><strong>naturam</strong></span> <span class='ocrx_word' id='word_1_381' title='bbox 3497 736 3587 792; x_wconf 91' lang='lat' dir='ltr'><strong>vel</strong></span> 
     </span>
    </p>
   </div>
   <div class='ocr_carea' id='block_1_53' title="bbox 1934 826 3590 901">
    <p class='ocr_par' dir='ltr' id='par_1_53' title="bbox 1934 826 3590 901">
     <span class='ocr_line' id='line_1_53' title="bbox 1934 826 3590 901; baseline 0 -20"><span class='ocrx_word' id='word_1_382' title='bbox 1934 826 2277 884; x_wconf 85' lang='lat' dir='ltr'><strong>cbaritatem</strong></span> <span class='ocrx_word' id='word_1_383' title='bbox 2305 827 2490 901; x_wconf 88' lang='lat' dir='ltr'><strong>patris</strong></span> <span class='ocrx_word' id='word_1_384' title='bbox 2521 833 2578 884; x_wconf 88' lang='lat' dir='ltr'><strong>et</strong></span> <span class='ocrx_word' id='word_1_385' title='bbox 2607 828 2815 884; x_wconf 89' lang='lat' dir='ltr'><strong>matris</strong></span> <span class='ocrx_word' id='word_1_386' title='bbox 2863 827 2985 883; x_wconf 81' lang='lat' dir='ltr'><strong>vult</strong></span> <span class='ocrx_word' id='word_1_387' title='bbox 3015 826 3303 883; x_wconf 89' lang='lat' dir='ltr'><strong>Dominus</strong></span> <span class='ocrx_word' id='word_1_388' title='bbox 3353 831 3590 900; x_wconf 89' lang='lat' dir='ltr'><strong>propter</strong></span> 
     </span>
    </p>
   </div>
   <div class='ocr_carea' id='block_1_54' title="bbox 1935 914 3587 988">
    <p class='ocr_par' dir='ltr' id='par_1_54' title="bbox 1935 914 3587 988">
     <span class='ocr_line' id='line_1_54' title="bbox 1935 914 3587 988; baseline 0 -17"><span class='ocrx_word' id='word_1_389' title='bbox 1935 931 1996 971; x_wconf 89' lang='lat' dir='ltr'><strong>se</strong></span> <span class='ocrx_word' id='word_1_390' title='bbox 2033 914 2500 988; x_wconf 81' lang='lat' dir='ltr'><strong>relinquendam,</strong></span> <span class='ocrx_word' id='word_1_391' title='bbox 2546 917 2646 973; x_wconf 91' lang='lat' dir='ltr'><strong>sed</strong></span> <span class='ocrx_word' id='word_1_392' title='bbox 2697 914 2962 972; x_wconf 85' lang='lat' dir='ltr'><strong>carnales</strong></span> <span class='ocrx_word' id='word_1_393' title='bbox 3018 915 3283 983; x_wconf 89' lang='lat' dir='ltr'><strong>aﬂectus,</strong></span> <span class='ocrx_word' id='word_1_394' title='bbox 3334 915 3587 972; x_wconf 85' lang='lat' dir='ltr'><strong>maxime</strong></span> 
     </span>
    </p>
   </div>
   <div class='ocr_carea' id='block_1_55' title="bbox 1934 1003 3587 1078">
    <p class='ocr_par' dir='ltr' id='par_1_55' title="bbox 1934 1003 3587 1078">
     <span class='ocr_line' id='line_1_55' title="bbox 1934 1003 3587 1078; baseline -0.001 -18"><span class='ocrx_word' id='word_1_395' title='bbox 1934 1020 2069 1060; x_wconf 90' lang='lat' dir='ltr'><strong>cum</strong></span> <span class='ocrx_word' id='word_1_396' title='bbox 2099 1022 2134 1061; x_wconf 88' lang='lat' dir='ltr'><strong>a</strong></span> <span class='ocrx_word' id='word_1_397' title='bbox 2160 1004 2253 1060; x_wconf 87' lang='lat' dir='ltr'><strong>via</strong></span> <span class='ocrx_word' id='word_1_398' title='bbox 2282 1004 2381 1061; x_wconf 90' lang='lat' dir='ltr'><strong>Dei</strong></span> <span class='ocrx_word' id='word_1_399' title='bbox 2417 1022 2523 1061; x_wconf 88' lang='lat' dir='ltr'><strong>nos</strong></span> <span class='ocrx_word' id='word_1_400' title='bbox 2554 1005 2904 1078; x_wconf 89' lang='lat' dir='ltr'><strong>impediunt.</strong></span> <span class='ocrx_word' id='word_1_401' title='bbox 2921 1005 3083 1071; x_wconf 92' lang='lat' dir='ltr'><strong>Quod</strong></span> <span class='ocrx_word' id='word_1_402' title='bbox 3116 1003 3257 1060; x_wconf 91' lang='lat' dir='ltr'><strong>olim</strong></span> <span class='ocrx_word' id='word_1_403' title='bbox 3288 1004 3348 1059; x_wconf 90' lang='lat' dir='ltr'><strong>in</strong></span> <span class='ocrx_word' id='word_1_404' title='bbox 3382 1003 3587 1077; x_wconf 86' lang='lat' dir='ltr'><strong>primi-</strong></span> 
     </span>
    </p>
   </div>
   <div class='ocr_carea' id='block_1_56' title="bbox 1934 1092 3588 1167">
    <p class='ocr_par' dir='ltr' id='par_1_56' title="bbox 1934 1092 3588 1167">
     <span class='ocr_line' id='line_1_56' title="bbox 1934 1092 3588 1167; baseline 0 -19"><span class='ocrx_word' id='word_1_405' title='bbox 1934 1092 2053 1149; x_wconf 86' lang='lat' dir='ltr'><strong>tiva</strong></span> <span class='ocrx_word' id='word_1_406' title='bbox 2079 1093 2335 1150; x_wconf 89' lang='lat' dir='ltr'><strong>Ecclesia</strong></span> <span class='ocrx_word' id='word_1_407' title='bbox 2368 1094 2704 1167; x_wconf 83' lang='lat' dir='ltr'><strong>frequenter</strong></span> <span class='ocrx_word' id='word_1_408' title='bbox 2752 1094 3147 1167; x_wconf 84' lang='lat' dir='ltr'><strong>contingebat,</strong></span> <span class='ocrx_word' id='word_1_409' title='bbox 3193 1109 3327 1148; x_wconf 90' lang='lat' dir='ltr'><strong>eum</strong></span> <span class='ocrx_word' id='word_1_410' title='bbox 3358 1092 3588 1149; x_wconf 89' lang='lat' dir='ltr'><strong>ﬁdelem</strong></span> 
     </span>
    </p>
   </div>
   <div class='ocr_carea' id='block_1_57' title="bbox 1934 1180 3593 1255">
    <p class='ocr_par' dir='ltr' id='par_1_57' title="bbox 1934 1180 3593 1255">
     <span class='ocr_line' id='line_1_57' title="bbox 1934 1180 3593 1255; baseline 0 -17"><span class='ocrx_word' id='word_1_411' title='bbox 1934 1184 2118 1255; x_wconf 90' lang='lat' dir='ltr'><strong>pater,</strong></span> <span class='ocrx_word' id='word_1_412' title='bbox 2148 1183 2236 1238; x_wconf 86' lang='lat' dir='ltr'><strong>vel</strong></span> <span class='ocrx_word' id='word_1_413' title='bbox 2268 1187 2474 1240; x_wconf 88' lang='lat' dir='ltr'><strong>mater.</strong></span> <span class='ocrx_word' id='word_1_414' title='bbox 2508 1182 2597 1239; x_wconf 84' lang='lat' dir='ltr'><strong>vel</strong></span> <span class='ocrx_word' id='word_1_415' title='bbox 2630 1200 2776 1239; x_wconf 82' lang='lat' dir='ltr'><strong>uxor</strong></span> <span class='ocrx_word' id='word_1_416' title='bbox 2804 1181 3060 1238; x_wconf 90' lang='lat' dir='ltr'><strong>inﬁdelis</strong></span> <span class='ocrx_word' id='word_1_417' title='bbox 3091 1200 3126 1238; x_wconf 91' lang='lat' dir='ltr'><strong>a</strong></span> <span class='ocrx_word' id='word_1_418' title='bbox 3152 1180 3246 1238; x_wconf 91' lang='lat' dir='ltr'><strong>via</strong></span> <span class='ocrx_word' id='word_1_419' title='bbox 3277 1180 3380 1237; x_wconf 88' lang='lat' dir='ltr'><strong>Dei</strong></span> <span class='ocrx_word' id='word_1_420' title='bbox 3413 1185 3593 1238; x_wconf 83' lang='lat' dir='ltr'><strong>retra-</strong></span> 
     </span>
    </p>
   </div>
   <div class='ocr_carea' id='block_1_58' title="bbox 1934 1269 3589 1347">
    <p class='ocr_par' dir='ltr' id='par_1_58' title="bbox 1934 1269 3589 1347">
     <span class='ocr_line' id='line_1_58' title="bbox 1934 1269 3589 1347; baseline 0 -20"><span class='ocrx_word' id='word_1_421' title='bbox 1934 1270 2130 1328; x_wconf 90' lang='lat' dir='ltr'><strong>hebat.</strong></span> <span class='ocrx_word' id='word_1_422' title='bbox 2156 1272 2317 1338; x_wconf 88' lang='lat' dir='ltr'><strong>Quod</strong></span> <span class='ocrx_word' id='word_1_423' title='bbox 2348 1271 2399 1329; x_wconf 91' lang='lat' dir='ltr'><strong>si</strong></span> <span class='ocrx_word' id='word_1_424' title='bbox 2431 1272 2696 1328; x_wconf 88' lang='lat' dir='ltr'><strong>carnales</strong></span> <span class='ocrx_word' id='word_1_425' title='bbox 2726 1272 2969 1347; x_wconf 78' lang='lat' dir='ltr'><strong>affectus</strong></span> <span class='ocrx_word' id='word_1_426' title='bbox 3001 1271 3205 1343; x_wconf 84' lang='lat' dir='ltr'><strong>patris,</strong></span> <span class='ocrx_word' id='word_1_427' title='bbox 3238 1269 3327 1326; x_wconf 90' lang='lat' dir='ltr'><strong>vel</strong></span> <span class='ocrx_word' id='word_1_428' title='bbox 3359 1270 3589 1338; x_wconf 86' lang='lat' dir='ltr'><strong>matris,</strong></span> 
     </span>
    </p>
   </div>
   <div class='ocr_carea' id='block_1_59' title="bbox 1933 1358 3591 1435">
    <p class='ocr_par' dir='ltr' id='par_1_59' title="bbox 1933 1358 3591 1435">
     <span class='ocr_line' id='line_1_59' title="bbox 1933 1358 3591 1435; baseline 0.001 -20"><span class='ocrx_word' id='word_1_429' title='bbox 1933 1358 2023 1417; x_wconf 91' lang='lat' dir='ltr'><strong>vel</strong></span> <span class='ocrx_word' id='word_1_430' title='bbox 2056 1360 2251 1417; x_wconf 84' lang='lat' dir='ltr'><strong>uxoris</strong></span> <span class='ocrx_word' id='word_1_431' title='bbox 2282 1360 2397 1417; x_wconf 91' lang='lat' dir='ltr'><strong>Deo</strong></span> <span class='ocrx_word' id='word_1_432' title='bbox 2433 1361 2821 1435; x_wconf 65' lang='lat' dir='ltr'><strong>praeponebat,</strong></span> <span class='ocrx_word' id='word_1_433' title='bbox 2845 1360 3127 1433; x_wconf 85' lang='lat' dir='ltr'><strong>indignus</strong></span> <span class='ocrx_word' id='word_1_434' title='bbox 3156 1359 3272 1416; x_wconf 87' lang='lat' dir='ltr'><strong>Deo</strong></span> <span class='ocrx_word' id='word_1_435' title='bbox 3303 1359 3591 1432; x_wconf 88' lang='lat' dir='ltr'><strong>erai,ipso</strong></span> 
     </span>
    </p>
   </div>
   <div class='ocr_carea' id='block_1_60' title="bbox 1936 1447 3589 1523">
    <p class='ocr_par' dir='ltr' id='par_1_60' title="bbox 1936 1447 3589 1523">
     <span class='ocr_line' id='line_1_60' title="bbox 1936 1447 3589 1523; baseline -0.001 -17"><span class='ocrx_word' id='word_1_436' title='bbox 1936 1448 2201 1507; x_wconf 88' lang='lat' dir='ltr'><strong>dicente:</strong></span> <span class='ocrx_word' id='word_1_437' title='bbox 2233 1450 2341 1515; x_wconf 88' lang='lat' dir='ltr'><strong>Qui</strong></span> <span class='ocrx_word' id='word_1_438' title='bbox 2374 1454 2533 1507; x_wconf 89' lang='lat' dir='ltr'><strong>amat</strong></span> <span class='ocrx_word' id='word_1_439' title='bbox 2582 1455 2808 1523; x_wconf 89' lang='lat' dir='ltr'><strong>patrem</strong></span> <span class='ocrx_word' id='word_1_440' title='bbox 2854 1454 2957 1505; x_wconf 88' lang='lat' dir='ltr'><strong>aut</strong></span> <span class='ocrx_word' id='word_1_441' title='bbox 2986 1452 3233 1505; x_wconf 86' lang='lat' dir='ltr'><strong>matrem</strong></span> <span class='ocrx_word' id='word_1_442' title='bbox 3274 1447 3589 1521; x_wconf 89' lang='lat' dir='ltr'><strong>plusquam</strong></span> 
     </span>
    </p>
   </div>
   <div class='ocr_carea' id='block_1_61' title="bbox 1936 1538 3595 1612">
    <p class='ocr_par' dir='ltr' id='par_1_61' title="bbox 1936 1538 3595 1612">
     <span class='ocr_line' id='line_1_61' title="bbox 1936 1538 3595 1612; baseline -0.001 -18"><span class='ocrx_word' id='word_1_443' title='bbox 1936 1556 2050 1608; x_wconf 90' lang='lat' dir='ltr'><strong>me,</strong></span> <span class='ocrx_word' id='word_1_444' title='bbox 2083 1557 2198 1596; x_wconf 89' lang='lat' dir='ltr'><strong>non</strong></span> <span class='ocrx_word' id='word_1_445' title='bbox 2231 1543 2321 1596; x_wconf 88' lang='lat' dir='ltr'><strong>est</strong></span> <span class='ocrx_word' id='word_1_446' title='bbox 2350 1556 2444 1595; x_wconf 90' lang='lat' dir='ltr'><strong>me</strong></span> <span class='ocrx_word' id='word_1_447' title='bbox 2467 1538 2679 1611; x_wconf 85' lang='lat' dir='ltr'><strong>dignus</strong></span> <span class='ocrx_word' id='word_1_448' title='bbox 2703 1538 2908 1612; x_wconf 78' lang='lat' dir='ltr'><strong>(Matth.</strong></span> <span class='ocrx_word' id='word_1_449' title='bbox 2931 1540 3009 1608; x_wconf 72' lang='grc' dir='ltr'><strong>χ).</strong></span> <span class='ocrx_word' id='word_1_450' title='bbox 3046 1559 3074 1588; x_wconf 87' lang='grc'><strong>››</strong></span> <span class='ocrx_word' id='word_1_451' title='bbox 3105 1538 3231 1594; x_wconf 89' lang='lat' dir='ltr'><strong>Non</strong></span> <span class='ocrx_word' id='word_1_452' title='bbox 3254 1538 3339 1594; x_wconf 88' lang='lat' dir='ltr'><strong>ait</strong></span> <span class='ocrx_word' id='word_1_453' title='bbox 3357 1541 3595 1611; x_wconf 86' lang='lat' dir='ltr'><strong>propter</strong></span> 
     </span>
    </p>
   </div>
   <div class='ocr_carea' id='block_1_62' title="bbox 1937 1625 3592 1700">
    <p class='ocr_par' dir='ltr' id='par_1_62' title="bbox 1937 1625 3592 1700">
     <span class='ocr_line' id='line_1_62' title="bbox 1937 1625 3592 1700; baseline -0.002 -15"><span class='ocrx_word' id='word_1_454' title='bbox 1937 1645 2051 1696; x_wconf 91' lang='lat' dir='ltr'><strong>me,</strong></span> <span class='ocrx_word' id='word_1_455' title='bbox 2085 1632 2188 1685; x_wconf 87' lang='lat' dir='ltr'><strong>aut</strong></span> <span class='ocrx_word' id='word_1_456' title='bbox 2234 1628 2562 1685; x_wconf 88' lang='lat' dir='ltr'><strong>secundum</strong></span> <span class='ocrx_word' id='word_1_457' title='bbox 2593 1645 2709 1696; x_wconf 91' lang='lat' dir='ltr'><strong>me,</strong></span> <span class='ocrx_word' id='word_1_458' title='bbox 2763 1628 2862 1684; x_wconf 90' lang='lat' dir='ltr'><strong>sed</strong></span> <span class='ocrx_word' id='word_1_459' title='bbox 2908 1627 2991 1683; x_wconf 90' lang='lat' dir='ltr'><strong>ait</strong></span> <span class='ocrx_word' id='word_1_460' title='bbox 3014 1627 3304 1700; x_wconf 77' lang='lat' dir='ltr'><strong>plusquam</strong></span> <span class='ocrx_word' id='word_1_461' title='bbox 3348 1642 3456 1693; x_wconf 86' lang='lat' dir='ltr'><strong>me,</strong></span> <span class='ocrx_word' id='word_1_462' title='bbox 3504 1625 3592 1683; x_wconf 89' lang='lat' dir='ltr'><strong>vel</strong></span> 
     </span>
    </p>
   </div>
   <div class='ocr_carea' id='block_1_63' title="bbox 1936 1715 3593 1790">
    <p class='ocr_par' dir='ltr' id='par_1_63' title="bbox 1936 1715 3593 1790">
     <span class='ocr_line' id='line_1_63' title="bbox 1936 1715 3593 1790; baseline -0.001 -16"><span class='ocrx_word' id='word_1_463' title='bbox 1936 1722 2139 1774; x_wconf 89' lang='lat' dir='ltr'><strong>contra</strong></span> <span class='ocrx_word' id='word_1_464' title='bbox 2168 1734 2281 1774; x_wconf 91' lang='lat' dir='ltr'><strong>me.</strong></span> <span class='ocrx_word' id='word_1_465' title='bbox 2318 1717 2541 1790; x_wconf 74' lang='lat' dir='ltr'><strong>Itaque,</strong></span> <span class='ocrx_word' id='word_1_466' title='bbox 2595 1719 2804 1774; x_wconf 84' lang='lat' dir='ltr'><strong>fratres</strong></span> <span class='ocrx_word' id='word_1_467' title='bbox 2851 1716 2987 1789; x_wconf 89' lang='lat' dir='ltr'><strong>mei,</strong></span> <span class='ocrx_word' id='word_1_468' title='bbox 3021 1716 3257 1789; x_wconf 88' lang='lat' dir='ltr'><strong>quando</strong></span> <span class='ocrx_word' id='word_1_469' title='bbox 3306 1733 3341 1771; x_wconf 91' lang='lat' dir='ltr'><strong>a</strong></span> <span class='ocrx_word' id='word_1_470' title='bbox 3368 1715 3462 1771; x_wconf 91' lang='lat' dir='ltr'><strong>via</strong></span> <span class='ocrx_word' id='word_1_471' title='bbox 3491 1715 3593 1772; x_wconf 88' lang='lat' dir='ltr'><strong>Dei</strong></span> 
     </span>
    </p>
   </div>
   <div class='ocr_carea' id='block_1_64' title="bbox 1937 1806 3593 1878">
    <p class='ocr_par' dir='ltr' id='par_1_64' title="bbox 1937 1806 3593 1878">
     <span class='ocr_line' id='line_1_64' title="bbox 1937 1806 3593 1878; baseline -0.001 -17"><span class='ocrx_word' id='word_1_472' title='bbox 1937 1810 2206 1878; x_wconf 86' lang='lat' dir='ltr'><strong>parentes</strong></span> <span class='ocrx_word' id='word_1_473' title='bbox 2262 1823 2370 1862; x_wconf 89' lang='lat' dir='ltr'><strong>nos</strong></span> <span class='ocrx_word' id='word_1_474' title='bbox 2415 1806 2770 1878; x_wconf 90' lang='lat' dir='ltr'><strong>impediunt,</strong></span> <span class='ocrx_word' id='word_1_475' title='bbox 2819 1821 2926 1861; x_wconf 89' lang='lat' dir='ltr'><strong>nec</strong></span> <span class='ocrx_word' id='word_1_476' title='bbox 2972 1822 3081 1861; x_wconf 92' lang='lat' dir='ltr'><strong>nos</strong></span> <span class='ocrx_word' id='word_1_477' title='bbox 3124 1821 3223 1861; x_wconf 90' lang='lat' dir='ltr'><strong>eos</strong></span> <span class='ocrx_word' id='word_1_478' title='bbox 3272 1819 3593 1877; x_wconf 89' lang='lat' dir='ltr'><strong>possumus</strong></span> 
     </span>
    </p>
   </div>
   <div class='ocr_carea' id='block_1_65' title="bbox 1936 1892 3590 1967">
    <p class='ocr_par' dir='ltr' id='par_1_65' title="bbox 1936 1892 3590 1967">
     <span class='ocr_line' id='line_1_65' title="bbox 1936 1892 3590 1967; baseline -0.002 -16"><span class='ocrx_word' id='word_1_479' title='bbox 1936 1895 2150 1951; x_wconf 89' lang='lat' dir='ltr'><strong>lucrari</strong></span> <span class='ocrx_word' id='word_1_480' title='bbox 2180 1894 2318 1964; x_wconf 91' lang='lat' dir='ltr'><strong>Deo,</strong></span> <span class='ocrx_word' id='word_1_481' title='bbox 2352 1895 2453 1951; x_wconf 88' lang='lat' dir='ltr'><strong>sed</strong></span> <span class='ocrx_word' id='word_1_482' title='bbox 2482 1894 2594 1967; x_wconf 90' lang='lat' dir='ltr'><strong>ipsi</strong></span> <span class='ocrx_word' id='word_1_483' title='bbox 2642 1893 2890 1967; x_wconf 90' lang='lat' dir='ltr'><strong>cupiunt</strong></span> <span class='ocrx_word' id='word_1_484' title='bbox 2926 1911 3034 1950; x_wconf 90' lang='lat' dir='ltr'><strong>nos</strong></span> <span class='ocrx_word' id='word_1_485' title='bbox 3079 1892 3295 1950; x_wconf 88' lang='lat' dir='ltr'><strong>lucrari</strong></span> <span class='ocrx_word' id='word_1_486' title='bbox 3347 1893 3590 1962; x_wconf 91' lang='lat' dir='ltr'><strong>mundo,</strong></span> 
     </span>
    </p>
   </div>
   <div class='ocr_carea' id='block_1_66' title="bbox 1938 1980 3596 2056">
    <p class='ocr_par' dir='ltr' id='par_1_66' title="bbox 1938 1980 3596 2056">
     <span class='ocr_line' id='line_1_66' title="bbox 1938 1980 3596 2056; baseline -0.001 -16"><span class='ocrx_word' id='word_1_487' title='bbox 1938 1982 2301 2056; x_wconf 90' lang='lat' dir='ltr'><strong>relinquendi</strong></span> <span class='ocrx_word' id='word_1_488' title='bbox 2332 1988 2493 2053; x_wconf 88' lang='lat' dir='ltr'><strong>sunt,</strong></span> <span class='ocrx_word' id='word_1_489' title='bbox 2518 1999 2589 2040; x_wconf 90' lang='lat' dir='ltr'><strong>ne</strong></span> <span class='ocrx_word' id='word_1_490' title='bbox 2607 1983 2788 2040; x_wconf 90' lang='lat' dir='ltr'><strong>simul</strong></span> <span class='ocrx_word' id='word_1_491' title='bbox 2811 2000 2946 2039; x_wconf 91' lang='lat' dir='ltr'><strong>cum</strong></span> <span class='ocrx_word' id='word_1_492' title='bbox 2964 1982 3048 2039; x_wconf 89' lang='lat' dir='ltr'><strong>eis</strong></span> <span class='ocrx_word' id='word_1_493' title='bbox 3074 1999 3406 2056; x_wconf 90' lang='lat' dir='ltr'><strong>pereamus.</strong></span> <span class='ocrx_word' id='word_1_494' title='bbox 3431 1980 3596 2039; x_wconf 92' lang='lat' dir='ltr'><strong>Unde</strong></span> 
     </span>
    </p>
   </div>
   <div class='ocr_carea' id='block_1_67' title="bbox 1939 2070 3588 2143">
    <p class='ocr_par' dir='ltr' id='par_1_67' title="bbox 1939 2070 3588 2143">
     <span class='ocr_line' id='line_1_67' title="bbox 1939 2070 3588 2143; baseline -0.002 -14"><span class='ocrx_word' id='word_1_495' title='bbox 1939 2072 2260 2129; x_wconf 89' lang='lat' dir='ltr'><strong>Dominus:</strong></span> <span class='ocrx_word' id='word_1_496' title='bbox 2286 2094 2315 2122; x_wconf 84' lang='grc'><strong>‹‹</strong></span> <span class='ocrx_word' id='word_1_497' title='bbox 2347 2072 2472 2128; x_wconf 88' lang='lat' dir='ltr'><strong>Non</strong></span> <span class='ocrx_word' id='word_1_498' title='bbox 2500 2070 2626 2127; x_wconf 90' lang='lat' dir='ltr'><strong>veni</strong></span> <span class='ocrx_word' id='word_1_499' title='bbox 2660 2087 2863 2143; x_wconf 85' lang='lat' dir='ltr'><strong>pacem</strong></span> <span class='ocrx_word' id='word_1_500' title='bbox 2888 2071 3118 2127; x_wconf 89' lang='lat' dir='ltr'><strong>mittere</strong></span> <span class='ocrx_word' id='word_1_501' title='bbox 3144 2071 3201 2126; x_wconf 92' lang='lat' dir='ltr'><strong>in</strong></span> <span class='ocrx_word' id='word_1_502' title='bbox 3224 2074 3461 2139; x_wconf 82' lang='lat' dir='ltr'><strong>terram,</strong></span> <span class='ocrx_word' id='word_1_503' title='bbox 3486 2071 3588 2127; x_wconf 92' lang='lat' dir='ltr'><strong>sed</strong></span> 
     </span>
    </p>
   </div>
   <div class='ocr_carea' id='block_1_68' title="bbox 1939 2158 3593 2235">
    <p class='ocr_par' dir='ltr' id='par_1_68' title="bbox 1939 2158 3593 2235">
     <span class='ocr_line' id='line_1_68' title="bbox 1939 2158 3593 2235; baseline -0.001 -18"><span class='ocrx_word' id='word_1_504' title='bbox 1939 2161 2202 2235; x_wconf 83' lang='lat' dir='ltr'><strong>gadium.</strong></span> <span class='ocrx_word' id='word_1_505' title='bbox 2231 2160 2373 2217; x_wconf 87' lang='lat' dir='ltr'><strong>chi</strong></span> <span class='ocrx_word' id='word_1_506' title='bbox 2409 2160 2564 2216; x_wconf 91' lang='lat' dir='ltr'><strong>enim</strong></span> <span class='ocrx_word' id='word_1_507' title='bbox 2599 2176 2872 2232; x_wconf 89' lang='lat' dir='ltr'><strong>separare</strong></span> <span class='ocrx_word' id='word_1_508' title='bbox 2893 2158 3081 2215; x_wconf 91' lang='lat' dir='ltr'><strong>ﬁlium</strong></span> <span class='ocrx_word' id='word_1_509' title='bbox 3107 2176 3141 2216; x_wconf 92' lang='lat' dir='ltr'><strong>a</strong></span> <span class='ocrx_word' id='word_1_510' title='bbox 3159 2164 3343 2233; x_wconf 87' lang='lat' dir='ltr'><strong>patre,</strong></span> <span class='ocrx_word' id='word_1_511' title='bbox 3376 2176 3593 2216; x_wconf 87' lang='lat' dir='ltr'><strong>nurum</strong></span> 
     </span>
    </p>
   </div>
   <div class='ocr_carea' id='block_1_69' title="bbox 1942 2246 3595 2323">
    <p class='ocr_par' dir='ltr' id='par_1_69' title="bbox 1942 2246 3595 2323">
     <span class='ocr_line' id='line_1_69' title="bbox 1942 2246 3595 2323; baseline -0.004 -15"><span class='ocrx_word' id='word_1_512' title='bbox 1942 2268 1976 2308; x_wconf 90' lang='lat' dir='ltr'><strong>a</strong></span> <span class='ocrx_word' id='word_1_513' title='bbox 2005 2268 2177 2308; x_wconf 90' lang='lat' dir='ltr'><strong>socru</strong></span> <span class='ocrx_word' id='word_1_514' title='bbox 2218 2250 2425 2320; x_wconf 80' lang='lat' dir='ltr'><strong>(Matth.</strong></span> <span class='ocrx_word' id='word_1_515' title='bbox 2457 2254 2538 2317; x_wconf 73' lang='grc' dir='ltr'><strong>Χ),</strong></span> <span class='ocrx_word' id='word_1_516' title='bbox 2576 2272 2603 2299; x_wconf 91' lang='grc'><strong>››</strong></span> <span class='ocrx_word' id='word_1_517' title='bbox 2637 2254 2748 2305; x_wconf 91' lang='lat' dir='ltr'><strong>etc.</strong></span> <span class='ocrx_word' id='word_1_518' title='bbox 2781 2249 2851 2304; x_wconf 86' lang='lat' dir='ltr'><strong>Et</strong></span> <span class='ocrx_word' id='word_1_519' title='bbox 2894 2247 3313 2323; x_wconf 85' lang='lat' dir='ltr'><strong>Hieronymus:</strong></span> <span class='ocrx_word' id='word_1_520' title='bbox 3349 2271 3378 2300; x_wconf 86' lang='lat'><strong>«</strong></span> <span class='ocrx_word' id='word_1_521' title='bbox 3403 2248 3464 2305; x_wconf 89' lang='lat' dir='ltr'><strong>Si</strong></span> <span class='ocrx_word' id='word_1_522' title='bbox 3488 2246 3595 2305; x_wconf 89' lang='lat' dir='ltr'><strong>tibi</strong></span> 
     </span>
    </p>
   </div>
   <div class='ocr_carea' id='block_1_70' title="bbox 1942 2336 3599 2410">
    <p class='ocr_par' dir='ltr' id='par_1_70' title="bbox 1942 2336 3599 2410">
     <span class='ocr_line' id='line_1_70' title="bbox 1942 2336 3599 2410; baseline -0.002 -14"><span class='ocrx_word' id='word_1_523' title='bbox 1942 2338 2203 2397; x_wconf 89' lang='lat' dir='ltr'><strong>tendenti</strong></span> <span class='ocrx_word' id='word_1_524' title='bbox 2237 2340 2292 2394; x_wconf 91' lang='lat' dir='ltr'><strong>in</strong></span> <span class='ocrx_word' id='word_1_525' title='bbox 2331 2355 2590 2395; x_wconf 87' lang='lat' dir='ltr'><strong>eremum</strong></span> <span class='ocrx_word' id='word_1_526' title='bbox 2625 2337 2921 2393; x_wconf 84' lang='lat' dir='ltr'><strong>obstiterit</strong></span> <span class='ocrx_word' id='word_1_527' title='bbox 2950 2341 3117 2409; x_wconf 87' lang='lat' dir='ltr'><strong>pater</strong></span> <span class='ocrx_word' id='word_1_528' title='bbox 3143 2336 3203 2393; x_wconf 90' lang='lat' dir='ltr'><strong>in</strong></span> <span class='ocrx_word' id='word_1_529' title='bbox 3232 2336 3453 2405; x_wconf 89' lang='lat' dir='ltr'><strong>limine,</strong></span> <span class='ocrx_word' id='word_1_530' title='bbox 3497 2354 3599 2410; x_wconf 87' lang='lat' dir='ltr'><strong>per</strong></span> 
     </span>
    </p>
   </div>
   <div class='ocr_carea' id='block_1_71' title="bbox 1943 2426 3596 2502">
    <p class='ocr_par' dir='ltr' id='par_1_71' title="bbox 1943 2426 3596 2502">
     <span class='ocr_line' id='line_1_71' title="bbox 1943 2426 3596 2502; baseline -0.003 -16"><span class='ocrx_word' id='word_1_531' title='bbox 1943 2428 2230 2486; x_wconf 87' lang='lat' dir='ltr'><strong>calcatum</strong></span> <span class='ocrx_word' id='word_1_532' title='bbox 2262 2443 2435 2502; x_wconf 83' lang='lat' dir='ltr'><strong>perge</strong></span> <span class='ocrx_word' id='word_1_533' title='bbox 2460 2432 2705 2500; x_wconf 88' lang='lat' dir='ltr'><strong>patrem.</strong></span> <span class='ocrx_word' id='word_1_534' title='bbox 2736 2449 2762 2476; x_wconf 82' lang='lat'>»</span> <span class='ocrx_word' id='word_1_535' title='bbox 2784 2426 3021 2483; x_wconf 83' lang='lat' dir='ltr'><strong>Pietatis</strong></span> <span class='ocrx_word' id='word_1_536' title='bbox 3046 2426 3200 2483; x_wconf 89' lang='lat' dir='ltr'><strong>enim</strong></span> <span class='ocrx_word' id='word_1_537' title='bbox 3224 2443 3410 2499; x_wconf 88' lang='lat' dir='ltr'><strong>genus</strong></span> <span class='ocrx_word' id='word_1_538' title='bbox 3428 2426 3596 2483; x_wconf 88' lang='lat' dir='ltr'><strong>estin</strong></span> 
     </span>
    </p>
   </div>
   <div class='ocr_carea' id='block_1_72' title="bbox 1944 2515 3599 2589">
    <p class='ocr_par' dir='ltr' id='par_1_72' title="bbox 1944 2515 3599 2589">
     <span class='ocr_line' id='line_1_72' title="bbox 1944 2515 3599 2589; baseline -0.002 -14"><span class='ocrx_word' id='word_1_539' title='bbox 1944 2518 2053 2575; x_wconf 89' lang='lat' dir='ltr'><strong>hac</strong></span> <span class='ocrx_word' id='word_1_540' title='bbox 2073 2536 2147 2575; x_wconf 83' lang='lat' dir='ltr'><strong>re</strong></span> <span class='ocrx_word' id='word_1_541' title='bbox 2173 2535 2302 2574; x_wconf 88' lang='lat' dir='ltr'><strong>esse</strong></span> <span class='ocrx_word' id='word_1_542' title='bbox 2332 2517 2650 2573; x_wconf 90' lang='lat' dir='ltr'><strong>crudelem.</strong></span> <span class='ocrx_word' id='word_1_543' title='bbox 2688 2516 2855 2582; x_wconf 89' lang='lat' dir='ltr'><strong>Quod</strong></span> <span class='ocrx_word' id='word_1_544' title='bbox 2888 2515 2936 2572; x_wconf 92' lang='lat' dir='ltr'><strong>si</strong></span> <span class='ocrx_word' id='word_1_545' title='bbox 2986 2532 3102 2572; x_wconf 93' lang='lat' dir='ltr'><strong>non</strong></span> <span class='ocrx_word' id='word_1_546' title='bbox 3134 2516 3462 2589; x_wconf 87' lang='lat' dir='ltr'><strong>impediunt</strong></span> <span class='ocrx_word' id='word_1_547' title='bbox 3490 2532 3599 2572; x_wconf 89' lang='lat' dir='ltr'><strong>nos</strong></span> 
     </span>
    </p>
   </div>
   <div class='ocr_carea' id='block_1_73' title="bbox 1945 2604 3601 2680">
    <p class='ocr_par' dir='ltr' id='par_1_73' title="bbox 1945 2604 3601 2680">
     <span class='ocr_line' id='line_1_73' title="bbox 1945 2604 3601 2680; baseline -0.003 -16"><span class='ocrx_word' id='word_1_548' title='bbox 1945 2608 2183 2664; x_wconf 91' lang='lat' dir='ltr'><strong>omnino</strong></span> <span class='ocrx_word' id='word_1_549' title='bbox 2215 2610 2506 2680; x_wconf 88' lang='lat' dir='ltr'><strong>parentes,</strong></span> <span class='ocrx_word' id='word_1_550' title='bbox 2539 2607 2641 2662; x_wconf 92' lang='lat' dir='ltr'><strong>sed</strong></span> <span class='ocrx_word' id='word_1_551' title='bbox 2673 2604 3106 2677; x_wconf 88' lang='lat' dir='ltr'><strong>aliquantulum</strong></span> <span class='ocrx_word' id='word_1_552' title='bbox 3149 2622 3256 2662; x_wconf 90' lang='lat' dir='ltr'><strong>nos</strong></span> <span class='ocrx_word' id='word_1_553' title='bbox 3302 2605 3601 2663; x_wconf 87' lang='lat' dir='ltr'><strong>retardant</strong></span> 
     </span>
    </p>
   </div>
   <div class='ocr_carea' id='block_1_74' title="bbox 1945 2692 3594 2767">
    <p class='ocr_par' dir='ltr' id='par_1_74' title="bbox 1945 2692 3594 2767">
     <span class='ocr_line' id='line_1_74' title="bbox 1945 2692 3594 2767; baseline -0.002 -14"><span class='ocrx_word' id='word_1_554' title='bbox 1945 2714 1980 2753; x_wconf 89' lang='lat' dir='ltr'><strong>a</strong></span> <span class='ocrx_word' id='word_1_555' title='bbox 2002 2696 2097 2753; x_wconf 86' lang='lat' dir='ltr'><strong>via</strong></span> <span class='ocrx_word' id='word_1_556' title='bbox 2135 2696 2257 2764; x_wconf 90' lang='lat' dir='ltr'><strong>Dei,</strong></span> <span class='ocrx_word' id='word_1_557' title='bbox 2286 2700 2345 2752; x_wconf 93' lang='lat' dir='ltr'><strong>et</strong></span> <span class='ocrx_word' id='word_1_558' title='bbox 2375 2711 2540 2767; x_wconf 84' lang='lat' dir='ltr'><strong>spem</strong></span> <span class='ocrx_word' id='word_1_559' title='bbox 2571 2694 2897 2750; x_wconf 88' lang='lat' dir='ltr'><strong>habeamus</strong></span> <span class='ocrx_word' id='word_1_560' title='bbox 2930 2710 3030 2749; x_wconf 88' lang='lat' dir='ltr'><strong>eos</strong></span> <span class='ocrx_word' id='word_1_561' title='bbox 3060 2692 3424 2750; x_wconf 83' lang='lat' dir='ltr'><strong>lucriﬁcandi</strong></span> <span class='ocrx_word' id='word_1_562' title='bbox 3454 2694 3594 2762; x_wconf 90' lang='lat' dir='ltr'><strong>Deo,</strong></span> 
     </span>
    </p>
   </div>
   <div class='ocr_carea' id='block_1_75' title="bbox 1946 2782 3599 2856">
    <p class='ocr_par' dir='ltr' id='par_1_75' title="bbox 1946 2782 3599 2856">
     <span class='ocr_line' id='line_1_75' title="bbox 1946 2782 3599 2856; baseline -0.002 -13"><span class='ocrx_word' id='word_1_563' title='bbox 1946 2802 2062 2843; x_wconf 88' lang='lat' dir='ltr'><strong>non</strong></span> <span class='ocrx_word' id='word_1_564' title='bbox 2095 2788 2236 2842; x_wconf 88' lang='lat' dir='ltr'><strong>sunt</strong></span> <span class='ocrx_word' id='word_1_565' title='bbox 2281 2782 2607 2854; x_wconf 88' lang='lat' dir='ltr'><strong>deserendi,</strong></span> <span class='ocrx_word' id='word_1_566' title='bbox 2641 2784 2742 2839; x_wconf 88' lang='lat' dir='ltr'><strong>sed</strong></span> <span class='ocrx_word' id='word_1_567' title='bbox 2791 2783 2988 2856; x_wconf 90' lang='lat' dir='ltr'><strong>potius</strong></span> <span class='ocrx_word' id='word_1_568' title='bbox 3036 2800 3140 2856; x_wconf 91' lang='lat' dir='ltr'><strong>per</strong></span> <span class='ocrx_word' id='word_1_569' title='bbox 3169 2782 3513 2840; x_wconf 89' lang='lat' dir='ltr'><strong>cbaritatem</strong></span> <span class='ocrx_word' id='word_1_570' title='bbox 3543 2786 3599 2839; x_wconf 90' lang='lat' dir='ltr'><strong>et</strong></span> 
     </span>
    </p>
   </div>
   <div class='ocr_carea' id='block_1_76' title="bbox 1946 2864 3598 2931">
    <p class='ocr_par' dir='ltr' id='par_1_76' title="bbox 1946 2864 3598 2931">
     <span class='ocr_line' id='line_1_76' title="bbox 1946 2864 3598 2931; baseline -0.002 0"><span class='ocrx_word' id='word_1_571' title='bbox 1946 2874 2160 2931; x_wconf 90' lang='lat' dir='ltr'><strong>bonam</strong></span> <span class='ocrx_word' id='word_1_572' title='bbox 2210 2871 2706 2931; x_wconf 84' lang='lat' dir='ltr'><strong>conversationem</strong></span> <span class='ocrx_word' id='word_1_573' title='bbox 2757 2872 2828 2929; x_wconf 91' lang='lat' dir='ltr'><strong>ad</strong></span> <span class='ocrx_word' id='word_1_574' title='bbox 2878 2872 3064 2928; x_wconf 89' lang='lat' dir='ltr'><strong>Deum</strong></span> <span class='ocrx_word' id='word_1_575' title='bbox 3108 2871 3398 2928; x_wconf 89' lang='lat' dir='ltr'><strong>trahendi.</strong></span> <span class='ocrx_word' id='word_1_576' title='bbox 3450 2864 3598 2928; x_wconf 82' lang='lat' dir='ltr'><strong>Hinc</strong></span> 
     </span>
    </p>
   </div>
   <div class='ocr_carea' id='block_1_77' title="bbox 1946 2960 3599 3020">
    <p class='ocr_par' dir='ltr' id='par_1_77' title="bbox 1946 2960 3599 3020">
     <span class='ocr_line' id='line_1_77' title="bbox 1946 2960 3599 3020; baseline -0.003 0"><span class='ocrx_word' id='word_1_577' title='bbox 1946 2962 2163 3020; x_wconf 87' lang='lat' dir='ltr'><strong>Paulus</strong></span> <span class='ocrx_word' id='word_1_578' title='bbox 2185 2963 2266 3019; x_wconf 88' lang='lat' dir='ltr'><strong>ait</strong></span> <span class='ocrx_word' id='word_1_579' title='bbox 2295 2980 2310 3018; x_wconf 90' lang='lat'><strong>:</strong></span> <span class='ocrx_word' id='word_1_580' title='bbox 2346 2962 2405 3019; x_wconf 90' lang='lat' dir='ltr'><strong>Si</strong></span> <span class='ocrx_word' id='word_1_581' title='bbox 2436 2961 2727 3018; x_wconf 87' lang='lat' dir='ltr'><strong>consentit</strong></span> <span class='ocrx_word' id='word_1_582' title='bbox 2755 2961 2841 3016; x_wconf 89' lang='lat' dir='ltr'><strong>vir</strong></span> <span class='ocrx_word' id='word_1_583' title='bbox 2874 2960 3128 3016; x_wconf 87' lang='lat' dir='ltr'><strong>inﬁdelis</strong></span> <span class='ocrx_word' id='word_1_584' title='bbox 3157 2960 3421 3017; x_wconf 86' lang='lat' dir='ltr'><strong>habitare</strong></span> <span class='ocrx_word' id='word_1_585' title='bbox 3463 2977 3599 3016; x_wconf 90' lang='lat' dir='ltr'><strong>cum</strong></span> 
     </span>
    </p>
   </div>
   <div class='ocr_carea' id='block_1_78' title="bbox 1947 3048 3602 3119">
    <p class='ocr_par' dir='ltr' id='par_1_78' title="bbox 1947 3048 3602 3119">
     <span class='ocr_line' id='line_1_78' title="bbox 1947 3048 3602 3119; baseline -0.003 -10"><span class='ocrx_word' id='word_1_586' title='bbox 1947 3052 2192 3109; x_wconf 89' lang='lat' dir='ltr'><strong>muliere</strong></span> <span class='ocrx_word' id='word_1_587' title='bbox 2221 3051 2398 3119; x_wconf 88' lang='lat' dir='ltr'><strong>ﬁdeli,</strong></span> <span class='ocrx_word' id='word_1_588' title='bbox 2447 3068 2561 3107; x_wconf 92' lang='lat' dir='ltr'><strong>non</strong></span> <span class='ocrx_word' id='word_1_589' title='bbox 2613 3050 2877 3106; x_wconf 85' lang='lat' dir='ltr'><strong>discedat</strong></span> <span class='ocrx_word' id='word_1_590' title='bbox 2925 3048 3136 3105; x_wconf 88' lang='lat' dir='ltr'><strong>ﬁdelis.</strong></span> <span class='ocrx_word' id='word_1_591' title='bbox 3190 3049 3602 3105; x_wconf 87' lang='lat' dir='ltr'><strong>Sanctiﬁcatur</strong></span> 
     </span>
    </p>
   </div>
   <div class='ocr_carea' id='block_1_79' title="bbox 1947 3136 3602 3213">
    <p class='ocr_par' dir='ltr' id='par_1_79' title="bbox 1947 3136 3602 3213">
     <span class='ocr_line' id='line_1_79' title="bbox 1947 3136 3602 3213; baseline -0.003 -15"><span class='ocrx_word' id='word_1_592' title='bbox 1947 3143 2103 3199; x_wconf 90' lang='lat' dir='ltr'><strong>enim</strong></span> <span class='ocrx_word' id='word_1_593' title='bbox 2134 3142 2223 3196; x_wconf 86' lang='lat' dir='ltr'><strong>vir</strong></span> <span class='ocrx_word' id='word_1_594' title='bbox 2246 3140 2501 3197; x_wconf 88' lang='lat' dir='ltr'><strong>inﬁdelis</strong></span> <span class='ocrx_word' id='word_1_595' title='bbox 2533 3158 2636 3213; x_wconf 87' lang='lat' dir='ltr'><strong>per</strong></span> <span class='ocrx_word' id='word_1_596' title='bbox 2663 3139 2970 3195; x_wconf 86' lang='lat' dir='ltr'><strong>mulierem</strong></span> <span class='ocrx_word' id='word_1_597' title='bbox 3005 3137 3232 3194; x_wconf 88' lang='lat' dir='ltr'><strong>ﬁdelem</strong></span> <span class='ocrx_word' id='word_1_598' title='bbox 3260 3156 3273 3207; x_wconf 91' lang='lat'><strong>;</strong></span> <span class='ocrx_word' id='word_1_599' title='bbox 3302 3142 3358 3193; x_wconf 91' lang='lat' dir='ltr'><strong>et</strong></span> <span class='ocrx_word' id='word_1_600' title='bbox 3389 3136 3602 3193; x_wconf 90' lang='lat' dir='ltr'><strong>mulier</strong></span> 
     </span>
    </p>
   </div>
   <div class='ocr_carea' id='block_1_80' title="bbox 1949 3226 3599 3303">
    <p class='ocr_par' dir='ltr' id='par_1_80' title="bbox 1949 3226 3599 3303">
     <span class='ocr_line' id='line_1_80' title="bbox 1949 3226 3599 3303; baseline -0.004 -16"><span class='ocrx_word' id='word_1_601' title='bbox 1949 3231 2201 3291; x_wconf 84' lang='lat' dir='ltr'><strong>inﬁdelis</strong></span> <span class='ocrx_word' id='word_1_602' title='bbox 2235 3248 2337 3303; x_wconf 90' lang='lat' dir='ltr'><strong>per</strong></span> <span class='ocrx_word' id='word_1_603' title='bbox 2382 3229 2571 3285; x_wconf 85' lang='lat' dir='ltr'><strong>virum</strong></span> <span class='ocrx_word' id='word_1_604' title='bbox 2621 3227 2853 3284; x_wconf 89' lang='lat' dir='ltr'><strong>ﬁdelem</strong></span> <span class='ocrx_word' id='word_1_605' title='bbox 2885 3228 2933 3301; x_wconf 90' lang='lat' dir='ltr'><strong>(I</strong></span> <span class='ocrx_word' id='word_1_606' title='bbox 2958 3229 3083 3286; x_wconf 80' lang='lat' dir='ltr'><strong>Cor.</strong></span> <span class='ocrx_word' id='word_1_607' title='bbox 3131 3230 3256 3295; x_wconf 84' lang='lat' dir='ltr'><strong>vn).</strong></span> <span class='ocrx_word' id='word_1_608' title='bbox 3284 3226 3410 3283; x_wconf 89' lang='lat' dir='ltr'><strong>Non</strong></span> <span class='ocrx_word' id='word_1_609' title='bbox 3441 3226 3599 3282; x_wconf 90' lang='lat' dir='ltr'><strong>enim</strong></span> 
     </span>
    </p>
   </div>
   <div class='ocr_carea' id='block_1_81' title="bbox 1949 3315 3601 3392">
    <p class='ocr_par' dir='ltr' id='par_1_81' title="bbox 1949 3315 3601 3392">
     <span class='ocr_line' id='line_1_81' title="bbox 1949 3315 3601 3392; baseline -0.002 -17"><span class='ocrx_word' id='word_1_610' title='bbox 1949 3320 2162 3389; x_wconf 89' lang='lat' dir='ltr'><strong>deﬁcit,</strong></span> <span class='ocrx_word' id='word_1_611' title='bbox 2197 3319 2316 3375; x_wconf 86' lang='lat' dir='ltr'><strong>imo</strong></span> <span class='ocrx_word' id='word_1_612' title='bbox 2348 3320 2536 3392; x_wconf 83' lang='lat' dir='ltr'><strong>magis</strong></span> <span class='ocrx_word' id='word_1_613' title='bbox 2566 3316 2815 3391; x_wconf 90' lang='lat' dir='ltr'><strong>proﬁcit,</strong></span> <span class='ocrx_word' id='word_1_614' title='bbox 2850 3316 2949 3390; x_wconf 92' lang='lat' dir='ltr'><strong>qui</strong></span> <span class='ocrx_word' id='word_1_615' title='bbox 2982 3320 3217 3389; x_wconf 85' lang='lat' dir='ltr'><strong>propter</strong></span> <span class='ocrx_word' id='word_1_616' title='bbox 3256 3315 3601 3371; x_wconf 89' lang='lat' dir='ltr'><strong>lucrandam</strong></span> 
     </span>
    </p>
   </div>
   <div class='ocr_carea' id='block_1_82' title="bbox 1948 3404 3599 3483">
    <p class='ocr_par' dir='ltr' id='par_1_82' title="bbox 1948 3404 3599 3483">
     <span class='ocr_line' id='line_1_82' title="bbox 1948 3404 3599 3483; baseline -0.003 -18"><span class='ocrx_word' id='word_1_617' title='bbox 1948 3408 2196 3483; x_wconf 85' lang='lat' dir='ltr'><strong>proximi</strong></span> <span class='ocrx_word' id='word_1_618' title='bbox 2261 3408 2541 3475; x_wconf 89' lang='lat' dir='ltr'><strong>animam,</strong></span> <span class='ocrx_word' id='word_1_619' title='bbox 2591 3424 2626 3463; x_wconf 91' lang='lat' dir='ltr'><strong>a</strong></span> <span class='ocrx_word' id='word_1_620' title='bbox 2681 3423 2790 3463; x_wconf 90' lang='lat' dir='ltr'><strong>sua</strong></span> <span class='ocrx_word' id='word_1_621' title='bbox 2849 3405 3202 3479; x_wconf 88' lang='lat' dir='ltr'><strong>perfectione</strong></span> <span class='ocrx_word' id='word_1_622' title='bbox 3278 3404 3599 3461; x_wconf 89' lang='lat' dir='ltr'><strong>descendit.</strong></span> 
     </span>
    </p>
   </div>
   <div class='ocr_carea' id='block_1_83' title="bbox 1948 3492 3601 3557">
    <p class='ocr_par' dir='ltr' id='par_1_83' title="bbox 1948 3492 3601 3557">
     <span class='ocr_line' id='line_1_83' title="bbox 1948 3492 3601 3557; baseline -0.005 -1"><span class='ocrx_word' id='word_1_623' title='bbox 1948 3499 2112 3557; x_wconf 89' lang='lat' dir='ltr'><strong>Unde</strong></span> <span class='ocrx_word' id='word_1_624' title='bbox 2142 3498 2318 3554; x_wconf 89' lang='lat' dir='ltr'><strong>etiam</strong></span> <span class='ocrx_word' id='word_1_625' title='bbox 2352 3495 2605 3552; x_wconf 89' lang='lat' dir='ltr'><strong>Paulus:</strong></span> <span class='ocrx_word' id='word_1_626' title='bbox 2644 3518 2673 3547; x_wconf 89' lang='grc'><strong>‹‹</strong></span> <span class='ocrx_word' id='word_1_627' title='bbox 2708 3496 2915 3551; x_wconf 87' lang='lat' dir='ltr'><strong>Factus</strong></span> <span class='ocrx_word' id='word_1_628' title='bbox 2963 3510 3097 3550; x_wconf 90' lang='lat' dir='ltr'><strong>sum</strong></span> <span class='ocrx_word' id='word_1_629' title='bbox 3142 3492 3396 3549; x_wconf 90' lang='lat' dir='ltr'><strong>inﬁrmis</strong></span> <span class='ocrx_word' id='word_1_630' title='bbox 3436 3493 3601 3549; x_wconf 83' lang='lat' dir='ltr'><strong>inﬁr-</strong></span> 
     </span>
    </p>
   </div>
   <div class='ocr_carea' id='block_1_84' title="bbox 1948 3581 3696 3656">
    <p class='ocr_par' dir='ltr' id='par_1_84' title="bbox 1948 3581 3696 3656">
     <span class='ocr_line' id='line_1_84' title="bbox 1948 3581 3696 3656; baseline -0.003 -13"><span class='ocrx_word' id='word_1_631' title='bbox 1948 3604 2102 3656; x_wconf 87' lang='lat' dir='ltr'><strong>mus,</strong></span> <span class='ocrx_word' id='word_1_632' title='bbox 2135 3590 2201 3642; x_wconf 93' lang='lat' dir='ltr'><strong>ut</strong></span> <span class='ocrx_word' id='word_1_633' title='bbox 2230 3602 2329 3642; x_wconf 89' lang='lat' dir='ltr'><strong>eos</strong></span> <span class='ocrx_word' id='word_1_634' title='bbox 2375 3584 2779 3641; x_wconf 85' lang='lat' dir='ltr'><strong>lucrifacerem</strong></span> <span class='ocrx_word' id='word_1_635' title='bbox 2823 3583 2869 3653; x_wconf 86' lang='grc' dir='ltr'><strong>(ι</strong></span> <span class='ocrx_word' id='word_1_636' title='bbox 2897 3582 3019 3639; x_wconf 83' lang='lat' dir='ltr'><strong>Cor.</strong></span> <span class='ocrx_word' id='word_1_637' title='bbox 3071 3586 3170 3652; x_wconf 74' lang='grc' dir='ltr'><strong>ιχ).</strong></span> <span class='ocrx_word' id='word_1_638' title='bbox 3204 3604 3231 3631; x_wconf 86' lang='grc'><strong>››</strong></span> <span class='ocrx_word' id='word_1_639' title='bbox 3280 3581 3443 3648; x_wconf 92' lang='lat' dir='ltr'><strong>Quod</strong></span> <span class='ocrx_word' id='word_1_640' title='bbox 3492 3598 3601 3638; x_wconf 87' lang='lat' dir='ltr'><strong>au-</strong></span> <span class='ocrx_word' id='word_1_641' title='bbox 3662 3618 3696 3643; x_wconf 62' lang='grc' dir='ltr'>ι</span> 
     </span>
    </p>
   </div>
   <div class='ocr_carea' id='block_1_85' title="bbox 1947 3670 3601 3747">
    <p class='ocr_par' dir='ltr' id='par_1_85' title="bbox 1947 3670 3601 3747">
     <span class='ocr_line' id='line_1_85' title="bbox 1947 3670 3601 3747; baseline -0.002 -16"><span class='ocrx_word' id='word_1_642' title='bbox 1947 3680 2065 3732; x_wconf 90' lang='lat' dir='ltr'><strong>tem</strong></span> <span class='ocrx_word' id='word_1_643' title='bbox 2095 3675 2195 3742; x_wconf 91' lang='lat' dir='ltr'><strong>ait,</strong></span> <span class='ocrx_word' id='word_1_644' title='bbox 2221 3674 2359 3747; x_wconf 90' lang='lat' dir='ltr'><strong>quia</strong></span> <span class='ocrx_word' id='word_1_645' title='bbox 2387 3675 2483 3747; x_wconf 88' lang='lat' dir='ltr'><strong>qui</strong></span> <span class='ocrx_word' id='word_1_646' title='bbox 2514 3674 2802 3745; x_wconf 84' lang='lat' dir='ltr'><strong>reliquerit</strong></span> <span class='ocrx_word' id='word_1_647' title='bbox 2834 3670 2977 3727; x_wconf 90' lang='lat' dir='ltr'><strong>illud</strong></span> <span class='ocrx_word' id='word_1_648' title='bbox 3026 3678 3250 3743; x_wconf 86' lang='lat' dir='ltr'><strong>propter</strong></span> <span class='ocrx_word' id='word_1_649' title='bbox 3275 3687 3381 3741; x_wconf 90' lang='lat' dir='ltr'><strong>me,</strong></span> <span class='ocrx_word' id='word_1_650' title='bbox 3412 3678 3601 3728; x_wconf 84' lang='lat' dir='ltr'><strong>centu-</strong></span> 
     </span>
    </p>
   </div>
   <div class='ocr_carea' id='block_1_86' title="bbox 1941 3759 3604 3838">
    <p class='ocr_par' dir='ltr' id='par_1_86' title="bbox 1941 3759 3604 3838">
     <span class='ocr_line' id='line_1_86' title="bbox 1941 3759 3604 3838; baseline -0.003 -17"><span class='ocrx_word' id='word_1_651' title='bbox 1941 3766 2100 3838; x_wconf 89' lang='lat' dir='ltr'><strong>plum</strong></span> <span class='ocrx_word' id='word_1_652' title='bbox 2129 3766 2376 3837; x_wconf 82' lang='lat' dir='ltr'><strong>accipiet,</strong></span> <span class='ocrx_word' id='word_1_653' title='bbox 2412 3779 2529 3818; x_wconf 89' lang='lat' dir='ltr'><strong>non</strong></span> <span class='ocrx_word' id='word_1_654' title='bbox 2562 3769 2652 3818; x_wconf 88' lang='lat' dir='ltr'><strong>est</strong></span> <span class='ocrx_word' id='word_1_655' title='bbox 2681 3759 3129 3833; x_wconf 86' lang='lat' dir='ltr'><strong>intelligendum</strong></span> <span class='ocrx_word' id='word_1_656' title='bbox 3162 3760 3486 3816; x_wconf 88' lang='lat' dir='ltr'><strong>secundum</strong></span> <span class='ocrx_word' id='word_1_657' title='bbox 3519 3759 3604 3816; x_wconf 87' lang='lat' dir='ltr'><strong>in-</strong></span> 
     </span>
    </p>
   </div>
   <div class='ocr_carea' id='block_1_87' title="bbox 1945 3848 3605 3921">
    <p class='ocr_par' dir='ltr' id='par_1_87' title="bbox 1945 3848 3605 3921">
     <span class='ocr_line' id='line_1_87' title="bbox 1945 3848 3605 3921; baseline -0.002 -12"><span class='ocrx_word' id='word_1_658' title='bbox 1945 3853 2243 3910; x_wconf 89' lang='lat' dir='ltr'><strong>tellectum</strong></span> <span class='ocrx_word' id='word_1_659' title='bbox 2274 3852 2612 3908; x_wconf 83' lang='lat' dir='ltr'><strong>Judaeorum</strong></span> <span class='ocrx_word' id='word_1_660' title='bbox 2660 3849 2748 3906; x_wconf 86' lang='lat' dir='ltr'><strong>vel</strong></span> <span class='ocrx_word' id='word_1_661' title='bbox 2796 3849 3226 3917; x_wconf 62' lang='lat' dir='ltr'><strong>haereticorum,</strong></span> <span class='ocrx_word' id='word_1_662' title='bbox 3261 3848 3362 3920; x_wconf 90' lang='lat' dir='ltr'><strong>qui</strong></span> <span class='ocrx_word' id='word_1_663' title='bbox 3394 3852 3605 3921; x_wconf 90' lang='lat' dir='ltr'><strong>putant</strong></span> 
     </span>
    </p>
   </div>
   <div class='ocr_carea' id='block_1_88' title="bbox 1947 3937 3601 4014">
    <p class='ocr_par' dir='ltr' id='par_1_88' title="bbox 1947 3937 3601 4014">
     <span class='ocr_line' id='line_1_88' title="bbox 1947 3937 3601 4014; baseline -0.004 -15"><span class='ocrx_word' id='word_1_664' title='bbox 1947 3941 2145 3999; x_wconf 89' lang='lat' dir='ltr'><strong>omnia</strong></span> <span class='ocrx_word' id='word_1_665' title='bbox 2190 3939 2556 4014; x_wconf 87' lang='lat' dir='ltr'><strong>temporalia,</strong></span> <span class='ocrx_word' id='word_1_666' title='bbox 2605 3956 2733 4012; x_wconf 82' lang='lat' dir='ltr'><strong>quae</strong></span> <span class='ocrx_word' id='word_1_667' title='bbox 2766 3938 2827 3994; x_wconf 89' lang='lat' dir='ltr'><strong>in</strong></span> <span class='ocrx_word' id='word_1_668' title='bbox 2856 3938 2968 3994; x_wconf 89' lang='lat' dir='ltr'><strong>hac</strong></span> <span class='ocrx_word' id='word_1_669' title='bbox 3004 3937 3126 3993; x_wconf 91' lang='lat' dir='ltr'><strong>vita</strong></span> <span class='ocrx_word' id='word_1_670' title='bbox 3156 3941 3391 4010; x_wconf 90' lang='lat' dir='ltr'><strong>propter</strong></span> <span class='ocrx_word' id='word_1_671' title='bbox 3418 3937 3601 3993; x_wconf 90' lang='lat' dir='ltr'><strong>Deum</strong></span> 
     </span>
    </p>
   </div>
   <div class='ocr_carea' id='block_1_89' title="bbox 1947 4025 3605 4104">
    <p class='ocr_par' dir='ltr' id='par_1_89' title="bbox 1947 4025 3605 4104">
     <span class='ocr_line' id='line_1_89' title="bbox 1947 4025 3605 4104; baseline -0.003 -17"><span class='ocrx_word' id='word_1_672' title='bbox 1947 4030 2331 4104; x_wconf 88' lang='lat' dir='ltr'><strong>reliquerunt,</strong></span> <span class='ocrx_word' id='word_1_673' title='bbox 2362 4046 2430 4086; x_wconf 87' lang='lat' dir='ltr'><strong>ea</strong></span> <span class='ocrx_word' id='word_1_674' title='bbox 2452 4028 2513 4085; x_wconf 91' lang='lat' dir='ltr'><strong>in</strong></span> <span class='ocrx_word' id='word_1_675' title='bbox 2543 4026 2885 4101; x_wconf 85' lang='lat' dir='ltr'><strong>centuplum</strong></span> <span class='ocrx_word' id='word_1_676' title='bbox 2909 4043 2971 4084; x_wconf 90' lang='lat' dir='ltr'><strong>se</strong></span> <span class='ocrx_word' id='word_1_677' title='bbox 2997 4025 3059 4083; x_wconf 91' lang='lat' dir='ltr'><strong>in</strong></span> <span class='ocrx_word' id='word_1_678' title='bbox 3079 4025 3196 4083; x_wconf 90' lang='lat' dir='ltr'><strong>alia</strong></span> <span class='ocrx_word' id='word_1_679' title='bbox 3211 4025 3327 4081; x_wconf 88' lang='lat' dir='ltr'><strong>vita</strong></span> <span class='ocrx_word' id='word_1_680' title='bbox 3348 4031 3605 4099; x_wconf 87' lang='lat' dir='ltr'><strong>receptu-</strong></span> 
     </span>
    </p>
   </div>
   <div class='ocr_carea' id='block_1_90' title="bbox 1947 4114 3603 4190">
    <p class='ocr_par' dir='ltr' id='par_1_90' title="bbox 1947 4114 3603 4190">
     <span class='ocr_line' id='line_1_90' title="bbox 1947 4114 3603 4190; baseline -0.002 -15"><span class='ocrx_word' id='word_1_681' title='bbox 1947 4136 2064 4189; x_wconf 90' lang='lat' dir='ltr'><strong>ros,</strong></span> <span class='ocrx_word' id='word_1_682' title='bbox 2098 4136 2215 4176; x_wconf 89' lang='lat' dir='ltr'><strong>non</strong></span> <span class='ocrx_word' id='word_1_683' title='bbox 2247 4119 2611 4175; x_wconf 88' lang='lat' dir='ltr'><strong>attendentes</strong></span> <span class='ocrx_word' id='word_1_684' title='bbox 2644 4122 2814 4190; x_wconf 88' lang='lat' dir='ltr'><strong>turpe</strong></span> <span class='ocrx_word' id='word_1_685' title='bbox 2838 4120 2896 4172; x_wconf 91' lang='lat' dir='ltr'><strong>et</strong></span> <span class='ocrx_word' id='word_1_686' title='bbox 2924 4116 3205 4173; x_wconf 90' lang='lat' dir='ltr'><strong>indecens</strong></span> <span class='ocrx_word' id='word_1_687' title='bbox 3235 4131 3384 4182; x_wconf 88' lang='lat' dir='ltr'><strong>esse,</strong></span> <span class='ocrx_word' id='word_1_688' title='bbox 3416 4119 3482 4171; x_wconf 89' lang='lat' dir='ltr'><strong>ut</strong></span> <span class='ocrx_word' id='word_1_689' title='bbox 3502 4114 3603 4187; x_wconf 91' lang='lat' dir='ltr'><strong>qui</strong></span> 
     </span>
    </p>
   </div>
   <div class='ocr_carea' id='block_1_91' title="bbox 1950 4203 3604 4280">
    <p class='ocr_par' dir='ltr' id='par_1_91' title="bbox 1950 4203 3604 4280">
     <span class='ocr_line' id='line_1_91' title="bbox 1950 4203 3604 4280; baseline -0.002 -15"><span class='ocrx_word' id='word_1_690' title='bbox 1950 4224 2129 4266; x_wconf 90' lang='lat' dir='ltr'><strong>unam</strong></span> <span class='ocrx_word' id='word_1_691' title='bbox 2160 4224 2397 4264; x_wconf 82' lang='lat' dir='ltr'><strong>uxorem</strong></span> <span class='ocrx_word' id='word_1_692' title='bbox 2430 4210 2667 4280; x_wconf 90' lang='lat' dir='ltr'><strong>propter</strong></span> <span class='ocrx_word' id='word_1_693' title='bbox 2696 4204 2994 4263; x_wconf 89' lang='lat' dir='ltr'><strong>Christum</strong></span> <span class='ocrx_word' id='word_1_694' title='bbox 3018 4203 3339 4277; x_wconf 90' lang='lat' dir='ltr'><strong>reliquerit,</strong></span> <span class='ocrx_word' id='word_1_695' title='bbox 3355 4204 3433 4262; x_wconf 91' lang='lat' dir='ltr'><strong>sit</strong></span> <span class='ocrx_word' id='word_1_696' title='bbox 3452 4220 3604 4261; x_wconf 89' lang='lat' dir='ltr'><strong>rece-</strong></span> 
     </span>
    </p>
   </div>
   <div class='ocr_carea' id='block_1_92' title="bbox 1946 4293 3600 4372">
    <p class='ocr_par' dir='ltr' id='par_1_92' title="bbox 1946 4293 3600 4372">
     <span class='ocr_line' id='line_1_92' title="bbox 1946 4293 3600 4372; baseline -0.003 -17"><span class='ocrx_word' id='word_1_697' title='bbox 1946 4302 2159 4372; x_wconf 90' lang='lat' dir='ltr'><strong>pturus</strong></span> <span class='ocrx_word' id='word_1_698' title='bbox 2188 4302 2442 4353; x_wconf 90' lang='lat' dir='ltr'><strong>centum.</strong></span> <span class='ocrx_word' id='word_1_699' title='bbox 2477 4296 2586 4352; x_wconf 88' lang='lat' dir='ltr'><strong>Sed</strong></span> <span class='ocrx_word' id='word_1_700' title='bbox 2643 4294 2717 4352; x_wconf 87' lang='lat' dir='ltr'><strong>iis</strong></span> <span class='ocrx_word' id='word_1_701' title='bbox 2758 4293 2953 4351; x_wconf 87' lang='lat' dir='ltr'><strong>verbis</strong></span> <span class='ocrx_word' id='word_1_702' title='bbox 2996 4293 3363 4367; x_wconf 86' lang='lat' dir='ltr'><strong>signiﬁcatur</strong></span> <span class='ocrx_word' id='word_1_703' title='bbox 3409 4293 3600 4363; x_wconf 88' lang='lat' dir='ltr'><strong>nobis,</strong></span> 
     </span>
    </p>
   </div>
   <div class='ocr_carea' id='block_1_93' title="bbox 1947 4382 3602 4461">
    <p class='ocr_par' dir='ltr' id='par_1_93' title="bbox 1947 4382 3602 4461">
     <span class='ocr_line' id='line_1_93' title="bbox 1947 4382 3602 4461; baseline -0.002 -17"><span class='ocrx_word' id='word_1_704' title='bbox 1947 4385 2226 4461; x_wconf 90' lang='lat' dir='ltr'><strong>quoniam</strong></span> <span class='ocrx_word' id='word_1_705' title='bbox 2257 4383 2534 4457; x_wconf 91' lang='lat' dir='ltr'><strong>centuplo</strong></span> <span class='ocrx_word' id='word_1_706' title='bbox 2566 4382 2755 4457; x_wconf 90' lang='lat' dir='ltr'><strong>pluris</strong></span> <span class='ocrx_word' id='word_1_707' title='bbox 2800 4387 2973 4439; x_wconf 91' lang='lat' dir='ltr'><strong>erunt</strong></span> <span class='ocrx_word' id='word_1_708' title='bbox 3021 4382 3233 4456; x_wconf 87' lang='lat' dir='ltr'><strong>prima,</strong></span> <span class='ocrx_word' id='word_1_709' title='bbox 3283 4398 3458 4456; x_wconf 90' lang='lat' dir='ltr'><strong>quam</strong></span> <span class='ocrx_word' id='word_1_710' title='bbox 3498 4399 3602 4456; x_wconf 91' lang='lat' dir='ltr'><strong>pro</strong></span> 
     </span>
    </p>
   </div>
   <div class='ocr_carea' id='block_1_94' title="bbox 1948 4463 3600 4539">
    <p class='ocr_par' dir='ltr' id='par_1_94' title="bbox 1948 4463 3600 4539">
     <span class='ocr_line' id='line_1_94' title="bbox 1948 4463 3600 4539; baseline -0.004 -5"><span class='ocrx_word' id='word_1_711' title='bbox 1948 4477 2065 4534; x_wconf 91' lang='lat' dir='ltr'><strong>Deo</strong></span> <span class='ocrx_word' id='word_1_712' title='bbox 2096 4477 2234 4532; x_wconf 87' lang='lat' dir='ltr'><strong>data</strong></span> <span class='ocrx_word' id='word_1_713' title='bbox 2261 4473 2351 4530; x_wconf 90' lang='lat' dir='ltr'><strong>vel</strong></span> <span class='ocrx_word' id='word_1_714' title='bbox 2380 4473 2677 4530; x_wconf 85' lang='lat' dir='ltr'><strong>derelicta.</strong></span> <span class='ocrx_word' id='word_1_715' title='bbox 2711 4472 2875 4539; x_wconf 91' lang='lat' dir='ltr'><strong>Quod</strong></span> <span class='ocrx_word' id='word_1_716' title='bbox 2906 4476 3104 4528; x_wconf 89' lang='lat' dir='ltr'><strong>autem</strong></span> <span class='ocrx_word' id='word_1_717' title='bbox 3134 4463 3217 4527; x_wconf 86' lang='lat' dir='ltr'><strong>ait</strong></span> <span class='ocrx_word' id='word_1_718' title='bbox 3246 4470 3397 4528; x_wconf 91' lang='lat' dir='ltr'><strong>alius</strong></span> <span class='ocrx_word' id='word_1_719' title='bbox 3422 4488 3600 4528; x_wconf 91' lang='lat' dir='ltr'><strong>evan-</strong></span> 
     </span>
    </p>
   </div>
   <div class='ocr_carea' id='block_1_95' title="bbox 164 4561 3603 4643">
    <p class='ocr_par' dir='ltr' id='par_1_95' title="bbox 164 4561 3603 4643">
     <span class='ocr_line' id='line_1_95' title="bbox 164 4561 3603 4643; baseline -0.002 -19"><span class='ocrx_word' id='word_1_720' title='bbox 164 4568 431 4641; x_wconf 71' lang='lat' dir='ltr'><strong>egcrunt</strong></span> <span class='ocrx_word' id='word_1_721' title='bbox 460 4562 867 4638; x_wconf 65' lang='lat' dir='ltr'><strong>paenitentiam</strong></span> <span class='ocrx_word' id='word_1_722' title='bbox 897 4563 957 4620; x_wconf 89' lang='lat' dir='ltr'><strong>in</strong></span> <span class='ocrx_word' id='word_1_723' title='bbox 988 4563 1383 4636; x_wconf 90' lang='lat' dir='ltr'><strong>predicatione</strong></span> <span class='ocrx_word' id='word_1_724' title='bbox 1420 4563 1602 4620; x_wconf 88' lang='lat' dir='ltr'><strong>Jonas</strong></span> <span class='ocrx_word' id='word_1_725' title='bbox 1624 4563 1835 4634; x_wconf 78' lang='lat' dir='ltr'><strong>(Matth.</strong></span> <span class='ocrx_word' id='word_1_726' title='bbox 1868 4576 1916 4643; x_wconf 75' lang='grc' dir='ltr'><strong>ι)</strong></span> <span class='ocrx_word' id='word_1_727' title='bbox 1948 4564 2177 4641; x_wconf 83' lang='lat' dir='ltr'><strong>gelista,</strong></span> <span class='ocrx_word' id='word_1_728' title='bbox 2229 4564 2542 4636; x_wconf 80' lang='lat' dir='ltr'><strong>centuplum</strong></span> <span class='ocrx_word' id='word_1_729' title='bbox 2588 4563 2815 4635; x_wconf 84' lang='lat' dir='ltr'><strong>accipiet</strong></span> <span class='ocrx_word' id='word_1_730' title='bbox 2862 4562 2969 4629; x_wconf 84' lang='lat' dir='ltr'><strong>hic,</strong></span> <span class='ocrx_word' id='word_1_731' title='bbox 3014 4569 3066 4617; x_wconf 92' lang='lat' dir='ltr'><strong>et</strong></span> <span class='ocrx_word' id='word_1_732' title='bbox 3115 4562 3177 4616; x_wconf 85' lang='lat' dir='ltr'><strong>in</strong></span> <span class='ocrx_word' id='word_1_733' title='bbox 3203 4561 3395 4633; x_wconf 80' lang='lat' dir='ltr'><strong>futuro</strong></span> <span class='ocrx_word' id='word_1_734' title='bbox 3432 4562 3603 4618; x_wconf 85' lang='lat' dir='ltr'><strong>vitam</strong></span> 
     </span>
    </p>
   </div>
   <div class='ocr_carea' id='block_1_96' title="bbox 163 4652 1837 4727">
    <p class='ocr_par' dir='ltr' id='par_1_96' title="bbox 163 4652 1837 4727">
     <span class='ocr_line' id='line_1_96' title="bbox 163 4652 1837 4727; baseline -0.001 -15"><span class='ocrx_word' id='word_1_735' title='bbox 163 4656 297 4725; x_wconf 67' lang='lat' dir='ltr'><strong>in;</strong></span> <span class='ocrx_word' id='word_1_736' title='bbox 331 4652 460 4710; x_wconf 82' lang='lat' dir='ltr'><strong>Luc.</strong></span> <span class='ocrx_word' id='word_1_737' title='bbox 492 4654 569 4727; x_wconf 78' lang='lat' dir='ltr'><strong>u).</strong></span> <span class='ocrx_word' id='word_1_738' title='bbox 600 4655 669 4709; x_wconf 83' lang='lat' dir='ltr'><strong>Et</strong></span> <span class='ocrx_word' id='word_1_739' title='bbox 694 4655 895 4720; x_wconf 85' lang='lat' dir='ltr'><strong>omnis,</strong></span> <span class='ocrx_word' id='word_1_740' title='bbox 918 4652 1116 4725; x_wconf 91' lang='lat' dir='ltr'><strong>inquit</strong></span> <span class='ocrx_word' id='word_1_741' title='bbox 1143 4655 1241 4725; x_wconf 85' lang='lat' dir='ltr'><strong>qui</strong></span> <span class='ocrx_word' id='word_1_742' title='bbox 1278 4652 1568 4725; x_wconf 84' lang='lat' dir='ltr'><strong>reliquerit</strong></span> <span class='ocrx_word' id='word_1_743' title='bbox 1594 4653 1837 4722; x_wconf 87' lang='lat' dir='ltr'><strong>domum,</strong></span> 
     </span>
    </p>
   </div>
   <div class='ocr_carea' id='block_1_97' title="bbox 162 4745 1841 4817">
    <p class='ocr_par' dir='ltr' id='par_1_97' title="bbox 162 4745 1841 4817">
     <span class='ocr_line' id='line_1_97' title="bbox 162 4745 1841 4817; baseline -0.001 -16"><span class='ocrx_word' id='word_1_744' title='bbox 162 4748 274 4801; x_wconf 77' lang='lat' dir='ltr'><strong>hut</strong></span> <span class='ocrx_word' id='word_1_745' title='bbox 303 4745 528 4817; x_wconf 73' lang='lat' dir='ltr'><strong>fratres,</strong></span> <span class='ocrx_word' id='word_1_746' title='bbox 563 4749 661 4799; x_wconf 89' lang='lat' dir='ltr'><strong>aut</strong></span> <span class='ocrx_word' id='word_1_747' title='bbox 686 4757 917 4810; x_wconf 88' lang='lat' dir='ltr'><strong>sorores,</strong></span> <span class='ocrx_word' id='word_1_748' title='bbox 958 4748 1055 4798; x_wconf 90' lang='lat' dir='ltr'><strong>aut</strong></span> <span class='ocrx_word' id='word_1_749' title='bbox 1078 4748 1313 4814; x_wconf 84' lang='lat' dir='ltr'><strong>patrem,</strong></span> <span class='ocrx_word' id='word_1_750' title='bbox 1337 4748 1436 4797; x_wconf 88' lang='lat' dir='ltr'><strong>aut</strong></span> <span class='ocrx_word' id='word_1_751' title='bbox 1459 4750 1710 4812; x_wconf 84' lang='lat' dir='ltr'><strong>matrem,</strong></span> <span class='ocrx_word' id='word_1_752' title='bbox 1743 4750 1841 4799; x_wconf 88' lang='lat' dir='ltr'><strong>aut</strong></span> 
     </span>
    </p>
   </div>
   <div class='ocr_carea' id='block_1_98' title="bbox 160 4820 1833 4904">
    <p class='ocr_par' dir='ltr' id='par_1_98' title="bbox 160 4820 1833 4904">
     <span class='ocr_line' id='line_1_98' title="bbox 160 4820 1833 4904; baseline -0.002 -14"><span class='ocrx_word' id='word_1_753' title='bbox 160 4838 431 4901; x_wconf 67' lang='lat' dir='ltr'><strong>uxorem,</strong></span> <span class='ocrx_word' id='word_1_754' title='bbox 462 4839 559 4889; x_wconf 85' lang='lat' dir='ltr'><strong>aut</strong></span> <span class='ocrx_word' id='word_1_755' title='bbox 585 4832 752 4904; x_wconf 83' lang='lat' dir='ltr'><strong>ﬁlios,</strong></span> <span class='ocrx_word' id='word_1_756' title='bbox 804 4838 903 4887; x_wconf 89' lang='lat' dir='ltr'><strong>aut</strong></span> <span class='ocrx_word' id='word_1_757' title='bbox 946 4846 1103 4904; x_wconf 80' lang='lat' dir='ltr'><strong>agros</strong></span> <span class='ocrx_word' id='word_1_758' title='bbox 1128 4820 1350 4903; x_wconf 80' lang='lat' dir='ltr'><strong>propter</strong></span> <span class='ocrx_word' id='word_1_759' title='bbox 1391 4846 1585 4887; x_wconf 83' lang='lat' dir='ltr'><strong>nomen</strong></span> <span class='ocrx_word' id='word_1_760' title='bbox 1631 4846 1833 4899; x_wconf 86' lang='lat' dir='ltr'><strong>meum,</strong></span> 
     </span>
    </p>
   </div>
   <div class='ocr_carea' id='block_1_99' title="bbox 159 4920 1837 4996">
    <p class='ocr_par' dir='ltr' id='par_1_99' title="bbox 159 4920 1837 4996">
     <span class='ocr_line' id='line_1_99' title="bbox 159 4920 1837 4996; baseline -0.002 -15"><span class='ocrx_word' id='word_1_761' title='bbox 159 4920 494 4996; x_wconf 68' lang='lat' dir='ltr'><strong>cenatptum</strong></span> <span class='ocrx_word' id='word_1_762' title='bbox 523 4922 773 4995; x_wconf 86' lang='lat' dir='ltr'><strong>accipiet,</strong></span> <span class='ocrx_word' id='word_1_763' title='bbox 804 4927 857 4977; x_wconf 89' lang='lat' dir='ltr'><strong>et</strong></span> <span class='ocrx_word' id='word_1_764' title='bbox 894 4926 1063 4976; x_wconf 85' lang='lat' dir='ltr'><strong>vttam</strong></span> <span class='ocrx_word' id='word_1_765' title='bbox 1090 4927 1357 4978; x_wconf 69' lang='lat' dir='ltr'><strong>zetemam</strong></span> <span class='ocrx_word' id='word_1_766' title='bbox 1400 4920 1716 4992; x_wconf 83' lang='lat' dir='ltr'><strong>possidebit.</strong></span> <span class='ocrx_word' id='word_1_767' title='bbox 1758 4922 1837 4977; x_wconf 89' lang='lat' dir='ltr'><strong>Ac</strong></span> 
     </span>
    </p>
   </div>
   <div class='ocr_carea' id='block_1_100' title="bbox 160 5004 1839 5082">
    <p class='ocr_par' dir='ltr' id='par_1_100' title="bbox 160 5004 1839 5082">
     <span class='ocr_line' id='line_1_100' title="bbox 160 5004 1839 5082; baseline -0.003 -12"><span class='ocrx_word' id='word_1_768' title='bbox 160 5006 219 5070; x_wconf 80' lang='lat' dir='ltr'><strong>si</strong></span> <span class='ocrx_word' id='word_1_769' title='bbox 258 5010 460 5067; x_wconf 82' lang='lat' dir='ltr'><strong>dicat:</strong></span> <span class='ocrx_word' id='word_1_770' title='bbox 491 5004 621 5067; x_wconf 79' lang='lat' dir='ltr'><strong>Non</strong></span> <span class='ocrx_word' id='word_1_771' title='bbox 651 5008 848 5067; x_wconf 88' lang='lat' dir='ltr'><strong>solum</strong></span> <span class='ocrx_word' id='word_1_772' title='bbox 876 5024 979 5067; x_wconf 89' lang='lat' dir='ltr'><strong>vos</strong></span> <span class='ocrx_word' id='word_1_773' title='bbox 1010 5008 1111 5081; x_wconf 90' lang='lat' dir='ltr'><strong>qui</strong></span> <span class='ocrx_word' id='word_1_774' title='bbox 1162 5007 1363 5065; x_wconf 89' lang='lat' dir='ltr'><strong>omnia</strong></span> <span class='ocrx_word' id='word_1_775' title='bbox 1406 5007 1747 5082; x_wconf 87' lang='lat' dir='ltr'><strong>reliquistis,</strong></span> <span class='ocrx_word' id='word_1_776' title='bbox 1782 5013 1839 5065; x_wconf 89' lang='lat' dir='ltr'><strong>et</strong></span> 
     </span>
    </p>
   </div>
   <div class='ocr_carea' id='block_1_101' title="bbox 161 5095 1833 5172">
    <p class='ocr_par' dir='ltr' id='par_1_101' title="bbox 161 5095 1833 5172">
     <span class='ocr_line' id='line_1_101' title="bbox 161 5095 1833 5172; baseline -0.003 -13"><span class='ocrx_word' id='word_1_777' title='bbox 161 5108 272 5159; x_wconf 73' lang='lat' dir='ltr'><strong>the</strong></span> <span class='ocrx_word' id='word_1_778' title='bbox 307 5098 490 5156; x_wconf 78' lang='lat' dir='ltr'><strong>secuti</strong></span> <span class='ocrx_word' id='word_1_779' title='bbox 522 5097 685 5166; x_wconf 86' lang='lat' dir='ltr'><strong>estis,</strong></span> <span class='ocrx_word' id='word_1_780' title='bbox 717 5097 874 5172; x_wconf 88' lang='lat' dir='ltr'><strong>apud</strong></span> <span class='ocrx_word' id='word_1_781' title='bbox 904 5112 999 5154; x_wconf 90' lang='lat' dir='ltr'><strong>me</strong></span> <span class='ocrx_word' id='word_1_782' title='bbox 1043 5095 1293 5172; x_wconf 82' lang='lat' dir='ltr'><strong>gloriam</strong></span> <span class='ocrx_word' id='word_1_783' title='bbox 1323 5100 1597 5153; x_wconf 65' lang='lat' dir='ltr'><strong>aeternam</strong></span> <span class='ocrx_word' id='word_1_784' title='bbox 1630 5114 1833 5155; x_wconf 81' lang='lat' dir='ltr'><strong>conse-</strong></span> 
     </span>
    </p>
   </div>
   <div class='ocr_carea' id='block_1_102' title="bbox 159 5185 1833 5263">
    <p class='ocr_par' dir='ltr' id='par_1_102' title="bbox 159 5185 1833 5263">
     <span class='ocr_line' id='line_1_102' title="bbox 159 5185 1833 5263; baseline -0.002 -18"><span class='ocrx_word' id='word_1_785' title='bbox 159 5186 456 5263; x_wconf 74' lang='lat' dir='ltr'><strong>quimini,</strong></span> <span class='ocrx_word' id='word_1_786' title='bbox 488 5186 590 5245; x_wconf 88' lang='lat' dir='ltr'><strong>sed</strong></span> <span class='ocrx_word' id='word_1_787' title='bbox 611 5186 790 5245; x_wconf 87' lang='lat' dir='ltr'><strong>etiam</strong></span> <span class='ocrx_word' id='word_1_788' title='bbox 810 5186 999 5243; x_wconf 75' lang='lat' dir='ltr'><strong>caeteri</strong></span> <span class='ocrx_word' id='word_1_789' title='bbox 1027 5186 1307 5255; x_wconf 88' lang='lat' dir='ltr'><strong>minores,</strong></span> <span class='ocrx_word' id='word_1_790' title='bbox 1331 5185 1431 5259; x_wconf 91' lang='lat' dir='ltr'><strong>qui</strong></span> <span class='ocrx_word' id='word_1_791' title='bbox 1452 5202 1588 5243; x_wconf 90' lang='lat' dir='ltr'><strong>cum</strong></span> <span class='ocrx_word' id='word_1_792' title='bbox 1612 5185 1833 5260; x_wconf 91' lang='lat' dir='ltr'><strong>cupidi-</strong></span> 
     </span>
    </p>
   </div>
   <div class='ocr_carea' id='block_1_103' title="bbox 156 5274 1833 5351">
    <p class='ocr_par' dir='ltr' id='par_1_103' title="bbox 156 5274 1833 5351">
     <span class='ocr_line' id='line_1_103' title="bbox 156 5274 1833 5351; baseline -0.002 -15"><span class='ocrx_word' id='word_1_793' title='bbox 156 5276 305 5336; x_wconf 77' lang='lat' dir='ltr'><strong>tate</strong></span> <span class='ocrx_word' id='word_1_794' title='bbox 321 5276 497 5334; x_wconf 86' lang='lat' dir='ltr'><strong>etiam</strong></span> <span class='ocrx_word' id='word_1_795' title='bbox 518 5274 939 5351; x_wconf 85' lang='lat' dir='ltr'><strong>relinquent,ct</strong></span> <span class='ocrx_word' id='word_1_796' title='bbox 955 5275 1006 5333; x_wconf 91' lang='lat' dir='ltr'><strong>si</strong></span> <span class='ocrx_word' id='word_1_797' title='bbox 1028 5292 1143 5332; x_wconf 90' lang='lat' dir='ltr'><strong>non</strong></span> <span class='ocrx_word' id='word_1_798' title='bbox 1157 5275 1376 5343; x_wconf 88' lang='lat' dir='ltr'><strong>omnia,</strong></span> <span class='ocrx_word' id='word_1_799' title='bbox 1397 5279 1596 5332; x_wconf 88' lang='lat' dir='ltr'><strong>tamen</strong></span> <span class='ocrx_word' id='word_1_800' title='bbox 1611 5274 1833 5349; x_wconf 88' lang='lat' dir='ltr'><strong>aliquot</strong></span> 
     </span>
    </p>
   </div>
   <div class='ocr_carea' id='block_1_104' title="bbox 155 5363 1828 5440">
    <p class='ocr_par' dir='ltr' id='par_1_104' title="bbox 155 5363 1828 5440">
     <span class='ocr_line' id='line_1_104' title="bbox 155 5363 1828 5440; baseline -0.003 -15"><span class='ocrx_word' id='word_1_801' title='bbox 155 5365 594 5440; x_wconf 79' lang='lat' dir='ltr'><strong>temporalium</strong></span> <span class='ocrx_word' id='word_1_802' title='bbox 618 5368 857 5440; x_wconf 85' lang='lat' dir='ltr'><strong>propter</strong></span> <span class='ocrx_word' id='word_1_803' title='bbox 884 5378 999 5422; x_wconf 90' lang='lat' dir='ltr'><strong>me.</strong></span> <span class='ocrx_word' id='word_1_804' title='bbox 1041 5363 1112 5421; x_wconf 85' lang='lat' dir='ltr'><strong>Hi</strong></span> <span class='ocrx_word' id='word_1_805' title='bbox 1142 5369 1200 5422; x_wconf 91' lang='lat' dir='ltr'><strong>et</strong></span> <span class='ocrx_word' id='word_1_806' title='bbox 1227 5365 1277 5422; x_wconf 91' lang='lat' dir='ltr'><strong>si</strong></span> <span class='ocrx_word' id='word_1_807' title='bbox 1306 5381 1425 5421; x_wconf 89' lang='lat' dir='ltr'><strong>non</strong></span> <span class='ocrx_word' id='word_1_808' title='bbox 1455 5368 1629 5421; x_wconf 90' lang='lat' dir='ltr'><strong>erunt</strong></span> <span class='ocrx_word' id='word_1_809' title='bbox 1659 5364 1828 5434; x_wconf 90' lang='lat' dir='ltr'><strong>tanti,</strong></span> 
     </span>
    </p>
   </div>
   <div class='ocr_carea' id='block_1_105' title="bbox 155 5453 1832 5531">
    <p class='ocr_par' dir='ltr' id='par_1_105' title="bbox 155 5453 1832 5531">
     <span class='ocr_line' id='line_1_105' title="bbox 155 5453 1832 5531; baseline -0.002 -18"><span class='ocrx_word' id='word_1_810' title='bbox 155 5454 391 5531; x_wconf 65' lang='lat' dir='ltr'><strong>Quanti</strong></span> <span class='ocrx_word' id='word_1_811' title='bbox 417 5468 523 5513; x_wconf 83' lang='lat' dir='ltr'><strong>vos</strong></span> <span class='ocrx_word' id='word_1_812' title='bbox 554 5455 616 5512; x_wconf 85' lang='lat' dir='ltr'><strong>in</strong></span> <span class='ocrx_word' id='word_1_813' title='bbox 637 5453 1468 5529; x_wconf 87' lang='lat' dir='ltr'><strong>potestatejudicandi,tamen</strong></span> <span class='ocrx_word' id='word_1_814' title='bbox 1492 5453 1832 5525; x_wconf 89' lang='lat' dir='ltr'><strong>centuplum</strong></span> 
     </span>
    </p>
   </div>
   <div class='ocr_carea' id='block_1_106' title="bbox 156 5541 1833 5618">
    <p class='ocr_par' dir='ltr' id='par_1_106' title="bbox 156 5541 1833 5618">
     <span class='ocr_line' id='line_1_106' title="bbox 156 5541 1833 5618; baseline -0.003 -13"><span class='ocrx_word' id='word_1_815' title='bbox 156 5542 485 5618; x_wconf 55' lang='lat' dir='ltr'><strong>ancipient,</strong></span> <span class='ocrx_word' id='word_1_816' title='bbox 512 5547 579 5602; x_wconf 79' lang='lat' dir='ltr'><strong>&#39;et</strong></span> <span class='ocrx_word' id='word_1_817' title='bbox 604 5542 784 5602; x_wconf 83' lang='lat' dir='ltr'><strong>vitam</strong></span> <span class='ocrx_word' id='word_1_818' title='bbox 814 5548 1091 5601; x_wconf 59' lang='lat' dir='ltr'><strong>aeternam</strong></span> <span class='ocrx_word' id='word_1_819' title='bbox 1121 5541 1525 5615; x_wconf 89' lang='lat' dir='ltr'><strong>possidebunt.</strong></span> <span class='ocrx_word' id='word_1_820' title='bbox 1545 5541 1658 5598; x_wconf 91' lang='lat' dir='ltr'><strong>Sed</strong></span> <span class='ocrx_word' id='word_1_821' title='bbox 1688 5543 1833 5615; x_wconf 87' lang='lat' dir='ltr'><strong>quid</strong></span> 
     </span>
    </p>
   </div>
   <div class='ocr_carea' id='block_1_107' title="bbox 153 5628 1835 5708">
    <p class='ocr_par' dir='ltr' id='par_1_107' title="bbox 153 5628 1835 5708">
     <span class='ocr_line' id='line_1_107' title="bbox 153 5628 1835 5708; baseline -0.002 -14"><span class='ocrx_word' id='word_1_822' title='bbox 153 5630 489 5694; x_wconf 63' lang='lat' dir='ltr'><strong>estin-atras</strong></span> <span class='ocrx_word' id='word_1_823' title='bbox 499 5632 800 5708; x_wconf 87' lang='lat' dir='ltr'><strong>mei,quod</strong></span> <span class='ocrx_word' id='word_1_824' title='bbox 816 5632 913 5692; x_wconf 84' lang='lat' dir='ltr'><strong>hic</strong></span> <span class='ocrx_word' id='word_1_825' title='bbox 928 5630 1211 5690; x_wconf 87' lang='lat' dir='ltr'><strong>Dominus</strong></span> <span class='ocrx_word' id='word_1_826' title='bbox 1222 5631 1512 5704; x_wconf 90' lang='lat' dir='ltr'><strong>promittit</strong></span> <span class='ocrx_word' id='word_1_827' title='bbox 1525 5628 1835 5705; x_wconf 69' lang='lat' dir='ltr'><strong>praemium</strong></span> 
     </span>
    </p>
   </div>
   <div class='ocr_carea' id='block_1_108' title="bbox 1947 4649 3600 4722">
    <p class='ocr_par' dir='ltr' id='par_1_108' title="bbox 1947 4649 3600 4722">
     <span class='ocr_line' id='line_1_108' title="bbox 1947 4649 3600 4722; baseline -0.005 -9"><span class='ocrx_word' id='word_1_828' title='bbox 1947 4662 2234 4720; x_wconf 65' lang='grc' dir='ltr'><strong>«θεων-παθη,</strong></span> <span class='ocrx_word' id='word_1_829' title='bbox 2270 4652 2650 4709; x_wconf 84' lang='lat' dir='ltr'><strong>manifestum</strong></span> <span class='ocrx_word' id='word_1_830' title='bbox 2682 4654 2789 4708; x_wconf 90' lang='lat' dir='ltr'><strong>est.</strong></span> <span class='ocrx_word' id='word_1_831' title='bbox 2822 4650 2929 4716; x_wconf 89' lang='lat' dir='ltr'><strong>Qui</strong></span> <span class='ocrx_word' id='word_1_832' title='bbox 2960 4649 3114 4705; x_wconf 91' lang='lat' dir='ltr'><strong>enim</strong></span> <span class='ocrx_word' id='word_1_833' title='bbox 3148 4649 3345 4705; x_wconf 89' lang='lat' dir='ltr'><strong>omnia</strong></span> <span class='ocrx_word' id='word_1_834' title='bbox 3376 4653 3600 4722; x_wconf 87' lang='lat' dir='ltr'><strong>tempo-</strong></span> 
     </span>
    </p>
   </div>
   <div class='ocr_carea' id='block_1_109' title="bbox 1946 4737 3604 4813">
    <p class='ocr_par' dir='ltr' id='par_1_109' title="bbox 1946 4737 3604 4813">
     <span class='ocr_line' id='line_1_109' title="bbox 1946 4737 3604 4813; baseline -0.004 -13"><span class='ocrx_word' id='word_1_835' title='bbox 1946 4743 2091 4800; x_wconf 90' lang='lat' dir='ltr'><strong>ralia</strong></span> <span class='ocrx_word' id='word_1_836' title='bbox 2118 4760 2248 4799; x_wconf 89' lang='lat' dir='ltr'><strong>vere</strong></span> <span class='ocrx_word' id='word_1_837' title='bbox 2277 4741 2519 4813; x_wconf 88' lang='lat' dir='ltr'><strong>reliquit</strong></span> <span class='ocrx_word' id='word_1_838' title='bbox 2540 4745 2776 4813; x_wconf 71' lang='lat' dir='ltr'><strong>propter</strong></span> <span class='ocrx_word' id='word_1_839' title='bbox 2796 4738 3117 4805; x_wconf 86' lang='lat' dir='ltr'><strong>Christum,</strong></span> <span class='ocrx_word' id='word_1_840' title='bbox 3142 4737 3482 4810; x_wconf 88' lang='lat' dir='ltr'><strong>centuplum</strong></span> <span class='ocrx_word' id='word_1_841' title='bbox 3514 4754 3604 4795; x_wconf 89' lang='lat' dir='ltr'><strong>ac-</strong></span> 
     </span>
    </p>
   </div>
   <div class='ocr_carea' id='block_1_110' title="bbox 1945 4825 3600 4905">
    <p class='ocr_par' dir='ltr' id='par_1_110' title="bbox 1945 4825 3600 4905">
     <span class='ocr_line' id='line_1_110' title="bbox 1945 4825 3600 4905; baseline -0.004 -16"><span class='ocrx_word' id='word_1_842' title='bbox 1945 4832 2123 4905; x_wconf 90' lang='lat' dir='ltr'><strong>cipiet</strong></span> <span class='ocrx_word' id='word_1_843' title='bbox 2150 4829 2245 4887; x_wconf 88' lang='lat' dir='ltr'><strong>hic</strong></span> <span class='ocrx_word' id='word_1_844' title='bbox 2274 4830 2334 4885; x_wconf 89' lang='lat' dir='ltr'><strong>in</strong></span> <span class='ocrx_word' id='word_1_845' title='bbox 2366 4828 2555 4903; x_wconf 84' lang='lat' dir='ltr'><strong>gratia</strong></span> <span class='ocrx_word' id='word_1_846' title='bbox 2584 4829 2888 4885; x_wconf 87' lang='lat' dir='ltr'><strong>virtutum.</strong></span> <span class='ocrx_word' id='word_1_847' title='bbox 2924 4827 3035 4884; x_wconf 90' lang='lat' dir='ltr'><strong>Sed</strong></span> <span class='ocrx_word' id='word_1_848' title='bbox 3070 4825 3245 4883; x_wconf 86' lang='lat' dir='ltr'><strong>etiam</strong></span> <span class='ocrx_word' id='word_1_849' title='bbox 3278 4827 3338 4882; x_wconf 94' lang='lat' dir='ltr'><strong>in</strong></span> <span class='ocrx_word' id='word_1_850' title='bbox 3368 4832 3600 4900; x_wconf 85' lang='lat' dir='ltr'><strong>tempo-</strong></span> 
     </span>
    </p>
   </div>
   <div class='ocr_carea' id='block_1_111' title="bbox 1945 4915 3603 4992">
    <p class='ocr_par' dir='ltr' id='par_1_111' title="bbox 1945 4915 3603 4992">
     <span class='ocr_line' id='line_1_111' title="bbox 1945 4915 3603 4992; baseline -0.002 -15"><span class='ocrx_word' id='word_1_851' title='bbox 1945 4920 2168 4978; x_wconf 84' lang='lat' dir='ltr'><strong>ralibus</strong></span> <span class='ocrx_word' id='word_1_852' title='bbox 2198 4917 2539 4992; x_wconf 89' lang='lat' dir='ltr'><strong>centuplum</strong></span> <span class='ocrx_word' id='word_1_853' title='bbox 2567 4918 2791 4990; x_wconf 90' lang='lat' dir='ltr'><strong>recipit,</strong></span> <span class='ocrx_word' id='word_1_854' title='bbox 2817 4915 3095 4990; x_wconf 89' lang='lat' dir='ltr'><strong>quoniam</strong></span> <span class='ocrx_word' id='word_1_855' title='bbox 3128 4916 3246 4972; x_wconf 89' lang='lat' dir='ltr'><strong>Deo</strong></span> <span class='ocrx_word' id='word_1_856' title='bbox 3278 4915 3477 4972; x_wconf 91' lang='lat' dir='ltr'><strong>omnia</strong></span> <span class='ocrx_word' id='word_1_857' title='bbox 3505 4917 3603 4973; x_wconf 82' lang='lat' dir='ltr'><strong>ad-</strong></span> 
     </span>
    </p>
   </div>
   <div class='ocr_carea' id='block_1_112' title="bbox 1938 5003 3603 5081">
    <p class='ocr_par' dir='ltr' id='par_1_112' title="bbox 1938 5003 3603 5081">
     <span class='ocr_line' id='line_1_112' title="bbox 1938 5003 3603 5081; baseline -0.002 -17"><span class='ocrx_word' id='word_1_858' title='bbox 1938 5009 2198 5081; x_wconf 86' lang='lat' dir='ltr'><strong>jiciente,</strong></span> <span class='ocrx_word' id='word_1_859' title='bbox 2233 5008 2421 5064; x_wconf 84' lang='lat' dir='ltr'><strong>factus</strong></span> <span class='ocrx_word' id='word_1_860' title='bbox 2452 5010 2541 5064; x_wconf 91' lang='lat' dir='ltr'><strong>est</strong></span> <span class='ocrx_word' id='word_1_861' title='bbox 2560 5014 2843 5079; x_wconf 86' lang='lat' dir='ltr'><strong>tanquam</strong></span> <span class='ocrx_word' id='word_1_862' title='bbox 2878 5003 3022 5061; x_wconf 89' lang='lat' dir='ltr'><strong>nihil</strong></span> <span class='ocrx_word' id='word_1_863' title='bbox 3051 5004 3297 5074; x_wconf 89' lang='lat' dir='ltr'><strong>habens,</strong></span> <span class='ocrx_word' id='word_1_864' title='bbox 3327 5010 3385 5061; x_wconf 89' lang='lat' dir='ltr'><strong>et</strong></span> <span class='ocrx_word' id='word_1_865' title='bbox 3403 5004 3603 5062; x_wconf 89' lang='lat' dir='ltr'><strong>omnia</strong></span> 
     </span>
    </p>
   </div>
   <div class='ocr_carea' id='block_1_113' title="bbox 1945 5092 3602 5171">
    <p class='ocr_par' dir='ltr' id='par_1_113' title="bbox 1945 5092 3602 5171">
     <span class='ocr_line' id='line_1_113' title="bbox 1945 5092 3602 5171; baseline -0.001 -18"><span class='ocrx_word' id='word_1_866' title='bbox 1945 5097 2253 5171; x_wconf 90' lang='lat' dir='ltr'><strong>possidens</strong></span> <span class='ocrx_word' id='word_1_867' title='bbox 2274 5096 2349 5166; x_wconf 90' lang='lat' dir='ltr'><strong>(II</strong></span> <span class='ocrx_word' id='word_1_868' title='bbox 2395 5097 2516 5153; x_wconf 86' lang='lat' dir='ltr'><strong>Cor.</strong></span> <span class='ocrx_word' id='word_1_869' title='bbox 2550 5100 2646 5168; x_wconf 72' lang='lat' dir='ltr'><strong>vn).</strong></span> <span class='ocrx_word' id='word_1_870' title='bbox 2679 5092 3032 5167; x_wconf 87' lang='lat' dir='ltr'><strong>Centuplum</strong></span> <span class='ocrx_word' id='word_1_871' title='bbox 3081 5093 3237 5150; x_wconf 90' lang='lat' dir='ltr'><strong>enim</strong></span> <span class='ocrx_word' id='word_1_872' title='bbox 3270 5092 3482 5149; x_wconf 89' lang='lat' dir='ltr'><strong>melius</strong></span> <span class='ocrx_word' id='word_1_873' title='bbox 3512 5100 3602 5151; x_wconf 88' lang='lat' dir='ltr'><strong>est</strong></span> 
     </span>
    </p>
   </div>
   <div class='ocr_carea' id='block_1_114' title="bbox 1939 5182 3599 5254">
    <p class='ocr_par' dir='ltr' id='par_1_114' title="bbox 1939 5182 3599 5254">
     <span class='ocr_line' id='line_1_114' title="bbox 1939 5182 3599 5254; baseline -0.002 -12"><span class='ocrx_word' id='word_1_874' title='bbox 1939 5184 2138 5242; x_wconf 89' lang='lat' dir='ltr'><strong>omnia</strong></span> <span class='ocrx_word' id='word_1_875' title='bbox 2156 5185 2370 5241; x_wconf 89' lang='lat' dir='ltr'><strong>habere</strong></span> <span class='ocrx_word' id='word_1_876' title='bbox 2393 5185 2521 5242; x_wconf 90' lang='lat' dir='ltr'><strong>sine</strong></span> <span class='ocrx_word' id='word_1_877' title='bbox 2539 5183 2935 5241; x_wconf 89' lang='lat' dir='ltr'><strong>sollicitudine</strong></span> <span class='ocrx_word' id='word_1_878' title='bbox 2948 5185 3005 5238; x_wconf 90' lang='lat' dir='ltr'><strong>et</strong></span> <span class='ocrx_word' id='word_1_879' title='bbox 3028 5182 3238 5238; x_wconf 90' lang='lat' dir='ltr'><strong>timore</strong></span> <span class='ocrx_word' id='word_1_880' title='bbox 3259 5198 3439 5254; x_wconf 90' lang='lat' dir='ltr'><strong>quam</strong></span> <span class='ocrx_word' id='word_1_881' title='bbox 3462 5198 3599 5238; x_wconf 89' lang='lat' dir='ltr'><strong>cum</strong></span> 
     </span>
    </p>
   </div>
   <div class='ocr_carea' id='block_1_115' title="bbox 1940 5266 3600 5347">
    <p class='ocr_par' dir='ltr' id='par_1_115' title="bbox 1940 5266 3600 5347">
     <span class='ocr_line' id='line_1_115' title="bbox 1940 5266 3600 5347; baseline -0.002 -17"><span class='ocrx_word' id='word_1_882' title='bbox 1940 5272 2331 5330; x_wconf 89' lang='lat' dir='ltr'><strong>sollicitudine</strong></span> <span class='ocrx_word' id='word_1_883' title='bbox 2362 5277 2421 5328; x_wconf 91' lang='lat' dir='ltr'><strong>et</strong></span> <span class='ocrx_word' id='word_1_884' title='bbox 2451 5266 2679 5330; x_wconf 85' lang='lat' dir='ltr'><strong>timore.</strong></span> <span class='ocrx_word' id='word_1_885' title='bbox 2696 5272 2922 5347; x_wconf 90' lang='lat' dir='ltr'><strong>Itaque,</strong></span> <span class='ocrx_word' id='word_1_886' title='bbox 2947 5271 3153 5328; x_wconf 84' lang='lat' dir='ltr'><strong>fratres</strong></span> <span class='ocrx_word' id='word_1_887' title='bbox 3167 5270 3305 5338; x_wconf 90' lang='lat' dir='ltr'><strong>mei,</strong></span> <span class='ocrx_word' id='word_1_888' title='bbox 3329 5287 3464 5327; x_wconf 88' lang='lat' dir='ltr'><strong>cum</strong></span> <span class='ocrx_word' id='word_1_889' title='bbox 3497 5287 3600 5327; x_wconf 91' lang='lat' dir='ltr'><strong>ne-</strong></span> 
     </span>
    </p>
   </div>
   <div class='ocr_carea' id='block_1_116' title="bbox 1941 5357 3603 5433">
    <p class='ocr_par' dir='ltr' id='par_1_116' title="bbox 1941 5357 3603 5433">
     <span class='ocr_line' id='line_1_116' title="bbox 1941 5357 3603 5433; baseline -0.003 -14"><span class='ocrx_word' id='word_1_890' title='bbox 1941 5378 2102 5419; x_wconf 90' lang='lat' dir='ltr'><strong>cesse</strong></span> <span class='ocrx_word' id='word_1_891' title='bbox 2132 5363 2209 5419; x_wconf 90' lang='lat' dir='ltr'><strong>sit</strong></span> <span class='ocrx_word' id='word_1_892' title='bbox 2236 5378 2344 5418; x_wconf 90' lang='lat' dir='ltr'><strong>nos</strong></span> <span class='ocrx_word' id='word_1_893' title='bbox 2373 5362 2465 5418; x_wconf 91' lang='lat' dir='ltr'><strong>vol</strong></span> <span class='ocrx_word' id='word_1_894' title='bbox 2496 5362 2832 5432; x_wconf 87' lang='lat' dir='ltr'><strong>relinquere</strong></span> <span class='ocrx_word' id='word_1_895' title='bbox 2883 5360 3081 5417; x_wconf 89' lang='lat' dir='ltr'><strong>omnia</strong></span> <span class='ocrx_word' id='word_1_896' title='bbox 3107 5358 3474 5433; x_wconf 87' lang='lat' dir='ltr'><strong>temporalia,</strong></span> <span class='ocrx_word' id='word_1_897' title='bbox 3512 5357 3603 5414; x_wconf 91' lang='lat' dir='ltr'><strong>vel</strong></span> 
     </span>
    </p>
   </div>
   <div class='ocr_carea' id='block_1_117' title="bbox 1933 5444 3606 5525">
    <p class='ocr_par' dir='ltr' id='par_1_117' title="bbox 1933 5444 3606 5525">
     <span class='ocr_line' id='line_1_117' title="bbox 1933 5444 3606 5525; baseline -0.005 -18"><span class='ocrx_word' id='word_1_898' title='bbox 1933 5454 2059 5525; x_wconf 88' lang='lat' dir='ltr'><strong>jam</strong></span> <span class='ocrx_word' id='word_1_899' title='bbox 2094 5450 2343 5523; x_wconf 88' lang='lat' dir='ltr'><strong>relinqui</strong></span> <span class='ocrx_word' id='word_1_900' title='bbox 2376 5451 2449 5507; x_wconf 89' lang='lat' dir='ltr'><strong>ab</strong></span> <span class='ocrx_word' id='word_1_901' title='bbox 2478 5451 2584 5519; x_wconf 91' lang='lat' dir='ltr'><strong>eis,</strong></span> <span class='ocrx_word' id='word_1_902' title='bbox 2619 5452 2905 5521; x_wconf 87' lang='lat' dir='ltr'><strong>quoniam</strong></span> <span class='ocrx_word' id='word_1_903' title='bbox 2939 5448 3189 5520; x_wconf 85' lang='lat' dir='ltr'><strong>relinqui</strong></span> <span class='ocrx_word' id='word_1_904' title='bbox 3211 5465 3245 5503; x_wconf 89' lang='lat' dir='ltr'><strong>a</strong></span> <span class='ocrx_word' id='word_1_905' title='bbox 3274 5444 3606 5519; x_wconf 87' lang='lat' dir='ltr'><strong>temporali-</strong></span> 
     </span>
    </p>
   </div>
   <div class='ocr_carea' id='block_1_118' title="bbox 1942 5534 3606 5614">
    <p class='ocr_par' dir='ltr' id='par_1_118' title="bbox 1942 5534 3606 5614">
     <span class='ocr_line' id='line_1_118' title="bbox 1942 5534 3606 5614; baseline -0.008 -18"><span class='ocrx_word' id='word_1_906' title='bbox 1942 5542 2054 5596; x_wconf 90' lang='lat' dir='ltr'><strong>bus</strong></span> <span class='ocrx_word' id='word_1_907' title='bbox 2084 5557 2316 5613; x_wconf 77' lang='lat' dir='ltr'><strong>pcenam</strong></span> <span class='ocrx_word' id='word_1_908' title='bbox 2348 5539 2545 5610; x_wconf 89' lang='lat' dir='ltr'><strong>habet,</strong></span> <span class='ocrx_word' id='word_1_909' title='bbox 2578 5544 2639 5595; x_wconf 88' lang='lat' dir='ltr'><strong>et</strong></span> <span class='ocrx_word' id='word_1_910' title='bbox 2667 5553 2794 5597; x_wconf 88' lang='lat' dir='ltr'><strong>non</strong></span> <span class='ocrx_word' id='word_1_911' title='bbox 2842 5536 3170 5614; x_wconf 65' lang='lat' dir='ltr'><strong>praemium,</strong></span> <span class='ocrx_word' id='word_1_912' title='bbox 3203 5534 3606 5606; x_wconf 87' lang='lat' dir='ltr'><strong>relinquamus</strong></span> 
     </span>
    </p>
   </div>
   <div class='ocr_carea' id='block_1_119' title="bbox 1941 5623 3611 5702">
    <p class='ocr_par' dir='ltr' id='par_1_119' title="bbox 1941 5623 3611 5702">
     <span class='ocr_line' id='line_1_119' title="bbox 1941 5623 3611 5702; baseline -0.008 -16"><span class='ocrx_word' id='word_1_913' title='bbox 1941 5644 2032 5700; x_wconf 87' lang='lat' dir='ltr'><strong>ea,</strong></span> <span class='ocrx_word' id='word_1_914' title='bbox 2063 5633 2381 5702; x_wconf 82' lang='lat' dir='ltr'><strong>antequam</strong></span> <span class='ocrx_word' id='word_1_915' title='bbox 2412 5629 2837 5701; x_wconf 68' lang='lat' dir='ltr'><strong>relinquantur</strong></span> <span class='ocrx_word' id='word_1_916' title='bbox 2856 5628 2931 5687; x_wconf 87' lang='lat' dir='ltr'><strong>ab</strong></span> <span class='ocrx_word' id='word_1_917' title='bbox 2962 5624 3085 5691; x_wconf 85' lang='lat' dir='ltr'><strong>eis;</strong></span> <span class='ocrx_word' id='word_1_918' title='bbox 3114 5626 3172 5679; x_wconf 83' lang='lat' dir='ltr'><strong>et</strong></span> <span class='ocrx_word' id='word_1_919' title='bbox 3190 5623 3242 5679; x_wconf 90' lang='lat' dir='ltr'><strong>si</strong></span> <span class='ocrx_word' id='word_1_920' title='bbox 3271 5638 3387 5678; x_wconf 91' lang='lat' dir='ltr'><strong>non</strong></span> <span class='ocrx_word' id='word_1_921' title='bbox 3412 5632 3611 5695; x_wconf 81' lang='lat' dir='ltr'><strong>possu-</strong></span> 
     </span>
    </p>
   </div>
  </div>
