3980 6084
410 340 571 406 1329

1685 341 2093 408 RADULPBI
2136 341 2551 408 ARDENTIS.

408 493 542 534 mus
565 474 891 549 relinquere
914 492 1028 533 non
1052 477 1400 546 necessaria,
1422 475 1626 534 saltem
1653 476 2054 550 relinquamus
2083 476 2139 545 Α
2167 477 2354 534 vultis.
2398 474 2543 544 Quia
2589 491 2844 549 namque
2903 475 3102 534 Patres
3161 473 3388 534 Veteris
3439 475 3822 546 Testamenti,

409 567 724 638 superflua,
759 583 825 622 ea
855 565 914 621 in
949 567 1463 639 pupillos,viduas,
1500 567 1784 637 inﬁrmos,
1805 568 2062 640 captivos

409 659 465 710 et
491 659 726 710 caateros
765 656 948 710 bonos
983 673 1126 711 usus
1158 661 1493 728 erogantes;
1528 662 1582 712 et
1614 657 1789 711 etiam
1823 657 1892 712 ab
1919 656 2062 728 ipsis

410 745 778 813 necessariis,
812 749 1095 816 quantum
1121 763 1458 816 possumus,
1485 764 1590 801 nos
1611 747 2056 818 restringamus,

408 833 467 888 in
501 832 647 900 cibo,
681 838 736 888 et
766 838 904 904 potu
928 834 1264 905 creterisque
1285 836 1628 890 necessariis
1657 852 1760 890 nos
1784 835 2057 892 cohiben-

409 927 517 989 tes,
553 927 616 976 ut
647 923 770 976 sine
803 922 1119 994 cupiditate
1150 929 1206 978 et
1227 925 1433 979 timore
1454 925 1546 979 hic
1578 925 1860 990 vivamus,
1887 949 1912 973 ‹‹
1940 931 2060 980 tan-

408 1028 584 1084 quam
620 1010 764 1064 nihil
800 1011 1076 1065 habentcs
1105 1016 1159 1066 et
1191 1013 1388 1067 omnia
1418 1015 1800 1085 possidentes,
1829 1037 1853 1063 ››
1891 1032 2056 1069 man-

407 1099 560 1166 data,
594 1105 650 1154 et
683 1099 943 1165 consilia,
971 1105 1026 1154 et
1051 1101 1317 1172 exempla
1337 1102 1548 1157 Christi
1574 1107 1884 1168 sectantes,
1905 1108 1985 1170 ut,
2002 1107 2056 1159 et

405 1187 453 1243 si
486 1187 880 1259 nonjudicare
902 1206 1034 1243 cum
1063 1189 1343 1261 apostolis
1367 1191 1684 1262 possimus,
1711 1196 1904 1247 tamen
1941 1209 2057 1248 me-

404 1293 639 1332 reamur
668 1277 987 1347 adjudicari
1023 1277 1148 1331 vitae
1201 1283 1423 1332 internae
1475 1279 1546 1333 ab
1591 1280 1892 1351 apostolis,
1939 1280 2052 1336 lar-

409 1365 602 1437 giente
636 1365 750 1421 Deo
782 1370 837 1419 et
868 1365 1113 1421 Domino
1148 1372 1344 1422 nostro
1367 1368 1503 1423 Jesu
1527 1367 1774 1434 Christo,
1797 1370 1895 1440 qui
1919 1386 2053 1425 cum

404 1453 568 1508 Patre
600 1458 654 1509 ct
687 1453 902 1525 Spizilu
955 1460 1157 1510 sancto
1192 1455 1330 1510 vivit
1368 1461 1423 1510 et
1477 1461 1678 1528 regnat
1733 1457 1905 1528 Deus,
1952 1476 2055 1530 per

402 1544 600 1597 omnia
631 1542 844 1597 saecula
874 1543 1239 1599 szcculorum.
1273 1547 1481 1600 Amen.

1183 1642 1274 1696 ΧΙ.

522 1728 583 1772 IN
627 1729 1089 1774 PUIHFICATIONE
1145 1731 1350 1775 REATE
1393 1733 1600 1776 ΜΑΠΙλΕ
1644 1731 1924 1776 VlRGlNlS.

469 1810 598 1864 Ecce
626 1811 780 1864 mitto
826 1812 1080 1881 angelum
1123 1828 1322 1876 meum,
1373 1815 1468 1884 qui
1520 1815 1862 1884 praeparabit
1904 1817 2051 1870 viam
2081 1851 2128 1916 Β

397 1906 522 1953 ante
547 1901 746 1970 [aciem
777 1916 954 1954 meam
984 1900 1131 1967 (Mal.
1167 1905 1276 1967 In),
1319 1905 1429 1955 etc.
1466 1901 1566 1955 llic
1617 1900 1897 1973 loquitur,
1931 1905 2046 1982 ira:

395 1992 514 2042 tres
546 1987 679 2054 mei,
714 1988 782 2042 de
815 1989 1063 2044 adventu
1109 1989 1321 2044 Christi
1375 1989 1690 2046 Malachias
1740 1991 2044 2063 propheta,

398 2076 515 2131 imo
547 2077 832 2132 Dominus
859 2094 958 2149 per
1000 2095 1154 2132 cum.
1207 2078 1472 2133 Ostendit
1522 2084 1716 2134 autem
1766 2080 2044 2152 quinque.

397 2165 613 2231 Primo,
645 2165 786 2220 dicit
815 2166 970 2221 Deus
1003 2167 1168 2221 Pater
1217 2184 1279 2222 se
1332 2168 1561 2222 mittere
1607 2168 1881 2240 angelum
1914 2175 2046 2225 ante

395 2255 712 2310 adventum
762 2254 888 2309 Filii
923 2255 1038 2310 sui.
1083 2257 1378 2322 Secundo,
1429 2255 1568 2312 dicit
1610 2258 1807 2312 statim
1851 2257 2044 2330 ipsum

397 2342 607 2398 Filium
636 2346 968 2398 venturum.
1002 2343 1218 2411 Tertio,
1243 2343 1384 2399 dicit
1405 2361 1620 2416 paucos
1651 2345 2045 2404 intellecturos

395 2431 708 2488 adventum
741 2433 886 2502 ejus.
909 2434 1145 2500 Quarto,
1167 2434 1308 2488 dicit
1333 2435 1481 2505 quod
1505 2434 1582 2489 sit
1611 2435 1870 2490 ofﬁcium
1895 2437 2042 2507 ejus.

394 2519 624 2588 Quinto,
659 2519 799 2575 dicit
829 2520 967 2592 quid
1005 2521 1081 2576 sit
1113 2522 1391 2576 facturus.
1429 2522 1618 2578 Primo
1652 2522 1849 2596 igitur,
1893 2525 2046 2581 Deus

396 2611 561 2666 Pater
601 2609 848 2681 loquens
907 2612 979 2665 ad
1027 2611 1237 2666 Filium
1289 2629 1482 2679 suum,
1520 2611 1661 2667 dicit
1710 2630 1770 2668 se
1817 2614 2045 2670 mittere

394 2697 665 2772 nuntium
697 2703 830 2753 ante
857 2699 1167 2755 adventum
1193 2701 1560 2772 ejus,dicens
1585 2717 1598 2754 :
1624 2703 1752 2756 Ecce
1772 2719 1868 2771 ego
1893 2705 2046 2759 mitto

393 2787 650 2856 angelum
679 2804 881 2842 meum.
917 2787 1059 2842 Cum
1092 2787 1290 2860 plures
1323 2789 1558 2844 nuntios
1590 2790 1876 2845 adventus
1911 2790 2037 2845 Filii

393 2875 483 2931 sui
515 2875 896 2948 praemisisset
944 2877 1098 2933 Deus
1129 2877 1186 2932 in
1240 2877 1507 2949 pluribus
1552 2879 1936 2950 temporibus,
1981 2885 2046 2936 ut

391 2964 748 3037 patrirrchas
777 2969 834 3020 et
863 2966 1195 3038 prophetas,
1247 2966 1340 3022 hic
1389 2966 1766 3040 singulariter
1813 2969 1955 3024 dicit
1984 2987 2044 3025 se

392 3053 621 3110 mittere
652 3071 836 3110 unum
870 3055 1455 3122 nuntium,Joannem
1491 3056 1810 3129 Baptistam
1835 3057 2046 3113 intelli-

391 3159 553 3217 gens,
589 3160 759 3216 quem
793 3143 967 3200 etiam
1001 3150 1235 3217 propter
1253 3146 1689 3218 praerogativam
1716 3147 2043 3202 sanctitatis

2171 566 2330 641 gravi
2361 566 2622 622 dominio
2647 563 2864 622 diaboli
2896 569 2952 622 et
3002 565 3293 622 malorum
3346 565 3681 639 principum
3727 584 3824 641 op-

2169 655 2355 727 pressi
2385 660 2573 722 erant,
2597 655 2812 727 jugum
2860 673 3035 710 suave
3067 655 3278 711 Christi
3318 657 3698 728 quaerebant;
3731 657 3820 729 qui

2169 746 2399 816 pondus
2431 744 2656 800 Veteris
2688 744 3071 811 Testamenti,
3126 749 3183 799 et
3212 744 3488 800 duritiam
3532 744 3820 802 ministro-

2168 850 2298 889 rum
2329 834 2457 904 ejus
2488 833 2636 888 lerre
2669 849 2784 888 non
2816 837 3104 905 poterant,
3151 833 3424 906 angelum
3452 833 3595 889 Novi
3627 834 3820 890 Testa-

2168 924 2345 978 menti
2368 922 2798 977 desiderabant.
2820 926 2938 977 Hoc
2959 925 3047 978 est
3069 923 3224 994 quod
3258 922 3490 978 Simeon
3513 922 3611 978 ille
3633 940 3817 990 senex,

2166 1012 2265 1084 qui
2299 1028 2648 1084 responsum
2681 1016 2982 1082 acceperat
3013 1028 3074 1067 se
3105 1029 3219 1067 non
3252 1011 3608 1067 moriturum
3650 1012 3818 1068 donec

2163 1101 2384 1155 videret
2414 1100 2710 1156 Christum
2753 1101 2883 1170 (Luc
2913 1104 2997 1168 ιι),
3053 1100 3282 1156 dicebat
3313 1101 3576 1172 quotidie
3605 1100 3666 1156 in
3698 1117 3814 1157 ora-

2164 1189 2421 1245 tionibus
2451 1189 2614 1244 suis:
2661 1189 2903 1256 Quando
2941 1189 3166 1245 veniet?
3217 1191 3459 1256 Quando
3501 1191 3814 1246 nascetur?

2163 1279 2404 1345 Quando
2425 1278 2669 1334 videbo?
2701 1282 2819 1334 Hoc
2849 1277 3022 1336 etiam
3055 1278 3410 1334 desiderium
3443 1279 3812 1352 antiquorum

2162 1372 2400 1424 Patrum
2433 1367 2768 1440 signiﬁcant
2819 1366 2930 1422 illa:
2982 1371 3204 1440 septem
3239 1367 3596 1439 antiphonaz,
3632 1385 3753 1441 quae
3781 1386 3812 1424 a

2162 1457 2548 1512 desiderativo
2583 1456 2854 1512 adverbio
2888 1456 2926 1511 0
2972 1456 3261 1529 incipiunt
3291 1456 3401 1514 ita:
3429 1458 3468 1514 0
3511 1457 3807 1530 Sapientia,

2163 1547 2201 1602 0
2253 1547 2491 1608 Adonei,
2542 1549 2649 1600 etc.
2715 1561 2829 1616 quo
2877 1545 3112 1600 veniet?
3153 1544 3233 1600 Ad
3278 1547 3542 1618 templum
3571 1555 3815 1602 sanctum

2159 1650 2320 1689 suum
2348 1634 2405 1689 id
2437 1638 2526 1689 est
2551 1634 2625 1688 ad
2678 1638 2909 1689 uterum
2943 1633 3124 1689 beata
3154 1633 3430 1706 Virginis,
3465 1635 3622 1707 quod
3656 1641 3814 1692 anto-

2161 1723 2480 1779 nomastice
2527 1730 2798 1790 sanctum,
2851 1722 2907 1777 id
2959 1726 3048 1778 est
3079 1723 3509 1780 sanctiﬁcatum
3557 1724 3687 1779 fuit.
3719 1724 3813 1781 Vel

2163 1813 2337 1866 etiam
2371 1812 2442 1866 ad
2475 1810 2772 1866 materiale
2813 1809 3099 1884 templum
3130 1810 3575 1885 Hiorosolymis,
3615 1813 3674 1868 in
3706 1831 3814 1886 quo

2159 1899 2442 1956 hodierna
2462 1900 2555 1955 die
2578 1916 2712 1955 cum
2736 1899 3134 1956 oblationibus
3157 1917 3190 1955 a
3221 1901 3567 1973 parentibus
3589 1901 3813 1960 oblatus

2158 1989 2286 2044 fuit.
2320 1988 2420 2044 Vel
2453 1993 2608 2045 certe
2638 1989 2708 2043 ad
2729 1990 3010 2061 templum,
3041 1989 3097 2044 id
3132 1993 3220 2044 est
3247 1991 3319 2045 ad
3344 1995 3610 2046 sanctam
3634 1991 3813 2048 Eccle-

2157 2078 2326 2146 siam,
2353 2095 2530 2150 quam
2561 2078 2891 2150 signiﬁcare
2921 2084 2978 2133 et
3008 2079 3362 2151 conjungere
3391 2078 3504 2135 sibi
3537 2080 3715 2136 venit.
3747 2082 3810 2137 Et

2158 2184 2228 2223 ne
2259 2167 2577 2240 desperetis
2607 2167 2677 2224 de
2707 2165 3006 2233 dilatione,
3052 2167 3188 2240 quia
3218 2185 3335 2224 ecce
3364 2171 3530 2234 venit,
3554 2169 3692 2225 dicit
3712 2172 3810 2227 Do-

2154 2260 2340 2312 minus
2370 2258 2730 2312 exercituum.
2759 2255 2972 2323 Terlio,
3006 2256 3147 2312 dicit
3175 2273 3392 2329 paucos
3414 2257 3810 2315 intellecturos

2157 2347 2472 2402 adventum
2505 2343 2738 2413 Christi,
2775 2361 2908 2400 cum
2941 2344 3176 2401 subdit:
3209 2348 3274 2401 Et
3303 2348 3426 2418 quis
3451 2349 3659 2419 poterit
3681 2350 3814 2420 cogi-

2155 2444 2270 2492 tare
2299 2435 2444 2489 diem
2473 2435 2735 2490 adventus
2763 2435 2882 2506 ejus
2901 2438 2928 2488 Σ)
2958 2435 3020 2490 Et
3051 2437 3174 2506 quis
3203 2435 3368 2492 stabit
3407 2436 3478 2492 ad
3525 2435 3812 2493 videndum

2153 2524 2321 2580 eum?
2349 2523 2527 2590 Quasi
2551 2523 2727 2593 dicat,
2754 2525 2941 2594 pauci.
2987 2523 3161 2580 Pauci
3193 2525 3410 2597 quippe
3453 2525 3696 2582 fuerunt
3725 2526 3808 2583 Si-

2153 2629 2323 2668 meon
2354 2616 2410 2666 et
2438 2613 2623 2678 Anna,
2657 2615 2714 2666 et
2759 2610 2984 2683 aliquot
3013 2611 3120 2667 viri
3153 2611 3510 2685 spirituales,
3546 2615 3649 2686 qui
3683 2630 3806 2688 per-

2155 2700 2437 2773 Spiritum
2485 2699 2897 2756 intellexerunt
2949 2702 3184 2773 quando
3235 2705 3514 2758 venturus
3558 2708 3707 2759 erat.
3749 2703 3813 2759 Et

2154 2790 2322 2862 pauci
2347 2790 2586 2845 fuerunt
2607 2789 2880 2861 discipuli
2903 2791 3052 2861 ejus,
3078 2790 3176 2862 qui
3211 2807 3314 2862 per
3338 2790 3628 2863 Spiritum
3654 2791 3813 2848 intel-

2154 2877 2418 2933 lexerunt
2448 2877 2602 2950 quod
2635 2876 2818 2933 Filius
2848 2877 2948 2934 Dei
2991 2877 3052 2934 in
3083 2894 3258 2934 carne
3304 2896 3480 2951 quam
3512 2881 3811 2949 videbant,

2153 2972 2409 3023 venerat.
2444 2965 2862 3022 Convenienter
2883 2971 3077 3023 autem
3110 2966 3209 3034 ait,
3239 2967 3741 3040 Stabit,quoniam
3762 2974 3816 3026 et

2155 3057 2204 3112 si
2229 3055 2398 3112 multi
2422 3055 2754 3112 carnalibus
2771 3054 2954 3111 oculis
2974 3056 3246 3112 viderunt
3267 3056 3592 3126 Christum,
3617 3063 3812 3116 tamen

2154 3147 2222 3201 ad
2257 3163 2388 3201 eum
2412 3146 2730 3201 videndum
2755 3161 2870 3200 non
2903 3149 3208 3212 steterunt,
3233 3146 3333 3219 qui
3355 3147 3510 3204 unde
3525 3148 3812 3220 proﬁcere

389 3237 447 3288 et
477 3233 673 3301 cilicii,
709 3250 882 3289 suum
915 3233 1187 3306 angelum
1219 3239 1401 3290 vocat.
1439 3234 1599 3290 Sicut
1629 3235 1784 3290 enim
1807 3253 1904 3290 rex
1924 3240 2040 3290 ter-
2074 3222 2115 3287 C
2155 3236 2497 3301 debuerant,
2532 3252 2634 3307 per
2663 3233 3066 3290 inﬁdelitatem
3099 3240 3462 3291 corruerunt.

391 3339 567 3378 renus
587 3327 867 3377 venturus
891 3322 948 3376 in
969 3323 1224 3394 aliquam
1249 3324 1473 3390 urbem,
1500 3323 1714 3379 multos
1738 3325 2041 3395 prtemittit

390 3411 1098 3483 praeambulos,adventus
1121 3412 1211 3467 sui
1227 3411 1674 3484 nuntios,ctjam
1696 3413 2038 3482 intraturus,

391 3501 663 3554 nuntium
697 3499 1134 3556 familiariorem
1160 3501 1268 3556 sibi
1295 3501 1627 3572 praemittit:
1655 3502 1736 3557 ita
1757 3503 2040 3558 Dominus

392 3587 545 3654 fecit,
565 3588 806 3642 mittens
831 3589 1018 3660 primo
1042 3589 1402 3661 patriarchas
1419 3595 1475 3644 et
1497 3591 1827 3661 prophetas,
1851 3592 2038 3662 ctjam

388 3694 521 3732 vero
551 3681 848 3743 venturus,
896 3695 1312 3750 praecursorem
1368 3679 1478 3734 sibi
1522 3678 1845 3734 chariorem
1894 3697 2039 3752 prae-

391 3765 586 3833 misit;
621 3766 716 3821 cui
746 3766 920 3822 etiam
969 3767 1372 3823 testimonium
1407 3767 1722 3838 perhibuit,
1760 3768 2038 3840 quoniam

393 3876 421 3904 «
454 3854 604 3909 inter
635 3859 801 3910 natos
833 3856 1142 3911 mullerum
1169 3875 1282 3912 non
1315 3857 1567 3912 surrexit
1599 3858 1785 3928 major
1815 3857 2039 3913 Joanne

393 3943 648 4015 Baptista
669 3947 845 4012 (Joan.
879 3948 939 4013 1).
978 3968 1002 3992 ››
1037 3946 1143 4010 Qui
1180 3945 1356 4000 etiam
1390 3963 1549 4000 more
1597 3945 1786 4018 angeli
1815 3945 2039 4001 divino-

388 4050 519 4088 rum
549 4050 895 4090 arcanorum
938 4034 1333 4090 internuntius
1378 4035 1486 4089 fuit
1517 4035 1588 4090 ad
1621 4035 1907 4103 homines,
1943 4053 2038 4091 se-

388 4125 543 4176 creta
591 4121 892 4176 Trinitatis
951 4128 1006 4178 et
1056 4123 1475 4178 Incarnationis
1523 4123 1876 4195 praedicavit,
1921 4124 2038 4178 imo

387 4211 561 4266 etiam
586 4211 1027 4282 demonstravit,
1045 4231 1157 4269 non
1189 4230 1379 4280 suam,
1414 4215 1512 4270 sed
1538 4213 1770 4268 Domini
1793 4213 2036 4285 gloriam

387 4300 671 4371 quaesivit.
707 4300 852 4367 Quid
885 4306 1081 4357 autem
1135 4303 1241 4358 iste
1291 4303 1537 4376 angelus
1570 4303 1834 4358 facturus
1885 4307 2041 4359 esset

383 4389 656 4455 ostendit,
686 4407 820 4446 cum
851 4391 1085 4447 subdit:
1122 4393 1228 4460 Qui
1251 4393 1594 4463 praeparabit
1629 4392 1777 4446 viam
1807 4401 1931 4446 ante
1951 4393 2039 4462 fa-

383 4480 520 4534 ciem
551 4486 722 4534 tuam.
758 4480 1099 4552 Praeparavit
1129 4481 1287 4535 enim
1337 4496 1660 4551 praecursor
1681 4478 1844 4534 viam
1876 4480 2038 4535 Chri-

385 4572 494 4634 sto,
514 4567 901 4640 praedicando,
927 4569 1309 4642 baptizando;
1334 4569 1434 4624 sed
1453 4568 1628 4623 etiam
1652 4584 1758 4622 sua
1782 4566 2036 4622 mirabili
2071 4594 2114 4658 Ι)

384 4657 701 4724 nativitate,
738 4658 1097 4715 nativitatem
1117 4657 1328 4714 Christi
1370 4655 1809 4722 mirabiliorem,
1847 4661 1904 4711 et
1930 4674 2037 4712 sua

384 4751 586 4802 sancta
633 4747 1066 4803 conversatione
1107 4747 1601 4803 conversationem
1653 4745 1865 4801 Christi
1898 4764 2033 4802 san-

383 4835 644 4904 ctiorem,
679 4841 734 4892 et
763 4853 872 4892 sua
893 4837 1162 4910 passione
1186 4835 1436 4909 pretiosa
1462 4835 1794 4908 passionem
1817 4834 2032 4890 Christi

383 4925 783 4994 pretiosiorem
814 4926 1193 4996 praecucurrit
1221 4929 1276 4981 et
1321 4923 1802 4996 prazmonstravit.
1839 4924 1898 4979 Si
1927 4941 2030 4979 au-

383 5017 498 5068 tem
533 5014 593 5067 in
638 5013 830 5068 littera
877 5014 1162 5070 habeatur
1211 5021 1336 5070 ante
1362 5016 1562 5085 faciem
1599 5029 1798 5082 meam,
1854 5013 2032 5068 facies

384 5101 572 5156 Patris
597 5102 771 5158 Filius
795 5103 1029 5169 dicitur,
1055 5120 1120 5158 eo
1154 5104 1308 5175 quod
1336 5120 1437 5174 per
1455 5102 1664 5158 Filium
1689 5103 1842 5158 Deus
1866 5102 2031 5157 Pater

381 5190 442 5248 in
475 5195 627 5246 terra
655 5193 1359 5263 cognoscatur.Secundo,
1386 5191 1527 5247 dicit
1550 5196 1682 5262 post
1715 5208 1810 5263 pri
1837 5208 2033 5246 curso-

383 5295 506 5334 rem
537 5281 734 5334 statim
766 5279 975 5335 Filium
1000 5286 1330 5349 venturum,
1355 5297 1488 5336 cum
1515 5279 1739 5335 subdit:
1764 5282 1828 5335 Et
1848 5282 2034 5335 statim

385 5369 1143 5440 veniet,ctc.Conceptionem
1169 5371 1383 5443 quippe
1404 5373 1459 5424 et
1489 5368 1850 5424 nativitatem
1887 5387 2030 5441 pra:-

383 5455 658 5522 cursoris,
693 5462 825 5529 post
855 5457 1166 5514 dimidium
1197 5477 1417 5515 annum
1451 5460 1764 5515 subsecuta
1783 5462 1873 5513 est
1903 5475 2034 5514 con-

384 5541 568 5612 ceptio
591 5550 645 5599 et
666 5547 938 5602 nativitas
969 5547 1276 5605 Christi.Et
1303 5549 1433 5623 quis
1454 5548 1686 5604 veniet?
1716 5549 2034 5604 Dominator

384 5645 541 5700 quem
571 5650 658 5689 vos
693 5638 962 5708 quantis,
1012 5646 1063 5695 et
1107 5641 1338 5708 anget-us
1388 5639 1694 5696 testamenti
1741 5644 1899 5709 'quem
1939 5654 2029 5694 vos

2221 3327 2454 3391 Quarto,
2480 3323 2622 3379 dicit
2652 3324 2804 3396 quod
2826 3324 2973 3379 foret
2993 3323 3252 3380 ofﬁcium
3275 3325 3402 3396 ejus
3423 3341 3560 3381 cum
3589 3327 3812 3383 subdit.

2147 3416 2278 3469 Ecce
2307 3414 2402 3468 ille
2421 3415 2580 3485 quasi
2601 3415 2744 3484 ignis
2765 3413 3027 3482 con/lens,
3058 3420 3110 3468 et
3136 3415 3292 3485 quasi
3307 3413 3474 3470 herba
3500 3416 3806 3486 fullonum.

2146 3505 2224 3558 Ac
2256 3502 2304 3558 si
2336 3503 2524 3557 dicat:
2559 3501 2828 3557 Ofﬁcium
2855 3502 2983 3573 ejus
3015 3501 3124 3557 erit
3154 3519 3404 3576 purgare
3433 3508 3492 3559 et
3522 3507 3816 3562 mundare

2148 3589 2663 3647 Ecclesiam.Venit
2693 3588 2849 3644 enim
2895 3588 2956 3644 in
2989 3589 3177 3661 primo
3207 3591 3456 3646 adventu
3482 3592 3816 3662 justiﬁcare

2148 3680 2360 3752 impios
2393 3696 2493 3751 per
2535 3678 3016 3746 misericordiam,
3061 3679 3162 3751 qui
3208 3679 3268 3734 in
3316 3681 3581 3737 secundo
3632 3684 3818 3740 veniet

2149 3767 2361 3841 impios
2392 3768 2670 3824 damnare
2695 3783 2793 3837 per
2808 3767 3125 3838 justitiam.
3151 3768 3264 3824 Nec
3293 3772 3489 3824 tamen
3513 3769 3601 3825 ait
3627 3788 3642 3826 :
3679 3772 3814 3826 Ecce

2148 3857 2242 3912 ille
2274 3855 2442 3929 quasi
2473 3856 2772 3924 conﬂator,
2824 3860 2881 3912 et
2912 3855 3080 3928 quasi
3131 3856 3293 3923 fullo,
3329 3857 3618 3930 quoniam
3652 3859 3813 3916 Chri-

2149 3951 2275 4001 stus
2308 3964 2422 4001 non
2454 3949 2541 4001 est
2588 3949 2822 4000 tantum
2877 3946 3146 4002 minister
3189 3947 3478 4020 purgandi
3507 3954 3570 4003 et
3603 3966 3814 4004 emun-

2149 4035 2347 4101 dandi,
2385 4040 2447 4089 ut
2477 4034 2665 4089 caeteri
2716 4033 3006 4106 magistri,
3040 4036 3140 4091 sed
3196 4034 3370 4092 etiam
3401 4052 3606 4092 causa.
3643 4037 3816 4094 Porro

2149 4123 2301 4196 ignis
2334 4141 2434 4179 sex
2466 4140 2557 4178 res
2590 4122 2746 4188 facit,
2781 4122 3062 4191 calefacit,
3087 4123 3406 4196 liquefacit,
3433 4124 3576 4196 urit,
3601 4124 3818 4182 illumi-

2149 4216 2268 4281 nat,
2303 4213 2640 4268 corroborat
2668 4216 2725 4267 et
2755 4211 3102 4268 inﬂammat.
3137 4211 3402 4268 Christus
3439 4231 3685 4286 quoque
3727 4231 3820 4271 ve-

2149 4301 2316 4356 niens
2337 4300 2396 4355 in
2416 4300 2572 4355 hunc
2599 4301 2886 4354 mundum
2903 4299 3165 4364 calefecit
3189 4300 3496 4356 hominum
3519 4302 3819 4376 frigidita-

2149 4395 2287 4458 tem,
2309 4388 2608 4462 liquefecit
2634 4389 2900 4444 cordium
2923 4389 3223 4454 duritiam,
3246 4390 3397 4446 ussit
3427 4397 3811 4462 peccatorum

2149 4478 2502 4551 rubiginem,
2585 4476 2939 4532 illuminavit
3009 4477 3318 4533 hominum
3385 4477 3816 4550 insipientiam,

2149 4565 2542 4624 corroboravit
2606 4565 2914 4622 hominum
2983 4566 3410 4636 inﬁrmitatem,
3469 4567 3815 4625 inﬂamma-

2143 4656 2226 4712 vit
2253 4656 2429 4712 etiam
2477 4655 2740 4712 cordium
2783 4660 3096 4728 torporem.
3151 4655 3340 4712 Herba
3397 4672 3642 4728 quoque
3703 4656 3814 4713 ful-

2140 4745 2342 4802 lonum
2375 4745 2488 4800 duo
2521 4743 2678 4812 facit,
2715 4744 3014 4800 masculae
3047 4761 3379 4816 pannorum
3411 4743 3590 4812 tollit,
3628 4751 3687 4802 et
3718 4761 3814 4804 eos

2141 4833 2665 4890 dealbat.Christus
2684 4831 3228 4889 similitermaculas
3263 4833 3603 4889 animarum
3637 4834 3813 4902 tollit,

2140 4927 2196 4980 et
2215 4940 2315 4979 eos
2333 4922 2584 4978 dealbat.
2601 4921 2763 4978 Unde
2782 4921 3068 4994 Propheta
3080 4922 3132 4977 ei
3156 4921 3325 4978 dicit:
3351 4945 3378 4972 ‹‹
3402 4924 3705 4996 Asperges
3723 4938 3815 4978 me

2141 5011 2682 5083 Domine,'hyssopo
2713 5014 2769 5066 et
2800 5009 3385 5079 mundabor,lavabis
3407 5016 3597 5078 me,et
3629 5029 3812 5084 super

2140 5102 2332 5156 nivem
2365 5099 2678 5155 dealbabor
2708 5099 3158 5171 (Psal.r.).»Sunt
3195 5103 3390 5156 autem
3421 5101 3536 5155 duo
3583 5115 3809 5174 genera

2142 5189 2469 5245 hominum.
2503 5189 2752 5254 Quidam
2784 5189 2941 5245 enim
2969 5192 3108 5244 sunt
3129 5187 3260 5245 duri
3291 5187 3480 5245 cordis
3513 5193 3573 5244 et
3603 5189 3810 5245 crude-

2139 5278 2231 5348 lis,
2265 5277 2366 5351 qui
2397 5277 2806 5350 signiﬁeantur
2851 5295 2954 5351 per
2995 5276 3232 5334 metalla
3260 5277 3626 5350 rubiginosa.
3663 5277 3808 5344 Qui-

2141 5369 2278 5424 dam
2297 5384 2430 5424 vero
2463 5369 2603 5422 sunt
2633 5365 2828 5422 mollis
2861 5366 3043 5422 animi
3076 5371 3133 5422 et
3165 5365 3419 5436 remissi,
3449 5367 3548 5440 qui
3573 5367 3807 5441 signiﬁ-

2138 5461 2346 5513 cantnr
2374 5473 2477 5529 per
2507 5455 2775 5528 squalida
2803 5456 3171 5512 vestimenta.
3204 5457 3276 5512 At
3305 5456 3570 5512 Christus
3605 5461 3801 5513 utros-

2140 5563 2252 5620 que
2283 5563 2386 5618 per
2434 5543 2897 5600 misericordiam
2943 5561 3111 5600 suam
3157 5543 3474 5618 respciens,
3505 5547 3562 5601 et
3595 5543 3720 5602 illis
3743 5544 3806 5618 ﬁt

2141 5638 2288 5707 ignis
2317 5637 2584 5706 con/lans,
2624 5638 2682 5690 et
2712 5633 2841 5692 istis
2870 5633 3038 5691 herba
3084 5635 3384 5707 fullonum.
3444 5633 3796 5707 Utrumque,

3667 338 3838 406 1³η
