3980 6084
446 225 602 288 1347

1722 225 2133 319 RADULPHI.
2160 225 2579 301 ARDENTIS.

3585 172 3835 321 ,ω

445 359 605 416 daret
633 359 703 415 ab
729 357 1006 414 omnibus
1026 357 1282 430 peccatis
1303 357 1602 415 vestris.Et
1622 360 1684 415 in
1705 360 2088 428 obedientiam,
2117 362 2173 429 Α
2202 365 2558 418 resurrectos
2604 377 2996 434 speraremus.
3027 360 3098 417 Et
3137 360 3237 418 ubi
3286 366 3377 419 est
3423 378 3558 438 spes
3616 362 3761 422 illa?
3782 366 3835 424 In

446 456 511 505 ut
544 448 765 503 scilicet
796 446 1066 502 mundati
1096 464 1131 502 a
1159 447 1431 519 peccatis,
1462 465 1575 503 non
1611 449 1879 506 rediretis
1909 451 1982 505 ad
2004 468 2096 506 vo-

445 537 787 606 mitu:n,sed
815 537 885 592 de
914 540 1116 592 caetero
1144 537 1440 615 mandatis
1460 536 1562 592 Dei
1585 537 1921 595 obedientes
1943 555 2096 595 esse-

443 626 613 683 tis.Et
642 627 703 681 in
732 616 1093 698 aspersionem
1122 627 1416 694 sanguinis
1432 628 1559 683 Iesu
1586 627 1814 691 Christi,
1838 632 1904 683 ut
1931 628 2092 685 vide-

410 726 413 729 ‘
440 714 577 772 licet
605 715 920 788 participes
949 714 1158 770 essetis
1187 714 1481 786 passionis
1520 714 1752 783 Christi,
1784 733 1887 787 per
1915 733 2091 789 quam

443 805 627 863 solam
661 820 906 876 regnum
938 802 1215 858 scelerum
1253 803 1417 859 vobis
1467 805 1725 876 aperitur
1753 809 1810 861 et
1837 804 2093 862 ccelestia

440 893 689 952 terrenis
720 892 1211 948 conl‘mderautur.
1246 891 1350 947 Hic
1381 897 1470 948 est
1497 893 1655 949 enim
1693 894 1833 949 ordo
1881 893 2090 951 salutis

442 982 889 1049 nostrm,fratres
919 979 1253 1036 mei.Primo
1282 980 1439 1036 enim
1462 986 1779 1053 antequam
1801 999 2086 1052 essemus,

442 1091 476 1130 a
497 1074 612 1129 Deo
634 1072 815 1143 gratis
838 1070 909 1125 ad
932 1070 1111 1125 vitam
1136 1069 1529 1141 praadestinati
1554 1088 1760 1126 sumus
1780 1088 1795 1139 ;
1812 1070 1933 1126 nati
1957 1088 2087 1127 vero

441 1179 544 1235 per
572 1159 929 1232 baptismum
964 1159 1435 1228 sanctiﬁcamur;
1468 1159 1677 1215 deinde
1700 1176 1802 1232 per
1822 1158 2090 1216 obedien-

439 1256 581 1307 tiam
610 1251 787 1305 vitam
819 1248 934 1303 Deo
967 1246 1241 1320 placitam
1270 1248 1543 1303 ducimus
1574 1251 1629 1303 et
1660 1249 1732 1303 ad
1761 1253 2085 1304 extremum

437 1357 542 1413 per
563 1338 893 1412 passionem
917 1336 1129 1392 Christi
1152 1335 1315 1409 regni
1331 1337 1578 1408 januam
1604 1338 2084 1404 intramus.Quod

439 1433 635 1486 autem
669 1432 809 1483 tunc
859 1426 1058 1482 Petrus
1107 1426 1345 1497 optabat
1391 1425 1535 1493 suis,
1569 1442 1675 1497 ego
1726 1442 1881 1481 nunc
1926 1430 2083 1498 opto,

437 1519 646 1574 fratres
677 1516 813 1583 mei,
843 1515 1008 1570 vobis
1041 1530 1053 1569 :
1086 1514 1271 1570 Gratia
1308 1514 1458 1570 vobis
1506 1522 1555 1570 et
1596 1532 1710 1587 pax
1755 1516 2084 1587 multiplice-

438 1607 679 1664 tur.Non
711 1609 847 1677 opto
875 1602 1039 1659 vobis
1069 1602 1321 1671 divitias,
1356 1620 1471 1659 non
1510 1603 1778 1671 honores,
1812 1620 1926 1659 non
1960 1603 2082 1677 glo-

438 1697 558 1753 rias
575 1696 753 1766 hujus
771 1692 1123 1765 saeculi,quze
1142 1691 1345 1748 multis
1360 1696 1499 1748 sunt
1518 1709 1693 1748 causa
1716 1692 2082 1764 perditionis,
2118 1735 2163 1800 Β

438 1786 540 1843 sed
572 1790 708 1857 opto
737 1782 901 1839 vobis
932 1780 1477 1854 multiplicationem
1507 1781 2087 1854 gratiarum,scilicet

438 1875 594 1943 ﬁdei,
626 1872 772 1947 spei,
803 1870 1126 1939 charitatis,
1160 1871 1480 1943 sapientiae,
1504 1870 1778 1942 justitire,
1802 1870 2089 1926 fortitudi-

438 1964 551 2028 nis,
582 1961 1001 2035 temperantiaa,
1034 1966 1492 2031 caaterarumque
1520 1960 1804 2015 virtutum
1838 1976 1965 2032 quae
1986 1959 2087 2016 ho-

438 2053 628 2110 mines
660 2056 893 2107 sanctos
924 2054 981 2106 et
1013 2048 1103 2104 Dei
1138 2049 1361 2105 amicos
1399 2048 1683 2115 efﬁciunt,
1716 2052 1773 2103 et
1802 2049 1874 2103 ad
1905 2049 2083 2104 vitam

437 2146 713 2199 aeternam
748 2138 1142 2210 ducunt.0pto
1174 2137 1350 2193 etiam
1382 2137 1546 2193 vobis
1578 2153 1804 2208 pacem,
1832 2141 1896 2192 ut
1926 2136 2085 2193 vide-

434 2232 571 2288 licet
602 2246 803 2304 pacem
833 2227 1097 2283 habeatis
1130 2242 1263 2281 cum
1300 2225 1487 2292 Deo,ei
1522 2224 2083 2297 obediendo,pacem

431 2320 759 2384 vobiscum,
799 2333 900 2372 vos
958 2315 1212 2370 mundos
1267 2313 1683 2382 custodiendo;
1716 2330 1917 2386 pacem
1947 2330 2083 2371 cum

435 2407 739 2483 proximis,
770 2422 869 2461 eos
901 2405 960 2459 in
992 2404 1108 2459 Deo
1133 2402 1446 2476 diligendo.
1482 2402 1611 2458 Haec
1652 2403 1807 2458 enim
1841 2420 1951 2475 pax
1975 2402 2084 2459 ho-

436 2498 627 2555 mines
656 2495 835 2551 efﬁcit
868 2492 1019 2548 ﬁlios
1049 2492 1171 2548 Dei.
1194 2491 1486 2563 Scriptum
1519 2495 1607 2547 est
1634 2491 1790 2547 enim
1816 2509 1830 2547 :
1861 2515 1890 2543 «
1922 2491 2081 2547 Beati

433 2583 969 2661 paciﬁci,quoniam
1003 2582 1105 2636 lilii
1128 2581 1227 2636 Dei
1250 2581 1614 2636 vocabuntur
1633 2580 1834 2651 (Matth.
1859 2581 2080 2649 v).»Se-

434 2676 639 2750 quitur
670 2690 804 2747 pars
836 2669 1175 2739 secunda,in
1209 2686 1325 2742 qua
1356 2668 1558 2725 Petrus
1586 2668 1876 2725 benedicit
1896 2669 2078 2725 Deum

434 2767 506 2822 de
536 2762 832 2821 beneﬁciis
864 2778 991 2833 quae
1015 2758 1323 2831 discipulis
1344 2758 1470 2814 suis
1491 2757 1817 2814 contulerat
1836 2757 2037 2816 dicens
2062 2775 2074 2815 :

429 2853 750 2913 Benedictus
778 2853 938 2917 Deus,
970 2857 1022 2905 et
1048 2851 1211 2905 Pater
1233 2849 1463 2903 Domini
1489 2850 1664 2903 nostri
1691 2852 1821 2905 Jesu
1853 2847 2073 2917 Christi,

431 2942 718 3000 subaudis
745 2943 842 2997 sit.
876 2940 987 2996 Sed
1039 2937 1354 3010 quomodo,
1388 2938 1593 2993 fratres
1638 2936 1772 3005 mei,
1806 2936 1920 2992 Deo
1969 2954 2077 3009 op.

432 3038 628 3090 tamus
660 3028 1144 3095 benedictionem,
1178 3044 1213 3082 a
1240 3043 1356 3099 quo
1386 3030 1474 3082 est
1502 3024 1694 3082 omnis
1724 3025 2071 3094 benedictio,

427 3126 485 3180 et
514 3140 549 3178 a
576 3138 692 3193 quo
723 3123 813 3176 cst
842 3117 1182 3174 benedictus
1210 3116 1545 3188 quicunque
1574 3118 1663 3171 est
1693 3114 2073 3171 benedictus?
2103 3102 2146 3169 C

394 3211 531 3267 'Vel
563 3210 856 3283 quomodo
888 3208 1073 3264 Deum
1105 3205 1446 3261 benedicere
1474 3220 1811 3276 possumus,
1845 3203 1944 3276 qui
1974 3205 2073 3261 be-

427 3299 641 3358 nedicti
664 3315 791 3355 esse
812 3314 928 3352 non
951 3294 1411 3367 possumus,nisi
1429 3312 1463 3349 a
1478 3294 1594 3349 Deo
1612 3293 2029 3349 benedicamur
2047 3294 2075 3349 ‘I

427 3390 537 3447 Sed
571 3388 683 3445 alio
732 3386 904 3443 modo
950 3388 1182 3440 Creator
1240 3381 1529 3438 benedicit
1579 3386 1926 3450 creaturam,
1959 3381 2073 3438 alio

428 3478 601 3534 modo
633 3480 899 3534 creatura
928 3476 1281 3540 creatorem;
1313 3470 1424 3527 alio
1456 3471 1627 3526 modo
1659 3488 1778 3526 una
1807 3475 2074 3527 creatura

426 3566 602 3623 aliam
634 3566 1225 3621 creaturam.Creator
1245 3560 1401 3615 enim
1424 3560 1715 3616 benedicit
1745 3564 2099 3635 creaturam:

426 3654 869 3712 sanctiﬁcando.
932 3651 1209 3706 Creatura
1271 3666 1404 3705 vero
1462 3648 1676 3704 dicitur
1733 3649 2072 3705 benedicere

425 3744 777 3813 Creatorem,
810 3740 861 3798 ei
888 3739 1108 3814 gratias
1154 3738 1397 3811 agendo.
1431 3737 1557 3794 Una
1600 3738 1775 3794 etiam
1808 3741 2074 3794 creatura

424 3832 721 3890 benedicit
750 3830 948 3897 aliam,
980 3829 1031 3885 ei
1064 3828 1321 3883 divinam
1356 3826 1816 3884 benedictionem
1865 3831 2072 3900 optan-

425 3922 522 3978 do.
555 3921 738 3977 Deum
769 3935 905 3992 ergo
955 3916 1378 3984 benedicimus,
1410 3916 1618 3972 fratres
1666 3915 1802 3985 mei,
1837 3933 1971 3972 cum
2018 3915 2068 3971 ei

425 4010 647 4085 gratias
676 4009 911 4082 agimus
941 4007 1011 4063 de
1037 4005 1335 4062 beneﬁciis
1366 4003 1508 4060 suis.

496 4099 659 4156 Unde
686 4101 741 4153 et
774 4095 1109 4163 subdit,Qui
1130 4095 1468 4164 regeneravit
1486 4109 1573 4149 vos
1605 4095 1663 4149 in
1693 4109 1841 4165 spem
1869 4095 2066 4163 vivam,

423 4188 482 4244 id
516 4191 606 4244 est
634 4186 736 4258 qui
766 4202 867 4241 vos
895 4187 1198 4257 generatos
1229 4199 1297 4238 ex
1325 4183 1508 4238 Adam
1540 4182 1601 4238 in
1632 4186 2069 4256 mortem,rege-

423 4277 649 4334 neravit
677 4292 778 4331 vos
807 4291 910 4347 per
940 4273 1298 4346 baptismum
1329 4273 1389 4327 in
1436 4288 1599 4343 spem
1644 4271 1856 4337 vivam,
1890 4272 1948 4327 id
1979 4276 2070 4328 est

419 4365 548 4422 vita:
578 4369 823 4420 internas.
857 4362 957 4419 Vel
990 4367 1144 4419 certe
1175 4377 1338 4432 spem
1371 4361 1557 4416 vivam
1589 4364 1773 4428 vocat,
1807 4378 1935 4433 qua:
1966 4378 2069 4433 per

420 4434 762 4511 charitatem
795 4454 941 4509 bene
971 4449 1416 4524 operatur.Spes
1445 4448 1783 4517 enim,sicut
1810 4454 1869 4506 et
1898 4450 2063 4517 ﬁdes,
2095 4474 2143 4538 Β

420 4544 547 4601 sine
576 4543 851 4616 operibus
882 4544 1114 4596 mortua
1142 4543 1231 4596 est
1261 4539 1400 4611 (Gal.
1431 4542 1509 4607 v),
1536 4555 1642 4595 nec
1664 4540 1919 4595 fructum
1942 4557 2066 4613 par-

417 4634 565 4689 turit
583 4628 1111 4696 aeternitatis.Quod
1134 4633 1225 4684 est
1245 4631 1449 4684 contra
1470 4627 1604 4685 illos
1629 4628 1890 4700 qui,cum
1914 4627 2067 4684 male

416 4722 704 4790 vivant,se
738 4720 969 4775 futuros
997 4716 1186 4774 salvos
1216 4720 1603 4790 praesumunt.
1635 4717 1748 4773 Sed
1797 4718 2065 4790 nunquid

418 4816 656 4884 propter
688 4810 898 4865 merita
929 4811 1130 4863 nostra
1157 4806 1245 4863 vel
1276 4810 1587 4879 parentum
1619 4810 1955 4863 nostrorum
1986 4823 2068 4864 re-

416 4900 698 4970 generavit
727 4914 831 4952 nos
864 4898 919 4952 in
942 4912 1091 4969 spem
1110 4897 1331 4952 vivam?
1350 4895 1859 4968 Nequaquam,sed
1879 4911 2069 4952 secun-

415 4987 549 5044 dum
602 5002 861 5057 magnam
914 4984 1354 5041 misericordiam
1407 5000 1586 5039 suam.
1619 4984 1690 5039 Et
1731 4984 2068 5056 quomodo?

416 5078 524 5133 Per
550 5076 1002 5132 resurrectionem
1027 5077 1155 5132 Jesu
1200 5074 1403 5130 Christi
1449 5090 1519 5129 ex
1563 5074 1815 5129 mort-uis.
1851 5074 2066 5130 Resur-

416 5165 597 5221 rectio
629 5164 846 5237 quippe
874 5165 1002 5236 ejus
1022 5180 1139 5219 non
1162 5161 1354 5218 solum
1376 5165 1663 5218 estcausa
1683 5161 2068 5235 regeneratio-

418 5254 511 5310 nis
541 5256 598 5309 et
624 5252 1060 5309 emundationis
1092 5251 1431 5318 nostrm,sed
1455 5250 1630 5306 etiam
1652 5254 2063 5323 argumentum

379 5344 477 5397 -et
505 5357 683 5397 causa
732 5344 821 5398 est
868 5344 1082 5395 nostrai
1139 5338 1347 5394 futura;
1405 5338 1868 5395 resurrectionis.
1903 5339 2066 5396 Sicut

419 5429 577 5486 enim
609 5433 877 5486 mortuus
907 5431 994 5483 est
1024 5444 1128 5499 pro
1159 5427 1430 5497 nobis,ne
1460 5444 1567 5483 nos
1599 5444 1703 5501 pro
1733 5444 1800 5484 eo
1830 5427 1979 5486 mori
2000 5429 2067 5485 ti-

421 5532 737 5593 meremus,
769 5516 852 5575 ita
879 5514 1198 5575 resurrexit
1223 5532 1328 5593 pro
1356 5516 1549 5591 nobis,
1573 5520 1640 5577 ut
1667 5533 1774 5574 nos
1805 5532 1911 5593 per
1927 5534 2063 5579 eum

2202 451 2348 507 vobis
2380 450 2479 523 qui
2510 448 2889 507 custodimini
2920 465 3037 505 non
3067 466 3202 506 cum
3234 449 3458 508 viribus
3485 450 3714 523 vestris,
3745 456 3834 512 sed

2202 539 2262 594 in
2290 538 2505 596 virtute
2533 539 2731 596 Dei.Et
2761 539 3053 612 quomodo
3082 543 3172 595 est
3198 539 3365 597 vobis
3394 556 3529 613 spes
3576 539 3721 598 illa?
3745 544 3837 601 Per

2199 628 2381 699 ﬁdem.
2409 628 2535 684 Non
2564 627 2721 683 enim
2751 625 3085 700 speraretis,
3118 626 3235 684 nisi
3265 628 3605 687 crederetis.
3641 630 3713 687 Et
3736 648 3834 705 quo

2201 717 2392 772 tendit
2422 732 2556 788 spes
2581 714 2724 772 illa?
2756 717 2819 772 In
2847 716 3170 773 haereditate
3198 718 3423 772 aeterna
3448 715 3831 789 beatitudinis,

2201 821 2236 861 a
2252 821 2370 877 qua
2389 821 2492 877 per
2511 807 2814 877 peccatum
2836 803 3012 877 primi
3027 804 3162 861 Adae
3178 802 3574 865 exhereditati
3594 822 3829 877 eramus,

2200 898 2254 949 et
2278 910 2434 949 nunc
2455 909 2560 966 per
2579 909 2795 949 novum
2819 893 3003 949 Adam
3026 892 3828 954 haeredamur‘lﬂaareditatem

2199 981 2328 1037 dico
2388 982 2879 1053 incorruptibilem,
2930 998 3035 1038 nec
3094 980 3275 1053 senio,
3322 999 3429 1039 nec
3485 982 3711 1053 morbo,
3741 1001 3827 1043 nec

2199 1069 2496 1143 aliquibus
2539 1069 2899 1139 defectibus;
2931 1080 2983 1126 et
3014 1072 3528 1140 incontaminatam,
3561 1088 3669 1128 nec
3715 1090 3828 1147 pec-

2199 1163 2347 1228 cato,
2380 1175 2486 1215 nec
2517 1158 2682 1227 vitio,
2711 1175 2817 1216 nec
2863 1157 3062 1232 aliqua
3106 1158 3372 1228 macula;
3403 1167 3457 1216 et
3484 1161 3824 1220 inuam-cessi-

2199 1249 2380 1317 bilem,
2418 1265 2523 1304 nec
2546 1247 2995 1316 mutationibus,
3020 1263 3126 1303 nec
3153 1248 3826 1308 deteriorationibusﬂa-

2196 1337 2503 1394 reditatem
2535 1337 2664 1394 dico
2694 1344 3068 1394 conservatam
3096 1338 3158 1393 in
3185 1338 3353 1403 caelis,
3386 1337 3487 1410 qui
3519 1339 3649 1410 ejus
3683 1339 3825 1415 digni

2195 1442 2323 1483 esse
2354 1427 2748 1482 merentur.Et
2769 1424 2868 1481 ubi
2899 1425 3345 1483 conservatam?
3372 1425 3437 1481 In
3463 1428 3619 1483 caelis
3641 1446 3656 1485 :
3679 1451 3708 1478 «
3730 1427 3824 1486 Ubi

2196 1532 2301 1571 nec
2325 1532 2541 1589 aerugo,
2577 1531 2682 1571 nec
2710 1513 2868 1570 tinea
2897 1512 3231 1581 demolitur,
3262 1530 3454 1588 neque
3497 1515 3657 1574 fures
3702 1517 3825 1575 effo-

2194 1603 2384 1673 diunt,
2413 1620 2518 1660 nec
2550 1603 2821 1659 furantur
2850 1602 3051 1675 (Matth.
3080 1602 3181 1675 γι).
3219 1625 3246 1653 ››
3275 1603 3360 1659 Ad
3394 1620 3575 1676 quam
3606 1603 3827 1663 heredi-

2192 1692 2505 1766 tatem,qui
2534 1692 2721 1748 tendit
2750 1692 2811 1746 in
2842 1689 3093 1748 salutem
3123 1695 3398 1748 aeternam
3416 1690 3626 1750 animm
3645 1698 3703 1751 et
3719 1709 3825 1752 cor-

2196 1782 2375 1853 poris,
2405 1788 2779 1854 prseparatam
2803 1780 3040 1836 revelari
3064 1782 3124 1835 in
3154 1787 3388 1853 tempore
3432 1783 3745 1851 novissimo,
3775 1786 3827 1840 in

2195 1886 2299 1942 quo
2345 1870 2710 1926 ersultabitis.
2744 1868 2919 1925 Juxta
2975 1869 3131 1941 quod
3188 1868 3443 1926 Joannes
3487 1870 3572 1927 ait
3602 1889 3616 1928 :
3648 1894 3678 1922 «
3710 1871 3825 1929 Filii

2194 1958 2297 2014 Dei
2319 1959 2665 2031 _sumus,sed
2698 1958 2961 2018 nondum
2990 1958 3265 2031 apparuit
3284 1957 3425 2031 quid
3444 1959 3825 2017 erimus.Cum

2195 2025 2389 2103 autem
2438 2046 2680 2115 venerit,
2711 2045 2935 2103 similes
2964 2045 3016 2102 ei
3046 2046 3289 2115 erimus,
3321 2047 3461 2120 quia
3508 2048 3824 2105 videbimus

2194 2153 2329 2192 eum
2357 2135 2529 2192 sicuti
2559 2141 2649 2192 est
2676 2139 2728 2207 (ι
2746 2138 2904 2193 Joan.
2936 2136 3041 2209 ιιι).
3078 2157 3106 2185 ››
3137 2137 3208 2192 Et
3235 2135 3375 2209 quid
3415 2136 3672 2206 dulcius,
3698 2138 3823 2211 quid

2193 2224 2753 2298 gloriosius,fratres
2782 2224 3111 2298 mei,quam
3146 2225 3208 2281 in
3235 2229 3451 2283 aeterna
3479 2227 3825 2284 beatitudine

2193 2318 2251 2370 et
2278 2312 2465 2388 gloria
2495 2331 2629 2370 cum
2660 2312 2804 2370 Filio
2829 2313 2933 2370 Dei
2963 2313 3295 2372 cohaaredes
3342 2330 3491 2383 esse,
3522 2319 3582 2371 et
3609 2331 3743 2371 cum
3766 2330 3825 2372 eo

2194 2404 2252 2457 in
2284 2408 2568 2459 aeternum
2608 2402 2903 2475 gaudere?
2931 2405 3174 2475 Propter
3215 2419 3393 2475 quam
3438 2402 3825 2461 hereditatem

2175 2492 2499 2547 'emendam
2533 2494 3001 2557 contemnamus,
3034 2491 3094 2546 id
3124 2495 3215 2547 est
3248 2492 3599 2561 vendamus,
3630 2493 3825 2550 fratres

2190 2579 2326 2650 mei,
2360 2597 2564 2637 omnes
2603 2580 2953 2653 temporales
2996 2579 3388 2649 hzereditates,
3420 2581 3705 2653 quoniam
3737 2581 3824 2655 qui

2186 2672 2436 2726 istarum
2467 2672 2757 2725 amatores
2787 2669 3025 2737 sunt,ad
3047 2668 3210 2726 illam
3240 2673 3516 2727 aeternam
3536 2670 3828 2744 pervenire

2188 2775 2304 2814 non
2334 2757 2888 2837 possunt.Sequitur
2917 2776 3054 2831 pars
3076 2758 3335 2827 tertia,in
3366 2776 3481 2833 qua
3503 2760 3711 2818 Petrus
3730 2777 3826 2818 nos
3862 2822 3869 2833 ,

2185 2847 2454 2904 hortatur
2481 2848 2553 2904 ad
2583 2845 2955 2904 tolerantiam
2981 2848 3613 2920 passionum,subdens
3638 2867 3653 2906 :
3676 2848 3824 2906 Hodi-

2184 2953 2309 2993 cum
2334 2939 2388 2993 si
2414 2945 2617 3010 oportet
2636 2953 2726 2993 vos
2745 2939 3062 2994 contristari
3080 2940 3141 2994 iu
3160 2940 3334 2994 variis
3355 2939 3821 2996 tribulationibus.

2186 3026 2337 3083 Bene
2362 3031 2557 3083 autem
2588 3027 2689 3095 ait,
2724 3034 2946 3100 oportet,
2978 3026 3257 3100 quoniam
3297 3027 3687 3096 frumentum,
3721 3026 3824 3084 nisi

2186 3116 2351 3188 prius
2392 3115 2753 3183 trituratum,
2787 3132 2903 3171 non
2953 3115 3290 3173 reconditur
3340 3116 3401 3172 in
3446 3114 3751 3186 horreum,
3776 3120 3828 3173 et

2183 3204 2336 3261 sicut
2365 3221 2598 3271 aurum,
2628 3204 2742 3261 nisi
2772 3204 2938 3277 prius
2967 3205 3335 3262 examinetur
3361 3222 3476 3262 non
3525 3206 3829 3279 reponitur

2184 3293 2244 3348 in
2269 3294 2636 3361 thesaurum,
2667 3293 2751 3350 ita
2780 3311 2884 3350 nec
2905 3294 3130 3367 justus,
3163 3294 3277 3350 nisi
3306 3294 3472 3367 prius
3500 3311 3609 3368 per
3649 3295 3829 3351 tribu-

2181 3380 2429 3439 lationes
2460 3384 2761 3456 probatus,
2794 3399 2911 3439 non
2944 3382 3223 3455 recipitur
3259 3383 3320 3439 in
3367 3399 3620 3458 regnum
3665 3383 3827 3442 ecclo-

2182 3477 2496 3529 rum.Bene
2524 3472 2701 3528 etiam
2733 3471 2816 3528 ait
2844 3472 3197 3545 contristari,
3211 3471 3510 3546 quoniam,
3535 3472 3825 3546 quamvis,

2183 3566 2248 3617 ut
2272 3560 2353 3617 ait
2380 3561 2713 3634 Apostolus,
2727 3561 2880 3633 justi
2903 3560 3226 3635 glorientur
3254 3562 3315 3618 in
3344 3561 3826 3620 tribulationibus

2182 3650 2244 3705 in
2290 3667 2393 3724 spe
2440 3649 2635 3724 gloriae
2696 3649 2951 3707 ﬁliorum
3000 3650 3103 3707 Dei
3130 3653 3303 3722 (Rom.
3335 3652 3412 3724 v),
3443 3656 3651 3710 tamen
3702 3667 3827 3710 caro

2181 3739 2334 3795 inter
2360 3738 2782 3797 amaritudines
2812 3739 3280 3811 tribulationum,
3313 3757 3427 3797 non
3468 3745 3671 3813 potest
3719 3757 3825 3798 non

2180 3827 2537 3884 contristari.
2561 3827 2723 3885 Unde
2754 3828 3038 3885 Dominus
3067 3828 3151 3886 ait
3182 3846 3198 3886 :
3235 3851 3265 3882 «
3293 3828 3499 3886 Tristis
3518 3835 3618 3887 est
3636 3830 3827 3888 anima

2180 3933 2312 3973 mea
2353 3934 2538 3989 usque
2585 3917 2658 3973 ad
2710 3921 2958 3974 mortem
2989 3918 3203 3991 (Matth.
3236 3935 3403 3988 xxvr;
3436 3923 3572 3975 Luc.
3607 3921 3769 3993 nn).
3800 3942 3827 3970 ιο

2178 4010 2332 4062 Bene
2361 4022 2593 4079 quoque
2622 4006 2723 4077 ait,
2747 4009 2807 4062 in
2835 4009 3009 4064 variis
3039 4007 3512 4076 tribulationibus,
3546 4008 3827 4082 quoniam

2178 4096 2333 4152 sicut
2356 4094 2605 4151 varietas
2635 4095 3037 4153 membrorum
3065 4096 3245 4170 exigit
3271 4098 3619 4155 varietatem
3651 4096 3829 4154 medi-
3938 4128 3939 4139 ι

2177 4184 2464 4253 cinerum,
2496 4183 2580 4240 ita
2607 4184 2858 4241 varietas
2890 4201 3120 4241 morum
3147 4185 3323 4259 exigit
3350 4184 3702 4244 varietatem
3732 4185 3827 4241 tri-

2178 4271 2565 4329 bulationum.
2598 4273 2750 4329 Bene
2793 4277 2991 4329 autem
3021 4275 3103 4331 ait
3128 4274 3424 4342 nmdieum,
3454 4275 3747 4346 quoniam
3773 4272 3827 4330 in

2176 4366 2441 4434 respectu
2471 4367 2697 4418 aeternae
2728 4362 3108 4420 beatitudinis
3145 4367 3607 4437 quantacunque
3638 4363 3705 4421 in
3728 4362 3829 4421 hoc

2175 4451 2389 4508 seaculo
2414 4451 2726 4524 patiamur,
2762 4452 3060 4508 modicum
3088 4456 3146 4509 et
3187 4457 3678 4511 momentaneum
3709 4468 3830 4510 esse

2173 4541 2423 4596 videtur.
2458 4540 2612 4596 Ucde
2631 4539 2945 4613 Apostolus
2978 4558 2990 4597 :
3025 4564 3053 4592 «
3088 4540 3382 4613 Existimo,
3416 4541 3643 4614 inquit,
3677 4540 3827 4616 quod

2176 4646 2291 4685 non
2324 4632 2464 4685 sunt
2503 4628 3161 4703 condignas'passiones
3208 4630 3366 4687 huus
3414 4631 3733 4704 temporis,
3762 4628 3829 4687 ad

2176 4719 2433 4774 futuram
2485 4717 2730 4791 gloriam
2779 4735 2906 4791 quae
2953 4719 3302 4776 revelabitur
3346 4719 3407 4776 in
3448 4720 3627 4777 vobis
3659 4721 3827 4794 (Rom.

2174 4809 2319 4880 vm).
2355 4829 2383 4859 »
2418 4807 2593 4863 Porro
2625 4824 2804 4880 quam
2837 4806 3151 4865 utilitatem
3182 4809 3355 4865 nobis
3387 4808 3707 4867 conferant
3734 4806 3833 4865 tri-

2175 4895 2505 4953 bulationes
2544 4896 2821 4964 ostendit,
2856 4913 2992 4953 cum
3041 4897 3241 4955 subdit
3272 4915 3285 4953 :
3324 4899 3389 4957 Ut
3410 4899 3676 4970 probatio
3702 4897 3834 4972 ﬁdei

2175 4994 2390 5053 vestrm,
2421 4986 2480 5040 id
2511 4990 2601 5041 est
2629 4986 2776 5042 ﬁdes
2805 4991 2998 5043 vestra
3027 4987 3293 5060 probata,
3318 4988 3496 5044 multo
3530 4988 3834 5060 pretiosior
3938 5014 3939 5023 ι

2173 5077 2250 5131 sit
2275 5089 2414 5130 auro
2440 5074 2583 5146 quod
2603 5076 2919 5146 perignem
2940 5077 3227 5149 probatur.
3251 5075 3447 5132 Prima
3472 5075 3712 5134 utilitas
3738 5074 3835 5132 tri-

2174 5163 2543 5220 bulationum
2572 5167 2681 5231 est,
2716 5163 2996 5237 quoniam
3043 5164 3139 5223 hic
3186 5165 3436 5240 probant
3465 5169 3522 5222 et
3544 5168 3829 5241 purgant.

2172 5253 2429 5310 Probant
2457 5251 2738 5325 quoniam
2770 5253 2922 5310 sicut
2941 5270 3129 5327 equus
3153 5256 3214 5312 in
3235 5253 3513 5323 stadio,id
3531 5259 3633 5311 est
3653 5270 3829 5328 equae

2173 5341 2235 5397 in
2276 5341 2494 5415 praelio,
2527 5343 2611 5398 ita
2656 5342 2800 5398 ﬁdes
2860 5342 2921 5399 in
2977 5343 3462 5402 tribulationibus
3516 5343 3827 5417 probatur.

2175 5430 2741 5504 Purgant,quoniam
2772 5431 2925 5488 sicut
2952 5431 3109 5505 ignis
3130 5433 3322 5491 reddit
3340 5446 3557 5490 aurum
3582 5430 3828 5506 purissi-

2173 5535 2359 5596 mum,
2392 5519 2475 5579 ita
2509 5517 2812 5580 tribulatio
2852 5521 3109 5597 justum.
3143 5522 3413 5587 Secunda
3455 5519 3724 5597 utilitas.
3745 5524 3828 5585 est
