3980 6084
0 312 9 367 i

0 418 9 455 ι

0 506 7 543 r

0 596 5 633 ε

0 686 3 721 ε

178 204 336 270 *1349

1300 147 1680 263 HOMILLE.
1711 190 1791 245 -ὶ
1818 196 1867 260 Ι.
1915 196 2019 260 DE
2062 194 2467 259 TEMPORE.

3432 188 3591 254 i350

178 352 404 397 merces
432 338 667 392 mterna.
700 332 867 391 Unde
895 337 954 390 et
982 332 1202 403 subdit,
1237 335 1556 391 Inveniatur
1604 335 1666 389 in
1707 334 1831 389 lau-
1858 335 1913 403 Α
1943 333 2068 387 ctos
2097 326 2474 401 despiciebat,
2509 328 2575 383 ut
2603 323 2844 399 quidam
2877 322 3118 391 faciunt,
3152 322 3254 379 sed
3291 340 3391 380 eos
3421 324 3589 397 quasi

177 428 315 497 dem,
343 433 401 483 et
442 425 705 497 gloriam,
737 430 788 479 et
834 424 1111 493 honorem,
1140 424 1203 478 in
1260 424 1643 480 reuelationem
1697 426 1830 478 Jesu

180 515 388 577 Christi
412 513 638 571 Domini
658 513 854 569 nostri.
878 514 1013 579 Quae
1043 516 1263 582 autem,
1296 512 1505 568 fratres
1536 511 1674 581 mei,
1704 528 1829 579 ma-

172 606 268 679 jor
296 602 430 660 laus
457 604 650 675 potest
678 601 849 657 nobis
878 600 1420 675 contingere,quam
1452 600 1685 673 quando
1711 598 1833 656 lau-

182 693 455 751 dabimus
478 707 512 747 a
540 690 657 746 Deo
686 689 915 747 dicente
948 706 962 745 :
997 712 1026 741 ‹‹
1057 689 1284 758 Venite,
1312 689 1602 746 benedicti
1644 688 1832 745 Patris

180 782 295 839 mei
325 779 531 853 (illaab.
563 778 715 852 xxv),
749 801 779 830 ››
811 779 915 852 qui
945 777 1166 836 fecistis
1195 778 1304 835 hoc
1336 783 1394 834 et
1435 778 1545 834 hoc
1597 780 1834 850 propter

180 870 314 927 me?
343 871 479 938 Quae
510 869 701 940 major
738 866 926 940 gloria
966 871 1159 940 potest
1204 884 1333 924 esse
1372 883 1552 940 quam
1597 867 1832 938 quando

179 961 337 1020 Deus
367 958 575 1015 induet
604 974 713 1014 nos
743 955 934 1031 gloria
960 955 1440 1025 immortalitatis,
1475 954 1693 1012 faciens
1725 971 1832 1011 nos

182 1049 306 1109 sole
336 1047 701 1115 c1ariores,et
727 1045 1110 1102 introducens
1137 1060 1247 1101 nos
1277 1044 1337 1100 in
1368 1045 1705 1102 societatem
1731 1061 1833 1100 an-

181 1137 450 1213 gelorum
480 1135 682 1193 dicens
704 1152 718 1190 :
743 1134 1023 1207 Percipite
1038 1135 1470 1208 regnum,quod
1490 1134 1655 1189 vobis
1676 1149 1838 1206 para-

180 1233 312 1285 tum
343 1230 433 1283 est
451 1226 524 1282 ab
554 1224 779 1299 origine
809 1223 1056 1280 mundi?
1085 1222 1226 1291 Quis
1276 1223 1468 1295 major
1494 1222 1683 1279 honor
1710 1238 1837 1279 esse

181 1319 377 1392 potest
406 1330 587 1388 quam
617 1312 900 1370 associari
928 1310 1552 1386 angelis,patriarchis,
1586 1311 1838 1386 prophe-

180 1405 266 1463 tis
294 1408 352 1461 et
381 1401 683 1477 apostolis,
701 1401 822 1458 imo
853 1400 1030 1458 etiam
1060 1400 1142 1457 ibi
1174 1418 1302 1458 esse
1331 1401 1431 1458 ubi
1463 1405 1554 1458 est
1570 1400 1837 1474 unigeni-

180 1498 283 1550 tus
314 1492 495 1553 Filius
522 1491 647 1560 Dei,
681 1494 739 1547 et
778 1507 894 1547 non
924 1490 1117 1547 solum
1131 1490 1482 1560 vocari,imo
1514 1489 1690 1546 etiam
1710 1505 1839 1547 esse

181 1586 245 1641 et
275 1597 556 1655 apparere
577 1579 682 1635 filii
704 1578 843 1636 Dei?
865 1579 995 1635 Haec
1017 1582 1213 1636 autem
1246 1580 1388 1636 ﬁent
1406 1579 1467 1635 in
1488 1578 1840 1636 revelatione

177 1675 324 1728 Jesu
356 1668 604 1737 Christi;
640 1668 697 1724 id
730 1672 820 1724 est
867 1667 928 1724 in
977 1669 1094 1724 fine
1123 1667 1348 1737 mundi,
1382 1669 1618 1741 quando
1666 1669 1840 1725 Jesus

179 1758 476 1827 Christus,
511 1757 612 1831 qui
645 1758 819 1814 modo
850 1761 941 1813 est
964 1757 1373 1820 absconditus.
1402 1761 1461 1813 et
1508 1775 1543 1814 a
1572 1756 1842 1830 pluribus

181 1847 606 1916 contemnitur,
624 1850 727 1903 aut
756 1846 1078 1920 ignoratur,
1091 1846 1283 1903 veniet
1309 1847 1378 1902 ad
1390 1845 1682 1919 judicium
1706 1863 1841 1904 cum

179 1940 476 2013 potestate
522 1951 759 2009 magna,
806 1934 1066 1992 claritate
1111 1939 1169 1992 et
1221 1936 1547 2009 majestate,
1580 1935 1842 1992 revelans

178 2025 511 2102 potentiam
543 2040 734 2093 suam,
767 2024 1031 2081 revelans
1078 2022 1254 2082 etiam
1300 2023 1531 2081 occulta
1574 2026 1837 2081 cordium

179 2119 552 2184 nostrorum,
586 2113 850 2172 revelans
879 2130 1112 2188 quoque
1143 2118 1423 2188 quantam
1472 2112 1718 2187 gloriam
1751 2114 1843 2170 sui

181 2204 508 2263 dilectores
558 2209 616 2260 et
664 2207 949 2277 quantam
993 2219 1228 2276 pinnam
1275 2203 1365 2259 sui
1417 2208 1844 2277 contemptores

181 2296 553 2352 meruerunt.
585 2293 669 2350 Ne
699 2297 894 2349 autem
925 2293 1176 2350 crimina
1205 2297 1424 2361 nostra,
1456 2293 1663 2349 fratres
1705 2293 1842 2365 mei,

180 2385 271 2442 ibi
303 2384 378 2441 ad
401 2383 808 2440 confusionem
838 2381 1189 2450 revelentur,
1222 2397 1382 2438 nunc
1412 2381 1735 2439 revelemus
1778 2397 1846 2438 ea

182 2491 296 2549 per
326 2472 775 2538 confessionem,
801 2488 867 2527 ac
898 2471 1174 2545 lacrymis
1199 2470 1505 2527 abluentes
1525 2476 1583 2527 et
1603 2470 1848 2527 eleemo-

183 2563 355 2638 synis
386 2560 759 2630 redimentes,
792 2560 994 2617 omnia
1022 2560 1361 2617 transitoria
1395 2559 1843 2633 vilipendentes,

183 2653 261 2709 ad
294 2649 555 2708 coelestia
582 2653 702 2707 toto
734 2649 1022 2706 desiderio
1052 2648 1418 2705 festinantes.
1441 2649 1526 2704 Ad
1559 2666 1685 2722 quae
1714 2665 1847 2721 per-

185 2741 413 2798 ducere
432 2756 539 2795 nos
565 2738 839 2812 dignetur
854 2743 1005 2795 Deus
1023 2742 1078 2794 et
1100 2737 1381 2794 Dominus
1402 2742 1617 2806 noster,
1644 2738 1736 2793 cui
1759 2743 1845 2795 est

185 2829 386 2887 honor
402 2832 459 2885 et
479 2825 667 2902 ploria
682 2844 784 2901 per
803 2827 1004 2884 omnia
1024 2826 1236 2883 saecula
1251 2826 1618 2883 saeculorum.
1640 2828 1843 2885 Amen.

572 2918 705 2974 Vita
733 2918 797 2973 D.
826 2918 980 2973 Petri
999 2932 1101 2989 per
1130 2915 1474 2973 Dorotheum.

262 3007 345 3091 (5)
376 3007 583 3089 Petrus
611 3004 1016 3091 apostolorum
1040 3004 1476 3091 COI‘ip‘DEUSﬂ'J‘t
1495 3005 1848 3091 inepistolis

186 3075 335 3151 suis
387 3075 928 3151 innuefe'videtur.
966 3075 1385 3151 ‘Evangeliumg
1415 3075 1648 3151 Domini
1690 3078 1846 3151 ,Jesu
1878 3082 1921 3149 C

184 3149 436 3217 Christi,
464 3150 529 3222 in
560 3148 763 3216 Ponto,
791 3147 1041 3222 Galatia,
1060 3147 1759 3222 Cappadocia,Bithynia,
1793 3154 1850 3206 et

185 3221 440 3293 tandem
464 3219 659 3276 Romae
690 3220 1028 3293 praedicavit
1058 3222 1105 3293 (1
1134 3218 1283 3276 Pétr.
1316 3218 1379 3293 1),
1404 3220 1506 3275 ubi
1556 3218 1623 3276 et
1654 3226 1858 3293 postea

185 3293 312 3374 sub
344 3292 571 3374 Nerone
602 3291 735 3374 rege
764 3291 958 3374 capite
1011 3291 1087 3374 ad
1128 3291 1348 3374 terram
1396 3308 1561 3374 verso
1590 3291 1751 3374 (nam
1782 3293 1856 3374 ad

186 3364 360 3436 hunc
377 3364 639 3436 modum
656 3360 782 3434 ipse
802 3360 921 3436 pati
943 3360 1193 3436 volebat)
1216 3362 1385 3419 tertio
1416 3362 1702 3420 Kalendas
1712 3363 1856 3420 Julii

184 3434 535 3503 crucifixus,
563 3432 765 3507 ibique
793 3432 1062 3508 sepultus
1094 3432 1202 3491 est.

604 3627 666 3670 IN
706 3622 876 3669 ηετο
915 3628 1109 3669 SANCTI
1150 3628 1433 3669 MATTHIE.

265 3703 587 3775 Exsurgens
637 3702 833 3758 Petrus
892 3703 955 3757 in
1009 3701 1187 3758 medio
1239 3706 1481 3775 fratrum
1526 3702 1675 3759 dixit
1713 3705 1855 3771 (erat

187 3800 387 3850 autem
439 3792 599 3848 turba
646 3791 931 3847 hominum
977 3790 1097 3864 fere
1138 3797 1355 3846 centum
1389 3792 1610 3863 viginti)
1642 3793 1777 3861 (Act.
1814 3796 1855 3862 ι)

186 3885 313 3939 etc.
347 3880 550 3947 Hodie,
583 3879 790 3936 fratres
820 3878 1329 3948 mei,~natalitium
1359 3880 1548 3936 sancti
1597 3880 1853 3937 Matthiaz

188 3968 456 4044 apostoli
486 3967 872 4037 celebramus,
905 3968 1002 4041 qui
1031 3971 1122 4025 est
1148 3968 1209 4024 in
1239 3967 1364 4024 loco
1392 3968 1559 4025 Judaa
1594 3970 1854 4042 prodito-

185 4058 279 4115 ris
316 4056 512 4114 divina
538 4057 815 4114 electione
846 4057 1220 4131 subrogatus,
1252 4073 1325 4113 ne
1353 4056 1623 4114 videlicet
1659 4075 1855 4115 sacra-

191 4150 477 4205 mentum
506 4146 849 4204 duodenarii
880 4164 916 4202 a
944 4163 1054 4203 sua
1081 4146 1436 4219 perfectione
1479 4145 1852 4204 claudicaret.

186 4235 354 4294 Hinc
384 4238 474 4292 est
500 4235 657 4308 quod
688 4234 861 4292 lectio
890 4237 1021 4307 ejus
1050 4234 1347 4308 explicans
1376 4234 1739 4305 electionem,
1758 4236 1858 4292 ho-

186 4325 296 4382 die
329 4324 389 4379 in
421 4327 626 4381 sancta
652 4323 910 4381 Ecclesia
933 4324 1230 4393 recitatur,
1265 4340 1393 4396 quae
1422 4325 1631 4396 quadri
1637 4326 1855 4398 partita

185 4413 530 4517 est.Primo
560 4413 947 4488 enim,surgit
968 4413 1173 4471 Petrus
1202 4413 1358 4517 inter
1384 4414 1622 4517 fratres;
1647 4431 1855 4471 secun-
1886 4452 1933 4517 D

186 4502 678 4569 do,demonstrat
702 4503 1171 4576 reprobationem
1196 4502 1435 4571 Juda,et
1453 4501 1697 4560 alterius
1724 4504 1860 4561 sub-

186 4590 573 4650 etitutionem
593 4608 628 4648 a
647 4592 869 4665 Spiritu
901 4595 1104 4648 sancto
1136 4591 1321 4648 fuisse
1349 4590 1717 4664 praedictam;
1748 4596 1862 4649 ter-

183 4681 309 4751 tio,
343 4681 603 4737 ostendit
628 4681 785 4754 quod
817 4698 976 4737 unus
1004 4696 1073 4737 ex
1096 4680 1378 4737 fratribus
1408 4680 1618 4738 debeat
1645 4681 1697 4738 ei
1728 4682 1864 4739 sub-

186 4767 430 4842 rogari;
454 4773 680 4841 quarto,
706 4768 1038 4827 ostenditur
1057 4770 1350 4843 quomodo
1371 4769 1732 4828 substitutus
1761 4771 1859 4828 sit.

183 4857 300 4916 Ait
314 4858 788 4931 ergo,E.csurgens
796 4861 993 4915 Petrus
1013 4861 1076 4915 in
1090 4858 1268 4916 medio
1283 4859 1689 4932 fratrumTria
1699 4859 1860 4927 dicit,

184 4962 530 5017 exsurgens,
560 4956 615 5005 et
642 4949 703 5005 in
731 4948 928 5018 medio,
945 4956 998 5005 et
1022 4950 1283 5021 fratrum.
1317 4950 1452 5015 Quae
1483 4948 1720 5021 quidem
1750 4950 1864 5007 tria

186 5037 351 5094 sunt
376 5034 436 5091 in
463 5053 599 5095 vero
628 5041 861 5110 pastore
890 5037 1260 5111 requirenda.
1291 5037 1431 5095 Erat
1460 5037 1617 5094 enim
1659 5055 1861 5095 exsur-

184 5140 353 5201 gens
383 5140 561 5198 super
591 5125 948 5200 reliquos,ut
975 5126 1160 5202 gradu
1190 5125 1274 5182 ita
1302 5126 1478 5182 etiam
1506 5125 1644 5198 vita,
1660 5130 1717 5184 et
1743 5127 1863 5184 vir-

184 5216 403 5273 tutum
437 5214 768 5285 altitudine,
775 5218 947 5290 juxta
975 5215 1120 5272 illud
1152 5231 1167 5272 :
1204 5236 1233 5266 «
1265 5215 1454 5288 Super
1476 5220 1734 5273 montem
1767 5233 1862 5275 ex-

186 5301 433 5361 celsum
463 5306 736 5377 ascende,
760 5309 826 5362 tu
852 5305 954 5379 qui
982 5301 1344 5379 evangelizas
1373 5303 1511 5361 Sion
1541 5306 1669 5375 (Isa.
1702 5307 1816 5380 XL).
1834 5330 1863 5359 »

183 5391 324 5454 Nec
352 5395 549 5451 tamen
578 5393 798 5454 idcirco
828 5394 1084 5469 reliquos
1112 5392 1283 5466 quasi
1315 5392 1573 5453 minores
1591 5397 1651 5452 et
1668 5396 1864 5473 subje-

277 5496 361 5577 εὸ)
388 5500 616 5575 Erum,
647 5502 751 5566 lib.
781 5520 823 5579 ι,
853 5506 997 5567 tom.
1030 5501 1102 5575 II,
1135 5500 1335 5564 (ἕρπει-α
1359 5501 1496 5565 hers.

1939 417 2192 492 aequales
2223 421 2281 473 et
2314 416 2522 473 fratres
2554 414 2807 472 amabat.
2832 412 2995 470 Unde
3020 412 3176 469 idem
3198 413 3313 468 ait:
3338 435 3366 463 «
3390 413 3506 469 Nec
3530 418 3593 469 ut

1939 506 2311 564 dominantes
2338 505 2397 560 in
2431 502 2602 569 clero,
2630 503 2732 559 sed
2767 502 2965 558 forma
2995 501 3132 557 facti
3164 501 3357 574 gregis
3382 517 3451 557 ex
3472 502 3594 558 ani-

1939 611 2036 652 mo
2066 598 2117 665 (Ι
2145 601 2292 651 Petr.
2322 598 2403 662 v).
2440 615 2469 643 »
2521 593 2749 649 Rursus
2802 591 2883 647 ita
2931 594 3055 647 erat
3093 606 3413 662 exsurgens
3443 589 3596 646 inter

1940 685 2172 751 fratres,
2205 683 2360 755 quod
2388 681 2565 738 etiam
2599 682 2657 736 in
2691 679 2882 736 medio
2915 696 3116 736 eorum
3149 684 3273 734 erat
3300 696 3404 750 per
3423 679 3597 751 tequi-

1940 777 2143 830 tatem.
2183 771 2348 840 Quod
2379 771 2535 828 enim
2569 769 2831 825 medium
2864 774 2971 836 est,
3003 767 3301 841 mqualiter
3329 784 3391 823 se
3422 767 3597 824 habet

1942 862 2016 919 ad
2039 858 2531 917 circumstantias.
2549 859 2752 914 Petrus
2775 873 3007 929 quoque
3027 855 3327 927 aequaliter
3342 872 3404 912 se
3426 856 3597 913 habe-

1944 950 2046 1007 bat
2075 966 2212 1022 erga
2241 965 2466 1005 omnes.
2496 947 2622 1003 Non
2652 946 2831 1014 enim,
2866 950 2931 1001 ut
2962 944 3201 1017 quidam
3234 944 3473 1012 faciunt,
3509 944 3597 1001 vel

1943 1043 2180 1113 prepter
2211 1037 2579 1111 sanguinem,
2606 1034 2695 1092 vel
2726 1037 2963 1107 propter
2991 1032 3227 1106 aliquod
3279 1034 3597 1106 temporale

1926 1125 2521 1192 'emolumentum,vel
2552 1127 2788 1197 prepter
2811 1123 3073 1195 aliquam
3101 1122 3480 1194 temporalem
3505 1123 3595 1178 in-

1946 1216 2483 1281 tentionemmnum
2516 1213 2615 1268 alii
2648 1212 3051 1285 praeponebat;
3077 1211 3177 1266 sed
3202 1211 3259 1266 in
3281 1212 3600 1267 exercenda

1938 1305 2191 1379 justitia,
2207 1300 2910 1370 ordinatione,electione,
2934 1299 3267 1373 aequitatem
3291 1304 3349 1356 et
3369 1301 3601 1357 rectitu-

1947 1395 2146 1451 dinem
2177 1393 2543 1450 observabat.
2573 1392 2777 1463 Itaque
2806 1389 2907 1462 qui
2940 1393 3138 1462 pastor
3163 1392 3272 1457 est,
3305 1389 3376 1445 ad
3415 1405 3599 1445 exem-

1949 1482 2114 1557 plum
2146 1482 2300 1539 Petri
2330 1498 2434 1554 per
2464 1479 2833 1536 altitudinem
2863 1477 2990 1534 vita
3021 1481 3325 1551 exsurgat;
3348 1494 3450 1551 per
3468 1477 3602 1534 cha-

1947 1574 2181 1629 ritatem
2230 1571 2488 1627 minores
2542 1573 2823 1641 tanquam
2872 1567 3081 1623 fratres
3119 1570 3177 1623 et
3205 1566 3317 1623 sibi
3348 1566 3601 1639 aequales

1948 1662 2191 1729 habeat;
2219 1664 2279 1716 et
2306 1676 2409 1732 per
2437 1656 2732 1731 aequitatis
2762 1655 3171 1713 rectitudinem
3224 1656 3485 1712 medium
3514 1660 3599 1712 te-

1950 1754 2103 1807 neat.
2136 1752 2267 1806 Erat
2295 1757 2479 1805 autem
2503 1747 2663 1803 turba
2691 1747 2976 1802 hominum
3017 1745 3188 1801 simul
3231 1746 3347 1816 fere
3383 1753 3602 1803 centum

1948 1841 2169 1913 viginti.
2206 1838 2312 1905 Qui
2346 1853 2628 1893 numerus
2658 1838 2887 1892 constat
2911 1850 2979 1890 ex
3009 1828 3246 1890 denario
3293 1833 3601 1891 duodecies

1950 1930 2146 1986 ducto.
2166 1929 2231 1984 In
2255 1943 2370 2000 quo
2388 1925 2718 1982 ostenditur
2731 1927 3081 1979 conventum
3098 1921 3523 1996 discipulorum
3540 1922 3601 1979 in

1951 2017 2318 2075 exsecutione
2352 2014 2532 2071 luisse
2560 2013 2903 2087 perfectum.
2927 2012 3036 2068 Sed
3066 2015 3261 2068 tamen
3288 2014 3403 2084 fere
3432 2012 3598 2068 addi-

1950 2112 2071 2173 tur,
2091 2105 2373 2179 quoniam
2404 2106 2951 2175 numerus,propter
2980 2101 3211 2157 ruinam
3232 2101 3397 2157 Judae
3420 2101 3604 2157 mino-

1952 2200 2135 2263 ratus,
2168 2198 2294 2251 erat
2323 2191 2735 2266 perﬁciendus.
2768 2191 2875 2257 Qui
2906 2206 3111 2246 omnes
3143 2206 3270 2247 esse
3302 2189 3480 2247 simul
3511 2189 3605 2246 di-

1953 2288 2170 2340 cuntur
2196 2284 2351 2339 sicut
2379 2282 2525 2349 loco,
2555 2281 2638 2336 ita
2664 2280 2798 2346 ﬁde,
2833 2295 3031 2335 amore
3060 2283 3119 2335 et
3157 2278 3601 2346 communitate,

1954 2373 2117 2430 Unde
2146 2377 2203 2429 et
2229 2373 2299 2428 de
2329 2372 2414 2427 eis
2445 2370 2664 2426 dicitur
2697 2386 2711 2425 :
2745 2391 2773 2419 α
2810 2367 3208 2425 Multitudinis
3238 2367 3602 2425 credentium

1954 2466 2078 2532 erat
2102 2479 2202 2518 cor
2228 2477 2413 2517 unum
2446 2464 2504 2515 et
2553 2458 2750 2513 anima
2798 2473 2937 2524 una,
2969 2461 3251 2529 erantque
3295 2457 3382 2514 eis
3411 2456 3609 2513 omnia

1955 2550 2293 2608 communia
2317 2550 2453 2618 (Act.
2487 2553 2571 2617 II).
2598 2571 2627 2598 «
2648 2547 2931 2619 Sequitur
2960 2563 3096 2619 pars
3122 2546 3466 2614 secunda,in
3492 2563 3610 2618 qua

1955 2641 2214 2697 ostendit
2268 2639 2471 2694 Petrus
2527 2636 2692 2692 Judee
2752 2635 3222 2707 reprobationem
3269 2639 3327 2690 et
3370 2634 3609 2691 alterius

1956 2727 2434 2786 substitutionem
2466 2742 2500 2781 a
2528 2724 2746 2797 Spiritu
2776 2727 2980 2780 sancto
3022 2724 3205 2780 fuisse
3246 2723 3607 2797 praedictam,

1955 2816 2156 2874 dicens
2180 2833 2192 2871 ε
2221 2817 2338 2872 Viri
2363 2819 2584 2887 fratres,
2604 2822 2807 2886 oportet
2832 2814 3052 2884 impleri
3080 2814 3425 2885 Scripturam
3441 2829 3609 2886 quam

1953 2906 2217 2980 prazdixit
2246 2906 2487 2978 Spiritus
2531 2912 2748 2960 sanctus
2781 2919 2881 2975 per
2925 2919 2982 2958 os
3023 2901 3197 2958 David
3244 2902 3309 2958 de
3347 2902 3507 2959 Juda.
3538 2902 3610 2957 Et

1958 3013 2091 3051 cum
2151 2996 2387 3051 deberet
2441 2993 2796 3065 subjungere
2851 2990 3239 3063 Scripturam,
3290 2989 3610 3062 interponit

1960 3101 2199 3141 causam
2233 3080 2678 3155 reprobationis,
2712 3080 2914 3137 dicens
2949 3096 2961 3133 :
2996 3081 3107 3150 Qui
3133 3080 3245 3150 fuit
3270 3078 3388 3134 dua:
3421 3094 3611 3134 eorum

1965 3176 2063 3248 qui
2090 3170 2610 3245 comprehemlerunt
2633 3171 2835 3235 Iesum,
2868 3168 2925 3225 id
2958 3173 3048 3224 est
3094 3169 3213 3223 dux
3260 3166 3609 3240 proditionis

1964 3263 2092 3330 fuit,
2122 3263 2220 3335 qui
2247 3267 2669 3318 connumeratus
2698 3266 2818 3314 erat
2843 3257 3143 3325 nobiscum,
3174 3265 3227 3313 et
3263 3258 3488 3313 sortitus
3533 3265 3614 3312 est

1960 3359 2159 3409 sortem
2185 3351 2489 3407 ministerii
2517 3349 2702 3420 hujus.
2725 3349 2805 3404 Ac
2834 3347 2885 3403 si
2916 3347 3109 3403 dicat:
3141 3345 3458 3403 Nobiscum
3487 3349 3612 3402 erat

1962 3456 2209 3497 numero
2240 3456 2357 3496 non
2389 3437 2615 3505 merito,
2647 3435 2947 3492 vocatione
2978 3451 3093 3492 non
3122 3433 3609 3503 electione,mini-

1963 3529 2140 3587 sterio
2173 3545 2288 3585 non
2316 3527 2549 3583 virtute.
2573 3526 2637 3582 Et
2655 3526 2745 3581 hic
2774 3524 2992 3597 quidem
3015 3522 3273 3597 possedit,
3306 3522 3365 3579 id
3409 3526 3499 3580 est
3530 3523 3609 3579 fe-

1962 3619 2043 3675 cit
2072 3617 2379 3692 possideri,
2411 3632 2606 3689 agrum
2632 3615 2967 3686 iniquitatis,
2997 3613 3226 3669 reddito
3264 3612 3448 3685 pretio
3493 3611 3609 3667 ini-

1963 3725 2090 3781 quae
2122 3705 2467 3780 proditionis
2495 3704 2737 3761 Judaeis.
2769 3701 2873 3759 Vel
2900 3701 3155 3775 possedit,
3178 3700 3318 3774 quia
3358 3702 3502 3758 forte
3547 3700 3608 3756 in

1961 3813 2029 3853 eo
2086 3795 2356 3869 sepultus
2408 3793 2539 3850 fuit.
2572 3794 2636 3850 Et
2690 3807 2985 3865 suspensus
3039 3792 3248 3863 crepuit
3302 3791 3528 3858 medius,
3559 3799 3611 3847 et

1960 3885 2164 3959 diffusa
2192 3891 2321 3940 sunt
2351 3884 2537 3940 omnia
2568 3883 2775 3939 viscera
2802 3881 2940 3953 ejus.
2975 3878 3083 3947 Qui
3127 3879 3263 3936 licet
3312 3882 3613 3951 peccasset

1961 3973 2304 4047 gravissime
2325 3971 2844 4045 prodendo,tamen
2876 3968 3110 4042 gravius
3131 3968 3389 4040 peccavit
3404 3969 3611 4041 despe-

1962 4064 2166 4120 rando.
2198 4062 2381 4132 Cujus
2412 4064 2620 4133 guttur
2647 4059 2718 4115 de
2746 4075 2864 4131 quo
2893 4075 3002 4114 vox
3032 4056 3379 4130 proditionis
3396 4057 3613 4113 exierat

1963 4152 2172 4225 laqueo
2204 4150 2545 4207 suffocatur.
2576 4147 2791 4203 Venter
2822 4151 2877 4203 et
2904 4146 3127 4203 viscera
3171 4164 3300 4219 quae
3341 4146 3614 4219 proditio-

1964 4256 2099 4297 nem
2128 4242 2517 4311 conceperant
2541 4236 2941 4293 eﬁ‘unduntur.
2975 4236 3222 4292 Moritur
3268 4238 3461 4292 autem
3494 4253 3610 4292 non

1964 4331 2023 4386 in
2054 4334 2227 4396 terra,
2260 4344 2376 4384 non
2408 4327 2466 4382 in
2498 4323 2661 4389 coelo.
2693 4324 2794 4381 sed
2827 4325 2885 4380 in
2916 4341 3066 4393 aere,
3101 4325 3380 4397 quoniam
3431 4325 3612 4385 socie-

1963 4424 2080 4476 tate
2109 4417 2416 4474 hominum
2447 4419 2503 4471 et
2531 4413 2869 4489 angelorum
2898 4414 3200 4487 indignus,
3233 4414 3383 4471 aeris
3414 4419 3613 4487 potes-

1964 4507 2187 4565 tatibus
2216 4509 2339 4562 erat
2367 4503 2756 4578 agregandus.
2793 4503 3076 4574 Scriptum
3102 4510 3181 4559 est
3207 4504 3356 4558 enim
3384 4505 3445 4559 in
3474 4504 3614 4559 libro

1966 4598 2315 4654 Psaimorum
2343 4613 2361 4649 :
2392 4595 2515 4650 Fiat
2557 4592 2822 4649 habitatio
2868 4591 2985 4663 ejus
3031 4594 3190 4658 (ante
3246 4595 3501 4664 tempus)
3530 4592 3618 4647 dc-

1968 4694 2132 4753 serta,
2166 4682 2443 4757 quoniam
2471 4680 2639 4753 impii
2671 4702 2701 4731 «
2734 4696 2847 4735 non
2882 4678 3275 4735 dimidiabunt
3303 4680 3430 4736 dies
3477 4696 3615 4737 suos

1970 4775 2140 4849 (Psal.
2194 4772 2325 4845 Liv).
2374 4794 2402 4821 »
2460 4771 2526 4826 Et
2577 4772 2942 4843 episcopatum
2996 4770 3113 4841 ejus
3166 4770 3402 4841 accipiat
3454 4770 3612 4826 alter.

1971 4864 2120 4931 Quia
2145 4861 2531 4919 commissum
2562 4858 3000 4930 talentum,quo
3031 4856 3183 4914 male
3213 4875 3359 4914 usus
3388 4862 3496 4925 est,
3519 4875 3619 4915 au-

1973 4954 2191 5010 feretur
2217 4952 2291 5007 ab
2323 4967 2412 5017 eo,
2445 4953 2501 5005 et
2546 4948 2783 5005 dabitur
2825 4946 2927 5004 alii
2972 4947 3120 5003 bene
3164 4964 3345 5004 usuro
3395 4948 3615 5020 (Matth.

1968 5045 2120 5110 xxv).
2154 5038 2348 5107 Multi,
2380 5040 2590 5095 fratres
2619 5037 2757 5106 mei,
2791 5036 2966 5094 hodie
3011 5042 3388 5093 exsecrantur
3428 5036 3621 5095 scelus

1969 5131 2133 5188 Judae
2165 5129 2268 5201 qui
2296 5127 2539 5183 tradidit
2567 5125 2904 5195 Dominum,
2938 5125 3039 5181 sed
3070 5124 3181 5199 ipsi
3212 5125 3401 5181 simile
3429 5125 3622 5183 scelus

1970 5219 2302 5275 incurrunt.
2319 5215 2663 5289 Quicunque
2695 5215 2852 5272 enim
2871 5213 2961 5270 vel
2980 5214 3280 5271 veritatem
3311 5230 3415 5287 pro
3436 5214 3626 5287 pretio

1973 5303 2603 5376 dicunt,veljustitiam
2635 5319 2739 5376 pro
2768 5319 3012 5362 munere
3034 5303 3274 5372 faciunt,
3296 5303 3505 5375 Deum,
3523 5305 3632 5376 qui

1973 5396 2187 5456 veritas
2216 5396 2306 5452 est
2331 5396 2390 5450 et
2410 5392 2664 5469 justitia,
2677 5395 2961 5454 vendunt.
2988 5394 3333 5468 Quicunque
3353 5390 3510 5449 enim
3538 5390 3639 5451 vel
