3980 6084
400 210 555 272 4351

1679 203 2080 269 RADULPHI
2122 156 2540 269 assumis.

410 358 620 398 manus
646 336 1194 413 impositiosem,vel
1214 336 1666 395 ecclesiasticam
1683 334 2051 393 administra—
2078 342 2131 411 Α
2161 334 2575 394 ordinandum
2603 351 2720 392 non
2780 333 3159 408 neopbytum,
3191 349 3266 390 ne
3302 333 3503 391 elatas
3552 333 3729 391 ωεια
3754 331 3824 390 in

413 432 651 495 tionem,
680 426 770 484 vel
801 427 1037 499 aliquod
1067 431 1498 484 sacramentum
1529 424 1742 481 Christi
1771 425 2047 491 vendunt,

406 521 603 593 ipsum
633 516 952 584 Christum,
975 520 1263 587 quantum
1292 515 1352 570 in
1381 514 1466 571 eis
1495 519 1606 581 est,
1637 513 1916 570 vendunt.
1940 512 2050 580 Qui

405 609 615 681 laqueo
644 605 857 663 collum
891 622 1065 662 suum
1097 604 1414 677 stringunt,
1447 604 1589 659 dum
1622 607 1742 659 rete
1770 602 2048 675 iniquita-

404 702 533 753 tum
564 712 762 752 vocem
792 698 851 751 et
880 694 1137 750 ofﬁcium
1164 692 1587 765 praedicationis
1619 692 1728 748 sibi
1752 692 2045 759 auferunt,

407 787 631 858 seipsos
652 784 1018 857 suspendunt
1038 787 1094 839 et
1111 782 1403 850 occidunt,
1430 783 1571 837 dum
1596 780 1748 837 male
1780 781 2046 846 vivendo,

405 877 477 933 ab
491 874 678 931 officio
694 874 845 946 quod
869 871 1107 944 indigne
1126 871 1561 939 administrant,
1577 887 1639 927 se
1659 870 2048 942 suspendunt,

404 969 461 1022 et
473 981 534 1020 se
547 961 932 1035 spiritualiter
947 963 1174 1016 necant.
1190 962 1444 1027 Quorum
1468 964 1670 1015 venter
1690 963 1886 1032 crepat
1902 963 1958 1014 et
1972 958 2051 1015 vi-

401 1070 568 1111 scera
582 1051 984 1115 effunduntur,
1011 1049 1292 1121 quoniam
1316 1047 1626 1104 consilium
1648 1064 1850 1103 eorum
1881 1046 2050 1105 dissi-

402 1141 659 1217 patur,id
678 1144 768 1196 est
787 1142 1032 1212 pereunt
1051 1155 1254 1195 omnes
1275 1137 1651 1211 cogitationes
1672 1138 2050 1202 eorum.Quo-

402 1248 536 1288 rum
569 1230 694 1286 dies
725 1232 865 1285 sunt
893 1226 1371 1300 pauci,quoniam
1394 1227 1453 1282 in
1477 1226 1630 1282 malo
1656 1229 1713 1282 et
1736 1242 1852 1282 non
1872 1224 1932 1279 in
1954 1225 2050 1281 bo-

402 1336 477 1375 no
510 1322 648 1375 sunt
667 1314 1081 1372 consummati.
1098 1316 1168 1371 Et
1186 1314 1468 1371 habitatio
1491 1330 1693 1371 eorum
1711 1314 1777 1369 tit
1796 1313 2044 1383 deserta,

402 1413 460 1464 et
487 1406 890 1481 episcOpatum
923 1421 1121 1460 eorum
1156 1403 1366 1476 accipit
1396 1402 1562 1471 alter,
1596 1402 1873 1475 quoniam
1905 1418 2048 1458 con-

399 1497 650 1555 versatio
680 1511 904 1561 eorum,
932 1498 1005 1573 ut
1051 1493 1230 1566 digna
1276 1497 1419 1560 erat,
1454 1492 1620 1565 perit,
1654 1495 1712 1548 et
1760 1489 2047 1547 talentum

401 1585 555 1643 male
587 1584 986 1641 ministratum
1020 1582 1168 1638 alter
1196 1581 1397 1638 sumit.
1432 1581 1636 1654 Impiis
1668 1596 1899 1653 quoque
1938 1579 2045 1636 Ju-

2159 424 2393 483 ruinam
2424 422 2663 481 diaboli.
2689 423 2785 481 Ait
2810 424 2991 481 etiam
3022 432 3205 481 testem
3233 425 3650 481 resuﬂeotiouis
3689 423 3827 495 ﬁeri

2156 514 2457 571 nobiscum.
2474 513 2537 569 In
2568 529 2685 586 quo
2702 512 2962 570 ostendit
2982 513 3055 569 ad
3076 511 3217 587 quid
3238 513 3448 569 debeat
3462 511 3525 568 in
3544 511 3823 568 sacerdo-

2154 608 2275 660 tem
2304 602 2393 659 vel
2423 602 2482 658 in
2513 606 2807 675 pastorem
2838 601 3054 674 aliquis
3082 600 3242 675 eligi,
3275 600 3557 674 quoniam
3596 601 3671 657 ad
3703 599 3819 661 hoc

2156 695 2224 748 ut
2242 692 2590 749 resurrectio
2608 690 2827 748 Christi
2850 707 3088 763 semper
3106 690 3458 747 testiﬁcetur
3474 707 3592 746 non
3616 689 3818 746 solum

2156 780 2492 837 testimonio
2506 779 3066 854 predicationis,sed
3085 779 3265 836 etiam
3284 779 3626 836 testimonio
3648 778 3816 835 bona

2154 869 2284 926 vitae
2314 874 2371 925 et
2417 869 2553 926 boni
2607 867 2823 942 operis,
2847 872 2914 924 ut
2960 867 3229 925 videlicet
3272 869 3359 925 sic
3397 868 3692 942 pradicet,
3722 867 3815 924 sic

2153 959 2327 1025 vivat,
2360 958 2447 1015 sic
2477 962 2613 1031 agat
2640 962 2705 1014 ut
2731 958 3003 1015 ostendat
3030 974 3092 1014 se
3137 974 3271 1014 vere
3316 958 3554 1014 credere
3592 956 3813 1013 Christi

2156 1047 2663 1119 resurrectionem,
2697 1050 2754 1103 et
2780 1063 2914 1103 vere
2938 1063 3171 1120 sperare
3190 1062 3392 1103 suam.
3416 1046 3588 1114 Quod
3613 1050 3814 1120 aperte

2155 1137 2507 1195 condemnat
2536 1153 2643 1193 nos
2662 1135 2936 1209 indignos
2957 1136 3310 1203 sacerdotes,
3325 1134 3527 1209 qui,et
3550 1135 3603 1192 si
3636 1135 3810 1197 verba

2154 1226 2374 1285 Christi
2428 1226 2918 1283 resurrectionem
2975 1230 3035 1282 et
3079 1229 3345 1282 nostram
3394 1224 3807 1298 pradieamus,

2150 1320 2349 1373 tamen
2377 1315 2648 1373 moribus
2669 1319 2729 1371 et
2758 1314 2928 1371 tactis
2958 1330 3089 1371 eam
3128 1329 3439 1388 negamus.
3460 1312 3618 1370 Cum
3649 1313 3809 1377 enim

2144 1408 2503 1478 praesentem
2531 1404 2732 1473 vitam,
2754 1403 3045 1476 tantisper
3072 1402 3541 1475 amamus,quod
3572 1406 3812 1476 propter

2153 1511 2284 1551 eam
2315 1493 2469 1551 ultra
2497 1494 2738 1551 modum
2770 1492 3266 1565 concupiscimus,
3300 1490 3489 1549 multa
3514 1491 3726 1548 illicita
3750 1497 3813 1549 et

2150 1584 2281 1639 vitae
2312 1584 2520 1641 futurae
2550 1581 2843 1639 contraria
2872 1580 3143 1647 facimus,
3184 1580 3679 1638 resurrectionem
3721 1579 3812 1638 vel

403 1674 679 1747 daais,qui
710 1673 873 1730 Judae
905 1672 1119 1728 dicenti
1146 1689 1160 1727 :
1185 1695 1212 1722 «
1239 1670 1472 1728 Peccavi
1521 1671 1761 1727 tradens
1808 1667 2046 1741 sangui-
2076 1713 2124 1783 Β
2152 1671 2331 1728 vitam
2362 1671 2623 1728 futuram
2654 1688 2761 1727 nos
2793 1688 2908 1727 non
2930 1670 3163 1727 credere
3187 1669 3276 1727 vel
3302 1686 3418 1727 non
3450 1687 3689 1743 sperare
3716 1670 3815 1728 dav

458 1782 463 1783 ,
496 1782 525 1783 η
556 1765 773 1783 ξ.-Αιμ-.-
818 1761 1243 1783 _-__-_.J-____L
1269 1776 1281 1783 .
1310 1760 1453 1783 n._!_l
1482 1761 1550 1783 -.1
1579 1759 1723 1783 ..--6)
1748 1764 1808 1783 ι--
1835 1756 2046 1783 .-ἕλη-Ξ,-
2160 1764 2558 1783 ._-_-L___-_--
2594 1759 2755 1783 I’Y_.‘I-
2787 1758 2957 1783 -12-...
2996 1758 3250 1783 ....2..-_-_
3286 1759 3353 1783 Δ,
3388 1759 3814 1783 -----..Α-ι;-..-

402 1782 537 1821 nem
547 1761 1247 1836 justum,responderunt
1269 1776 1282 1815 :
1309 1760 1457 1827 Quid
1479 1761 1553 1816 ad
1578 1759 1723 1816 nos?
1748 1764 1812 1815 tu
1835 1756 2049 1815 videris

400 1854 608 1922 (Matth.
639 1852 837 1923 xxvu),
868 1873 896 1901 ››
931 1849 1154 1907 similes
1183 1854 1323 1907 sunt
1351 1849 1452 1922 qui
1497 1865 1595 1906 eos
1644 1849 1744 1921 qui
1793 1847 1902 1904 sibi
1948 1864 2051 1920 per

402 1943 723 2000 Simoniam
769 1940 1267 2007 vendiderunt;et
1295 1956 1410 1996 non
1465 1955 1545 2005 se,
1579 1939 1681 2010 qui
1740 1937 2049 2010 pecuniam

401 2034 708 2097 dederunt,
732 2047 860 2086 reos
880 2029 1153 2084 Simoniaa
1175 2029 1510 2101 opinantur.
1528 2028 1641 2084 Sed
1663 2025 2046 2095 Simoniacos,

401 2126 520 2178 tam
552 2125 846 2194 emptores
862 2135 899 2192 q
914 2134 1048 2173 nam
1070 2118 1418 2183 venditores,
1439 2115 1616 2172 simul
1638 2115 1879 2171 involvit
1893 2115 2052 2170 dam-

402 2212 584 2280 natio,
616 2207 729 2264 nisi
760 2206 899 2280 quia
947 2205 1290 2280 pracessuri
1341 2210 1481 2260 sunt
1534 2204 1593 2259 in
1640 2220 1810 2276 pmna
1840 2202 1939 2275 qui
1987 2201 2049 2258 in

402 2300 588 2372 gradu
637 2302 695 2354 et
744 2296 989 2353 scientia
1035 2295 1461 2367 praecedebant.
1495 2294 1660 2359 Quod
1690 2309 1824 2350 vero
1862 2290 2050 2348 Judaei

404 2386 712 2443 dixerunt:
736 2386 904 2442 «Non
929 2384 1237 2439 mittamus
1275 2401 1387 2439 xxx
1407 2387 1713 2455 argenteos
1751 2382 1811 2437 in
1847 2381 2050 2436 corbo—

404 2493 562 2544 nam,
584 2475 725 2548 quia
754 2473 1008 2547 pretium
1039 2472 1346 2546 sanguinis
1376 2476 1485 2539 est,
1505 2472 1606 2527 sed
1630 2471 1763 2527 inde
1782 2472 2052 2525 emerunt

402 2581 610 2638 agrum
640 2564 700 2619 in
728 2563 1092 2636 sepulturam
1128 2561 1570 2635 peregrinorum
1603 2559 1810 2641 (Ibid),
1845 2581 1873 2609 ››
1918 2557 2049 2613 imi-

401 2659 603 2711 tantur
632 2653 805 2709 hodie
839 2652 1079 2724 quidam
1113 2650 1215 2723 qui
1248 2650 1533 2723 pecunias
1552 2648 1701 2705 male
1722 2648 1951 2704 habitas
1972 2647 2053 2702 of-

404 2745 552 2800 ferre
598 2744 713 2799 Deo
766 2745 1056 2809 metuunt,
1090 2745 1148 2796 ct
1192 2745 1387 2796 tamen
1431 2755 1529 2796 eas
1560 2739 1621 2793 in
1653 2737 2051 2810 eleemosynas

402 2834 491 2889 vel
520 2833 580 2889 in
611 2832 759 2889 alios
789 2848 933 2888 usus
964 2832 1291 2899 conferunt,
1326 2847 1441 2886 non
1491 2829 1860 2885 attendentes
1910 2842 2052 2899 quo-

403 2923 564 2979 niam
594 2922 750 2995 quod
782 2938 897 2977 non
928 2920 1094 2976 licuit
1140 2920 1364 2988 offerre,
1400 2935 1515 2975 non
1568 2916 1733 2974 licuit
1779 2917 1919 2973 dare
1964 2914 2055 2972 vel

404 3011 516 3068 sibi
548 3011 819 3067 retinere.

2159 1759 2759 1819 monstramus.Unde
2782 1758 2963 1816 etiam
2994 1758 3253 1815 minores
3280 1759 3357 1816 de
3388 1759 3818 1827 resurrectione

2158 1850 2411 1907 iacimus
2442 1849 2709 1905 dubitare
2739 1852 2796 1905 et
2843 1849 3037 1905 dicere
3069 1864 3083 1904 :
3116 1871 3146 1900 α
3180 1848 3241 1904 Si
3288 1848 3477 1907 nostri
3525 1852 3819 1922 pastores,

2158 1955 2292 1996 cum
2323 1939 2642 2012 prudentes
2672 1937 3123 2012 sint,sperarent
3150 1936 3820 2005 resurrectionemmun-

2158 2026 2337 2102 quam
2398 2027 2483 2084 sic
2539 2027 2815 2095 viverent,
2851 2043 3153 2100 nunquam
3200 2026 3346 2083 talia
3394 2029 3818 2099 perpetrarent,

2159 2122 2217 2174 et
2245 2120 2552 2190 propterea
2582 2133 2700 2173 non
2730 2119 3137 2188 exspectantes
3169 2115 3351 2172 vitam
3382 2116 3647 2171 futuram
3692 2131 3821 2172 om-

2159 2205 2257 2262 nia
2285 2206 2547 2262 rel'erunt
2588 2206 2660 2261 ad
2711 2209 3078 2275 praesentem.
3129 2207 3390 2271 Quorum
3436 2202 3613 2261 ruina
3642 2204 3822 2277 (quod

2160 2295 2288 2352 sine
2316 2294 2546 2368 gemitu
2578 2293 2770 2350 dicere
2802 2310 2917 2351 non
2948 2296 3218 2367 possum)
3248 2293 3421 2351 nobis
3464 2293 3823 2367 imputatur.

2160 2384 2439 2457 Sequitur
2485 2400 2622 2457 pars
2672 2388 2883 2456 quarta
2942 2384 3003 2438 in
3056 2400 3174 2456 qua
3221 2382 3478 2439 ostendit
3524 2382 3827 2455 quomodo

2160 2473 2412 2530 Mathias
2438 2472 2798 2529 substitutus
2829 2472 2926 2539 sit,
2959 2489 3095 2528 cum
3143 2472 3363 2530 dicitur
3393 2489 3406 2526 :
3438 2472 3505 2528 Et
3543 2472 3829 2543 eleth

2158 2566 2313 2631 duos,
2342 2562 2536 2634 Joseph
2567 2564 2664 2635 qui
2692 2562 3087 2619 nominabatur
3109 2562 3406 2631 Barsabas,
3424 2562 3528 2635 qui
3556 2561 3828 2634 cognomi-

2157 2658 2326 2708 natus
2355 2660 2433 2708 est
2460 2654 2669 2718 Justus,
2687 2659 2739 2707 et
2761 2652 3073 2709 Matthiam.
3096 2652 3175 2706 Ac
3197 2650 3247 2707 si
3270 2650 3427 2706 dicat
3447 2667 3462 2706 :
3482 2650 3614 2706 Non
3640 2655 3829 2707 extra-

2162 2742 2279 2808 nei,
2305 2742 2407 2797 sed
2437 2740 2551 2813 ipsi
2582 2740 2900 2814 elegerunt.
2926 2739 3041 2796 Nec
3073 2758 3229 2797 unus
3257 2739 3347 2796 vel
3377 2740 3515 2808 duo,
3542 2739 3648 2795 sed
3670 2755 3830 2796 com-

2162 2831 2439 2887 muniter.
2472 2831 2599 2887 Non
2646 2830 2806 2885 enim
2856 2829 3133 2898 extranei,
3166 2846 3230 2886 se
3270 2828 3383 2902 ipsi
3424 2829 3672 2895 fratres;
3724 2827 3825 2902 qui

2163 2920 2484 2977 confratres
2515 2936 2654 2976 suos
2683 2936 2752 2975 ex
2781 2919 3120 2993 quotidiano
3150 2917 3418 2975 convictu
3465 2917 3831 2974 familiarius

2165 3011 2527 3081 agnoverunt
2580 3008 2795 3064 debent
2851 3006 3085 3082 eligere.
3144 3009 3310 3074 Quod
3365 3010 3566 3081 aperte
3620 3010 3831 3063 contra

475 3099 754 3173 Sequitur
781 3116 918 3172 pars
947 3099 1136 3165 tertia,
1169 3097 1229 3153 in
1274 3114 1392 3169 qua
1438 3096 1693 3153 ostendit
1741 3096 1944 3151 Petrus
1983 3093 2054 3150 de
2080 3078 2127 3152 (ἶ
2165 3078 2459 3171 principes
2487 3096 2573 3153 vel
2605 3096 2912 3169 pontifices
2936 3078 3051 3164 est,
3083 3096 3183 3170 qui
3215 3111 3314 3153 eos
3344 3078 3599 3169 quorum
3642 3095 3829 3153 vitam

404 3189 719 3263 quibus,id
751 3192 860 3256 est,
879 3187 950 3244 ad
983 3188 1125 3259 quid
1153 3185 1494 3243 substitutio
1524 3185 1731 3241 debeat
1759 3183 1883 3240 fieri
1914 3199 2049 3239 cum

406 3279 607 3335 subdit
637 3296 651 3335 :
686 3278 901 3349 Oportet
929 3293 1053 3348 ergo
1082 3293 1153 3332 ea:
1181 3276 1269 3332 his
1300 3276 1436 3332 viris
1458 3276 1555 3346 qui
1598 3275 1883 3330 nobiscum
1921 3279 2053 3329 sunt

403 3369 557 3433 omni
583 3375 818 3439 tempore
847 3366 1256 3436 congregati,ex
1283 3380 1386 3436 quo
1414 3365 1680 3420 Dominus
1705 3364 1860 3419 Iesus
1880 3363 2053 3418 intra-

403 3457 482 3512 vit
510 3462 563 3511 et
586 3457 727 3511 exiit
750 3455 895 3510 inter
918 3470 1040 3521 nos,
1084 3455 1353 3525 incipiens
1399 3470 1433 3508 η
1482 3452 1798 3524 baptismate
1824 3452 2050 3508 Joannis

404 3560 574 3616 usque
601 3545 659 3598 in
689 3542 835 3598 diem
864 3558 973 3614 qua
1000 3549 1310 3614 assumptus
1341 3549 1420 3598 est
1445 3558 1480 3597 a
1523 3542 1699 3607 nobis,
1732 3548 1915 3597 testem
1961 3556 2051 3597 re-

400 3632 758 3688 surrectionis
800 3633 1087 3686 uobiscum
1132 3632 1277 3703 ﬁeri,
1309 3647 1484 3686 unum
1528 3647 1598 3687 ex
1638 3620 1779 3686 istis.
1812 3629 1894 3685 Ex
1934 3628 2050 3698 his,

406 3721 619 3793 inquit,
655 3719 755 3792 qui
788 3718 1095 3775 nobiscum
1129 3722 1286 3776 sunt.
1321 3719 1606 3786 Quoniam
1654 3719 1725 3774 de
1771 3717 2051 3774 fratribus

400 3810 672 3881 ejusdem
704 3809 1170 3883 congregationis
1200 3810 1372 3866 debet
1402 3808 1525 3865 ﬁeri
1547 3806 1828 3873 electio,si
1858 3806 1936 3863 ibi
1970 3806 2051 3863 di-

405 3916 560 3972 gnus
589 3897 775 3971 possit
802 3897 1069 3954 inveniri.
1102 3898 1266 3964 Quod
1296 3900 1492 3970 aperte
1533 3901 1623 3953 est
1667 3900 1868 3953 contra
1896 3895 2049 3963 illos,

406 3988 507 4061 qui
532 3991 768 4060 propter
784 3986 1058 4043 invidiam
1078 4004 1217 4044 suos
1230 3987 1634 4043 bonosfratres
1645 3988 2049 4053 contemnunt,

406 4083 467 4134 et
491 4077 717 4151 eligunt
763 4080 1087 4132 extraneos.
1122 4076 1215 4132 Ait
1244 4093 1402 4149 ergo,
1423 4078 1582 4144 viris,
1615 4074 1895 4148 quoniam
1942 4072 2052 4130 viri

408 4172 529 4223 tam
562 4170 729 4222 aetate
760 4182 937 4237 quam
978 4165 1241 4222 moribus
1269 4166 1482 4221 debent
1510 4165 1567 4221 in
1601 4169 1864 4238 pastores
1893 4162 2050 4238 eligi,

410 4256 565 4312 unde
610 4258 668 4310 et
715 4254 1051 4328 presbyteri,
1076 4255 1133 4310 id
1183 4259 1273 4311 est
1321 4256 1580 4323 seniores,
1614 4256 2050 4327 nuncupantur.

408 4344 571 4411 Quod
602 4348 798 4418 aperte
827 4349 918 4400 est
946 4349 1149 4400 contra
1176 4342 1307 4400 illos
1338 4344 1438 4416 qui
1458 4344 1726 4417 juniores
1756 4346 1922 4398 aetate
1966 4342 2055 4398 vel

2158 3203 2275 3243 non
2307 3190 2728 3261 cognoverunt,
2752 3185 2967 3261 eligere
2996 3189 3385 3259 praesumunt.
3418 3184 3536 3242 Nec
3558 3201 3725 3242 unus
3744 3183 3831 3243 vel

2160 3276 2275 3333 duo
2306 3275 2419 3332 sibi
2447 3274 2730 3333 dilectum
2762 3274 2848 3332 vel
2882 3274 3089 3333 utilem
3118 3276 3213 3332 nsi
3248 3273 3396 3332 forte
3426 3290 3637 3332 omnes
3668 3290 3831 3333 com-

2160 3365 2418 3422 muniter
2447 3363 2622 3421 alicui
2650 3364 2908 3422 honesta
2939 3381 3200 3438 persona
3230 3380 3347 3420 non
3372 3362 3486 3420 sibi
3508 3367 3828 3438 suspecta,

2160 3458 2365 3528 sponte
2415 3470 2789 3509 communem
2843 3453 3241 3510 concesserint
3280 3450 3657 3509 electionem.
3706 3452 3828 3508 Ele-

2158 3547 2371 3617 gerunt
2400 3547 2598 3598 autem
2622 3541 2870 3615 apostoli
2902 3543 3072 3612 duos,
3106 3558 3256 3615 quos
3286 3541 3460 3614 juxta
3504 3540 3827 3597 arbitrium

2160 3648 2335 3689 suum
2365 3630 2587 3687 cmteris
2617 3631 3050 3705 praeponebant,
3065 3647 3317 3702 quorum
3349 3629 3497 3686 alter
3525 3629 3828 3704 cognomi-

2160 3720 2394 3777 natione
2415 3720 2659 3792 justitise
2692 3721 3170 3789 commendatur;
3206 3719 3371 3776 alteri
3404 3735 3539 3775 vero
3560 3718 3637 3774 ad
3672 3734 3828 3775 com-

2158 3810 2596 3867 mendationem
2627 3810 2847 3866 sufﬁcit
2875 3810 3031 3882 quod
3077 3826 3113 3865 a
3157 3807 3405 3865 Domino
3452 3806 3686 3865 electus
3718 3811 3824 3865 est.

2161 3900 2271 3956 Sed
2304 3898 2581 3971 quoniam
2600 3902 2729 3955 uter
2747 3915 2951 3955 eorum
2981 3896 3152 3955 alteri
3182 3897 3613 3972 praeponendae
3640 3901 3822 3964 esset,

2161 3988 2519 4055 nesciebant,
2538 3987 2609 4043 ad
2640 3988 2966 4044 orationem
2995 3987 3365 4060 confugiunt,
3379 3990 3437 4043 et
3466 3986 3659 4042 Deum
3688 4001 3824 4044 con-

2156 4077 2366 4134 sulunt
2393 4076 2654 4133 dicentes
2687 4093 2700 4133 :
2735 4079 2830 4143 Tu,
2850 4079 3094 4146 Domine,
3128 4078 3227 4149 qui
3254 4075 3418 4133 corda
3462 4077 3612 4132 nosti
3644 4076 3826 4133 homi-

2159 4184 2317 4233 num,
2342 4166 2557 4223 ostende
2580 4182 2741 4239 quem
2762 4167 2991 4236 elegeris
3023 4182 3094 4222 ex
3120 4166 3206 4221 his
3234 4164 3465 4233 duobus,
3497 4180 3685 4221 unum
3733 4180 3826 4221 ue-

2160 4257 2339 4328 cipere
2365 4256 2670 4312 ministerii
2697 4256 2863 4328 hujus
2891 4263 2944 4311 et
2972 4255 3333 4328 apostolatus,
3363 4253 3430 4311 de
3469 4269 3576 4326 quo
3602 4269 3826 4327 prm-

2160 4347 2371 4401 ricatus
2416 4353 2495 4401 est
2522 4344 2689 4402 ludas
2745 4352 2809 4401 ut
2852 4345 3029 4402 abiret
3072 4346 3133 4401 in
3186 4344 3364 4400 locum
3388 4358 3571 4399 suum.
3608 4343 3681 4399 In
3714 4357 3827 4418 quo

406 4434 674 4491 moribus
731 4433 956 4507 eligunt
1000 4432 1060 4488 in
1104 4438 1387 4506 pastores,
1420 4450 1554 4489 cum
1608 4433 1738 4505 ipsa
1768 4432 2057 4521 sapientia
2086 4454 2133 4521 Β
2164 4434 2336 4490 nobis
2366 4434 2652 4490 dederunt
2693 4432 3026 4507 exemplum
3074 4436 3140 4489 ut
3187 4431 3530 4489 electionem
3562 4431 3825 4521 celebra-

413 4522 598 4580 Patris
629 4522 913 4578 Dominus
943 4527 1141 4579 noster
1168 4522 1342 4579 Jesus
1372 4521 1659 4590 Christus,
1675 4538 1792 4577 non
1824 4520 1937 4577 nisi
1959 4520 2060 4576 tri-

412 4611 628 4669 cesimo
668 4629 820 4668 anno
848 4612 1099 4668 voluerit
1127 4615 1325 4684 aperte
1354 4611 1669 4684 praedicare
1689 4614 1747 4667 et
1774 4608 2057 4666 Ezechieli

412 4702 707 4775 propheta
753 4718 869 4757 non
920 4700 1033 4758 nisi
1083 4700 1388 4758 tricenario
1419 4699 1601 4774 aperti
1643 4704 1782 4756 sunt
1819 4699 1968 4768 cmli,
2002 4702 2059 4756 et

410 4791 473 4847 in
514 4791 840 4848 canonibus
879 4790 1235 4863 prohibitum
1285 4790 1379 4859 sit,
1412 4789 1527 4847 nisi
1570 4788 1947 4846 triccnarium
1995 4788 2055 4844 in

412 4881 773 4938 sacerdotem
806 4880 1082 4936 ordinari.
1112 4881 1207 4935 Ait
1234 4879 1410 4936 etiam
1439 4897 1509 4937 ex
1536 4881 1620 4936 his
1651 4881 1747 4953 qui
1783 4880 2058 4935 vobiscum

411 4977 543 5026 sunt
596 4972 749 5025 muni
801 4976 1036 5041 tempore
1091 4986 1195 5041 quo
1245 4970 1508 5027 Dominus
1551 4971 1701 5026 Iesus
1749 4969 1981 5024 intravit
2008 4974 2061 5024 et

412 5060 554 5115 exiit
581 5060 725 5114 inter
762 5073 871 5121 vos.
900 5059 1170 5131 incipiens
1218 5077 1253 5115 α
1299 5061 1617 5131 baptismate
1664 5058 1913 5124 Joannis,
1944 5060 2054 5113 etc.

416 5144 700 5213 Quoniam
730 5145 812 5201 illi
848 5145 953 5202 soli
987 5148 1203 5205 debent
1231 5147 1365 5222 eligi
1395 5149 1456 5203 in
1489 5151 1772 5221 pastores,
1804 5145 1902 5219 qui
1932 5144 2058 5202 lon-

415 5253 487 5310 go
518 5239 778 5307 tempore
824 5235 1061 5293 fuerunt
1106 5238 1319 5294 eruditi
1370 5238 1430 5292 in
1484 5234 1685 5294 schola
1720 5240 2057 5293 sanctarum

416 5324 851 5396 Soripturarum
920 5331 979 5383 et
1055 5343 1287 5382 morum
1354 5326 1834 5383 ordinandorum.
1895 5324 2057 5391 Quod

416 5415 614 5487 aperte
643 5418 730 5469 est
756 5419 961 5471 contra
987 5415 1118 5472 illos
1148 5415 1249 5485 qui
1284 5416 1461 5473 rudes
1489 5419 1545 5472 et
1568 5414 1815 5472 novitios
1835 5412 2062 5487 eligunt

414 5501 477 5563 in
506 5506 789 5579 pastores,
824 5520 960 5564 cum
1004 5503 1322 5582 Apostolus
1367 5505 1667 5583 praecipiat
1717 5504 2061 5582 episcopum
2084 5490 2101 5505 ’

2164 4523 2303 4591 turi,
2336 4539 2710 4580 communem
2740 4540 2876 4579 cum
2906 4521 3185 4579 fratribus
3215 4521 3491 4579 omnibus
3530 4520 3826 4579 faciamus

2164 4613 2485 4669 orationem
2512 4613 2585 4668 ad
2616 4612 2904 4680 Deum,ut
2931 4613 3058 4685 ipse
3102 4611 3206 4685 qui
3238 4610 3401 4669 solus
3430 4609 3594 4667 novit
3646 4610 3825 4668 corde

2164 4700 2494 4768 hominum,
2516 4700 2697 4775 eligat
2724 4705 2782 4759 et
2812 4702 3176 4758 demonstret
3222 4717 3399 4774 quem
3441 4700 3515 4756 ad
3556 4699 3824 4756 ministe-

2165 4789 2317 4846 rium
2349 4808 2525 4847 suum
2558 4791 2783 4847 noverit
2813 4790 3002 4864 magis
3024 4791 3292 4865 dignum.
3322 4792 3390 4846 Et
3414 4787 3689 4846 dederunt
3715 4804 3824 4845 sor-

2164 4887 2240 4936 tes
2268 4881 2366 4946 eis,
2396 4888 2449 4937 et
2474 4879 2670 4936 cecidit
2694 4897 2810 4937 sors
2855 4896 3019 4954 super
3047 4879 3362 4949 Matthiam,
3386 4885 3437 4935 et
3481 4894 3823 4935 annumera-

2165 4978 2252 5025 tus
2279 4978 2357 5025 est
2383 4985 2505 5025 cum
2535 4970 2791 5026 undecim
2820 4968 3098 5043 apostolis.
3126 4968 3270 5025 Hinc
3302 4969 3548 5025 sumunt
3576 4966 3821 5040 quidam

2167 5058 2569 5115 auctoritatem
2602 5057 2715 5116 sibi
2745 5057 3019 5116 sumendi
3050 5062 3257 5115 sortes.
3282 5056 3393 5114 Sed
3420 5060 3621 5113 tamen
3655 5071 3822 5112 nove-

2167 5148 2285 5204 rint
2315 5148 2470 5221 quod
2500 5147 2803 5222 privilegia
2833 5163 3152 5222 paucorum
3196 5163 3313 5204 non
3360 5144 3587 5202 faciunt
3631 5144 3819 5218 legem

2166 5252 2563 5293 communem.
2582 5238 2643 5294 Si
2672 5236 3187 5309 tamen‘voluerint
3209 5235 3468 5293 sortibus
3484 5232 3819 5306 uti,faciant

2168 5326 2278 5382 hoc
2304 5327 2464 5400 quod
2504 5325 2755 5399 apostoli
2787 5326 3049 5383 fecerunt
3086 5330 3143 5382 et
3170 5341 3288 5382 non
3316 5323 3431 5382 nisi
3460 5322 3521 5380 in
3548 5336 3817 5380 necessa-

2167 5414 2272 5470 riis
2300 5419 2358 5471 et
2382 5415 2771 5472 dubiis.Alias
2791 5415 3044 5490 graviter
3071 5418 3448 5488 peccant,nec
3465 5416 3815 5471 mercatura

2167 5503 2415 5564 Domino
2445 5504 2774 5565 certitisari.
2794 5503 3056 5583 Apostoli
3074 5502 3347 5582 νοω·ᾳυί
3377 5503 3813 5565 Μαι-αἰων-
