4012 6072
134 341 300 406 1883

1265 332 1646 406 ΗΟΜΠᾸΕη
1681 366 1758 384 -
1785 335 1834 408 Ιν
1881 335 1982 410 ΠΕ
2028 333 2431 404 'I‘EMPORE.

3399 337 3554 398 1354

127 477 230 536 tes
251 471 316 536 in
343 487 409 534 re
434 475 561 532 tam
587 469 919 535 meumr-ia
947 475 1006 530 et.
1035 468 1235 537 dubia,
1267 473 1328 530 et
1357 468 1466 528 hoc
1497 485 1633 532 eum
1662 484 1792 530 (πᾶν
1819 469 1877 548 Α
1907 471 1966 522 et
1992 466 2169 524 odore
2199 483 2442 530 suorum
2472 483 2713 540 operum
2735 470 2793 522 et
2822 481 3074 534 morum,
3101 482 3206 521 nos
3236 466 3558 524 delectatur

126 561 314 630 tione,
345 577 379 620 a
412 557 655 622 Domine
684 557 1098 620 exaudiuntur.
1124 557 1272 620 Nam
1307 557 1584 618 Matthiae
1615 574 1648 614 a
1681 558 1792 616 Deo

126 654 350 712 sortem
382 651 619 722 regente
641 645 864 708 electus
886 651 997 714 est,
1019 651 1074 707 et
1097 649 1522 708 annumeratus
1550 650 1640 708 est
1669 651 1791 706 tam

130 737 346 796 merito
359 753 540 810 quam
565 751 834 805 numero,
847 739 970 794 tam
991 733 1272 796 electione
1289 751 1470 806 quam
1491 738 1792 802 sorte,tam

125 830 421 899 potestate
452 841 630 897 quam
682 822 1031 890 ministerio,
1064 821 1289 884 castoris
1338 821 1640 895 apostolis,
1672 828 1794 880 tam

125 916 192 972 in
223 915 387 974 melis
416 931 594 987 quam
628 913 688 970 in
720 916 892 972 terra.
921 911 1082 976 Unde
1114 911 1396 972 hodierna
1421 912 1512 974 die
1541 913 1611 972 de
1643 917 1796 975 terra

121 1007 654 1078 assumptus,cum
675 1002 898 1066 ceteris
929 999 1214 1072 apostolis
1240 1002 1299 1062 in
1323 999 1467 1058 casio
1499 999 1795 1074 glorifica-

123 1098 403 1162 tus.cum
425 1092 653 1158 eisdem
682 1091 972 1160 mundum
995 1090 1392 1162 judicaturus.
1411 1089 1593 1162 Cujus
1621 1089 1797 1150 meri~

125 1186 262 1241 tum
284 1186 344 1240 et
365 1180 709 1242 intercessio
731 1179 902 1246 faciat
925 1195 1031 1240 nos
1052 1178 1179 1236 vitae
1198 1183 1426 1242 aeternae
1448 1180 1540 1250 adj
1550 1177 1796 1248 udicari,

125 1269 420 1344 largiente
476 1268 724 1336 Domino
772 1271 972 1332 nostro
1020 1267 1161 1330 Jesu
1211 1267 1468 1334 Christo,
1511 1267 1612 1340 qui
1662 1283 1797 1332 cum

136 1359 310 1424 Patre
328 1363 387 1418 et
407 1358 630 1432 Spiritu
660 1361 864 1420 sancto
885 1355 1027 1422 vivit
1047 1360 1103 1416 et
1134 1360 1338 1430 regnat
1361 1356 1519 1418 Deus
1547 1373 1650 1429 per
1680 1372 1800 1416 om-

141 1447 245 1516 nia
271 1447 486 1508 saecula
515 1447 883 1512 saeculorum
915 1447 1119 1508 Amen.

449 1537 564 1602 Vita
591 1536 709 1602 divi
734 1536 985 1601 Malm
1008 1551 1108 1608 per
1137 1536 1484 1596 Dorotheum.

211 1623 290 1750 (6)
323 1622 602 1686 Matthiae
632 1640 767 1684 cum
787 1627 955 1704 esset
976 1640 1130 1688 unus
1151 1640 1222 1704 ex
1243 1622 1616 1704 septuaginta
1636 1621 1806 1684 disci.-

211 1716 215 1750 ι
247 1713 319 1750 is.
355 1700 559 1750 postea
589 1696 865 1750 undecim
913 1694 1199 1750 apostolis
1243 1695 1647 1750 duodecnmus.
1676 1692 1802 1750 loco

180 1692 319 1770 uiis,
355 1700 559 1770 postea
589 1695 865 1770 undecim
913 1694 1199 1770 apostolis
1243 1692 1647 1770 duodecimus,
1676 1692 1802 1770 loco

179 1767 309 1840 udae
340 1764 676 1840 proditoris,
709 1764 1144 1840 Aannumeratus
1184 1771 1273 1821 est
1301 1771 1436 1840 (Act.
1471 1770 1532 1834 ι).
1565 1765 1708 1828 Hinc
1739 1764 1798 1840 in

131 1837 416 1918 interiore
465 1837 779 1918 Atthiopia,
806 1837 1217 1918 ubiHHyssus
1249 1837 1441 1918 maris.
1485 1841 1710 1918 portus,
1746 1839 1804 1918 et
1835 1842 1882 1912 Β

133 1909 350 1967 Phasis
378 1909 596 1966 ﬂuvius
638 1908 749 1975 est,
781 1908 1060 1965 omnibus
1097 1909 1363 1964 barbaris
1393 1913 1450 1964 et
1480 1908 1808 1964 carnivoris

135 1981 912 2108 praedicavitEyangelium.
948 1980 1213 2044 Mortuus
1260 1985 1353 2060 est
1392 1984 1586 2042 autem
1620 1979 1679 2034 in
1711 1978 1808 2044 Se-

177 2051 450 2108 astonoli.
476 2054 672 2108 ibiaue
704 2069 883 2108 prone
916 2050 1204 2108 templum
1237 2050 1390 2108 Solis
1422 2051 1712 2108 sepultus.

177 2051 450 2128 astopcli,
476 2050 883 2131 ibique’prope
916 2050 1204 2126 templum
1237 2050 1390 2108 Solis
1422 2051 1712 2126 sepultus.

915 2157 1031 2218 XV.

449 2264 510 2310 ικ
550 2263 1016 2310 ΑΝΝυΝΤΙΑἮΟΝΕ
1056 2262 1251 2310 ΒΕΑΤᾶ
1287 2262 1504 2306 ΜΛΙιῙΛΕ.

213 2335 540 2406 Egreditur
567 2337 727 2406 uirga
767 2335 833 2400 de
874 2335 1057 2400 radice
1094 2337 1261 2403 leue.
1291 2343 1344 2396 et
1371 2337 1470 2406 ﬂos
1515 2334 1580 2400 de
1627 2335 1810 2400 radice

149 2426 271 2497 ejus
299 2425 548 2490 ascendet
572 2425 697 2497 (Iac.
721 2429 820 2492 xi),
847 2429 956 2484 etc.
980 2425 1083 2486 llis
1114 2424 1329 2490 verbis,
1358 2425 1563 2486 fratres
1591 2422 1810 2480 charis.

144 2514 309 2585 simi,
343 2513 608 2586 praedixit
658 2512 795 2574 olim
851 2513 1034 2578 Isaias
1087 2511 1374 2586 propheta
1402 2511 1699 2576 Christum
1747 2513 1806 2574 in

144 2618 327 2658 carne
354 2607 690 2670 venturum,
715 2601 1027 2664 ostendens
1050 2603 1185 2671 tris,
1219 2601 1441 2664 scilicet
1471 2602 1623 2660 unde
1651 2604 1809 2664 esset

144 2690 457 2758 oriundus,
472 2691 712 2764 quantis
741 2689 914 2752 donis
942 2707 978 2750 ο.
1009 2689 1232 2763 Spiritu
1263 2695 1465 2754 sancto
1496 2693 1649 2748 esset
1679 2688 1809 2750 illu-

145 2779 456 2849 strandus,
477 2782 536 2838 et
563 2776 757 2850 qualis
787 2793 926 2850 erga
968 2776 1116 2842 alios
1147 2781 1302 2838 esset
1340 2777 1597 2842 futurus.
1633 2775 1808 2836 Porro

147 2867 308 2932 unde
351 2871 508 2928 esset
555 2866 840 2928 oriundus
891 2865 1083 2940 primo
1133 2865 1390 2928 ostendit
1434 2882 1567 2924 cum
1617 2863 1806 2932 dicit:

143 2956 470 3032 Egredietur
497 2957 653 3029 virga
680 2956 744 3016 de
775 2954 963 3018 radice
989 2957 1155 3026 Iesse,
1187 2962 1238 3014 et
1260 2955 1360 3024 ﬂos
1388 2954 1454 3014 de
1485 2953 1666 3014 radice
1691 2955 1810 3028 ejus

144 3044 418 3106 ascendet.
449 3043 867 3120 Metaphorice,
906 3044 1116 3106 fratres
1165 3042 1301 3114 mei,
1335 3047 1505 3102 vocat
1552 3043 1810 3112 radicem.

146 3149 353 3196 semen
382 3133 548 3194 Jesse
577 3131 760 3208 patris
791 3132 1005 3201 David;
1028 3131 1252 3206 virgam
1274 3148 1407 3194 vero
1439 3131 1667 3194 beatam
1688 3131 1810 3194 Viis

1902 559 1960 610 et
1986 554 2188 623 allicit,
2218 559 2274 610 et
2305 571 2408 627 spe
2438 555 2746 611 suavitatis
2791 570 2904 626 qua
2957 553 3234 609 fruuntur
3264 553 3447 608 sancti
3499 555 3558 610 in

1903 643 2092 716 patria
2122 661 2229 702 nos
2261 643 2461 700 trahit.
2491 645 2551 699 In
2596 643 2792 700 futuro
2821 659 2954 698 vero
2987 647 3166 715 gustu
3200 658 3318 697 sua:
3351 641 3558 697 inetia-

1903 732 2039 789 hilis
2064 732 2368 790 suavitatis
2402 750 2506 788 nos
2537 733 2594 787 in
2618 737 2902 788 aeternum
2929 732 3186 786 satiabit.
3219 730 3276 785 Si
3301 729 3400 786 illa
3422 731 3563 786 inef-

1905 820 2067 878 fabili
2117 821 2444 886 dulcedine,
2470 821 2678 877 fratres
2738 821 2874 884 mei,
2903 821 2962 876 in
3019 826 3303 875 aeternum
3361 821 3562 877 satiari

1903 909 2195 982 cupimus,
2226 911 2285 966 in
2339 909 2772 982 pulchritudine
2822 911 2951 981 ejus
2999 909 3382 975 admiremur,
3417 913 3470 963 ct
3503 910 3561 963 in

1905 999 2080 1056 odore
2110 1000 2239 1070 ejus
2268 1015 2598 1063 curramus,
2621 1004 2679 1053 et
2709 999 2768 1054 in
2820 1015 2920 1069 spe
2967 997 3292 1063 trahamur,
3329 1003 3562 1053 orantes

1905 1102 2039 1144 cum
2073 1103 2290 1159 sponsa
2321 1091 2377 1142 et
2407 1087 2668 1144 dicentes
2696 1103 2759 1142 ;‹‹
2785 1087 2972 1142 ’l‘rahc
2998 1103 3090 1141 me
3112 1090 3242 1158 post
3272 1089 3344 1153 to,
3372 1102 3566 1140 curre-

1906 1191 2040 1234 mus
2071 1175 2129 1230 in
2161 1175 2336 1232 odore
2359 1180 2794 1248 unguentorum
2825 1179 3060 1231 tuorum
3086 1176 3266 1248 (Cant.
3292 1175 3390 1247 1).»
3415 1175 3562 1230 Con-

1904 1263 2200 1322 venienter
2231 1269 2428 1328 autem
2461 1264 2540 1320 ait
2565 1281 2578 1320 :
2604 1266 2668 1320 Et
2693 1266 2791 1336 ﬂos
2819 1265 2884 1320 de
2912 1265 3095 1322 radice
3131 1267 3248 1338 ejus
3294 1265 3562 1333 ascendet,

1907 1353 2188 1427 quoniam
2221 1370 2336 1412 non
2369 1353 2442 1408 de
2472 1353 2706 1410 insitivo
2735 1353 2992 1422 surculo,
3019 1355 3119 1410 sed
3153 1355 3224 1410 de
3245 1353 3370 1409 sola
3391 1369 3564 1408 carne

1906 1439 2166 1514 Virginis
2198 1441 2325 1499 sine
2380 1457 2553 1516 opere
2584 1441 2735 1497 virili
2785 1446 3101 1516 conceptus
3158 1447 3248 1498 est
3276 1441 3560 1498 Christus.

1909 1529 2330 1592 Convenienter
2360 1547 2595 1604 quoque
2645 1531 2746 1598 ait,
2791 1531 3058 1598 ascendet,
3095 1531 3372 1604 quoniam
3403 1531 3566 1586 Chri-

1911 1623 2040 1682 stus
2071 1619 2281 1678 merito
2313 1619 2669 1676 humilitatis
2699 1619 3071 1676 altitudinem
3098 1621 3330 1676 virtutis
3361 1636 3566 1676 ascen-

1911 1707 2015 1776 dit,
2041 1725 2157 1765 non
2187 1707 2379 1764 solum
2413 1712 2476 1766 ut
2505 1713 2661 1764 esset
2705 1714 2882 1782 caput
2929 1709 3110 1765 totius
3139 1708 3428 1777 Ecclesiae,
3463 1709 3566 1764 sed

1911 1796 2089 1860 etiam
2119 1797 2382 1862 ascendit
2413 1812 2590 1871 super
2619 1796 2924 1854 cherubim
2958 1803 3015 1853 et
3047 1798 3341 1870 seraphim
3373 1802 3430 1854 et
3459 1814 3564 1852 su-

1912 1902 2015 1960 per
2045 1885 2220 1950 coelos
2251 1885 2526 1944 cmlorum
2579 1903 2764 1958 usque
2797 1887 2872 1942 ad
2913 1888 3102 1943 Patris
3150 1886 3563 1959 mqualitatem,

1913 1975 2082 2038 nobis
2103 1973 2437 2049 relinquens
2460 1975 2792 2048 exemplum
2822 1980 2886 2032 ut
2906 1993 3234 2032 mereamur
3254 1975 3567 2032 ascendere

1914 2065 1985 2128 ad
2016 2063 2294 2122 caelorum
2327 2063 2719 2121 altitudinem.

1985 2152 2228 2220 Quantis
2274 2155 2468 2210 autem
2501 2153 2670 2211 donis
2703 2171 2737 2210 a
2781 2154 3000 2227 Spiritu
3050 2158 3252 2211 sancto
3302 2159 3458 2211 esset
3505 2153 3570 2208 il-

1914 2240 2258 2298 lustrandus
2287 2243 2564 2314 ostendit,
2598 2260 2732 2300 cum
2765 2245 2964 2300 subdit
2999 2261 3010 2300 :
3051 2251 3113 2302 Et
3148 2247 3443 2316 requiescet
3469 2261 3569 2299 su-

1909 2347 2010 2403 per
2038 2347 2163 2388 eum
2191 2332 2435 2404 Spiritus
2475 2335 2718 2388 Domini.
2752 2333 2877 2389 Non
2911 2333 3101 2388 solum
3132 2335 3288 2390 enim
3318 2333 3569 2406 Spiritus

1916 2424 2180 2487 sanctus,
2215 2419 2315 2482 sed
2365 2420 2541 2476 etiam
2600 2425 2723 2477 tota
2781 2421 3039 2477 Trinitas
3072 2423 3130 2477 in
3165 2421 3400 2478 homine
3429 2421 3570 2477 Jesu

1915 2508 2141 2566 Christo
2170 2509 2506 2582 requiescit,
2536 2509 2592 2566 id
2625 2515 2712 2566 est
2741 2515 3040 2582 gratanter
3070 2511 3341 2583 quiescit.
3378 2512 3440 2565 ln
3471 2527 3570 2565 ca:-

1916 2598 2059 2662 teris
2090 2598 2307 2671 quippe
2355 2597 2696 2655 hominibus
2746 2599 2969 2670 aliquid
3001 2605 3090 2655 est
3128 2601 3283 2672 quod
3333 2599 3450 2655 Deo
3480 2600 3570 2654 di-

1917 2686 2151 2760 splicet;
2183 2686 2244 2744 in
2275 2686 2504 2744 Christo
2562 2691 2757 2748 autem
2816 2687 2964 2742 nihil
3020 2692 3110 2744 est
3148 2689 3237 2744 vel
3269 2689 3379 2744 fuit
3409 2689 3567 2760 quod

1917 2775 2034 2844 Deo
2064 2774 2492 2848 beneplacitum
2546 2792 2661 2832 non
2711 2775 2807 2844 sit,
2841 2780 2988 2832 teste
3036 2781 3204 2833 Patre
3235 2778 3334 2849 qui
3383 2777 3452 2833 de
3499 2794 3565 2834 eo

1917 2864 2062 2924 dixit
2093 2881 2142 2919 ;‹‹
2177 2863 2280 2922 Hic
2328 2869 2416 2925 est
2448 2863 2628 2922 Filius
2660 2881 2828 2922 meus
2859 2865 3131 2935 dilectus,
3162 2865 3221 2922 in
3271 2881 3385 2937 quo
3416 2866 3564 2921 mihi

1918 2954 2063 3014 bene
2092 2952 2419 3026 complacui
2441 2955 2661 3024 (Matth.
2687 2954 2829 3026 iu).»
2851 2955 2968 3010 Nos
3000 2970 3157 3027 ergo,
3191 2956 3396 3012 fratres
3427 2954 3562 3023 mei,

1918 3059 2091 3103 omne
2120 3043 2276 3115 quod
2327 3041 2443 3098 Deo
2493 3041 2764 3115 displicet
2809 3043 3188 3098 excludamus
3221 3059 3256 3099 a
3281 3041 3466 3098 nobis.
3504 3042 3564 3098 Si

1917 3130 2186 3194 volumus
2218 3131 2374 3203 quod
2415 3130 2570 3188 Deus
2607 3132 2936 3204 requiescat
2965 3133 3024 3188 in
3059 3132 3248 3200 nobis,
3281 3132 3566 3189 evitemus

144 3219 444 3300 ginem,et
471 3221 673 3282 ﬂorem
694 3221 1017 3284 Christum.
1041 3220 1227 3285 Radix
1249 3220 1465 3294 quippe
1483 3225 1572 3278 est
1601 3219 1721 3280 ima
1750 3223 1808 3282 et
1836 3209 1880 3280 C
1917 3224 2155 3294 peccata
2184 3236 2287 3292 per
2317 3236 2443 3292 qua:
2489 3219 2644 3276 Deus
2683 3224 2974 3277 excutitur
3003 3238 3037 3276 a
3067 3221 3256 3276 nobis.
3291 3220 3568 3292 Sequitur

146 3307 380 3377 occulta
401 3308 459 3368 in
486 3313 662 3385 terra,
687 3314 743 3370 et
765 3315 960 3370 tamen
983 3327 1051 3374 ex
1072 3327 1140 3370 ea
1169 3308 1358 3382 surgit
1377 3309 1552 3368 arbor
1573 3325 1805 3382 magna.

147 3395 246 3460 Sic
277 3397 458 3472 stirps
486 3398 652 3464 Jesse
683 3398 796 3460 fuit
822 3397 944 3462 ima
993 3403 1051 3465 et
1100 3396 1348 3463 occulta,
1376 3397 1654 3471 quoniam
1686 3395 1807 3472 ple~

148 3485 300 3546 heus
320 3491 445 3550 erat
464 3487 649 3555 Jesse,
675 3487 733 3550 id
763 3492 852 3546 est
883 3486 1105 3550 nullius
1137 3486 1485 3554 nominis,et
1515 3489 1711 3548 tamen
1742 3501 1810 3548 ex

147 3591 218 3632 eo
249 3579 390 3638 nata
415 3579 507 3634 est
535 3575 749 3654 regalis
778 3575 951 3636 linea.
978 3576 1045 3633 Et
1067 3576 1223 3638 sicut
1252 3575 1574 3636 nesciretur
1592 3573 1691 3636 ubi
1719 3590 1808 3636 es-

148 3667 241 3722 set
269 3663 456 3731 radix,
480 3663 594 3724 nisi
624 3669 862 3743 propter
887 3665 1157 3726 arborem
1189 3663 1326 3721 inde
1347 3668 1704 3737 surgentem,
1730 3663 1813 3728 ita

149 3751 316 3812 nulla
343 3751 555 3810 notitia
587 3757 744 3816 esset
762 3753 835 3812 de
863 3753 1050 3821 Jesse,
1075 3752 1191 3816 nisi
1222 3768 1326 3826 per
1347 3751 1566 3825 regiam
1597 3751 1810 3816 lineam

147 3857 220 3900 ex
253 3857 321 3897 eo
353 3840 784 3914 procedentem.
802 3841 982 3917 Virga
1003 3857 1239 3919 quoque
1261 3845 1351 3902 est
1375 3839 1571 3916 plana,
1597 3841 1811 3916 virens,

149 3933 314 3996 recta
334 3933 392 3988 et
412 3929 684 3988 rotunda.
709 3928 804 3991 Sic
832 3929 1006 3992 beata
1020 3929 1196 4006 Virgo
1218 3928 1330 3987 fuit
1357 3928 1533 4002 plana
1552 3929 1624 3988 ah
1651 3929 1812 3990 omni

147 4017 306 4078 nodo
327 4016 624 4086 vitiorum,
645 4018 761 4080 fuit
779 4017 974 4079 virens
999 4018 1158 4080 omni
1181 4016 1371 4082 virore
1393 4016 1816 4094 virtutum,iuit

151 4111 314 4166 recta
345 4106 698 4166 rectitudine
727 4105 1094 4178 intentionis,
1125 4105 1236 4166 fuit
1266 4106 1517 4162 rotunda
1544 4105 1814 4170 rotundi-

151 4199 271 4256 tate
293 4195 694 4270 perfectionis.
716 4196 782 4256 In
802 4195 941 4258 ﬂore
957 4212 1092 4253 vero
1109 4199 1248 4254 sunt
1271 4195 1400 4266 tria,
1417 4193 1812 4272 pulchritudo,

152 4284 301 4342 odor
331 4288 388 4343 et
431 4301 587 4358 spes.
623 4284 688 4344 In
732 4285 968 4347 Christo
1000 4301 1234 4361 quoque
1285 4284 1394 4342 fuit
1441 4281 1815 4360 pulchritudo

153 4371 422 4434 omnium
454 4371 761 4436 virtutum,
791 4373 955 4434 Unde
978 4374 1048 4436 de
1070 4390 1136 4432 eo
1160 4373 1446 4446 scriptum
1479 4377 1568 4432 est
1597 4389 1646 4428 :u
1681 4373 1818 4446 Spe-

153 4461 352 4520 ciosus
397 4461 586 4520 forma
617 4479 733 4536 prae
766 4461 906 4522 ﬁliis
956 4462 1261 4526 hominum
1284 4461 1458 4530 (Psat.
1491 4465 1662 4528 XLIV).
1689 4483 1716 4512 ››
1753 4462 1815 4520 In

153 4549 284 4623 ipso
315 4566 549 4626 quoque
576 4551 690 4610 fuit
721 4551 864 4614 odor
894 4551 1160 4614 omnium
1189 4551 1477 4608 bonarum
1508 4549 1809 4618 virtutum.

155 4634 319 4696 Unde
350 4637 420 4694 de
451 4654 516 4696 eo
548 4637 834 4714 scriptum
887 4643 977 4698 est
1002 4656 1050 4695 to
1074 4639 1220 4696 Ecce
1259 4640 1401 4695 odor
1450 4637 1556 4694 filii
1588 4638 1701 4700 mei
1734 4639 1813 4694 si-

155 4728 258 4787 cut
287 4725 431 4786 odor
474 4725 599 4806 agri
648 4726 826 4802 pleni,
859 4727 954 4788 eui
1002 4727 1301 4790 benedixit
1342 4727 1630 4784 Dominus
1660 4727 1812 4796 (Gen.

154 4814 392 4885 εγω.»
413 4815 483 4872 Et
527 4813 588 4872 in
639 4815 948 4894 Evangelio
993 4816 1249 4890 legimus
1299 4815 1580 4888 quoniam
1615 4837 1643 4874 ςι
1675 4816 1822 4882 abiit

155 4901 357 4976 opinio
397 4904 526 4974 ejus
579 4921 683 4976 per
740 4909 923 4966 totam
970 4905 1268 4982 regionem
1321 4905 1525 4978 (Matth.
1561 4906 1660 4979 ιν).
1692 4929 1719 4955 ››
1755 4907 1815 4966 In

157 4990 290 5068 ipso
305 4991 486 5052 etiam
510 4993 622 5053 fuit
643 4998 808 5054 etest
837 5011 972 5072 spes
1003 4995 1229 5054 fructus
1260 4995 1479 5051 aeterni.
1502 4994 1663 5054 Unde
1693 4994 1819 5068 ipse

157 5083 403 5136 vocatur
459 5098 493 5137 a
550 5081 850 5155 prophetis
921 5083 1290 5156 Exspectatio
1351 5083 1616 5158 gentium
1666 5084 1815 5156 (Gen.

157 5171 333 5238 χιιι),
365 5174 422 5232 et
461 5169 839 5231 Desideratus
889 5171 1124 5234 cunctis
1181 5172 1470 5248 gentibus
1517 5173 1674 5243 (Agg.
1731 5177 1817 5242 ιι).

161 5256 340 5314 Porro
360 5263 498 5316 tunc
519 5264 761 5318 vocatur
792 5260 932 5330 ﬂos;
955 5279 1114 5322 nunc
1134 5265 1377 5318 vocatur
1397 5261 1642 5322 fructus.
1669 5266 1819 5328 Quo-

161 5345 326 5405 niam
359 5346 484 5420 ipse
513 5347 615 5420 qui
647 5348 818 5408 nobis
848 5354 938 5410 est
985 5351 1094 5408 ﬂos
1123 5351 1184 5406 in
1224 5350 1338 5417 via,
1361 5348 1476 5410 erit
1506 5349 1731 5406 fructus
1762 5350 1821 5408 in

165 5433 379 5514 patria,
395 5435 566 5497 Nunc
593 5437 752 5500 enim
784 5437 1220 5512 pulchritudine
1249 5454 1496 5502 suarum
1517 5438 1822 5510 virtutum,

232 5611 313 5688 (6)
345 5609 587 5686 EUSIB.,
621 5612 725 5676 lib.
757 5618 815 5688 2,
845 5632 967 5698 cap.
999 5617 1054 5689 4,
1083 5605 1235 5679 Hist.
1267 5616 1480 5689 eccles‘
1589 5659 1598 5668 .

498 5741 771 5810 Paraon.
814 5742 987 5810 CLV.

1917 3310 1977 3366 in
2009 3313 2169 3366 textu
2205 3325 2217 3364 :
2258 3307 2502 3381 Spiritus
2547 3311 2838 3382 sapientia:
2881 3319 2933 3368 et
2983 3311 3307 3379 intellectus,
3339 3311 3568 3382 spiritu:

1915 3398 2138 3456 consilii
2165 3405 2217 3453 et
2242 3398 2614 3470 fortitudinis,
2646 3401 2874 3471 spiritus
2929 3400 3180 3456 scientiae
3235 3406 3286 3455 et
3330 3400 3566 3471 pietatis,

1917 3495 1968 3548 et
1988 3486 2214 3559 replebit
2235 3502 2357 3542 eum
2376 3488 2606 3558 spiritus
2625 3489 2840 3544 timoris
2859 3491 3110 3544 Domini.
3127 3487 3288 3543 Unus
3304 3492 3392 3544 est
3413 3487 3570 3542 enim

1919 3575 2186 3650 spiritus,
2221 3575 2322 3631 sed
2353 3575 2580 3631 diversa
2635 3579 2772 3632 sunt
2817 3575 2944 3647 ejus
2993 3577 3165 3632 dona.
3200 3577 3308 3643 Qui
3359 3593 3571 3632 nomen

1921 3681 2095 3724 suum
2129 3663 2300 3722 donis
2332 3663 2456 3720 suis
2487 3663 2615 3720 ideo
2638 3664 2865 3733 tribuit,
2891 3667 3168 3737 quoniam
3195 3683 3262 3722 ea
3292 3665 3350 3720 in
3375 3665 3571 3737 aliquo

1921 3771 2228 3827 nunquam
2267 3751 2636 3826 derelinquit.
2654 3753 2760 3820 Qui
2778 3753 2934 3809 enim
2958 3754 3134 3810 habet
3151 3756 3302 3810 dona
3319 3755 3572 3827 Spiritus

1921 3843 2129 3912 sancti,
2157 3841 2334 3900 habet
2356 3841 2638 3915 Spiritum
2661 3846 2954 3912 sanctum,
2977 3846 3034 3900 (.t
3058 3843 3158 3914 qui
3189 3843 3364 3899 habet
3394 3843 3574 3916 Spiri-

1919 3937 2049 4000 tum
2071 3936 2366 3997 sanctum,
2382 3931 2558 3988 habet
2578 3933 2705 4004 ejus
2727 3931 2899 3998 dona,
2919 3932 3242 4005 praesertim
3265 3949 3398 3988 cum
3426 3930 3570 3990 nihil

1919 4020 2080 4082 aliud
2104 4020 2181 4076 sit
2204 4020 2486 4093 Spiritum
2509 4025 2777 4078 sanctum
2801 4020 3228 4094 habere,quam
3260 4023 3388 4094 ejus
3419 4021 3572 4076 dona

1921 4108 2158 4166 habere.
2183 4108 2357 4164 Porro
2379 4108 2437 4162 in
2463 4108 2708 4166 Domino
2732 4113 2934 4165 nostro
2966 4115 3106 4167 sunt
3135 4116 3382 4183 septem,
3404 4110 3461 4164 id
3484 4112 3573 4165 est

1923 4197 2124 4260 omnia
2152 4197 2305 4252 dona
2325 4196 2582 4268 Spiritus
2613 4197 2822 4252 sancti.
2843 4198 3051 4254 Omnia
3071 4198 3284 4270 quippe
3308 4198 3482 4253 habet
3509 4196 3570 4252 in

1924 4285 2337 4360 potestate,qui
2359 4301 2426 4340 ea
2448 4285 2538 4341 cui
2562 4285 2686 4341 vult
2706 4291 2896 4358 potest
2918 4288 3076 4356 dare,
3101 4288 3202 4342 sed
3233 4287 3287 4342 in
3315 4305 3424 4343 usu
3456 4304 3571 4343 non

1923 4375 2120 4443 habet,
2154 4373 2267 4430 nisi
2297 4389 2364 4430 ea
2393 4391 2518 4447 quae
2551 4379 2781 4447 oportet
2810 4391 2944 4430 eum
2977 4375 3208 4431 habere.
3231 4375 3574 4431 Pmnitentia

1925 4463 2081 4520 enim
2129 4467 2186 4519 et
2232 4462 2542 4518 refrenatio
2599 4463 2863 4518 libidinis
2913 4468 3054 4519 sunt
3109 4464 3264 4519 dona
3321 4463 3572 4536 Spiritus

1926 4553 2277 4626 sancti,quae
2303 4551 2571 4608 Christus
2603 4552 2660 4606 in
2693 4569 2754 4608 se
2785 4569 2901 4608 non
2933 4552 3128 4621 habet,
3153 4552 3430 4624 quoniam
3459 4569 3573 4606 non

1921 4645 2164 4714 oportet.
2187 4641 2447 4696 Primum
2474 4640 2695 4696 donum
2721 4651 2805 4698 est
2830 4641 3119 4714 sapientia
3138 4641 3486 4707 divinorum,
3512 4644 3578 4694 ut

1922 4731 2128 4792 notitia
2159 4729 2442 4785 trinitatis
2472 4728 2530 4783 in
2564 4729 2805 4799 unitate,
2839 4737 2896 4786 et
2932 4730 3172 4786 unitatis
3204 4731 3263 4785 in
3294 4729 3572 4794 trinitate,

1925 4823 1981 4875 et
2010 4819 2219 4876 notitia
2269 4818 2602 4874 divinorum
2655 4823 2999 4883 seretorum,
3057 4818 3262 4874 notitia
3317 4817 3572 4886 creandi,

1926 4905 2325 4973 conservandi,
2354 4904 2738 4977 propagandi,
2772 4909 2829 4960 et
2870 4889 3232 4977 gubernandi
3282 4905 3573 4960 universa.

1927 4994 2089 5060 Quod
2121 4995 2342 5049 donum
2377 4994 2510 5066 quis
2543 4993 2732 5066 magis
2775 4994 2984 5050 habuit
3013 5011 3189 5066 quam
3235 4995 3330 5050 ille
3361 4994 3461 5067 qui
3491 5011 3578 5050 es-

1928 5082 2249 5139 sentialiter
2268 5087 2356 5139 est
2387 5083 2676 5155 sapientia
2697 5083 2797 5137 Dei
2822 5083 3030 5152 Patris,
3055 5089 3112 5140 et
3133 5084 3232 5156 qui
3255 5101 3388 5140 cum
3413 5085 3578 5140 Patre

1929 5172 2002 5228 ab
2032 5177 2246 5228 aeterno
2290 5173 2488 5228 omnia
2533 5171 2846 5244 disposuit,
2879 5178 2937 5229 et
2985 5173 3045 5228 in
3093 5178 3353 5246 tempore
3384 5173 3581 5229 omnia

1930 5265 2105 5328 creat,
2131 5265 2432 5316 conservat
2456 5265 2514 5316 et
2545 5261 2730 5334 regit?
2751 5263 2821 5317 Et
2851 5266 3046 5318 tamen
3079 5263 3236 5319 istud
3269 5265 3487 5319 donum
3519 5263 3579 5317 in

1929 5355 2192 5422 tempore
2221 5353 2568 5420 accepturus
2599 5350 2832 5420 dicitur,
2860 5353 3136 5423 quoniam
3170 5354 3324 5426 quod
3355 5356 3477 5408 erat
3505 5350 3578 5421 ei,

1933 5439 2261 5501 secundum
2293 5439 2449 5514 quod
2477 5439 2633 5498 Deus
2664 5445 2874 5500 natura
2902 5446 3010 5514 est,
3036 5443 3256 5500 factum
3287 5447 3376 5500 est
3404 5442 3456 5498 ei
3486 5458 3582 5498 se-

1956 5808 1970 5837 ι
2169 5825 2176 5829 .
3187 5748 3267 5831 ‘3.
