3980 6084
448 343 602 408 1355

1719 336 2130 406 ΒΑΒΗΕΡΗῘ
2163 330 2430 404 ARDEN
2436 340 2580 404 TIS.

3695 341 3858 405 i380

445 477 705 532 cundum
737 477 892 548 quod
923 481 1010 532 est
1053 476 1226 532 homo
1259 474 1464 549 gratia.
1491 475 1824 532 Secundum
1868 475 2088 530 donum
2118 472 2178 542 Α
2203 476 2260 529 et
2288 471 2576 541 dicamus,
2600 470 2847 528 Domine
2870 487 2884 527 :
2907 469 3159 528 immitte
3179 471 3239 528 in
3261 471 3439 530 corda
3459 475 3660 532 nostra
3685 473 3863 533 timO'

445 570 533 621 est
563 565 892 621 intellectus
935 565 1318 632 occultorum,
1349 570 1410 620 ut
1455 563 1724 621 videlicet
1769 563 2095 636 intelligere

445 654 673 710 occulta
710 655 996 723 cordium,
1022 655 1252 710 occulta
1299 655 1652 722 futurorum,
1677 653 1906 710 occulta
1935 653 2092 710 Scri-

444 748 772 816 pturarum,
807 743 1034 800 occulta
1080 743 1409 799 absentium
1459 748 1517 799 et
1565 742 1966 809 invisibilium,
1993 741 2094 814 qui

448 832 678 904 proprie
704 832 946 904 spiritus
977 831 1292 904 prophetiae
1325 836 1516 904 potest
1537 831 1668 887 dici.
1691 831 1852 898 Quod
1875 832 2095 886 donum

450 920 580 993 quis
613 920 798 994 magis
829 920 1034 976 habuit
1055 938 1232 993 quam
1262 921 1359 976 ille
1381 921 1480 994 qui
1512 921 1769 976 occultas
1786 919 2093 993 cogitatio-

450 1027 554 1066 nes
575 1009 911 1081 iniquorum
932 1009 1266 1066 Judaeorum
1291 1010 1505 1083 arguit,
1521 1015 1577 1066 et
1599 1011 1796 1066 futura
1815 1015 1872 1066 et
1894 1009 2098 1065 absen-

449 1098 532 1155 tia
553 1102 834 1170 tanquam
858 1098 1148 1171 praeterita
1169 1098 1460 1154 narravit?
1485 1099 1622 1155 Inde
1653 1103 1743 1155 est
1774 1099 1926 1171 quod
1962 1114 2095 1170 pro-

449 1187 644 1260 pheta,
671 1187 787 1242 imo
819 1187 1102 1244 Dominus
1141 1188 1557 1260 prophetarum
1585 1191 1842 1244 vocatur.
1870 1187 2096 1259 Moyses

449 1277 606 1334 enim
637 1278 708 1332 de
739 1294 805 1333 eo
837 1277 953 1332 ait:
981 1300 1008 1327 «
1037 1277 1383 1349 Prophetam
1417 1277 1727 1334 suscitabit
1749 1276 1914 1332 vobis
1945 1275 2098 1332 Deus

451 1366 522 1422 de
552 1366 832 1422 fratribus
862 1367 1072 1423 vestris
1103 1369 1278 1434 (Deut.
1309 1366 1488 1437 XVIII).
1515 1390 1542 1416 ››
1566 1368 1634 1422 Et
1658 1366 1718 1421 in
1735 1363 2046 1439 Evangelia
2081 1381 2095 1420 :

451 1478 480 1506 ‹‹
504 1455 608 1511 Hic
630 1460 719 1511 est
739 1471 867 1512 vere
901 1455 1179 1528 propheta
1201 1455 1302 1527 qui
1322 1460 1602 1512 venturus
1623 1455 1785 1511 estin
1807 1455 2098 1510 mundum

450 1549 636 1615 (Joan.
655 1547 792 1614 v1).»
811 1545 1072 1600 Tertium
1089 1546 1310 1601 donum
1333 1549 1422 1600 est
1443 1543 1750 1601 consilium
1773 1543 1928 1599 inter
1956 1543 2102 1598 insi-

451 1631 578 1689 dias
611 1637 664 1688 et
704 1633 963 1705 pericula
1007 1633 1184 1704 hujus
1234 1633 1459 1688 mundi.
1486 1633 1648 1700 Quod
1699 1633 1918 1688 donum
1969 1629 2102 1703 quis

452 1721 641 1794 magis
662 1721 867 1776 habuit
889 1739 1065 1793 quam
1091 1721 1187 1777 ille
1209 1721 1308 1794 qui
1331 1721 1588 1778 humano
1609 1721 1804 1795 generi
1823 1721 1893 1777 de
1915 1719 2102 1776 salute

451 1810 782 1882 desperanti
832 1810 1143 1866 consilium
1179 1811 1357 1880 dedit,
1381 1816 1438 1866 et
1467 1810 1568 1883 qui
1601 1810 1858 1882 quotidie
1906 1809 2103 1864 incon-

451 1899 622 1955 sultis
654 1898 949 1954 consulit?
983 1900 1218 1972 Propter
1265 1900 1374 1956 hoc
1422 1899 1578 1955 enim
1612 1897 2039 1955 antonomatice
2069 1915 2104 1953 a

451 1988 732 2062 propheta
757 2011 784 2038 «
817 1987 1208 2060 consiliarius,
1230 1993 1286 2044 et
1312 1989 1557 2061 angelus
1590 1989 1785 2061 magni
1819 1987 2098 2043 consilii»

453 2082 971 2150 ηυηουρίιὶυνζιδα.
1007 2081 1104 2146 1x).
1130 2079 1413 2143 Quartum
1446 2077 1664 2132 donum
1697 2081 1786 2132 est
1823 2075 2102 2132 fortitudo

452 2167 760 2222 resistendi
809 2166 1314 2240 persecutionibus
1354 2171 1410 2221 et
1452 2165 1872 2220 tentationibus
1921 2165 2102 2237 hujus

453 2256 678 2311 mundi.
709 2257 869 2322 Quod
902 2258 1120 2310 donum
1155 2255 1290 2327 quis
1329 2255 1517 2328 magis
1562 2255 1765 2309 habuit
1798 2271 1976 2326 quam
2008 2254 2102 2309 ille

455 2343 552 2416 qui
586 2343 902 2400 diabolicae
934 2343 1283 2400 tcntationes
1313 2349 1370 2398 et
1411 2343 1844 2416 persecutiones
1871 2342 2104 2416 penitus

453 2432 766 2504 superavit,
793 2433 977 2488 aerias
1025 2437 1344 2504 potestates
1391 2432 1722 2500 debellavit,
1745 2433 1952 2488 fortem
2007 2450 2104 2487 ar-

453 2527 681 2577 matum
705 2521 979 2594 alligavit,
997 2526 1053 2577 ct
1075 2521 1272 2577 omnia
1291 2539 1431 2577 vasa
1461 2523 1588 2593 ejus
1611 2521 1929 2576 distribuit.
1965 2521 2105 2577 Pro-

453 2614 583 2682 pter
611 2609 719 2665 hoc
751 2609 926 2676 enim,
953 2633 980 2660 ‹‹
1005 2610 1157 2666 Deus
1189 2610 1355 2666 fortis
1377 2614 1432 2665 ct
1455 2608 1737 2666 Dominus
1766 2608 2048 2664 virtutum
2076 2631 2104 2658 ››

457 2715 492 2755 a
519 2698 804 2771 propheta
834 2698 1165 2772 appellatur
1195 2699 1322 2772 (Isa.
1356 2707 1416 2768 1).
1450 2698 1734 2764 Quintum
1767 2698 1986 2753 donum
2019 2700 2109 2752 est

459 2787 703 2844 scientia
723 2787 1091 2843 discernendi
1113 2787 1385 2843 virtutem
1415 2804 1449 2842 a
1474 2786 1635 2856 vitio,
1657 2803 1858 2842 verum
1883 2803 1917 2841 a
1937 2785 2102 2842 falso.

459 2877 680 2932 bonum
712 2894 744 2932 a
789 2877 1220 2949 malo,justum
1270 2877 1342 2932 ab
1403 2876 1646 2946 injuste.
1671 2877 1833 2942 Quod
1885 2875 2106 2930 donum

458 2965 690 3038 proprie
738 2965 1010 3021 discretio
1059 2965 1373 3038 spirituum
1412 2965 1644 3019 dicitur.
1679 2965 1840 3030 Quod
1885 2965 2105 3020 donum

459 3055 593 3126 quis
623 3055 809 3128 magis
841 3055 1048 3110 habuit
1073 3071 1250 3126 quam
1283 3053 1380 3109 ille
1409 3054 1510 3126 qui
1542 3075 1569 3104 «
1597 3053 1970 3110 scientiarum
2000 3054 2108 3110 Do-

458 3144 658 3200 minus
689 3149 777 3199 est
805 3145 854 3214 (Ι
873 3146 1001 3214 Reg.
1035 3148 1120 3214 ΙΙ),
1152 3167 1179 3193 ››
1214 3148 1270 3199 et
1301 3165 1329 3194 ‹‹
1361 3143 1462 3215 qui
1512 3147 1808 3199 scrutatur
1854 3159 2021 3199 renes
2051 3146 2108 3199 et

2206 578 2326 617 rem
2359 560 2616 618 nominis
2652 561 2760 630 tui,
2793 565 2877 630 ut,
2909 563 3146 634 propter
3187 565 3268 630 te,
3299 566 3534 634 peccata
3561 567 3620 620 et
3647 580 3860 622 omnes

2204 649 2602 724 turpitudines
2624 650 2931 706 evitemus.
2952 651 3060 706 Sed
3084 650 3224 723 quia
3247 649 3358 708 hoc
3379 669 3496 708 non
3517 652 3762 723 sufficit,
3785 655 3862 711 da

2204 740 2380 796 etiam
2431 738 2620 809 nobis,
2659 738 2924 807 Domine,
2947 739 3220 813 spiritum
3268 739 3520 813 pietatis,
3554 746 3623 798 ut
3669 743 3861 800 simus

2205 827 2286 901 pii
2317 828 2377 883 in
2411 832 2468 884 te
2496 833 2554 884 et
2585 828 2643 883 in
2675 827 2969 901 proximos
3001 834 3252 898 nostros,
3273 833 3331 885 te
3361 847 3540 904 super
3559 831 3784 899 omnia,
3806 838 3860 890 et

2206 917 2501 990 proximos
2545 916 2696 974 sicut
2743 933 2850 973 nos
2898 905 3228 990 diligentes.
3252 918 3366 975 Sed
3417 920 3699 992 quoniam
3731 921 3857 994 qui-

2205 1006 2341 1062 dam
2374 1006 2591 1062 habent
2619 1006 2810 1063 zelum
2839 1007 2961 1075 Dei,
2995 1007 3096 1064 sed
3136 1024 3254 1064 non
3285 1009 3611 1066 secundum
3663 1010 3858 1068 scien-

2204 1095 2462 1162 tiam,da
2490 1112 2725 1168 quoque
2759 1095 2947 1165 nobis,
2973 1095 3239 1164 Domine,
3271 1096 3544 1170 spiritum
3577 1098 3855 1167 scientiis,

2206 1188 2272 1240 ut
2293 1184 2554 1240 sciamus
2576 1184 2671 1240 cui
2703 1185 2996 1258 pietatem,
3011 1189 3068 1241 et
3088 1184 3182 1241 cui
3207 1186 3625 1245 correctionem
3649 1189 3857 1246 debea-

2208 1289 2362 1329 mus.
2393 1273 2502 1330 Sed
2534 1273 2812 1346 quoniam
2843 1273 3084 1346 quidam
3115 1273 3329 1346 sciunt,
3361 1277 3461 1333 sed
3494 1281 3697 1334 tamen
3726 1294 3857 1352 pro-

2208 1367 2338 1435 pter
2363 1361 2912 1435 pusillanimitatem
2940 1379 3069 1436 quae
3101 1363 3296 1420 sciunt
3325 1364 3593 1422 facienda
3622 1367 3856 1440 aggredi

2211 1468 2326 1508 non
2359 1451 2596 1520 audent,
2621 1451 2695 1507 da
2725 1449 2926 1520 simul,
2951 1452 3216 1519 Domine,
3243 1452 3415 1510 nobis
3445 1453 3724 1527 spiritum
3747 1455 3859 1512 for-

2210 1539 2503 1612 titudinis,
2519 1544 2585 1595 ut
2613 1539 2839 1596 fortiter
2859 1557 3050 1614 agere,
3072 1544 3131 1596 et
3154 1545 3276 1598 tam
3295 1541 3459 1598 duris
3480 1559 3659 1616 quam
3691 1543 3860 1599 blan-

2211 1628 2304 1684 dis
2334 1627 2606 1685 resistere
2626 1627 2948 1685 valeamus.
2970 1629 3083 1686 Sed
3103 1630 3384 1702 quoniam
3414 1631 3655 1704 quidam
3686 1632 3859 1689 etiam

2212 1717 2392 1774 fortes
2441 1721 2600 1785 sunt,
2625 1719 2725 1773 sed
2769 1726 2962 1774 tamen
3021 1717 3080 1774 in
3139 1718 3414 1793 angustia
3468 1720 3860 1794 periculorum

2212 1807 2650 1879 perturbantur,
2694 1807 2768 1864 da
2825 1807 2998 1864 etiam
3049 1807 3239 1876 nobis,
3281 1809 3548 1878 Domine,
3588 1810 3862 1884 spiritum

2209 1894 2460 1963 consilii,
2484 1899 2548 1950 ut
2577 1899 2700 1951 tam
2735 1895 2902 1952 nobis
2934 1913 3112 1968 quam
3134 1895 3268 1953 aliis
3297 1897 3606 1956 consilium
3638 1905 3863 1957 rectum

2209 1985 2346 2040 dare
2379 1983 2693 2056 possimus.
2715 1985 2828 2040 Sed
2860 1985 3141 2058 quoniam
3171 1989 3398 2043 rectum
3419 1987 3735 2045 consilium
3765 2006 3866 2062 per

2211 2073 2485 2146 spiritum
2519 2073 2850 2130 intellectus
2882 2073 3270 2146 ministratur,
3304 2077 3379 2132 da
3407 2077 3577 2133 nobis
3609 2094 3860 2152 quoque,

2211 2163 2472 2231 Domine,
2507 2163 2777 2235 spiritum
2822 2161 3177 2230 intellectus,
3209 2169 3274 2219 ut
3301 2181 3368 2221 eo
3399 2164 3678 2222 illustrati
3710 2168 3860 2241 quod

2215 2252 2540 2307 faciendum
2574 2253 2652 2307 sit
2680 2251 2738 2306 in
2772 2251 2966 2308 dubiis
2995 2251 3415 2326 intelligamus.
3439 2254 3550 2312 Sed
3583 2256 3863 2328 quoniam

2213 2340 2544 2396 intellectus
2577 2358 2678 2413 per
2715 2341 3221 2414 participationem
3252 2359 3398 2398 verae
3427 2348 3486 2398 et
3515 2348 3746 2400 aeternae
3775 2361 3864 2401 sa-

2213 2428 2442 2502 pientim
2473 2430 2790 2496 confertur,
2815 2429 2889 2485 da
2919 2430 3090 2486 nobis
3119 2429 3349 2487 sedium
3377 2435 3638 2499 tuarum,
3674 2435 3866 2490 Domi-

2215 2535 2307 2590 ne,
2339 2517 2697 2574 assistricem
2728 2517 3100 2590 sapientiam,
3129 2523 3195 2576 ut
3237 2520 3498 2578 sciamus
3527 2521 3672 2595 quid
3704 2539 3866 2580 acce-

2214 2611 2382 2680 ptum
2415 2607 2493 2663 sit
2520 2623 2715 2663 coram
2745 2611 2802 2662 te
2831 2607 2991 2663 omni
3022 2611 3302 2682 tempore.

2286 2697 2566 2768 Sequitur
2595 2713 2730 2768 pars
2761 2696 2953 2766 tertia,
2978 2695 3037 2752 in
3059 2712 3178 2769 qua
3206 2699 3462 2755 ostendit
3485 2698 3683 2772 qualis
3708 2701 3868 2760 Chri-

2214 2790 2343 2842 stus
2366 2802 2504 2858 erga
2520 2784 2665 2841 alios
2685 2788 2840 2841 esset
2860 2785 3115 2855 futurus,
3135 2786 3546 2846 demonstrans
3561 2806 3702 2848 eum
3723 2792 3873 2848 futu-

2215 2892 2345 2930 rnm
2377 2873 2646 2931 Judicem
2689 2875 2964 2930 subtilem
2987 2879 3043 2932 et
3074 2876 3475 2951 incorruptum
3503 2879 3871 2939 defensorem

2214 2964 2526 3030 bonorum,
2555 2969 2984 3035 persecutorem
3018 2964 3330 3036 malorum,
3353 2968 3550 3040 justos
3581 2974 3641 3026 et
3671 2971 3874 3028 ﬁdeles

2213 3052 2328 3112 sibi
2358 3053 3106 3124 conjuncturum.Judicem
3138 3055 3414 3112 subtilem
3445 3073 3581 3114 eum
3605 3059 3874 3116 futurum

2214 3143 2602 3210 demonstrat,
2641 3159 2777 3198 cum
2835 3142 3021 3200 dicit:
3071 3145 3190 3200 Non
3246 3146 3545 3202 secundum
3603 3151 3875 3206 visionem

458 3235 634 3289 corda
661 3212 834 3302 (Ro-mi.
867 3212 1007 3304 vni),
1038 3212 1200 3304 n-qui
1231 3249 1347 3287 non
1377 3212 1598 3287 solum
1645 3230 1800 3286 inter
1843 3231 1996 3288 bona
2046 3235 2106 3288 et
2134 3212 2178 3280 (ἶ
2217 3232 2500 3289 oculorum
2518 3231 2814 3304 judicabit,
2841 3248 3015 3304 neque
3037 3233 3338 3290 secundum
3365 3235 3620 3294 auditum
3649 3241 3875 3296 aurium

457 3321 613 3378 mala
641 3322 943 3394 dijudicat,
965 3322 1064 3377 sed
1099 3321 1274 3377 etiam
1305 3319 1458 3376 inter
1488 3320 1641 3376 bona
1671 3324 1726 3374 et
1756 3319 1929 3390 bona,
1951 3319 2109 3376 mala

455 3414 513 3466 et
539 3409 713 3477 mala,
739 3414 794 3465 et
826 3411 1152 3466 secundum
1184 3407 1390 3464 merita
1421 3407 1738 3480 unicuique
1771 3408 2106 3464 redditurus

457 3499 585 3554 est?
617 3498 778 3554 Unde
825 3499 1138 3570 Apostolus
1172 3516 1238 3553 :«
1270 3497 1451 3553 Vivus
1497 3500 1606 3564 est,
1646 3495 1857 3568 inquit,
1914 3513 2107 3554 sermo

453 3588 576 3654 Dei,
598 3592 654 3642 et
684 3587 1101 3659 penetrabilior
1145 3587 1302 3641 omni
1352 3585 1546 3658 gladio
1596 3585 2107 3658 ancipiti,pertin-

453 3693 597 3748 gens
631 3693 814 3746 usque
848 3676 917 3731 ad
951 3675 1293 3731 divisionem
1326 3674 1534 3730 animae
1565 3678 1621 3729 et
1651 3675 1918 3746 spiritus,
1943 3692 2106 3731 com-

453 3780 669 3836 pagum
703 3781 931 3836 quoque
962 3769 1019 3819 et
1050 3763 1462 3830 medullarum,
1487 3767 1542 3819 et
1573 3763 1859 3819 discretor
1888 3763 2106 3837 cogita-

453 3854 680 3910 tionum
714 3858 770 3908 et
809 3853 1220 3920 intentionum,
1248 3856 1304 3908 et
1345 3869 1461 3908 non
1493 3857 1582 3908 est
1611 3850 1810 3924 aliqua
1841 3856 2109 3908 creatura

453 3941 765 3998 invisibilis
813 3941 870 3996 in
921 3946 1234 4014 conspectu
1289 3942 1417 4012 ejus
1468 3942 1648 4009 (Hebr.
1682 3944 1836 4009 iv).»
1868 3941 2105 3997 Sextum

455 4033 674 4088 donum
705 4035 794 4086 est
824 4031 1008 4102 pietas
1039 4029 1772 4103 diligendi,compatiendi,
1796 4034 1852 4084 et
1881 4030 2108 4086 benefa-

454 4120 662 4176 ciendi.
691 4121 852 4186 Quod
886 4121 1106 4175 donum
1141 4119 1272 4192 quis
1322 4118 1511 4191 magis
1561 4117 1769 4173 habuit
1799 4135 1978 4190 quam
2011 4118 2108 4175 ille

455 4209 555 4282 qui
586 4209 846 4281 seipsum
875 4209 1036 4264 dedit
1059 4225 1172 4263 non
1197 4207 1388 4264 solum
1421 4224 1524 4280 pro
1555 4206 1780 4274 amicis,
1807 4209 1907 4263 sed
1929 4208 2106 4264 etiam

452 4315 557 4371 pro
589 4297 865 4366 inimicis,
891 4315 1065 4353 orans
1096 4297 1268 4352 etiam
1299 4312 1401 4368 pro
1439 4295 1912 4368 persecutoribus
1942 4296 2108 4352 suis?

452 4388 691 4459 Propter
721 4387 829 4444 hoc
859 4387 1035 4443 etiam
1069 4403 1184 4441 non
1229 4385 1419 4441 solum
1455 4383 1608 4456 pius,
1634 4385 1734 4439 sed
1767 4384 1894 4456 ipsa
1921 4386 2108 4458 pietas

453 4481 508 4533 et
538 4477 666 4548 ipsa
688 4477 942 4532 Charitas
971 4475 1316 4548 appellatur.
1342 4473 1671 4546 Septimum
1692 4474 1911 4529 donum
1935 4480 2024 4530 est
2043 4474 2108 4534 ti-

2217 3329 2429 3391 arguet.
2452 3321 2530 3376 Ac
2551 3320 2602 3376 si
2625 3319 2841 3377 diceret
2863 3337 2878 3376 :
2905 3321 3033 3378 Non
3055 3323 3381 3380 secundum
3403 3325 3758 3385 exteriorem
3790 3345 3878 3384 su-

2216 3409 2533 3482 perficiem,
2557 3409 2658 3464 sed
2699 3409 3024 3466 secundum
3067 3410 3402 3470 interiorem
3446 3416 3874 3474 conscientiam

2207 3499 2519 3572 judicabit,
2540 3500 2710 3571 juxta
2750 3499 2904 3571 quod
2935 3500 3222 3573 scriptum
3261 3506 3352 3559 est
3373 3520 3387 3558 :
3412 3502 3598 3560 Homo
3627 3505 3798 3563 videt
3823 3506 3877 3562 in

2215 3588 2445 3654 faciem,
2469 3593 2619 3644 Deus
2649 3592 2844 3643 autem
2888 3587 3154 3645 intuetur
3181 3607 3281 3647 cor
3299 3594 3349 3660 (Ι
3375 3593 3504 3663 Reg.
3535 3595 3681 3666 xvi).
3703 3594 3876 3652 Visus

2215 3677 2370 3735 enim
2402 3677 2701 3733 humanus
2732 3693 2988 3751 persaepe
3014 3678 3258 3750 fallitur,
3283 3681 3424 3738 dum
3454 3699 3571 3738 non
3603 3683 3872 3752 interius.

2215 3767 2316 3824 sed
2345 3771 2575 3822 tantum
2615 3765 2871 3822 exterius
2911 3766 3086 3823 videt.
3121 3768 3267 3825 Hinc
3315 3774 3402 3827 est
3449 3766 3607 3844 quOd
3661 3773 3874 3830 multo-

2215 3855 2324 3912 ties
2347 3855 2578 3927 judicat
2618 3855 2918 3911 hominem
2968 3857 3203 3928 justum
3237 3857 3338 3931 qui
3385 3859 3646 3932 injustus
3684 3868 3796 3931 est,
3825 3868 3876 3919 et

2215 3963 2246 4002 e
2278 3961 2554 4001 converso
2585 3948 2642 4000 et
2679 3960 2826 4016 opus
2883 3949 3131 4015 rectum,
3166 3947 3321 4019 qnod
3375 3964 3726 4021 perversum
3777 3956 3875 4018 est,

2214 4035 2302 4091 vel
2332 4052 2364 4090 e
2393 4049 2691 4090 converso.
2712 4033 3019 4090 Humanus
3049 4052 3286 4108 quoque
3332 4037 3574 4094 auditus
3605 4039 3879 4097 similiter

2217 4122 2458 4188 fallitur,
2474 4122 2614 4176 dum
2647 4121 2881 4178 nescius
2904 4121 3324 4195 cogitationum
3343 4124 3432 4182 vel
3457 4126 3876 4198 intentionum,

2216 4228 2284 4268 ex
2315 4209 2532 4284 quibus
2591 4211 2973 4282 proferuntur
3018 4211 3214 4282 verba,
3247 4217 3478 4270 tantum
3529 4217 3878 4276 exteriorem

2215 4317 2415 4357 vocem
2450 4299 2779 4366 attendens,
2797 4301 3029 4371 judicat
3057 4302 3301 4359 verbum
3330 4321 3554 4373 verum,
3580 4308 3750 4378 quod
3780 4305 3878 4364 fal-

2217 4407 2349 4447 sum
2373 4393 2480 4458 est,
2501 4387 2590 4444 vel
2614 4389 2856 4456 bonum,
2881 4389 3036 4462 quod
3061 4390 3283 4448 malum
3309 4396 3418 4450 est.
3443 4391 3586 4450 Hinc
3607 4400 3709 4452 est
3730 4395 3876 4471 quod

2209 4479 2477 4552 judicare
2507 4479 2566 4533 in
2609 4477 2719 4533 hoc
2767 4479 2979 4535 saeculo
3028 4478 3284 4537 multum
3333 4481 3745 4554 periculosum
3775 4491 3875 4542 est.

451 4580 580 4622 mor
610 4566 840 4622 Domini
874 4564 1098 4632 ﬁlialis;
1132 4563 1337 4619 habuit
1367 4562 1604 4634 quidem
1632 4563 1804 4618 Jesus
1836 4562 2103 4622 Christus
2133 4585 2181 4650 D
2211 4567 2487 4638 Quamvis
2517 4565 2672 4622 enim
2694 4565 2878 4638 judex
2905 4569 3202 4624 neminem
3245 4569 3512 4627 intendat
3539 4571 3776 4647 fallere,
3797 4578 3874 4631 ta-

449 4673 566 4712 non
599 4655 930 4728 passionem
956 4654 1204 4720 timoris,
1229 4653 1327 4709 sed
1357 4652 1736 4708 reverentiam
1761 4655 1817 4706 et
1838 4652 2104 4710 obedien-

449 4744 593 4800 tiam
625 4743 822 4800 omnia
863 4743 1017 4799 Patri
1062 4743 1407 4808 attribuens,
1435 4740 1486 4796 ei
1518 4757 1704 4812 usque
1735 4741 1806 4796 ad
1853 4746 2100 4799 mortem

451 4834 747 4890 obediens.
785 4835 853 4888 Et
900 4832 1022 4889 haec
1072 4833 1312 4906 quidem
1344 4832 1496 4886 dona
1553 4829 1644 4884 hic
1697 4829 2102 4888 descendendo

451 4930 890 4988 enumerantur,
923 4923 1202 4993 quoniam
1243 4921 1508 4977 Christus
1541 4919 1634 4987 (de
1685 4936 1798 4990 quo
1846 4918 1967 4974 haec
2014 4921 2101 4976 di-

451 5017 686 5080 cuntur)
705 5015 774 5066 ab
799 5011 1104 5066 altitudine
1129 5010 1330 5065 divinae
1355 5007 1672 5080 sapientiae,
1690 5023 1878 5078 usque
1904 5009 1976 5064 ad
2006 5025 2100 5064 ex-

451 5105 706 5156 tremum
739 5101 983 5169 donum,
1011 5100 1064 5153 id
1089 5105 1176 5155 est
1207 5101 1476 5154 timorem
1501 5095 1732 5150 Domini
1757 5095 1856 5166 qui
1880 5101 1969 5152 est
1997 5097 2104 5152 ini-

450 5189 596 5244 tium
633 5186 929 5257 sapientize
956 5189 1128 5259 (I’sul.
1153 5188 1262 5258 ex),
1299 5191 1535 5259 propter
1565 5201 1670 5239 nos
1702 5188 1792 5240 est
1821 5183 2098 5242 humilia-

449 5281 566 5334 tus.
588 5276 702 5330 Nos
743 5293 894 5343 vero,
923 5276 1148 5342 fratres,
1175 5276 1273 5346 qui
1307 5275 1363 5329 in
1413 5273 1633 5328 infimis
1663 5272 1838 5344 positi
1869 5291 2097 5343 sumus,

449 5384 483 5423 a
513 5365 738 5422 minore
771 5366 942 5430 dono,
968 5364 1024 5418 id
1048 5369 1135 5420 est
1167 5364 1371 5419 timore
1398 5362 1650 5429 Domini,
1675 5363 1732 5417 in
1757 5363 1941 5418 altum
1965 5382 2096 5437 pro-

449 5455 736 5512 ficiamus.
755 5454 1000 5511 Oremus
1022 5469 1160 5528 ergo
1184 5453 1376 5524 ipsum
1400 5452 1496 5525 qui
1530 5453 1656 5508 sine
1687 5469 1965 5508 mensura
1993 5453 2096 5509 ha-

447 5543 543 5599 bet
574 5543 997 5616 plenitudinem
1025 5544 1332 5612 donorum,
1359 5547 1424 5598 ut
1445 5542 1569 5614 ipse
1591 5541 1915 5597 secundum
1940 5559 2098 5598 men-

2211 4676 2347 4715 men
2408 4655 2709 4712 multoties
2769 4655 3010 4727 fallitur,
3062 4657 3402 4729 justiﬁcans
3440 4660 3871 4732 damnandum,

2209 4747 2297 4804 vel
2328 4747 2620 4802 damnans
2643 4745 3118 4816 justificandum.
3143 4746 3289 4804 Hinc
3311 4749 3603 4807 Dominus
3622 4769 3744 4810 nos
3767 4769 3877 4810 mo-

2210 4840 2330 4905 net,
2356 4835 2592 4891 dicens:
2617 4857 2644 4885 «
2679 4833 2890 4902 Nolite,
2915 4835 3126 4909 inquit,
3147 4836 3438 4908 judicare,
3463 4843 3521 4896 et
3549 4857 3674 4897 non
3725 4843 3877 4915 judio

2211 4923 2488 4982 cabimini
2540 4924 2691 4993 (Luc.
2722 4927 2822 4994 vx).
2859 4946 2887 4973 ››
2919 4925 2989 4980 Et
3043 4925 3360 4998 Apostolus
3411 4944 3483 4985 :«
3524 4928 3750 4999 Nolite,
3803 4931 3876 4987 in-

2211 5013 2357 5086 quit,
2375 5012 2643 5084 judicare
2675 5017 2809 5068 ante
2840 5017 3098 5087 tempus,
3123 5016 3510 5089 quoadusque
3539 5018 3749 5076 veniat
3778 5020 3875 5077 Do-

2212 5101 2547 5173 minus,qui
2595 5100 2958 5158 illuminabit
3013 5104 3359 5162 abscondita
3401 5105 3795 5165 tenebrarum
3823 5111 3871 5165 et

2211 5188 2611 5246 manifestabit
2641 5189 2888 5246 consilia
2918 5193 3183 5249 cordium
3205 5195 3256 5265 (I
3276 5195 3407 5251 Cor.
3431 5198 3532 5264 ιν).
3549 5219 3579 5247 ››
3601 5197 3870 5255 Judicem

2209 5280 2612 5352 incorruptum
2645 5279 2942 5336 Christum
2982 5282 3103 5339 fore
3146 5283 3533 5352 demonstrat,
3557 5302 3701 5343 cum
3733 5286 3869 5343 sub-

2209 5367 2294 5424 dit
2318 5385 2330 5425 :
2354 5368 2458 5426 Sed
2471 5368 2752 5441 judicuba
2780 5371 2840 5426 in
2857 5371 3078 5442 justitia
3099 5389 3387 5445 pauperes,
3412 5373 3468 5430 id
3502 5379 3595 5430 est
3623 5391 3863 5432 causam

2208 5474 2554 5531 pauperum,
2583 5457 2737 5516 circa
2767 5475 2943 5532 quam
2993 5477 3198 5518 omnes
3247 5462 3364 5519 fere
3403 5463 3642 5535 judices
3692 5481 3859 5521 mun-

2209 5547 2345 5602 dani
2377 5552 2853 5620 corrumpuntur.
2884 5547 2996 5606 Alii
3038 5551 3198 5607 enim
3227 5557 3698 5627 corrumpuntur
3725 5570 3859 5611 con-

445 5650 645 5696 suram
677 5649 794 5692 suae
824 5635 1142 5696 voluntatis
1182 5631 1350 5692 nobis
1391 5629 1704 5690 distribuat
1733 5647 1820 5688 ea.
1847 5631 2094 5692 Oremus
2202 5638 2449 5714 temptu,
2475 5635 2568 5695 ita'
2587 5637 2740 5715 quod
2785 5653 3024 5706 causam
3069 5657 3398 5721 pauperum
3427 5644 3720 5722 tanquam
3748 5641 3855 5703 sibi
