4012 6072
201 313 359 383 1881

1341 314 1723 378 HOMILJ/E.
1751 347 1829 372 ειη-ε
1852 314 1906 377 1.
1947 314 2055 376 DE
2097 315 2494 378 TEMPORE.

3459 317 3614 378 1362

195 448 507 518 debemus,
540 444 915 517 fratres-mei,
949 447 1178 522 qaando
1201 445 1420 521 aliquis
1452 466 1558 505 nos
1579 448 1864 505 salutatet
1891 447 1944 516 Α
1977 451 2034 504 et
2063 447 2161 505 Dei
2193 448 2374 505 Filius
2405 464 2532 504 esse
2562 444 2835 521 operibus
2891 445 3306 504 attestantibus
3337 445 3610 504 innotuit.

201 538 764 605 eosnmendatﬂuod
787 537 839 594 si
863 537 1138 594 salutatio
1171 542 1228 594 et
1251 538 1680 594 commendatio
1703 537 1862 593 falsi-

199 627 342 683 tatis
373 631 482 694 est,
504 627 948 694 erubescamus,
973 629 1032 682 et
1050 625 1554 696 contradicamus;
1580 631 1635 682 et
1656 625 1860 699 quales

194 717 611 790 praedicamu-r,
637 733 762 772 esse
780 717 1150 772 studeamus.
1178 716 1236 772 Si
1255 720 1450 771 autem
1472 716 1730 772 veritatis
1747 719 1856 783 est,

195 807 320 870 'non
349 805 506 878 apud
533 822 645 872 nos
669 805 982 878 clevemur,
1022 805 1126 861 sed
1160 805 1276 860 Deo
1301 809 1509 873 totum,
1545 823 1659 861 non
1691 805 1860 861 nobis

198 895 617 950 attribuamus.
651 893 711 950 Si
741 912 810 950 ex
840 892 1186 950 adulatione
1207 899 1320 961 est,
1347 911 1461 949 non
1486 894 1856 966 recipiamus,

195 984 302 1040 sed
317 987 598 1056 tanquam
622 981 937 1039 falsitatem
958 983 1360 1055 repudiemus.
1389 984 1446 1039 Si
1469 1000 1600 1038 vero
1622 1001 1690 1038 ex
1707 1001 1860 1038 amo-

193 1087 283 1140 ne,
316 1071 544 1139 amicis,
577 1071 680 1144 qui
708 1072 1009 1144 injudicio
1042 1072 1122 1127 rei
1147 1076 1353 1128 amatae
1376 1088 1528 1144 saepe
1550 1071 1854 1139 falluntur,

192 1176 320 1218 non
349 1161 590 1217 omnino
621 1161 952 1218 credamus.
977 1161 1298 1216 Turbatam
1330 1160 1510 1232 igitur
1533 1164 1590 1216 et
1605 1160 1858 1234 cogitan-

192 1253 321 1311 ιω
350 1249 584 1307 beatam
615 1249 913 1322 Virginem
939 1249 1186 1324 angelus
1209 1250 1387 1322 (quod
1412 1249 1643 1322 proprie
1663 1250 1858 1306 estho-

195 1355 414 1408 porum
433 1337 798 1411 angelorum)
819 1338 1135 1408 confortat,
1159 1343 1236 1406 et,
1258 1339 1415 1410 quod
1432 1338 1860 1403 maximetimo-

188 1443 323 1486 nem
346 1425 559 1499 pellere
581 1427 746 1491 solet,
767 1425 1000 1498 proprio
1028 1427 1265 1483 nomine
1278 1444 1405 1482 eam
1429 1431 1596 1482 vocat
1615 1428 1816 1484 dicens
1840 1443 1852 1482 :

193 1515 492 1578 Netimeas
523 1514 721 1584 Maria.
771 1515 843 1569 Et
899 1532 1080 1586 quare
1127 1532 1238 1572 non
1289 1517 1367 1570 sit
1415 1515 1465 1570 ei
1498 1517 1852 1584 timendum,

191 1603 322 1666 ima
343 1604 539 1676 potius
557 1604 966 1676 gaudendum,
984 1604 1290 1675 subjunxit
1309 1622 1321 1660 :
1339 1606 1602 1660 Invenisti
1620 1607 1859 1675 gratiam

191 1693 347 1766 apud
373 1695 562 1750 Dem.
593 1695 674 1748 Ac
703 1692 753 1748 si
783 1698 979 1764 aperte
1008 1693 1163 1749 dicat
1196 1711 1210 1748 :
1251 1693 1402 1760 Quia
1439 1693 1574 1760 Deo,
1608 1711 1722 1749 non
1754 1694 1855 1750 ho-

1971 537 2077 593 Hic
2107 541 2195 593 est
2225 538 2379 593 enim
2416 537 2513 593 ille
2543 555 2757 609 parvus
2789 536 2958 609 lapis,
2993 537 3092 608 qui
3153 536 3380 593 excisus
3429 542 3516 594 est
3545 539 3614 595 de

1973 630 2169 682 monte
2203 626 2327 682 sine
2345 627 2639 694 manibus,
2674 632 2730 682 et
2753 631 2955 699 postea
2977 627 3227 681 excrevit
3252 626 3311 680 in
3332 643 3613 699 magnum

1969 720 2251 779 montem,
2285 721 2342 772 et
2384 717 2688 788 occupavit
2747 720 2938 771 totum
2995 715 3196 770 orbem
3249 717 3410 782 (Dan.
3441 715 3518 787 ιι.)
3549 719 3616 773 Et

1965 804 2119 860 dabit
2150 806 2240 861 illi
2271 807 2536 861 Dominus
2571 810 2711 861 Deus
2741 806 2918 862 sedem
2949 805 3120 860 David
3173 807 3349 876 patris
3378 805 3514 876 ejus,
3547 809 3612 860 ut

1966 893 2231 950 videlicet
2261 895 2496 968 populo.
2533 896 2592 950 in
2625 913 2739 968 quo
2774 895 2948 950 David
2985 893 3245 965 regnavit
3291 893 3607 965 corporali-

1965 985 2055 1038 ter
2083 987 2139 1038 et
2170 983 2588 1056 temporaliter,
2641 985 2813 1040 Jesus
2870 987 3071 1055 regnet
3116 981 3504 1054 spiritualiter
3551 987 3608 1040 et;

1965 1071 2334 1129 eternaliter.
2368 1075 2432 1128 Et
2460 1073 2708 1145 regnabit
2739 1076 2795 1128 in
2827 1073 2980 1129 domo
3008 1074 3168 1129 Jacob
3204 1074 3264 1127 in
3311 1078 3601 1136 aeternum,

1961 1160 2024 1216 id
2047 1166 2136 1217 est
2167 1162 2224 1217 in
2258 1162 2532 1228 Ecclesia,
2566 1181 2690 1236 quae
2746 1180 2848 1235 per
2907 1163 3039 1217 fidei
3094 1161 3483 1217 imitationem
3530 1159 3604 1216 ad

1966 1251 2436 1322 patriarcharum
2461 1253 2712 1324 pertinet
2741 1256 2978 1318 sortem,
3015 1253 3335 1318 Sectemur,
3369 1249 3605 1318 fratres,

1965 1339 2142 1396 fidem
2172 1341 2638 1412 patriarcharum
2667 1359 2679 1409 ;
2704 1342 2892 1397 simus
2914 1342 3114 1410 Jacob,
3141 1341 3197 1395 id
3223 1344 3309 1395 est
3331 1337 3606 1411 supplan~

1965 1432 2182 1485 tatores
2213 1429 2525 1499 vitiorum;
2563 1447 2676 1486 non
2710 1435 2914 1503 regnet
2952 1433 3252 1502 peccatum
3301 1427 3362 1483 in
3408 1431 3606 1484 nostro

1966 1517 2198 1572 mortali
2233 1535 2490 1590 corpore,
2535 1524 2591 1574 et
2637 1519 2902 1591 regnabit
2930 1519 3102 1574 Jesus
3149 1518 3207 1572 in
3255 1517 3443 1572 nobis.
3482 1521 3606 1572 «In

1963 1606 2307 1663 malevolam
2341 1607 2497 1664 enim
2529 1608 2788 1662 animam
2812 1625 2926 1663 non
2950 1607 3191 1662 intrabit
3220 1606 3528 1678 sapientia,
3553 1610 3610 1663 et

1967 1711 2082 1750 non
2114 1695 2402 1751 habitabit
2431 1696 2490 1750 in
2524 1713 2761 1767 corpore
2782 1696 3017 1751 subdito
3041 1695 3291 1767 peccatis
3322 1696 3467 1767 (Sap.
3494 1698 3606 1764 1.)»

191 1781 464 1845 minibus
495 1782 723 1855 placere
755 1783 1122 1840 desiderasti.
1174 1785 1328 1856 apud
1367 1785 1554 1839 Deum
1606 1785 1855 1857 gratiam
1889 1823 1934 1887 Β
1969 1784 2030 1839 Et
2059 1787 2236 1854 regni,
2269 1785 2480 1857 inquit,
2511 1785 2626 1856 ejus
2664 1801 2775 1840 non
2803 1788 2908 1840 erit
2933 1787 3083 1856 ﬁnis.
3136 1785 3259 1840 Non
3308 1785 3417 1841 erit
3475 1785 3608 1840 ﬁnis

194 1870 491 1932 inuenisti.
527 1872 646 1938 Qui
704 1872 1046 1928 hominibus
1105 1871 1356 1945 placent,
1421 1873 1648 1928 confusi
1692 1877 1848 1940 sunt,

195 1961 478 2034 quoniam
502 1961 655 2017 Deus
679 1961 896 2033 sprevit
921 1978 1040 2017 eos.
1057 1961 1218 2017 Unde
1239 1961 1559 2033 Apostolus
1587 1978 1599 2016 :
1628 1986 1653 2012 ‹‹
1676 1961 1735 2016 Si
1758 1962 1856 2017 ad-

198 2050 336 2116 huc,
357 2049 568 2122 inquit,
588 2049 930 2105 hominibus
953 2049 1264 2123 placerem,
1289 2049 1503 2105 Christi
1523 2067 1724 2106 servus
1739 2067 1854 2106 non

198 2155 390 2198 essem
423 2139 567 2208 (Gai.
591 2142 651 2208 ι.)
688 2161 715 2190 ››
741 2139 902 2195 Heu!
931 2155 1111 2211 quam
1143 2139 1275 2194 vani
1313 2143 1457 2194 sunt
1499 2139 1583 2193 illi
1633 2138 1732 2212 qui
1762 2144 1855 2194 to-

194 2232 322 2295 tam
350 2227 550 2295 vitam,
572 2244 786 2300 corpus
807 2232 864 2284 et
881 2228 1141 2283 animam
1168 2229 1710 2300 suam,expendunt
1731 2245 1858 2300 pro-

194 2322 332 2403 pter
359 2317 736 2388 execrandam
759 2317 994 2372 inanem
1019 2315 1350 2388 principum
1379 2317 1713 2373 mortalium
1737 2316 1856 2391 glo-

196 2406 379 2478 λίθω,
399 2423 589 2479 quam
620 2406 712 2461 vix
738 2406 950 2462 habere
983 2410 1253 2478 possunt,
1286 2405 1549 2461 habitam
1593 2406 1706 2462 cito
1725 2422 1855 2478 per-

191 2493 356 2563 dunt
375 2495 593 2562 lQuam
613 2494 844 2552 facilius
865 2499 1106 2568 possent
1123 2494 1376 2551 invenire
1398 2511 1593 2550 veram
1615 2499 1672 2550 et
1691 2500 1853 2551 aeter-

197 2601 347 2655 nam
375 2583 624 2665 gloriam
649 2585 811 2658 apud
839 2585 1027 2640 Deum
1049 2584 1061 2639 Ξ

275 2674 413 2737 Ecce
431 2673 721 2744 concipias,
754 2671 968 2743 inquit,
998 2680 1052 2728 et
1078 2675 1261 2745 paries
1290 2674 1490 2743 ﬁli-um,
1532 2681 1583 2728 et
1637 2671 1858 2728 vocabis

453 2761 571 2833 ejus
597 2763 803 2820 Iesum.
836 2761 916 2819 De
947 2761 1054 2818 hac
1107 2761 1484 2834 conceptione
1515 2761 1858 2833 praedixerat

199 2849 493 2932 ,Jammias
508 2849 808 2921 propheta,
831 2850 1062 2908 dicens:
1083 2873 1111 2900 «
1131 2851 1355 2906 Novum
1381 2850 1550 2906 faciet
1568 2849 1857 2905 Dominus

201 2957 387 3012 super
399 2943 636 3007 terram,
653 2937 868 2995 mulier
887 2938 1478 3007 circumdabitvirum
1498 2941 1808 3007 (Jer.xxXI.)
1825 2960 1850 2988 ι)

200 3028 517 3099 (Mulierem
537 3026 844 3099 concipere
865 3032 922 3084 et
945 3045 1146 3100 parere
1161 3027 1350 3083 ﬁlium
1370 3045 1484 3083 non
1507 3033 1595 3084 est
1618 3044 1852 3083 novum.

1966 1873 2271 1944 potestatis
2319 1877 2376 1928 et
2431 1873 2646 1945 gloriae,
2709 1891 2823 1930 non
2878 1875 2987 1930 erit
3016 1874 3151 1929 finis
3209 1874 3602 1946 praemiorum.

1953 1963 2202 2029 Quarto,
2229 1965 2507 2034 quaerenti
2530 1964 2791 2028 modum,
2814 1963 3060 2036 angelus
3079 1963 3604 2019 determinat.Cum

1959 2051 2120 2106 enim
2152 2052 2323 2107 beata
2353 2051 2529 2124 Virgo
2560 2051 3052 2124 promissionibus
3111 2052 3388 2125 angelicis
3429 2053 3605 2108 ﬁdem

1964 2140 2286 2207 adhiberet,
2348 2142 2420 2196 de
2477 2141 2649 2196 modo
2707 2141 3142 2214 adimpletionis
3193 2141 3470 2197 dubitans
3500 2141 3600 2197 ait.

1966 2232 2244 2302 Quomopo
2272 2230 2362 2300 ﬁet
2393 2231 2544 2296 istut,
2577 2232 2842 2301 quoniam
2873 2232 3054 2285 virum
3086 2247 3193 2285 non
3225 2246 3481 2299 cognosco
3501 2233 3526 2286 Ξ)
3546 2230 3604 2285 id

1965 2324 2054 2375 est
2078 2335 2172 2374 me
2202 2335 2318 2374 non
2349 2319 2717 2390 cognituram
2751 2320 3048 2391 proposui.
3077 2319 3235 2375 Alias
3291 2335 3469 2390 super
3497 2318 3606 2375 hoc

1965 2407 2234 2464 dubitare
2265 2424 2380 2463 non
2413 2407 2666 2473 deberet,
2716 2411 2914 2480 utpote
2945 2425 3070 2479 quae
3104 2409 3173 2463 de
3229 2424 3446 2480 sponso
3500 2425 3607 2463 suo

1954 2498 2266 2568 concipere
2290 2500 2504 2568 posset.
2526 2497 2765 2554 Modum
2787 2513 2922 2568 ergo
2949 2496 3344 2552 determinans
3366 2495 3608 2570 angelus

1965 2586 2048 2642 ait
2077 2602 2091 2640 ε
2126 2587 2366 2658 Spiritus
2391 2594 2614 2642 sanctus
2642 2589 2983 2658 superveniet
3014 2589 3072 2642 in
3103 2593 3169 2642 te.
3225 2589 3297 2640 Ac
3331 2585 3379 2640 si
3412 2590 3607 2658 aperte

1965 2673 2122 2730 dicat
2155 2692 2168 2730 :
2203 2675 2330 2730 Non
2362 2675 2432 2731 de
2461 2674 2612 2730 virili
2644 2675 2867 2731 semine
2899 2675 3211 2748 concipies,
3244 2677 3343 2732 sed
3397 2677 3466 2731 de
3494 2675 3606 2730 vir-

1955 2767 2087 2827 ;tute
2109 2762 2370 2835 Spiritus
2401 2764 2607 2820 sancti.
2637 2765 2748 2820 Sed
2782 2782 2916 2820 cum
2941 2765 3214 2836 superius
3242 2765 3414 2824 beata
3433 2764 3606 2836 Virgo

1966 2852 2138 2924 plena
2159 2851 2345 2924 gratia
2367 2853 2753 2919 describatur,
2779 2855 3070 2926 quomodo
3093 2853 3189 2908 hic
3203 2854 3454 2927 Spiritus
3477 2869 3608 2909 san-

1967 2948 2096 2997 ctus
2126 2941 2342 2997 dicitur
2371 2947 2830 3015 superventurus
2852 2943 2879 2997 ‘I
2909 2943 3034 2998 Non
3062 2947 3127 2998 ut
3158 2960 3285 2998 eam
3308 2941 3496 3015 gratia
3525 2958 3608 2998 re-

1965 3029 2168 3102 pleret,
2195 3048 2321 3103 qua
2341 3032 2467 3102 jam
2503 3030 2719 3102 repleta
2749 3036 2894 3099 erat,
2927 3032 3026 3086 sed
3063 3036 3126 3086 ut
3154 3048 3282 3087 eam
3316 3035 3517 3086 sancto
3548 3034 3606 3086 et

201 3118 324 3187 ﬁed
358 3116 418 3174 in
446 3116 560 3180 hoc
586 3121 756 3187 partu
780 3133 995 3174 novum
1027 3121 1085 3173 et
1105 3117 1372 3174 mirabile
1405 3116 1541 3173 fecit
1574 3122 1744 3184 Deus,
1767 3115 1855 3173 vel
1955 3120 2114 3179 miro
2133 3121 2304 3176 modo
2327 3118 2623 3192 gravidam
2648 3120 2918 3175 efficeret.
2943 3122 3008 3175 Et
3028 3122 3204 3175 virtus
3227 3120 3496 3176 Altissimi
3512 3120 3604 3176 ob-

199 3205 272 3277 ιὶειι
294 3205 411 3270 hoc
443 3205 598 3278 quod
627 3221 745 3262 non
785 3222 854 3264 ex
885 3210 1047 3262 utero
1087 3206 1263 3279 Virgo
1313 3206 1593 3279 suscepit.
1651 3207 1752 3262 sed
1793 3205 1853 3263 in
1877 3192 1925 3258 Ε
1956 3210 2246 3272 ,umbrabit
2275 3210 2396 3264 tibi.
2428 3207 2627 3263 Virtus
2657 3207 2941 3264 Altissimi
2974 3212 3162 3280 potest
3213 3208 3326 3264 dici
3358 3209 3445 3264 vel
3477 3209 3605 3282 Spi-

201 3299 537 3365 gteroetex
556 3299 722 3356 utero
744 3298 996 3364 tantum.
1045 3295 1148 3352 Vel
1186 3294 1247 3350 in
1279 3295 1387 3351 hoc
1419 3296 1575 3367 quod
1609 3312 1723 3351 non
1756 3312 1857 3368 per
1959 3298 2115 3365 ritus
2141 3302 2403 3359 sanctus,
2429 3299 2600 3368 juxta
2628 3296 2772 3352 illud
2817 3298 2972 3369 quod
3026 3299 3212 3352 Lucas
3262 3297 3343 3353 ait
3375 3313 3387 3352 :
3425 3319 3452 3349 «
3491 3296 3608 3354 Vos

198 3383 517 3452 inter-valla
537 3383 806 3456 primum
833 3401 972 3443 caro
1005 3382 1200 3450 decisa
1230 3388 1286 3440 et
1313 3386 1384 3442 de
1424 3402 1598 3441 carne
1628 3384 1854 3452 matris,

1957 3390 2166 3449 autem
2185 3387 2377 3443 sedete
2394 3385 2452 3441 in
2473 3385 3032 3458 civitate,quousque
3050 3387 3107 3440 in
3123 3385 3386 3441 duamini
3400 3385 3610 3443 virtute

201 3477 271 3541 et
299 3477 434 3546 post
457 3471 688 3546 aliquot
713 3473 840 3533 dies
873 3473 1117 3546 spiritus
1148 3473 1380 3532 infusus
1401 3479 1512 3542 est,
1544 3475 1646 3530 sed
1677 3473 1856 3531 simul
1955 3493 2035 3536 ex
2065 3475 2181 3532 alto
2212 3476 2360 3544 (Luc.
2395 3492 2522 3529 XXIX
2547 3477 2587 3543 ;)
2620 3497 2648 3524 ››
2680 3473 2765 3529 vel
2795 3473 2920 3546 ipse
2981 3474 3180 3542 Filius,
3237 3475 3410 3546 juxta
3452 3475 3610 3547 quod

205 3561 480 3635 concepit
495 3561 739 3633 plenum
760 3562 972 3629 virum,
991 3579 1062 3620 ex
1080 3579 1216 3620 vera
1238 3580 1409 3619 carne
1431 3568 1488 3619 et
1507 3563 1860 3622 veraanima

208 3653 604 3719 mlitem.
633 3650 822 3712 Deum
851 3655 908 3708 et
945 3650 1267 3710 Dominum
1323 3655 1595 3708 nostrum
1654 3653 1859 3709 Jesum

211 3739 542 3809 illiti-stum.
577 3738 656 3796 De
685 3739 795 3798 hoc
817 3740 1030 3799 eodem
1056 3739 1240 3797 Isaias
1261 3739 1404 3797 dicit
1435 3758 1449 3796 :
1487 3764 1514 3794 «
1535 3742 1679 3797 Ecce
1700 3740 1860 3814 virgo

210 3827 507 3901 meimei
534 3827 594 3892 in
613 3833 789 3892 .utero
820 3831 877 3888 et
907 3828 1094 3901 pariet
1123 3829 1312 3886 ﬁlium
1343 3831 1472 3898 (Isa.
1505 3836 1625 3898 vn.)
1652 3853 1679 3880 ››
1715 3831 1861 3888 Cum

212 3922 412 3994 autem
442 3916 540 3982 hic
566 3922 804 3980 tantum
836 3916 946 3973 iste
980 3917 1376 3977 nominativus
1405 3919 1565 3991 virgo
1588 3923 1860 3991 ponatur,

213 4023 454 4077 necesse
483 4010 575 4068 est
606 4010 672 4062 ut
699 4007 772 4067 ad
811 4011 1130 4082 utrumque
1183 4007 1427 4062 verbum
1459 4009 1763 4063 referatur.
1797 4011 1864 4062 1n

214 4113 333 4170 quo
365 4094 1023 4168 apertedemonstratur
1045 4095 1202 4150 sicut
1224 4095 1282 4150 in
1309 4095 1700 4167 conccptu,ita
1719 4113 1864 4168 quo.-

216 4201 332 4258 αρε
353 4183 420 4248 ,in
443 4174 637 4255 partu,
655 4182 946 4256 virginem
969 4200 1414 4256 permansurum
1439 4199 1586 4240 esse.
1613 4183 1681 4240 Et
1704 4201 1868 4240 voca-

217 4273 398 4341 bitur,
430 4272 624 4344 inquit
650 4271 853 4343 (ibid.,)
876 4272 1244 4339 Emmanuel,
1273 4273 1427 4344 quod
1451 4272 1868 4344 interpretatur

218 4363 503 4429 nobiscum
522 4363 683 4424 Deus.
717 4361 820 4420 Hic
849 4366 1046 4419 autem
1067 4361 1148 4417 ait
1177 4361 1420 4434 angelus
1454 4377 1467 4416 :
1501 4360 1749 4417 Vocabis
1771 4378 1867 4417 no-

220 4467 360 4518 men
376 4450 518 4530 .ejus
542 4449 743 4512 Jasum
771 4465 785 4506 :
809 4449 965 4521 quod
989 4449 1405 4520 interpretatur
1419 4450 1692 4506 Salvator.
1717 4449 1866 4516 Quid

1963 3563 2187 3627 Paulus
2217 3568 2380 3619 vocat
2428 3581 2562 3618 eum
2595 3586 2622 3614 ‹‹
2678 3563 2774 3618 Dei
2828 3564 3101 3619 virtutem
3156 3569 3212 3619 et
3262 3563 3611 3636 sapientiam

1973 3653 2016 3726 (1
2042 3655 2165 3710 Cov.
2189 3652 2248 3725 ι.)
2285 3674 2312 3701 ι)
2347 3652 2440 3708 Ait
2494 3669 2629 3724 ergo
2665 3669 2677 3706 :
2714 3653 2889 3708 Virtus
2946 3653 3220 3708 Altissimi
3265 3652 3615 3709 obumbrabit

1971 3743 2094 3808 tibi,
2128 3741 2308 3807 idest,
2326 3740 2580 3812 Spiritus
2603 3746 2843 3797 sanctus
2865 3746 3071 3796 aestum
3093 3740 3369 3796 vitiorum
3399 3745 3506 3797 ate
3527 3759 3618 3798 ex-

1973 3831 2190 3895 cludet,
2220 3835 2286 3886 ut
2314 3830 2600 3886 habitatio
2629 3831 2850 3884 munda
2881 3830 2939 3884 in
2965 3835 3018 3884 te
3052 3829 3148 3885 Dei
3173 3829 3315 3886 Filio
3338 3847 3619 3902 praepare-

1973 3925 2088 3978 tur.
2121 3919 2223 3975 Vel
2245 3925 2397 3975 certe
2419 3919 2606 3974 virtus
2634 3917 2942 3989 Altissinii,
2967 3919 3024 3974 id
3058 3922 3144 3974 est
3167 3919 3348 3974 Filius
3369 3918 3490 3983 Dei,
3515 3919 3615 3974 ob-

1976 4009 2278 4067 umbrabit
2307 4008 2435 4072 tibi,
2455 4007 2511 4061 id
2535 4011 2622 4062 est
2643 4006 3133 4062 obumbraculum
3159 4006 3350 4061 carnis
3371 4006 3618 4078 accipiet

1980 4097 2042 4154 in
2066 4102 2143 4154 te.
2175 4096 2324 4162 Quia
2354 4095 2507 4151 enim
2543 4094 2999 4150 immensitatem
3037 4095 3218 4150 divini
3252 4095 3494 4167 fulgoris
3523 4095 3618 4150 in-

1979 4185 2226 4242 ﬁrmitas
2258 4190 2593 4240 nostrorum
2627 4184 2929 4239 oculorum
2956 4183 3335 4255 contemplari
3360 4201 3474 4240 non
3495 4201 3620 4256 pos—

1980 4279 2087 4341 set,
2121 4273 2249 4329 ideo
2283 4273 2376 4328 Sol
2403 4273 2644 4343 justitias
2693 4273 2864 4327 Jesus
2909 4273 3174 4328 Christus
3232 4290 3357 4328 sese
3413 4273 3623 4329 velavit

1980 4379 2170 4429 carne,
2206 4366 2269 4417 ut
2300 4361 2382 4417 sic
2396 4361 2828 4433 quodammodo
2854 4360 3067 4416 melius
3097 4377 3232 4416 eum
3262 4361 3617 4434 contempla-

1981 4469 2178 4510 remur
2207 4451 2315 4506 sub
2351 4451 2525 4506 nube.
2562 4450 2815 4520 Ideoque
2871 4449 3158 4520 videlicet,
3220 4451 3359 4520 quia
3389 4467 3504 4505 non
3553 4467 3623 4505 ex

221 4537 383 4605 enim
414 4538 571 4603 aliud
603 4544 692 4594 est
714 4537 1022 4625 nobiscum
1046 4538 1230 4593 Deum
1251 4553 1601 4608 csse,.quam
1629 4555 1734 4594 nos
1757 4538 1870 4594 sal-
1902 4561 1946 4625 Β
1978 4540 2128 4596 virili
2162 4539 2406 4605 semine,
2440 4539 2538 4594 sed
2572 4554 2638 4592 ex
2669 4537 2922 4609 Spiritus
2952 4537 3138 4592 sancti
3183 4537 3394 4592 virtute
3424 4538 3620 4594 conci-

219 4627 396 4693 vare?
418 4629 488 4691 Et
507 4627 650 4699 quid
665 4632 754 4684 est
774 4644 879 4683 nos
899 4623 1143 4697 salvare,
1163 4643 1340 4698 quam
1357 4627 1663 4682 nobiscum
1692 4633 1869 4683 Deum

220 4716 391 4784 esse?
403 4715 781 4789 Perpantumi
789 4714 1366 4788 giturVirginisDeus
1381 4732 1494 4770 .nos
1506 4715 1692 4771 salvat
1710 4721 1766 4772 et
1780 4734 1877 4772 no-

221 4804 905 4871 biseumesLNubiscum
919 4808 1246 4871 eat,nostran
1263 4804 1457 4859 carnis
1472 4805 1876 4877 assumptione

224 4894 533 4958 nobiscum
548 4892 956 4958 estcharitate,
972 4891 1278 4948 nobiscum
1291 4893 1879 4965 estprotectione.Hic

226 4983 357 5048 erit,
377 4981 601 5054 inquit,
629 4999 886 5051 magnus.
920 4983 992 5038 Et
1021 4998 1150 5038 vere
1175 4983 1732 5054 magnus,quoniam
1751 4985 1879 5053 ejus

228 5070 662 5144 magnitudinis
679 5088 798 5126 non
809 5075 896 5130 est
909 5069 1134 5126 ﬁnis.Et
1143 5071 1566 5142 ﬁtiusAltissimi
1577 5073 1876 5139 vocabitur,

225 5158 795 5232 non._adopti.v.us,scd
817 5158 1237 5225 naturalis.Sed
1251 5175 1386 5214 cum
1413 5159 1486 5214 ab
1511 5165 1725 5216 aeterno
1753 5161 1876 5216 fue-

227 5248 569 5322 ritmagpus
582 5248 1153 5315 etFiliusAltissimi,
1171 5265 1350 5320 quare
1364 5249 1473 5302 ait:
1491 5249 1596 5303 Per
1612 5249 1877 5304 futurum

225 5338 336 5398 snit
368 5354 640 5410 magnus,
666 5337 1030 5394 etAltissimi
1056 5337 1238 5394 Filius
1262 5337 1290 5392 Ἰ
1312 5335 1873 5406 Adhumanitatem,

227 5425 389 5492 atad
421 5425 728 5490 hominum
763 5424 1030 5482 notitiam
1063 5424 1434 5482 referendum
1465 5427 1575 5494 est,
1599 5423 1876 5496 quoniam

230 5515 333 5591 qui
351 5513 556 5587 .primo
576 5531 800 5586 parvus
830 5513 1156 5570 secundum
1179 5513 1607 5570 humanitatem
1625 5513 1878 5570 estima-

231 5607 666 5682 tpsaestgpostea
679 5619 931 5676 magnus
945 5603 1606 5674 aestimatus.est,postca
1626 5619 1878 5675 magnus

1983 4631 2127 4702 pios,
2161 4628 2302 4700 quod
2331 4636 2588 4683 nascetur
2615 4644 2685 4683 ea:
2713 4636 2762 4682 te
2808 4635 3080 4689 sanctum,
3133 4628 3415 4681 vocabitur
3450 4628 3626 4683 Filius

1988 4719 2106 4782 Dei,
2141 4716 2198 4772 id
2229 4720 2319 4772 est
2352 4715 2447 4770 ille
2472 4716 2568 4787 qui
2604 4720 2894 4783 nascetur,
2931 4715 3054 4769 Non
3088 4714 3242 4769 enim
3277 4733 3377 4787 per
3408 4715 3514 4771 hoc
3546 4733 3629 4772 re-

1989 4807 2252 4870 lativum,
2277 4805 2440 4876 quod,
2470 4803 2594 4859 sola
2623 4821 2776 4871 caro,
2811 4805 2910 4858 sed
2963 4820 3210 4875 persona
3239 4804 3624 4876 significatur.

1987 4895 2271 4951 Neutrum
2303 4898 2494 4948 tamen
2530 4893 2784 4964 positum
2817 4897 2927 4961 est,
2961 4893 3032 4947 ad
3076 4893 3356 4963 majorem
3415 4894 3494 4949 rei
3531 4911 3628 4950 ex-

1989 4983 2374 5056 pressionem.
2407 4980 2465 5037 Si
2490 4981 2645 5036 enim
2669 4981 3022 5036 dixissctille
3055 4986 3295 5038 sanctus
3325 4983 3518 5050 homo,
3543 4983 3629 5038 vel

1988 5071 2084 5128 ille
2117 5077 2356 5127 sanctus
2388 5071 2492 5138 vir,
2528 5087 2733 5143 parum
2775 5070 2990 5125 dixisse
3043 5071 3355 5141 videretur,
3419 5073 3519 5127 sed
3553 5071 3634 5127 ait

1988 5159 2131 5216 illud
2163 5169 2443 5228 sanctum;
2479 5177 2546 5213 ac
2579 5159 2625 5215 si
2661 5164 2856 5230 aperte
2888 5159 3184 5215 diceretur
3217 5177 3229 5215 :
3267 5161 3366 5216 Ille
3422 5161 3482 5215 in
3515 5177 3632 5233 quo

1986 5248 2133 5304 nihil
2165 5248 2278 5302 nisi
2313 5246 2611 5311 sanctitas,
2648 5247 2793 5301 nihil
2827 5246 2937 5302 nisi
2969 5247 3200 5302 bonitas
3234 5253 3343 5303 est.

2059 5340 2122 5392 Et
2152 5354 2269 5392 ecce
2296 5336 2577 5390 Elimbcth
2601 5344 2829 5406 cognata
2871 5345 2985 5400 tua,
3020 5345 3070 5391 et
3103 5339 3223 5408 ipsa
3275 5339 3524 5406 concepit
3567 5339 3633 5408 ﬁ-

1988 5427 2128 5481 lium
2159 5427 2214 5480 in
2245 5432 2512 5480 senectute
2539 5441 2658 5479 sua.
2686 5425 3002 5496 Postquam
3028 5427 3206 5480 beatae
3227 5425 3456 5496 Virgini
3491 5442 3634 5498 gau-

1987 5516 2149 5572 dium
2177 5531 2351 5569 suum
2377 5513 2711 5567 nuntiatum
2737 5517 2843 5576 est,
2869 5514 3175 5569 nuntiatur
3195 5514 3246 5569 ei
3269 5520 3326 5569 et
3352 5514 3634 5586 gaudium

1989 5609 2245 5678 cognatae
2281 5608 2340 5658 et
2371 5602 2571 5659 amicae
2604 5619 2742 5670 suae,
2779 5606 2842 5656 ut
2871 5602 2953 5657 ita
2984 5602 3267 5674 gaudium
3302 5601 3516 5675 gaudio
3551 5619 3648 5664 cu.
