3980 6084
427 305 582 373 I363

1681 303 2088 370 RADULPHI
2129 302 2552 367 ARDENTIS.

429 441 705 508 muletur,
738 443 796 497 et
824 443 890 497 ut
915 438 985 497 ad
1009 441 1278 497 mutuam
1304 443 1558 497 matrum
1585 439 1983 496 visitationem
2005 443 2064 494 et
2093 438 2150 505 Α
2177 453 2272 493 me
2299 436 2556 492 Verbum
2588 434 2798 504 Patris,
2828 434 3159 492 secundum
3216 433 3461 492 verbum
3515 437 3712 493 tuum.
3757 437 3836 495 Et

428 529 1015 604 congratulationem,
1033 530 1283 586 infantes
1301 546 1531 602 quoque
1555 528 1737 585 sancti
1763 529 1820 583 in
1848 529 2067 584 sanctis

429 621 612 676 uteris
643 619 1142 690 congratulantur.
1175 621 1236 674 Et
1267 619 1356 674 hic
1400 621 1601 674 mensis
1648 626 1727 673 cst
1766 626 1948 674 sextus
1979 619 2070 674 illi

427 726 554 783 qua?
582 718 805 765 vocatur
821 709 1040 764 sterilis.
1074 709 1151 762 Ac
1174 708 1221 762 si
1245 707 1293 762 ei
1311 707 1542 763 dicatur
1574 723 1586 761 :
1626 707 1789 763 Sicut
1821 712 2069 780 cognata

426 804 531 855 tua
558 803 613 854 te
643 796 1019 870 praecucurrit
1041 797 1439 868 concipiendo,
1463 796 1544 851 ita
1567 796 1725 852 ﬁlius
1746 798 1873 868 ejus
1896 801 2068 852 tuum

428 891 741 963 praecurret
773 886 1140 958 prmdicando
1169 891 1226 941 et
1257 886 1625 958 baptizando.
1659 888 1805 956 Quia
1833 903 1944 943 non
1963 888 2070 943 erit

430 977 761 1050 impossibile
789 974 933 1046 apud
963 976 1128 1030 Deum
1157 992 1311 1030 mane
1349 975 1611 1044 verbum;
1642 993 1708 1030 ac
1765 975 1814 1031 si
1873 981 2070 1048 aperte

428 1068 619 1123 dicat:
646 1066 769 1120 Non
793 1064 983 1120 solum
1008 1069 1210 1136 partus
1239 1063 1600 1137 virginis,vel
1626 1082 1794 1132 anus,
1830 1065 1918 1121 vel
1959 1070 2070 1121 ste-

429 1155 574 1221 rilis,
609 1155 722 1210 Deo
755 1158 843 1210 est
873 1152 1188 1226 possibilis,
1223 1153 1340 1208 imo
1363 1153 1538 1209 etiam
1557 1154 1843 1226 quidquid
1875 1155 2064 1210 homi-

430 1244 605 1300 nibus
635 1244 865 1298 videtur
883 1242 1266 1315 impossibile,
1299 1243 1414 1298 Deo
1441 1247 1527 1298 est
1549 1243 1846 1316 possibile,
1872 1244 1968 1300 cui
1995 1246 2070 1300 fa-

432 1334 601 1390 cilius
627 1337 716 1389 est
745 1332 1030 1404 quidquid
1062 1331 1184 1386 vult
1217 1332 1402 1387 facere
1420 1349 1597 1404 quam
1631 1331 1798 1388 nobis
1828 1333 2069 1390 verbum

432 1423 706 1496 proferre,
741 1425 798 1477 et
827 1424 1062 1492 pr0pter
1090 1419 1200 1475 hoc
1250 1419 1471 1476 dictum
1531 1424 1620 1476 est
1675 1421 1870 1492 potius
1917 1439 2074 1480 omne

431 1514 672 1579 verbum,
698 1526 876 1582 quam
895 1525 1065 1564 omne
1085 1510 1323 1565 factum.
1338 1510 1462 1564 Non
1480 1526 1616 1583 ergo
1637 1511 1903 1583 desperet
1923 1528 2076 1584 quaa-

434 1617 664 1673 cunque
695 1599 893 1656 anima
922 1598 1160 1662 sterilis,
1183 1598 1458 1670 quoniam
1482 1598 1619 1654 licet
1647 1616 1751 1672 per
1779 1605 1960 1657 totam
1989 1602 2074 1657 vi-

433 1695 552 1746 tam
577 1705 744 1745 suam
773 1688 1024 1742 fructum
1048 1687 1268 1741 bonum
1291 1704 1404 1742 non
1431 1687 1646 1754 fecerit,
1669 1693 1861 1760 speret
1876 1694 2073 1747 tamen

433 1781 495 1835 in
525 1778 793 1843 Domino,
827 1776 928 1848 qui
956 1776 1014 1831 in
1047 1780 1363 1842 senectute,
1397 1780 1454 1831 et
1491 1775 1666 1832 etiam
1710 1778 1769 1833 in
1819 1783 2076 1836 extremo

435 1867 680 1924 articulo
709 1866 858 1932 vitae,
893 1869 1225 1936 peccatores
1256 1864 1328 1919 ab
1360 1864 1518 1919 omni
1536 1865 1686 1921 bono
1719 1883 1890 1939 opere
1911 1869 2077 1924 steri-

434 1958 517 2014 les
549 1955 806 2028 respicit,
839 1958 896 2010 et
925 1971 1026 2025 per
1065 1954 1464 2026 paenitentiam
1519 1954 1866 2012 fructiﬁcare
1917 1958 2074 2015 facit.

437 2047 670 2116 Quinto,
692 2043 1045 2115 beataVirgo
1068 2059 1237 2099 suam
1250 2044 1558 2116 proﬁtetur
1577 2044 1970 2103 humilitatem
1996 2049 2077 2104 di-

437 2153 575 2191 cens
608 2151 621 2190 :
655 2137 786 2188 Ecce
813 2133 1020 2188 ancilla
1050 2133 1291 2188 Domini.
1324 2133 1488 2199 Ecce,
1509 2132 1718 2189 fratres
1740 2135 1875 2201 mei,
1908 2136 2080 2194 beata

436 2225 636 2296 Virgo,
670 2221 936 2295 quamvis
969 2220 1154 2293 gratia
1183 2219 1376 2292 plena,
1399 2222 1668 2292 quamvis
1689 2223 1873 2280 Mater
1901 2226 2002 2281 Dei
2023 2232 2080 2284 et

438 2311 667 2370 Domini
701 2310 885 2366 nostri
918 2309 1119 2378 electa,
1153 2314 1348 2365 tamen
1382 2309 1566 2366 solam
1598 2313 1905 2383 proﬁtetur
1934 2315 1993 2372 in
2017 2334 2079 2374 se

439 2399 820 2473 subjectionis
877 2398 1291 2464 humilitatem,
1343 2416 1448 2454 nec
1506 2399 1614 2455 hoc
1667 2400 1792 2457 sola
1846 2421 1982 2461 voce
2021 2411 2079 2464 et

438 2491 671 2547 ﬁctione
704 2489 788 2560 (ut
819 2488 1056 2560 quidam
1088 2488 1355 2556 faciunt,)
1385 2488 1485 2543 sed
1543 2491 1715 2546 corde
1772 2496 1829 2547 et
1883 2511 2073 2566 opere.

438 2580 600 2636 Unde
629 2581 686 2633 et
711 2577 908 2632 statim
933 2580 1064 2648 post
1079 2576 1583 2633 annuntiationem
1607 2579 1931 2651 angelicam
1955 2601 2078 2640 sur-

440 2685 583 2741 gens
616 2669 701 2739 (ut
731 2667 789 2721 in
823 2665 1202 2737 sequentibus
1250 2665 1603 2735 continetur)
1631 2669 1789 2724 vadit
1821 2672 2077 2733 salutare

437 2762 495 2814 et
523 2755 871 2828 obsequium
902 2759 1176 2827 praestare
1209 2753 1522 2821 Elisabeth,
1546 2756 1732 2813 Mater
1754 2758 1873 2828 Dei,
1902 2765 2076 2821 matri

436 2844 714 2914 hominis,
744 2847 930 2898 mater
953 2842 1144 2914 Regis,
1173 2843 1344 2898 matri
1369 2844 1539 2900 servi.
1571 2846 1730 2911 Quod
1755 2852 1843 2903 est
1873 2856 2076 2910 contra

439 2934 750 3009 plerosque
781 2937 1070 2999 nostrum,
1091 2933 1298 2988 fratres
1320 2931 1453 3000 mei,
1483 2949 1628 3005 quos
1651 2934 1699 2990 si
1722 2940 2076 3013 quandoque

436 3022 654 3080 nostris
687 3020 1162 3078 simulationibus
1188 3019 1444 3076 Ecclesia
1465 3021 1720 3094 decepta,
1737 3029 1794 3081 et
1816 3031 1928 3083 Deo
1949 3045 2075 3100 per-

435 3113 722 3182 mittente,
757 3111 828 3166 ad
851 3110 1108 3183 aliquam
1131 3109 1702 3166 administrationem
1728 3115 2076 3174 ecclesiasti-

2176 543 2330 592 ecce,
2362 525 2616 599 gloriosa
2643 525 2839 598 Virgo,
2885 522 3242 581 desiderium
3301 529 3474 580 tuum
3530 526 3832 600 adimple-

2174 620 2302 671 tum
2327 619 2436 671 est.
2461 614 2797 670 Secundum
2821 613 2978 669 enim
3026 611 3361 686 angelicum
3382 615 3651 680 verbum,
3692 615 3834 672 Ver-

2175 705 2318 761 bum
2350 704 2538 760 Patris
2568 704 2787 759 factum
2817 707 2908 759 est
2935 702 2995 758 in
3024 706 3082 758 te
3111 707 3170 758 et
3201 702 3330 768 tibi,
3363 702 3482 760 imo
3512 707 3572 759 et
3602 704 3752 761 mihi
3774 711 3834 762 et

2178 793 2453 850 omnibus
2467 792 2641 865 quiin
2672 809 2807 848 eum
2835 791 3339 848 ﬁrmitercredunt
3355 796 3414 848 et
3443 798 3710 865 sperant,
3729 792 3829 868 qui

2175 899 2309 939 eum
2339 882 2612 938 ardenter
2641 881 2910 954 diligunt,
2942 881 3042 952 qui
3091 880 3221 952 ejus
3265 881 3548 938 mandata
3579 883 3826 940 faciunt.

2177 971 2288 1028 Sed
2322 989 2472 1038 ecce,
2507 970 2773 1042 piissime
2803 970 3060 1026 domina.
3089 969 3232 1026 dum
3262 969 3373 1026 hoc
3413 971 3604 1028 facere
3662 973 3826 1030 volu-

2178 1077 2332 1127 mus,
2364 1058 2587 1115 inimici
2619 1058 2801 1115 nostri
2832 1058 2930 1130 qui
2964 1059 3276 1115 animabus
3302 1059 3519 1116 nostris
3546 1061 3828 1120 insidian-

2179 1154 2293 1216 tur,
2327 1167 2434 1206 nos
2466 1148 2815 1222 impediunt,
2849 1153 2906 1203 et
2935 1147 2994 1202 in
3028 1151 3252 1220 partem
3272 1165 3440 1204 suam
3471 1151 3710 1208 trahere
3739 1171 3829 1209 vo-

2179 1239 2328 1295 lunt.
2363 1239 2473 1296 Sed
2505 1243 2594 1305 tu,
2636 1236 2896 1308 domina,
2932 1241 3200 1293 materna
3247 1237 3460 1309 pietate
3500 1257 3605 1312 pro
3657 1243 3826 1300 nobis

2180 1326 2426 1385 servulis
2458 1326 2576 1382 tuis
2605 1330 2731 1382 esto
2761 1324 3034 1382 sollicita.
3073 1324 3134 1382 Si
3167 1342 3274 1382 nos
3329 1331 3516 1383 tentet
3571 1330 3824 1400 damon,

2173 1418 2354 1490 juva;
2391 1415 2439 1472 si
2470 1431 2576 1471 nos
2607 1418 2796 1470 tentet
2822 1431 2978 1485 caro,
3003 1415 3186 1486 juva;
3221 1413 3270 1470 si
3303 1432 3410 1472 nos
3440 1421 3633 1474 tentet
3663 1437 3829 1477 mun-

2182 1507 2314 1572 dus,
2327 1505 2350 1577 j
2359 1521 2469 1560 uva
2490 1518 2504 1561 :
2526 1503 2644 1559 imo
2663 1503 3065 1576 semperjuva,
3086 1507 3375 1576 quatenus
3400 1507 3829 1578 potentissimis

2181 1592 2700 1649 intercessionibus
2732 1591 3075 1664 meritisque
3104 1592 3225 1649 tuis
3257 1593 3466 1665 adiuti,
3509 1597 3584 1652 ad
3613 1603 3831 1655 aeterna

2185 1681 2402 1755 gaudia
2432 1681 2731 1754 pervenire
2761 1697 3113 1748 mereamur,
3147 1697 3251 1754 per
3281 1681 3493 1740 Filium
3523 1689 3701 1743 tuum
3733 1688 3835 1746 Do-

2185 1771 2414 1827 minum
2447 1775 2736 1840 nostrum,
2771 1770 2869 1842 qni
2902 1785 3037 1826 cum
3072 1769 3240 1826 Patre
3285 1775 3344 1828 et
3373 1772 3600 1846 Spiritu
3628 1783 3832 1836 sancto

2185 1859 2326 1915 vivit
2354 1864 2413 1916 et
2445 1863 2650 1933 regnat
2677 1859 2834 1916 Deus
2863 1875 2966 1933 per
2995 1859 3191 1916 omnia
3224 1859 3436 1918 saecula
3456 1863 3829 1924 seculorum.

2184 1951 2390 2005 Amen.

2918 2038 3088 2095 XVII.

2351 2146 2410 2184 IN
2437 2143 2605 2184 FESTO
2634 2144 3042 2185 APOSTOLOBUM
3074 2144 3322 2186 PHILIPPI
3354 2148 3422 2188 ΒΤ
3447 2149 3668 2190 JACOBI.

2258 2220 2414 2274 Dixit
2439 2221 2592 2274 Jesus
2619 2218 2908 2290 discipulis
2952 2235 3068 2274 suis
3102 2234 3115 2273 :
3149 2219 3268 2275 Non
3315 2223 3566 2278 turbetur
3618 2241 3717 2281 cor
3742 2244 3830 2285 ve-

2186 2314 2380 2363 strum:
2411 2307 2649 2363 Creditis
2679 2309 2736 2362 in
2769 2308 2957 2373 Deum,
2985 2316 3036 2364 et
3067 2310 3127 2364 in
3155 2324 3242 2365 me
3265 2309 3466 2367 credite
3485 2314 3665 2382 (toan.
3698 2318 3832 2390 xw.)

2187 2403 2244 2452 et
2260 2395 2504 2470 reliqua.
2529 2395 2898 2452 Omnisciens
2919 2395 3223 2463 Dominus,
3244 2398 3451 2456 fratres
3469 2400 3829 2476 charissimi,

2187 2486 2506 2558 praevidens
2522 2486 2752 2541 animos
2767 2485 3192 2558 discipulorum
3210 2503 3279 2543 ex
3291 2504 3401 2544 sua
3417 2492 3694 2562 passione
3711 2511 3836 2568 per-

2185 2574 2529 2642 turbandos,
2561 2591 2659 2630 eos
2682 2575 3032 2648 praemunire
3053 2580 3110 2631 et
3131 2577 3538 2648 praeconsolari
3552 2580 3836 2655 dignatus

2186 2669 2294 2720 est.
2328 2664 2524 2720 Minus
2554 2663 2710 2720 enim
2739 2663 2961 2719 laedunt
3007 2665 3212 2735 jacula
3259 2683 3388 2738 quae
3439 2670 3837 2740 praevidentur

2185 2770 2362 2826 quam
2392 2771 2462 2811 ea
2491 2771 2618 2826 qua:
2641 2770 2757 2809 non
2779 2753 3187 2826 previdentur.
3211 2755 3395 2827 Igitur
3413 2757 3606 2815 iturus
3623 2760 3687 2816 in
3708 2762 3836 2836 ipsa

2184 2848 2352 2899 nocte
2391 2843 2462 2898 ad
2486 2840 2819 2915 passionem
2837 2859 2936 2898 eos
2950 2843 3320 2916 praemunivit
3339 2850 3396 2900 et
3407 2847 3832 2922 preinstruxit,

2183 2931 2337 2988 sicut
2365 2931 2425 2987 in
2459 2931 2758 3004 praslibata
2789 2931 3080 3006 Evangelii
3112 2931 3356 2990 lectione
3393 2936 3569 2992 modo
3599 2939 3835 2998 audivi-

2184 3021 2312 3077 stis.
2348 3021 2509 3077 Facit
2539 3025 2736 3076 autem
2769 3020 2829 3075 in
2853 3019 2984 3093 ipsa
3014 3019 3260 3078 lectione
3310 3028 3584 3096 quatuor.
3632 3029 3836 3088 Primo

2187 3110 2344 3166 enim
2375 3127 2474 3166 eos
2504 3110 2859 3166 consolatur.
2885 3110 3172 3179 Secundo,
3207 3112 3278 3168 ad
3311 3112 3834 3187 interrogationem

435 3219 563 3258 cam
595 3177 967 3273 promoverit,
999 3198 1212 3255 nostris
1245 3198 1468 3254 meritis
1489 3198 1596 3254 hoc
1627 3203 2000 3276 ascrihimus,
2019 3211 2077 3265 et
2104 3177 2148 3247 α
2186 3199 2442 3262 Τδοωεεν
2476 3199 2728 3256 Θεωηάίῑ
2756 3216 2818 3256 88
2846 3216 2973 3256 8386
3000 3177 3166 3256 Viam?
3187 3217 3483 3274 perquam
3501 3177 3576 3259 aa
3598 3205 3834 3265 Patrem

436 3295 646 3347 nostrae
679 3288 1008 3361 fragilitatis
1041 3287 1203 3342 obliti
1227 3291 1463 3342 caeteros
1494 3292 1947 3361 contemnimus,
1971 3296 2078 3354 im-

439 3395 728 3436 memores
759 3376 990 3433 Domini
1021 3375 1267 3447 exempli
1303 3376 1510 3448 (Matth.
1543 3381 1661 3447 xx,)
1691 3381 1791 3452 qui
1825 3401 1938 3439 non
1969 3386 2076 3442 mi.

436 3467 708 3534 nistrarc,
741 3467 842 3521 sed
877 3464 1196 3521 ministrari
1230 3464 1520 3534 volumus,
1558 3483 1780 3540 nosque
1821 3489 1935 3528 non
1966 3491 2072 3546 pa-

403 3566 544 3623 tres,
577 3557 678 3612 sed
707 3554 976 3610 dominos
1008 3554 1480 3610 demonstramus
1539 3573 1852 3616 numerum
1884 3579 2068 3634 equo-

405 3661 561 3710 rum,
596 3659 864 3699 acervum
899 3642 1253 3708 divitiarum,
1288 3643 1602 3699 mutatoria
1640 3645 1907 3704 mollium
1956 3668 2047 3708 ve-

401 3733 812 3790 stimentorum
846 3731 1014 3787 nobis
1045 3748 1451 3804 aggregamus,
1508 3750 1642 3789 cum
1675 3752 1888 3810 pompa
1921 3739 2046 3812 glo.

399 3822 603 3894 riaque
633 3819 1026 3893 procedimus,
1059 3825 1114 3875 et
1146 3821 1202 3875 in
1245 3820 1360 3876 alto
1403 3821 1705 3877 sublimati
1766 3827 2041 3885 mortales

394 3909 589 3965 videre
614 3909 1020 3980 dedignamur,
1037 3909 1190 3980 quod
1215 3909 1492 3965 facientes
1515 3928 1627 3966 non
1648 3911 2040 3972 humilitatem

397 4015 574 4071 quam
609 3997 892 4054 Dominus
914 3998 1337 4053 demonstravit
1360 3999 1548 4064 nobis,
1569 4001 1668 4055 sed
1703 4003 2038 4073 superbiam

396 4087 745 4144 diabolicam
778 4087 1099 4141 imitamur.
1136 4087 1350 4142 Deinde
1372 4087 1541 4143 beata
1569 4088 1743 4162 Virgo
1767 4108 1868 4162 per
1891 4093 2038 4150 desi-

395 4175 719 4232 derativum
751 4179 807 4231 et
835 4175 1270 4248 deprecativum
1303 4177 1543 4232 verbum
1594 4178 1888 4236 desiderat
1916 4187 2040 4239 tota

396 4269 589 4319 mente
605 4268 663 4318 et
684 4263 1344 4336 deprecaturadimpleri
1367 4265 1722 4336 promissum
1748 4285 1880 4324 cum
1906 4272 2044 4326 sub-

391 4353 479 4408 dit
513 4369 524 4408 :
556 4355 678 4408 Fiat
716 4353 860 4408 mihi
906 4353 1204 4408 secundum
1259 4353 1482 4408 verbum
1534 4362 1708 4424 tuum,
1760 4360 1914 4430 quod
1948 4365 2038 4416 est

393 4445 596 4498 contra
626 4445 884 4514 teporem
916 4441 1306 4512 quorumdam
1341 4447 1630 4507 nostrum,
1665 4445 1872 4501 fratres
1894 4448 2032 4517 mei,

2183 3288 2321 3345 itur.
2356 3287 2574 3354 Tertio,
2595 3289 2666 3344 ad
2690 3288 3029 3361 petitionem
3053 3288 3325 3363 Philippi,
3344 3307 3450 3364 per
3467 3309 3530 3348 se
3551 3299 3835 3368 cognosci

2184 3379 2414 3434 Patrem
2435 3378 2594 3434 dicit.
2616 3380 2850 3445 Quarto,
2875 3378 3014 3450 quid
3039 3380 3460 3436 mereaturveri
3475 3381 3624 3440 ﬁdes
3636 3392 3837 3443 osten-

2181 3468 2285 3523 dit.
2323 3470 2522 3539 ltaque
2553 3484 2651 3523 eos
2683 3466 2994 3524 consolans
3023 3467 3105 3523 ait
3135 3485 3149 3524 :
3183 3473 3302 3526 Non
3333 3470 3582 3526 tardetur
3610 3489 3712 3530 cor
3741 3493 3832 3533 υε-

2176 3566 2374 3622 stram,
2409 3557 2716 3631 acsidicat
2746 3573 2760 3611 :
2796 3561 3037 3629 Propter
3086 3558 3421 3630 passionem
3475 3576 3676 3618 meam
3711 3582 3827 3621 non

2175 3651 2610 3702 commoveatur
2638 3662 2737 3702 cor
2763 3650 3022 3702 vestrum
3053 3662 3089 3701 a
3110 3646 3426 3703 stabilitate
3456 3649 3591 3706 ﬁdei
3621 3655 3685 3707 et
3707 3669 3824 3710 sua

2172 3733 2636 3808 tranquillitatis.
2665 3734 2736 3790 Et
2765 3750 2945 3806 quare
3003 3751 3121 3791 non
3177 3736 3426 3792 debeant
3484 3741 3822 3812 perturbari

2169 3824 2442 3890 ostendit,
2475 3839 2609 3880 cum
2634 3823 2853 3879 subdit.
2889 3823 3118 3881 Creditis
3139 3827 3196 3880 in
3223 3827 3414 3892 Deum,
3437 3829 3572 3884 etin
3599 3845 3694 3887 me
3711 3847 3822 3889 cre-

2165 3913 2296 3980 dite,
2329 3912 2387 3968 id
2421 3918 2528 3980 est,
2559 3911 2606 3967 si
2639 3912 2876 3969 creditis
2907 3917 3137 3969 Patrem
3167 3930 3295 3970 esse
3324 3915 3818 3989 omnipotentem,

2165 4018 2527 4074 consequens
2549 4005 2638 4057 est
2659 4006 2723 4055 ut
2746 4017 2839 4056 me
2852 4018 3081 4074 quoque
3105 4003 3673 4063 consubstantialem
3687 4009 3818 4080 ejus

2165 4090 2376 4146 Filium
2408 4090 2660 4146 credatis
2687 4090 3171 4162 omnipotentem,
3233 4092 3336 4164 qui
3391 4093 3642 4150 detineri
3697 4114 3813 4154 non

2161 4195 2402 4251 possum
2443 4195 2478 4233 a
2504 4182 2708 4244 morte,
2743 4179 2843 4233 sed
2876 4195 3008 4233 sum
3033 4178 3318 4236 Dominus
3339 4181 3547 4237 mortis
3569 4187 3628 4238 et
3658 4184 3811 4242 vita.

2159 4267 2266 4323 Sed
2301 4272 2357 4322 et
2388 4267 2435 4323 si
2476 4267 2776 4340 contingat
2803 4283 2907 4323 vos
2955 4267 3012 4322 in
3073 4267 3345 4339 passione
3391 4286 3522 4326 mea
3580 4274 3814 4332 turbari

2158 4373 2344 4428 usque
2373 4355 2459 4412 vel
2493 4355 2565 4410 ad
2598 4356 2818 4428 fugam,
2841 4354 2928 4410 vel
2949 4355 3020 4410 ad
3045 4355 3489 4426 dubitationem,
3514 4359 3603 4416 vel
3625 4362 3811 4420 etiam

2154 4446 2225 4502 ad
2259 4443 2649 4517 negationem,
2681 4448 2879 4499 tamen
2909 4461 3026 4500 non
3050 4445 3472 4518 perturbemini
3502 4465 3702 4521 usque
3738 4453 3810 4508 ad

391 4529 489 4602 qui
522 4530 593 4585 ad
625 4535 868 4586 aeternas
900 4534 956 4585 et
977 4531 1176 4585 beatas
1203 4529 1300 4584 Dei
1319 4530 1738 4600 promissiones
1753 4537 2032 4607 torpesci-
2063 4550 2109 4615 Ῑ)
2153 4533 2639 4606 desperationem,
2673 4531 2952 4604 quoniam
2983 4532 3043 4588 in
3074 4533 3248 4590 domo
3271 4535 3460 4592 Patris
3489 4538 3606 4592 mei
3637 4539 3810 4596 cmle-

389 4635 541 4687 mus,
579 4636 711 4674 cum
745 4623 940 4675 tamen
969 4620 1039 4673 ad
1073 4617 1488 4690 promissiones
1513 4621 1861 4692 temporales
1885 4624 2034 4681 inar-

387 4707 717 4764 descamus.
745 4709 908 4764 Certe
929 4708 976 4763 si
1005 4707 1220 4778 aliquis
1243 4723 1340 4761 rex
1360 4708 1700 4780 temporalis
1730 4713 2032 4783 promittat

387 4796 556 4852 nobis
587 4797 838 4852 honores
869 4801 925 4852 et
954 4796 1187 4852 divitias
1213 4813 1408 4864 vanas,
1443 4813 1541 4852 eas
1573 4814 1706 4854 cum
1737 4805 1855 4857 toto
1885 4802 2032 4859 desi-

385 4885 546 4940 derio
579 4901 695 4940 non
727 4885 943 4940 differri
977 4889 1249 4956 Optamus
1277 4889 1335 4939 et
1383 4885 1770 4956 postulamus.
1805 4889 1872 4944 Et
1901 4906 2031 4946 ecce

383 4973 537 5029 Deus
569 4973 857 5045 promittit
885 4974 1054 5028 nobis
1084 4977 1364 5028 mternum
1397 4979 1454 5029 et
1493 4975 1727 5031 beatum
1760 4995 2026 5051 regnum,

381 5061 674 5134 promittit
705 5061 872 5116 nobis
932 5061 1181 5116 caelestia
1239 5062 1411 5126 bona,
1445 5085 1472 5111 ‹‹
1506 5080 1634 5134 quae
1667 5081 1771 5120 nec
1822 5067 2028 5125 oculus

378 5148 544 5211 vidit,
597 5166 702 5204 nec
761 5149 920 5204 auris
950 5149 1192 5216 audivit,
1224 5154 1281 5205 et
1323 5150 1380 5204 in
1445 5167 1542 5206 cor
1595 5152 1850 5210 hominis
1909 5173 2024 5213 non

379 5237 643 5293 ascendit
701 5239 747 5308 (I
803 5238 925 5292 Cor.
986 5238 1062 5310 II,)
1124 5261 1150 5286 ››
1199 5243 1256 5294 et
1313 5239 1385 5294 ad
1459 5238 1559 5295 illa
1632 5244 2023 5314 torpescimus

381 5328 440 5380 et
497 5324 858 5397 negligentes
915 5345 1142 5382 sumus.
1205 5326 1278 5383 Ut
1335 5327 1476 5400 quid
1528 5328 1656 5397 hoc,
1708 5331 1821 5386 nisi
1885 5333 2055 5405 quia'

377 5412 725 5482 temporalia
776 5413 949 5470 nimis
1017 5417 1287 5472 ardenter
1333 5433 1621 5485 amamus,
1675 5422 1730 5474 et
1774 5420 2024 5478 caelestia

372 5499 546 5563 bona,
596 5500 682 5556 vel
716 5521 829 5559 non
875 5505 1190 5570 credimus,
1245 5505 1333 5560 vel
1365 5506 1796 5564 contemnimus
1818 5509 1846 5564 ?
1874 5511 2017 5582 Fiat,

376 5585 588 5656 inquit,
617 5593 758 5648 mihi
779 5593 1074 5651 secundum
1105 5591 1326 5650 verbum
1356 5603 1530 5652 tuum.
1568 5596 1692 5652 Fiat
1714 5597 1858 5653 mihi
1881 5603 1938 5655 et
1957 5599 2017 5656 in

2141 4623 2274 4690 stis,
2309 4639 2424 4677 non
2449 4621 2639 4678 solam
2661 4621 2761 4693 qui
2789 4637 3094 4694 nunquam
3117 4623 3474 4694 ceciderunt,
3499 4627 3603 4683 sed
3621 4629 3805 4686 etiam

2139 4712 2239 4782 qui
2262 4711 2612 4778 ceciderunt,
2638 4715 2694 4766 et
2715 4727 2818 4783 per
2837 4709 3229 4782 paenitentiam
3251 4714 3797 4786 resurgunt,locum

2139 4799 2377 4856 habent.
2411 4799 2573 4854 Unde
2605 4803 2660 4854 et
2684 4799 2959 4854 subditur
2991 4816 3004 4854 :
3038 4801 3100 4855 In
3118 4801 3274 4858 domo
3289 4804 3477 4859 Patris
3503 4806 3801 4862 meiman-

2137 4891 2316 4944 siones
2344 4889 2537 4945 mula?
2560 4895 2704 4943 sunt.
2725 4889 2887 4954 Quod
2920 4893 3116 4946 autem
3149 4889 3434 4947 Dominus
3465 4895 3609 4949 tunc
3641 4895 3800 4952 dice-

2136 4977 2237 5034 bat
2266 4976 2592 5048 discipulis,
2627 4993 2732 5049 ego
2764 4994 2942 5046 nunc,
2977 4994 3209 5052 quoque
3239 4979 3446 5036 fratres
3477 4983 3594 5038 mei
3646 4984 3792 5041 cha-

2137 5065 2378 5130 rissimi,
2398 5065 2528 5121 dieo
2545 5065 2728 5121 vobis.
2759 5066 2816 5122 Si
2846 5067 3157 5142 contigerit
3187 5085 3290 5124 vos
3310 5070 3534 5126 turbari
3567 5073 3791 5130 caden-

2132 5154 2206 5210 do
2238 5154 2296 5209 in
2330 5153 2566 5226 aliquod
2607 5171 2781 5226 grave
2840 5168 3166 5228 peccatum,
3224 5173 3340 5214 non
3399 5161 3791 5231 perturbetur

2132 5259 2234 5300 cor
2316 5246 2581 5299 vestrum
2668 5260 2857 5316 usque
2931 5245 3003 5300 ad
3081 5245 3570 5318 desperationem,
3641 5267 3788 5323 quo-

2131 5332 2290 5388 niam
2352 5331 2552 5387 nullus
2603 5332 2784 5388 tantis
2853 5332 3092 5406 ﬂagitiis
3163 5340 3220 5390 et
3289 5334 3613 5393 sceleribus
3680 5356 3784 5412 po-

2128 5425 2242 5477 test
2299 5418 2607 5492 implicari,
2668 5421 2766 5493 qui
2835 5439 2938 5494 per
2995 5422 3399 5496 pmnitentiam
3463 5441 3581 5481 non
3642 5443 3781 5500 pos-

2129 5509 2204 5566 sit
2251 5509 2530 5582 reparari,
2590 5514 2649 5566 et
2707 5509 2902 5566 locum
2959 5510 3021 5567 in
3081 5529 3257 5586 regno
3315 5511 3593 5570 celerum
3651 5515 3780 5572 adi-

2127 5598 2293 5672 pisci,
2347 5598 2406 5654 in
2457 5615 2564 5670 qao
2625 5603 2764 5656 sunt
2823 5599 3062 5658 diversa
3121 5601 3480 5670 mansiones,
3539 5601 3601 5661 id
3663 5608 3777 5672 est,
