4012 6072
1333 232 1718 297 HOMILI/E.
1748 264 1828 284 —
1852 230 1906 298 Ῑ.
1948 233 2052 294 DE
2094 231 2496 296 TEMPORE.

3460 231 3620 310 i370

204 363 516 440 Ehwald.
546 364 625 440 ν),
655 369 767 424 etc.
801 365 1032 424 Fratres
1062 365 1198 436 mei,
1231 366 1353 424 haec
1400 367 1661 440 loquitur
1705 369 1856 425 Pau-
1887 367 1943 436 Α
1973 366 2112 423 alibi
2143 367 2263 422 ait:
2292 391 2313 417 ιι
2349 366 2407 424 Si
2441 364 2835 440 nosmetipsos
2863 363 3350 438 diiudicaremus,
3375 383 3492 424 non
3511 367 3624 426 uti.-

200 455 307 515 lns
327 455 577 522 Galatia,
607 455 826 528 quibus
856 455 1487 530 pseudopreedicatores
1518 457 1864 530 praedicave-

204 551 348 603 runt
368 545 560 618 legem
605 561 740 600 cum
771 545 1081 619 Evangelio
1107 563 1240 602 esse
1280 547 1592 602 tenendam
1619 564 1632 614 ;
1665 552 1868 602 contra

197 651 463 708 quorum
480 634 692 690 falsam
718 635 1189 706 praedicationem
1213 634 1414 691 scribit.
1431 635 1514 690 eis
1530 635 1862 707 Apostolus.

1973 474 2085 530 que
2106 456 2514 528 judicaremur
2542 457 2590 516 τι
2615 460 2738 514 Cor.
2784 456 2858 527 ιι).
2895 478 2922 508 ››
2957 456 3178 528 Itaque,
3225 457 3432 514 fratres
3482 457 3618 527 mei,

1974 546 2397 619 praeveniamus
2417 545 2679 601 divinum
2695 545 3010 616 judicium.
3030 545 3132 601 Hic
3151 561 3255 602 nos
3278 546 3348 601 de
3370 545 3622 618 peccatis

1972 634 2189 690 nostris
2221 651 2671 700 accusemus,ne
2693 636 2751 689 in
2779 635 2974 690 futuro
3006 650 3371 690 accusemur.
3391 635 3494 690 Hic
3515 651 3621 694 nos

203 723 374 781 Facit
401 728 598 780 autem
650 739 750 778 sex
801 723 862 778 in
909 724 1018 778 hac
1047 723 1314 780 lectione.
1353 724 1560 790 Primo,
1611 725 1751 780 dicit
1805 741 1867 780 se
1966 725 2414 795 judicemus,ne
2438 724 2496 779 in
2521 725 2712 779 futuro
2736 723 3092 794 judicemur.
3112 723 3258 779 Nam
3288 723 3624 797 quicunque

197 813 503 869 conﬁdere
530 812 591 866 in
616 811 732 867 Deo
755 812 828 867 de
847 813 1164 869 stabilitate
1187 814 1320 868 fidei
1341 814 1862 880 eorum.Secundo,

206 900 918 974 pseudoprsedi'catoribus
974 900 1236 957 minatur
1282 901 1598 973 judicium.
1645 903 1864 970 Tertio,

194 991 574 1047 demonstrat
604 1006 667 1046 se
697 1005 812 1045 non
858 990 1172 1062 praedicare
1220 990 1366 1064 legis
1413 991 1861 1048 observantiam.

195 1078 1127 1151 Quarto,'optat.perturbatorum
1159 1080 1608 1152 separationem.
1634 1081 1864 1149 Quinto,

198 1168 580 1224 demonstrat
599 1173 888 1240 quantum
912 1168 1227 1239 praedicent
1245 1168 1393 1241 legis
1414 1169 1865 1225 observantiam.

201 1255 575 1325 Sexto,'dicit
596 1273 658 1312 se
679 1273 796 1312 non
819 1255 879 1311 in
909 1255 1055 1328 lege,
1081 1258 1182 1312 sed
1215 1256 1272 1312 in
1306 1274 1477 1313 cruce
1507 1257 1720 1314 Christi
1753 1257 1872 1330 glo-

197 1345 374 1402 riari.
396 1343 594 1401 Primo
613 1344 802 1417 igitur
821 1345 974 1401 dicit
997 1362 1066 1401 .se
1096 1346 1389 1402 conﬁdere
1419 1347 1478 1401 in
1509 1348 1647 1415 Deo,
1668 1347 1726 1402 id
1758 1351 1868 1415 est,

197 1435 283 1491 de
313 1433 447 1490 ﬁdei
473 1449 683 1490 eorum
706 1434 1048 1503 stabilitate,
1081 1452 1214 1490 cum
1247 1435 1329 1491 ait
1353 1452 1365 1490 :
1393 1435 1611 1506 Conﬁdo
1639 1437 1704 1492 de
1721 1436 1870 1492 vobis

203 1524 532 1581 immuto
561 1523 703 1596 quod
741 1523 894 1579 nihil
941 1524 1100 1578 aliud
1143 1526 1388 1596 sopistis.
1439 1528 1520 1580 Ac
1569 1526 1618 1580 si
1666 1525 1867 1582 dicat:

201 1611 490 1680 Mais
515 1611 1164 1685 ipseudopraedicatores
1193 1614 1358 1669 vobis
1388 1615 1702 1686 praedicent
1731 1631 1870 1670 con-

202 1700 394 1805 traria
417 1701 791 1805 .iidei,tamen
820 1702 1052 1805 confido
1085 1702 1420 1805 de'vobishin
1445 1704 1694 1804 Domino
1716 1705 1869 1776 quod
1896 1738 1949 1805 Β

202 1788 366 1846 nihil
389 1788 557 1846 aliud
589 1807 623 1846 a
644 1789 860 1846 virtute
889 1790 1025 1846 ﬁdei
1047 1790 1468 1864 sapietiS.'Boni
1496 1793 1761 1865 magistri
1782 1798 1874 1850 est

203 1878 292 1934 de
312 1878 749 1951 discipulorum
771 1880 1095 1936 errantium
1115 1882 1524 1937 emendatione
1543 1897 1868 1954 nunquam,

211 1967 364 2023 dum
394 1972 538 2024 sunt
567 1968 628 2022 in
653 1968 768 2024 hac
795 1969 932 2037 vita,
967 1970 1295 2041 desperare,
1325 1974 1383 2025 et
1410 1969 1540 2026 ideo
1568 1988 1871 2043 nunquam

209 2056 292 2113 ab
315 2057 584 2113 oratione
607 2069 864 2125 cessare,
897 2058 1198 2130 quoniam,
1233 2063 1290 2114 et
1320 2059 1368 2114 si
1400 2060 1470 2115 de
1501 2059 1872 2133 incorrigibi-

205 2144 801 2202 linmmnendatione
832 2152 1115 2219 quantum
1150 2146 1210 2202 in
1233 2148 1326 2203 eis
1375 2148 1623 2217 diffidat,
1677 2154 1869 2205 tamen

205 2234 399 2291 desis
431 2233 488 2290 in
522 2234 1096 2292 Domino-conﬁdere
1127 2236 1316 2303 debet,
1365 2238 1463 2308 qui
1513 2254 1631 2293 non
1679 2238 1868 2294 solum

202 2327 695 2396 onmntos:potest
719 2340 1010 2392 revocare,
1065 2325 1184 2380 imo
1225 2325 1409 2382 etiam
1457 2327 1528 2382 de
1577 2326 1872 2400 lapidibus

203 2412 497 2470 suscitare
515 2412 666 2469 illius
683 2413 925 2468 Abraha
943 2413 1166 2482 (Matth.
1187 2413 1294 2486 in).
1311 2415 1452 2471 inde
1475 2421 1564 2471 est
1583 2418 1737 2488 quod
1759 2418 1866 2474 ait:

204 2501 524 2572 Canﬁdode
545 2502 700 2558 vobis
727 2504 792 2557 ain
848 2503 1101 2570 Domino,
1137 2519 1250 2558 non
1284 2503 1344 2558 in
1374 2504 1556 2573 vobis,
1593 2506 1870 2578 quoniam

209 2590 620 2647 [maledicatus
651 2591 826 2647 homo
847 2591 958 2663 qui
997 2591 1245 2647 conﬁdit
1275 2591 1333 2647 in
1383 2593 1621 2649 homine
1652 2598 1868 2663 (larem.

202 2681 409 2748 xm);-
447 2679 658 2736 Nullus
677 2679 844 2736 enim
872 2692 981 2753 per
1006 2697 1073 2736 se
1087 2682 1269 2748 stare,
1289 2682 1539 2737 necdum
1571 2699 1873 2756 resurgere

205 2769 609 2842 potest.v0uod
628 2772 839 2825 autem
868 2768 1184 2841 Apostolus
1200 2770 1598 2826 tunc-dicebat
1627 2771 1868 2840 Gala-tis,

205 2873 340 2931 ego,
365 2859 586 2914 lintres
609 2857 974 2922 charissimi,
1002 2875 1164 2914 nunc
1194 2858 1324 2913 dico
1351 2860 1516 2916 vobis
1547 2877 1561 2916 :
1595 2862 1873 2928 Quamvis

202 2945 629 3019 interimquos
668 2951 727 3003 et
771 2946 1072 3003 hieroticos
1114 2946 1417 3012 habitetis,
1469 2965 1720 3020 quorum
1761 2949 1873 3006 alii

205 3034 368 3092 IIIIJO
393 3034 685 3108 exemplo,
717 3035 814 3091 alii
846 3034 1004 3091 mala
1033 3035 1298 3090 doctrina
1330 3049 1432 3092 vos
1463 3044 1868 3109 corrumpunt,

203 3128 406 3180 ωτι
425 3124 666 3180 con-ﬁdo
696 3125 768 3180 de
797 3123 962 3180 vobis
995 3141 1112 3179 non
1143 3123 1203 3178 in
1237 3124 1421 3191 vobis,
1459 3126 1560 3181 sed
1584 3125 1646 3180 in
1682 3126 1874 3182 Domi-
1902 3111 1945 3177 C

205 3229 307 3278 no,
335 3210 673 3284 quodinihil
719 3211 878 3268 aliud
921 3212 998 3267 ab
1049 3211 1272 3267 unitate
1310 3213 1444 3268 ﬁdei
1495 3214 1736 3286 sapietis
1782 3215 1869 3271 vel

202 3301 459 3358 facie-tis.
497 3299 623 3368 Qui
671 3300 838 3357 enim
877 3301 958 3356 ab
1010 3300 1234 3357 unitate
1281 3301 1685 3358 ecclesiasticae
1737 3303 1871 3360 ﬁdei

201 3394 535 3462 separatur,
569 3395 854 3463 tanquam
897 3389 1021 3444 ovis
1071 3390 1404 3446 errabunda
1433 3409 1467 3446 a
1497 3391 1654 3465 lupis
1700 3393 1870 3448 devo-

204 3483 396 3535 untur.

237 3610 242 3614 -
275 3567 727 3641 Sequiturrpars
757 3568 1036 3636 secunda,
1056 3568 1114 3624 in
1137 3585 1256 3640 qua
1277 3569 1594 3640 Apostolus
1625 3571 1872 3642 pseudo-

204 3657 695 3732 pmdieatoribus
736 3656 1039 3728 judicium
1094 3658 1357 3713 minatur
1405 3659 1710 3714 subdens:
1765 3659 1873 3728 Qui

205 3748 731 3804 ωίειηισοηωνὸαι
763 3763 887 3813 uas,
931 3746 1176 3818 portabit
1213 3747 1510 3818 judicium,
1561 3751 1872 3820 quicunque

205 3843 288 3892 at
315 3836 431 3892 ille.
461 3835 531 3892 Si
572 3834 810 3892 milium
844 3835 1075 3892 malum
1112 3836 1266 3890 Deus
1291 3835 1577 3908 relinquit
1605 3837 1870 3908 impuni-

207 3924 938 3998 hm,~qmntovsupplicio
957 3925 1137 3981 debet
1166 3923 1261 3980 ille
1282 3924 1488 3997 puniri
1519 3925 1620 3996 qui
1665 3925 1869 3982 ﬁdeles

207 4013 509 4070 disturbat
537 4013 948 4070 arrectitud-ine
978 4013 1106 4068 vitae
1130 4018 1194 4069 .et
1222 4013 1355 4069 fidei
1379 4013 1407 4068 Ἰ
1456 4013 1514 4068 Si
1547 4014 1700 4069 enim
1734 4019 1868 4069 tan-

205 4106 341 4159 tum
361 4107 674 4174 peme
696 4101 1071 4159 cst-occidere
1083 4118 1303 4174 corpus
1318 4100 1583 4158 hominis
1603 4103 1866 4170 mortale,

207 4196 504 4265 quantum
521 4195 824 4264 peccatum
841 4190 1209 4248 estsoocidere
1221 4189 1450 4247 animas
1471 4190 1832 4248 immortales
1844 4193 1871 4247 ‘?

208 4279 358 4337 Hinc
387 4278 672 4335 Dominus
703 4280 761 4335 in
792 4278 1104 4352 Evangelio
1138 4295 1151 4332 :
1186 4302 1214 4329 «
1250 4279 1357 4344 Qui
1390 4278 1872 4335 scandalizaverit

207 4385 398 4424 unum
431 4368 501 4424 de
533 4367 766 4440 pusillis
796 4367 1059 4440 istis-qui
1081 4367 1148 4423 in
1173 4385 1278 4423 me
1325 4369 1591 4437 credunt,
1644 4368 1873 4440 expedit

1975 817 2065 868 est
2095 813 2210 884 ille,
2231 818 2286 869 et
2313 817 2802 885 quantuscunque
2834 813 2933 885 qui
2965 813 3221 868 minores
3240 831 3276 870 a
3298 813 3391 868 via
3411 812 3510 870 Dei
3531 814 3628 868 de-

1973 901 2129 958 viare
2164 902 2319 968 facit,
2335 904 2504 973 juxta
2523 903 2769 974 gradum
2794 919 2967 958 suum
2983 901 3273 973 judicium
3299 919 3473 958 suum
3499 919 3628 976 por-

1976 991 2144 1046 tabit.
2178 992 2323 1046 Nam
2356 1015 2383 1042 «
2415 990 2650 1064 gravius
2675 990 2965 1062 judicium
2997 990 3056 1046 in
3087 989 3179 1047 his
3219 991 3318 1063 qui
3362 996 3629 1066 praesunt

1973 1080 2095 1147 ﬁet,
2127 1084 2184 1135 et
2214 1086 2477 1152 potentes
2508 1085 2774 1152 potenter
2805 1084 3094 1136 tormenta
3115 1079 3428 1152 patieutur,
3441 1085 3500 1137 et
3521 1080 3629 1138 for.-

1971 1168 2224 1224 tioribus
2256 1168 2457 1224 fortior
2479 1168 2658 1223 instat
2690 1167 2966 1223 cruciatio
2998 1168 3146 1248 (.Sap.
3180 1168 3276 1241 v1).
3309 1190 3339 1218 υ

2048 1258 2327 1329 Sequitur
2347 1275 2483 1330 pars
2505 1258 2694 1323 tertia,
2715 1256 2774 1312 in
2799 1274 2914 1329 qua
2933 1257 3245 1330 Apostolus
3266 1257 3631 1316 demonstrat

1978 1363 2040 1403 se
2070 1364 2184 1403 non
2218 1347 2532 1419 praedicare
2563 1346 2710 1420 legis
2742 1346 3174 1402 observantiam
3207 1363 3340 1402 cum
3373 1347 3628 1421 Evange-

1969 1434 2327 1508 lio.Lega1ia
2355 1435 2512 1490 enim
2544 1435 2830 1490 sacrificia
2850 1439 2906 1491 et
2927 1435 3304 1492 observantiae
3324 1441 3627 1496 venturam

1978 1524 2274 1597 Evangelii
2307 1524 2736 1580 observantiam
2783 1525 3222 1597 praeﬁguravere
3254 1541 3268 1580 :
3304 1530 3627 1600 propterea,

1977 1613 2287 1687 Evangelio
2346 1617 2706 1682 coruscante,
2767 1614 3097 1669 debuerunt
3148 1629 3395 1671 cessare.
3440 1617 3628 1682 Quam

1977 1702 2124 1775 legis
2154 1702 2719 1758 consummationem
2751 1705 2808 1757 ot
2832 1701 3221 1758 cessationem
3246 1702 3538 1762 Dominus
3567 1704 3629 1766 in

1979 1808 2089 1846 sua
2113 1789 2386 1863 passione
2415 1789 2852 1856 demonstravit,
2881 1806 3014 1845 cum
3047 1789 3162 1846 ait:
3189 1814 3214 1842 α
3250 1791 3632 1852 Censuram-

1981 1883 2107 1935 tum
2138 1884 2226 1935 est
2253 1881 2430 1948 (Joan.
2462 1884 2594 1945 XIX).
2627 1901 2654 1929 »
2687 1880 2794 1946 Qui
2844 1877 3024 1951 igitur
3059 1883 3267 1936 extuno
3299 1881 3515 1953 ﬁguras
3545 1880 3632 1941 lev-

1979 1970 2071 2041 gis
2095 1970 2388 2035 observat,
2422 1969 2716 2024 Christum
2743 1969 3004 2023 nondum
3037 1968 3289 2035 venisse,
3304 1971 3413 2028 sed
3439 1971 3631 2030 adhuc

1979 2062 2290 2114 venturum
2319 2075 2449 2114 esse
2479 2058 2860 2114 demonstrat.
2913 2061 3113 2129 Itaque
3151 2062 3372 2116 -ex.tunc
3413 2058 3632 2132 legales

1980 2149 2201 2221 ﬁguras
2222 2148 2677 2215 observare,non
2701 2151 2926 2202 tantum
2957 2152 3045 2202 est
3075 2145 3300 2215 inutile,
3321 2148 3420 2204 sed
3442 2148 3631 2206 etiam

1981 2237 2345 2304 mandatum,
2366 2241 2422 2291 et
2451 2236 2824 2308 sperantibus
2853 2235 3027 2290 etiam
3047 2235 3108 2290 in
3137 2235 3225 2292 eis
3254 2237 3629 2296 damnosum.

1981 2327 2144 2383 Unde
2173 2326 2328 2383 idem
2363 2325 2578 2382 Paulus
2609 2324 2746 2380 alibi
2779 2323 2860 2380 ait
2889 2340 2904 2379 :
2938 2347 2966 2376 (ι
3013 2325 3071 2379 Si
3106 2324 3631 2394 circumcidamini,

1979 2416 2248 2471 Christus
2278 2414 2422 2470 nihil
2450 2413 2713 2486 proderit
2742 2412 2905 2468 vobis
2936 2413 3073 2486 (Gal.
3097 2414 3174 2486 v).
3199 2435 3227 2465 η
3257 2413 3635 2472 Demonstrat

1979 2504 2160 2578 igitur
2190 2503 2404 2559 Paulus
2435 2521 2497 2560 se
2530 2521 2641 2558 non
2673 2502 2990 2575 praedicare
3011 2501 3157 2575 legis
3182 2504 3630 2572 observantiam,

1979 2609 2114 2648 cum
2164 2593 2290 2648 ait:
2323 2594 2389 2648 Et
2429 2609 2543 2664 ego,
2585 2596 2804 2662 fratres,
2852 2593 2905 2647 si
2947 2593 3418 2649 circumcisionem
3457 2592 3636 2652 adhuc

1979 2682 2236 2754 praedico,
2281 2689 2342 2737 ut
2371 2681 2503 2753 quid
2533 2681 2710 2736 adhuc
2741 2681 3179 2752 persecutionem
3209 2683 3394 2752 patior
3413 2682 3442 2738 ‘I
3471 2683 3551 2738 Ac
3573 2682 3633 2742 si

1979 2775 2176 2843 aperte
2207 2771 2363 2826 dicat
2394 2787 2407 2826 :
2443 2772 2513 2826 Et
2554 2769 2665 2825 hoc
2713 2773 2889 2842 patet,
2941 2768 3080 2842 quia
3118 2769 3631 2832 circumcisione!!!

1981 2876 2095 2914 non
2129 2860 2398 2931 praedico,
2431 2859 2573 2931 quia
2601 2876 2633 2913 a
2661 2858 2886 2914 Judaais
2933 2858 3294 2916 amatoribus
3322 2859 3633 2916 circumci-

1978 2947 2164 3004 sionis
2196 2948 2661 3020 persecutionem
2688 2947 2903 3018 patior.
2930 2946 3036 3013 Qui
3069 2946 3143 3001 ob
3171 2945 3317 3002 nihil
3349 2947 3506 3004 aliud
3535 2964 3634 3007 me

1980 3041 2436 3110 persequuntur,
2483 3036 2596 3092 nisi
2656 3036 2794 3108 quia
2841 3034 3344 3091 circumcisionem
3395 3051 3630 3106 evacuo,

1985 3143 2160 3198 quam
2211 3130 2430 3193 amant,
2465 3131 2522 3181 et
2563 3142 2795 3180 crucem
2847 3123 3098 3196 praedico
3133 3123 3381 3191 Christi,
3414 3124 3472 3180 in
3512 3143 3636 3198 qua

1980 3215 2470 3272 scandalizantur.
2505 3218 2664 3285 Ergo,
2697 3214 2910 3286 inquit,
2949 3222 3272 3270 evacuatum
3295 3222 3372 3269 est
3401 3214 3632 3270 scamm-

1980 3307 2095 3362 lum
2123 3307 2321 3371 crucis,
2352 3304 2397 3358 si
2433 3321 2548 3360 non
2581 3320 2812 3360 crucem
2855 3302 3125 3375 praedico,
3177 3303 3279 3359 sed
3329 3301 3632 3360 circumci-

1978 3395 2203 3450 sionem
2228 3394 2286 3448 in
2318 3411 2435 3465 qua
2453 3393 2638 3449 Judaei
2662 3410 2776 3448 non
2799 3391 3294 3461 scandalizantur,
3315 3392 3417 3449 sed
3437 3391 3635 3466 potius

1977 3482 2265 3538 laetantur.
2290 3482 2450 3549 Quod
2487 3485 2683 3536 autem
2712 3485 2856 3536 tunc
2887 3479 3105 3536 Paulus
3126 3480 3458 3552 patiebatur
3476 3497 3512 3536 a
3537 3479 3636 3536 Ju-

1977 3572 2138 3640 daeis,
2171 3571 2325 3627 idem
2359 3570 2620 3642 patimur
2649 3569 2820 3625 hodie
2850 3587 2976 3638 nos,
3001 3569 3137 3626 licet
3169 3568 3396 3641 indigni
3429 3569 3636 3641 praedi-

1977 3666 2222 3726 catores,
2269 3677 2302 3714 a
2349 3658 2704 3731 quibusdam
2757 3659 3042 3730 perversis
3093 3656 3464 3724 Christianis,
3499 3657 3637 3733 quin

1975 3767 2110 3806 eum
2141 3750 2226 3804 eis
2258 3765 2374 3804 non
2407 3752 2593 3820 grata,
2629 3747 2730 3802 sed
2760 3763 2914 3816 vera,
2948 3763 3065 3801 non
3096 3744 3334 3818 placita,
3357 3746 3457 3802 sed
3490 3746 3638 3806 dura

1976 3836 2529 3903 dicimus,insidias,
2548 3835 2938 3891 contumelias
2959 3839 3015 3890 et
3042 3833 3292 3905 injurias
3323 3834 3397 3889 ab
3423 3833 3509 3889 eis
3538 3851 3638 3907 pa.

1975 3927 2337 3982 timur.Cum
2366 3925 2526 3981 enim
2549 3925 2704 3980 hunc
2728 3923 3079 3995 corripimus
3111 3924 3184 3978 de
3210 3921 3635 3990 lux.uria,illum

1975 4017 2047 4073 de
2077 4015 2337 4082 avaritia,
2373 4014 2529 4070 hunc
2557 4015 2626 4070 de
2655 4014 2762 4080 ira,
2788 4011 2955 4068 illum
2983 4013 3054 4067 de
3084 4010 3635 4080 crudelitate,alium

1977 4106 2047 4161 de
2079 4105 2322 4161 mollitie
2353 4110 2410 4159 et
2439 4103 2845 4170 dissolutione,
2879 4118 2978 4157 eos
3007 4099 3225 4156 lucrari
3257 4101 3373 4157 Deo
3404 4100 3638 4175 cupien-

1969 4199 2084 4258 tes,
2118 4211 2224 4248 nos
2255 4193 2506 4248 oderunt
2537 4191 2692 4246 unde
2722 4189 2966 4262 diligere
2997 4189 3346 4246 debuerunt.

2049 4283 2327 4354 Sequitur
2357 4298 2493 4353 pars
2524 4283 2753 4351 quarta,
2770 4279 2828 4333 in
2851 4296 2968 4350 qua
2988 4279 3301 4350 Apostolus
3321 4283 3484 4350 optat
3497 4295 3633 4352 .per-

1975 4371 2343 4428 turbantium
2375 4369 2805 4441 separationem
2838 4383 2972 4422 cum
2993 4367 3208 4422 .snbdit
3239 4385 3252 4422 :
3291 4369 3512 4425 Utinam
3537 4371 3634 4424 ab-

206 4457 788 4530 ei-n't-suspendatur
819 4457 974 4514 mola
1011 4457 1279 4514 asinaria
1316 4457 1384 4514 in
1435 4457 1584 4514 col-lo
1631 4458 1782 4528 ejus,
1816 4463 1872 4513 et
1893 4478 1947 4542 ,ιθ
1976 4460 2303 4517 scindantur
2330 4461 2425 4531 qui
2455 4475 2545 4514 vos
2593 4455 2957 4512 conturbant!
3008 4454 3174 4510 Sicut
3203 4456 3476 4526 prudens
3527 4473 3633 4528 pa-

204 4547 588 4620 demergatur
607 4546 674 4602 “in
688 4547 1066 4619 profundum
1079 4547 1269 4602 maris
1287 4546 1496 4615 (Matth.
1520 4564 1644 4605 an
1665 4567 1678 4616 ς
1705 4546 1866 4602 Marc.

206 4636 312 4703 is).
338 4658 366 4686 ››
396 4635 549 4702 Quia
576 4635 845 4692 videlicet
865 4635 1222 4709 praedicator
1241 4635 1354 4707 :qui
1387 4635 1705 4692 offensione
1733 4636 1873 4698 mali

209 4723 463 4796 exempli
486 4723 578 4780 vel
601 4723 887 4781 doctrina:
927 4723 1183 4797 :pusillos
1229 4724 1452 4779 inﬁde
1495 4724 1635 4779 facit
1683 4742 1870 4793 ruere,

206 4812 430 4869 melius
443 4812 790 4870 asset-eiut
813 4813 1103 4869 circuitus
1135 4814 1498 4885 ponderosas
1529 4813 1656 4868 vitae
1689 4831 1874 4870 seacu-

205 4902 360 4960 ἐστὶι)
385 4901 922 4958 eliminatos-nam
975 4901 1415 4958 damnationem
1452 4901 1870 4974 praecipitaret,

207 4991 494 5064 Quoniam
527 4990 928 5048 solueranima:
959 5009 1078 5048 suis
1097 5008 1272 5046 vreum
1318 4990 1510 5047 minor
1539 5009 1708 5064 poena
1737 5009 1873 5047 cru-

207 5079 850 5148 daret;inunc-autom
893 5085 985 5136 tot
1019 5079 1680 5153 supplicia-sustinebit,
1721 5085 1872 5152 quot

209 5166 831 5226 ieiunumst-etfacit.
862 5169 1129 5237 Ροτιωὸίε,
1180 5169 1392 5241 inquit,
1433 5169 1730 5241 judicium,
1779 5167 1865 5224 vel

206 5257 310 5315 hic
337 5256 838 5325 voluntariuspvel
862 5257 1158 5314 in'futuro
1187 5257 1558 5323 invitus.e0ui
1587 5257 1742 5313 enim
1775 5257 1870 5312 hic

209 5347 647 5420 ὼφοῳθιηςΐο
678 5351 924 5420 spatiatim
972 5348 1234 5419 seipsum
1279 5364 1389 5419 per
1437 5345 1866 5414 contritionem,

204 5436 1226 5494 confessionem-.etisatisfactionsm
1265 5439 1513 5493 accusat
1540 5441 1597 5491 et
1617 5435 1865 5506 judicat,

207 5529 498 5584 Mam
536 5525 838 5598 judicium
877 5524 1090 5583 evitat.
1135 5525 1314 5583 {inde
1358 5525 1514 5583 idem
1560 5523 1869 5596 Apostolus

1973 4555 2103 4606 istor
2131 4549 2439 4621 separabat
2469 4546 2794 4602 morbidum
2822 4561 2987 4600 ovem
3004 4543 3094 4598 vel
3111 4560 3360 4616 porcum
3378 4544 3450 4600 ab
3476 4543 3630 4612 ovili,

1983 4654 2055 4693 ne
2085 4639 2212 4709 ejus
2241 4637 2508 4708 contagio
2539 4640 2696 4692 totus
2725 4651 2862 4708 grex
2892 4638 3090 4706 pereat
3114 4651 3127 4701 ;
3150 4632 3233 4687 ita
3261 4633 3470 4689 Doctor
3489 4649 3637 4705 .geu-

1977 4727 2133 4783 :tium
2163 4731 2321 4798 optat
2353 4724 2608 4796 separari
2640 4723 2896 4795 iniquos,
2933 4721 3084 4778 male
3122 4723 3396 4778 docentes
3425 4721 3514 4778 vel
3543 4723 3632 4778 vi-

1982 4820 2201 4883 ventes,
2221 4833 2254 4870 a
2276 4832 2448 4887 grege
2471 4812 2840 4881 ﬁdelium,ne
2871 4829 2970 4867 eos
2999 4828 3110 4866 sua
3139 4810 3483 4883 contagione
3513 4828 3634 4868 cor-

1976 4907 2261 4973 rumpant
2290 4901 2428 4957 etin
2461 4900 2657 4955 anima
2688 4900 2974 4954 occidant.
3011 4898 3143 4954 Illos
3164 4898 3320 4954 enim
3352 4899 3631 4958 debemus

1984 4989 2229 5046 retinere
2261 4990 2320 5045 in
2350 5005 2582 5062 gregem
2619 4993 2885 5044 nostrum
2918 4988 3115 5060 qui-de
3138 4991 3340 5043 nostra
3358 4987 3631 5050 societate

1981 5079 2101 5134 sint
2131 5078 2418 5146 meliores,
2442 5077 2530 5134 vel
2563 5077 2633 5133 de
2662 5094 2913 5149 quorum
2936 5077 3212 5132 societate
3236 5093 3340 5132 nos
3362 5076 3631 5136 meliores

1971 5166 2188 5223 simus.
2251 5165 2708 5239 Incorrigibilem
2759 5181 2914 5233 vero,
2968 5165 3066 5238 qui
3117 5166 3189 5221 de
3236 5170 3437 5221 nostra
3481 5166 3633 5228 bona

1970 5256 2415 5311 conversatione
2445 5272 2560 5308 non
2593 5255 2657 5309 tit
2687 5253 2911 5320 melior,
2927 5259 2984 5310 et
3015 5273 3122 5310 nos
3151 5256 3223 5311 de
3246 5272 3360 5312 sua
3388 5255 3634 5311 deterio-

1969 5361 2072 5400 res
2105 5344 2224 5399 fieri
2256 5359 2592 5416 possumus,
2628 5360 2661 5398 a
2691 5343 2860 5399 nobis
2899 5342 3299 5401 excludamus.
3334 5343 3629 5416 Scriptum

1977 5439 2069 5490 est
2098 5433 2255 5489 enim
2280 5449 2293 5486 :
2333 5432 2621 5487 «Auferte
2651 5432 2872 5488 malum
2916 5433 2987 5490 de
3014 5433 3206 5489 medio
3231 5431 3404 5488 vestri
3437 5433 3482 5505 (1
3507 5434 3626 5489 Cor.

1976 5523 2055 5594 v).
2081 5545 2109 5572 »
2135 5522 2280 5578 llinc
2310 5524 2400 5578 est
2429 5521 2584 5592 quod
2613 5526 2820 5579 sancta
2848 5520 3632 5590 Ewleﬁammwfwnﬁr
