3980 6084
429 297 582 364 1371

1699 299 2102 363 RADULPHI
2145 295 2560 363 ARDENTIS.

3674 295 3831 365 1379

429 440 670 502 ratores,
717 430 1019 492 haereticos
1060 435 1412 506 caaterosque
1450 431 1700 506 publicis
1750 430 2066 489 sceleribus
2097 431 2153 499 Α
2182 450 2323 489 crux
2352 434 2533 489 dextri
2568 431 2812 491 latronis
2843 450 2948 508 pro
2978 430 3234 508 peccatis
3263 432 3387 491 suis
3416 431 3829 508 patientis,sed

428 525 720 583 involutos
746 521 1254 580 excommunicare
1276 528 1333 578 et
1354 523 1655 578 eliminare
1683 523 2003 592 consuevit,
2019 521 2076 577 in

427 615 538 673 hoc
567 617 688 670 tam
714 613 825 670 sibi
847 629 1024 686 quam
1048 611 1166 667 illis
1186 611 1498 667 consulens
1522 628 1535 666 :
1563 611 1694 679 sibi,
1719 629 1790 666 ne
1812 613 2076 684 contagio

427 721 630 761 eorum
660 702 908 759 interius
939 705 1365 773 corrumpatur,
1400 699 1538 768 illis,
1574 699 1673 772 qui
1705 717 1841 754 cum
1881 701 2079 754 vident

427 797 667 866 propter
695 789 914 849 scelera
944 807 1051 846 sua
1090 805 1152 845 se
1195 789 1468 862 dejectos,
1503 789 1851 844 erubescant
1897 794 1954 844 et
1991 806 2080 844 sa-

429 881 678 938 lubriter
705 879 1157 936 confundantur.

496 969 774 1044 Sequitur
805 985 940 1042 pars
957 965 1258 1039 quinta,in
1291 983 1409 1038 qua
1438 966 1802 1022 demonstrat
1831 967 2076 1038 Aposto-

421 1060 516 1116 lus
547 1075 727 1134 quare
754 1055 1123 1113 observantia
1153 1055 1298 1127 legis
1353 1054 1700 1127 praedicetur
1738 1072 1772 1110 a
1818 1057 2076 1128 pseudo-

419 1146 923 1223 praedicatoribus,
956 1149 1013 1201 et
1041 1143 1204 1216 ponit
1248 1145 1395 1199 duas
1437 1160 1666 1199 causas.
1703 1143 1979 1208 Primam,
2011 1149 2076 1200 ut

417 1238 634 1295 evitent
665 1233 1160 1308 persecutionem;
1193 1233 1605 1299 secundam,ut
1627 1233 1938 1304 acquirant
1960 1233 2070 1288 sibi

416 1341 652 1384 nomen.
713 1325 1032 1396 Quicunque
1081 1325 1231 1379 enim
1287 1323 1476 1378 volunt
1529 1323 1743 1393 placere
1805 1324 1864 1376 in
1909 1339 2074 1378 carne

416 1417 476 1474 id
505 1420 595 1472 est
625 1414 954 1477 carnaliter,
990 1417 1047 1467 et
1085 1429 1200 1468 non
1253 1409 1653 1484 spiritualiter,
1705 1410 2068 1477 hominibus,

415 1509 474 1563 et
503 1521 618 1561 non
652 1505 787 1570 Deo,
821 1504 883 1558 hi
904 1509 1108 1571 cogunt
1151 1518 1249 1558 nos
1304 1500 1645 1568 circumcidi,
1682 1504 1934 1567 tantum,
1969 1517 2070 1555 su-

413 1593 644 1663 baudis,
662 1592 722 1648 in
754 1607 948 1659 carne,
981 1589 1070 1648 vel
1121 1595 1352 1646 tantum
1396 1589 1504 1645 hac
1557 1605 1733 1646 causa
1781 1593 1844 1643 ut
1877 1589 2069 1644 crucis

409 1682 626 1740 Christi
655 1680 1120 1754 persecutionem
1154 1695 1268 1734 non
1293 1678 1610 1751 patiantur.
1638 1676 1884 1732 Romani
1907 1679 2066 1734 enim

2184 526 2380 578 tamen
2417 523 2844 594 poenitentis,et
2873 523 3227 592 conﬁtentis,
3255 540 3362 579 nec
3391 523 3452 578 in
3483 540 3552 580 ea
3571 529 3662 580 est
3683 525 3834 583 unde

2187 611 2484 683 glorietur,
2520 613 2621 667 sed
2647 613 2802 668 unde
2851 612 3216 684 corripiatur.
3239 613 3342 668 Est
3382 616 3439 666 et
3477 629 3621 668 crux
3661 616 3832 686 Cyre-

2187 701 2294 755 naei
2325 699 2386 754 in
2419 695 2797 774 angaria,sed
2830 719 2946 757 non
2978 700 3378 766 morientis,id
3409 705 3499 756 est
3527 700 3834 774 hypocrita

2187 806 2418 844 carnem
2456 789 2772 862 affligentis
2803 779 2859 845 et
2889 791 3112 846 mundo
3142 789 3409 857 viventis,
3433 806 3540 845 nec
3571 790 3630 844 in
3662 807 3732 846 ea
3755 797 3834 848 est

2187 879 2344 934 unde
2373 896 2504 933 vere
2537 879 2947 952 glorietur,sed
2977 879 3134 934 unde
3154 878 3472 950 judicetur.
3489 879 3594 934 Est
3623 885 3682 934 et
3700 896 3833 936 crux

2186 967 2402 1023 Christi
2433 968 2780 1037 innocentis,
2815 985 2920 1040 pro
2951 968 3205 1040 peccatis
3237 966 3455 1024 nostris
3484 972 3696 1040 sponte
3725 986 3832 1026 mo-

2186 1057 2408 1124 rientis,
2443 1062 2498 1112 et
2529 1058 2588 1112 in
2619 1074 2687 1112 ea
2717 1061 2808 1113 est
2836 1056 3088 1112 multum
3122 1056 3278 1112 unde
3306 1055 3611 1128 glorietur.
3635 1057 3700 1112 In
3732 1057 3829 1113 hac

2183 1145 2402 1200 Paulus
2434 1145 2740 1218 gloriatur,
2759 1145 3038 1218 quoniam
3069 1151 3128 1201 et
3154 1147 3225 1201 ad
3259 1143 3592 1217 exemplum
3623 1145 3828 1203 Christi

2183 1234 2243 1288 in
2273 1251 2443 1290 cruce
2469 1235 2798 1307 pendentis,
2833 1251 3070 1290 carnem
3101 1251 3269 1291 snam
3301 1234 3674 1290 crucifixerat
3701 1252 3824 1291 cum

2181 1323 2337 1378 vitiis
2367 1327 2426 1378 et
2465 1323 2954 1395 concupiscentiis
2983 1323 3127 1393 (Gal.
3154 1327 3233 1391 v),
3267 1326 3538 1380 mortuus
3587 1324 3821 1390 mundo,

2182 1413 2281 1467 sed
2315 1413 2478 1468 vivus
2508 1412 2820 1470 Deo.Unde
2851 1412 3006 1467 idem
3033 1411 3114 1468 ait
3145 1429 3158 1466 :
3192 1411 3382 1467 «Vivo
3412 1427 3539 1485 ego,
3557 1412 3688 1483 jam
3719 1430 3824 1469 non

2179 1517 2304 1573 ego,
2337 1501 2476 1556 vivit
2533 1518 2666 1557 vero
2724 1500 2785 1556 in
2847 1516 2937 1556 me
2995 1500 3263 1556 Christus
3310 1500 3512 1570 (Gatat.
3547 1501 3633 1572 ιι).
3683 1524 3713 1552 ιο
3763 1501 3826 1558 Et

2179 1590 2356 1645 etiam
2388 1607 2490 1662 pro
2523 1589 2749 1646 Christo
2783 1588 3044 1662 quotidie
3070 1590 3403 1661 patiebatur
3421 1588 3823 1657 contumelias,

2177 1679 2446 1750 injurias,
2481 1677 2730 1751 ﬂagella,
2775 1694 3058 1746 carceres,
3105 1677 3350 1750 lapides,
3375 1681 3432 1733 et
3461 1676 3820 1750 hujusmodi.

379 1764 1152 1846 'imperatores,Augustus,
1179 1767 1468 1836 Tiberius,
1501 1772 1560 1823 et
1588 1766 1760 1822 Caius
1783 1767 2066 1866 dederant
2097 1803 2140 1868 Β
2177 1768 2338 1824 Unde
2369 1769 2524 1823 idem
2565 1768 2646 1823 ait
2677 1784 2690 1824 :
2727 1789 2754 1818 «
2786 1769 2904 1840 Ego
2954 1766 3238 1840 stigmata
3287 1765 3502 1822 Christi
3549 1771 3720 1838 porto
3765 1767 3818 1822 in

408 1861 738 1918 libertatem
765 1857 1003 1926 Judaeis,
1039 1861 1104 1913 ut
1133 1857 1349 1928 ubique
1379 1859 1619 1929 possent
1667 1854 1872 1928 patriis
1917 1855 2061 1928 legi-

408 1952 540 2018 bus,
574 1951 757 2006 donec
785 1948 1059 2004 viverent.
1091 1947 1152 2002 in
1203 1962 1345 2020 pace
1388 1945 1696 2001 deservire.
1750 1947 2061 2015 Propterea

407 2037 1040 2114 pseudoprsdicatores
1069 2035 1210 2090 dum
1241 2034 1505 2090 viderent
1530 2033 1894 2089 Christianos
1926 2050 2058 2104 per-

406 2127 764 2186 secutionem
795 2125 937 2200 pati,
969 2123 1185 2198 legales
1217 2123 1618 2180 observantius
1667 2123 1963 2188 tenebant,
2001 2126 2058 2178 et

405 2235 546 2275 suos
575 2220 770 2274 tenere
802 2215 1105 2288 cogebant,
1139 2217 1206 2269 ut
1235 2211 1576 2269 hominibus
1623 2228 1737 2266 non
1779 2210 2056 2283 displice-

405 2309 554 2373 rent,
585 2309 646 2362 et
699 2303 1165 2378 persecutionem
1223 2301 1525 2358 evitarent.
1560 2303 1817 2366 Quorum
1876 2299 2054 2356 etiam

403 2394 578 2452 hodie
608 2397 747 2451 sunt
767 2391 991 2449 similes
1013 2391 1252 2464 quidam
1275 2389 1399 2446 solo
1417 2389 1651 2445 nomine
1668 2388 2055 2462 pastores,qui

404 2501 523 2542 non
551 2499 706 2551 vera,
731 2481 834 2538 scd
855 2484 1038 2554 grata,
1064 2495 1180 2535 non
1211 2479 1378 2546 dura,
1401 2479 1502 2534 sed
1527 2477 1741 2550 placita
1772 2477 1976 2532 dicunt
1997 2482 2054 2533 et

405 2571 628 2632 faciunt
656 2569 1017 2635 hominibus,
1051 2568 1160 2624 hac
1189 2567 1458 2624 videlicet
1487 2584 1668 2623 causa
1701 2571 1764 2622 ut
1793 2566 1878 2620 eis
1922 2565 2052 2638 pla-

403 2667 591 2721 ceant.
614 2660 727 2719 Sed
757 2663 824 2717 ut
853 2658 934 2716 ait
954 2656 1268 2715 Psalmista
1299 2673 1312 2712 :
1348 2680 1375 2706 «
1402 2657 1508 2724 Qui
1541 2655 1878 2712 hominibus
1927 2655 2050 2727 pla-

403 2755 556 2820 cent,
581 2749 810 2808 confusi
841 2747 1293 2820 sunt,quoniam
1316 2747 1471 2802 Deus
1501 2745 1717 2818 sprevit
1748 2762 1847 2800 eos
1881 2745 2046 2817 (Psal.

406 2844 524 2911 ιιι).
558 2863 586 2891 ››
620 2856 633 2896 :
664 2840 736 2896 Et
764 2836 1073 2912 Apostolus
1107 2853 1119 2891 :
1157 2857 1184 2886 «
1215 2835 1275 2892 Si
1309 2835 1521 2902 adhuc,
1554 2833 1765 2906 inquit,
1791 2832 2050 2889 homini-

401 2931 515 2987 bus
546 2929 858 3004 placerem,
878 2925 1088 2983 Christi
1123 2942 1323 2981 servus
1355 2942 1470 2980 non
1509 2940 1699 2980 essem
1749 2923 1890 2991 (Gal.
1923 2925 1984 2990 1).
2015 2943 2044 2973 »

401 3020 730 3077 Secundam
759 3032 1162 3074 verocausam
1207 3014 1374 3088 ponit
1420 3030 1556 3069 cum
1589 3011 1788 3068 subdit
1816 3028 1829 3066 :
1863 3015 2051 3083 Neque

399 3110 551 3166 enim
578 3109 675 3182 qui
698 3105 1187 3170 circumciduntur,
1204 3102 1743 3169 subaudis,tantum
1763 3106 1826 3155 tn
1850 3116 2043 3167 carne,

2171 1874 2408 1930 corpore
2436 1874 2563 1912 meo
2594 1857 2732 1924 (Gal.
2766 1856 2870 1928 vr.)
2904 1856 2972 1911 Et
3001 1855 3268 1928 suppleo,
3303 1854 3515 1928 inquit,
3547 1871 3678 1927 quae
3725 1856 3816 1910 de-

2168 1951 2307 2002 sunt
2339 1946 2678 2017 passionum
2711 1943 2925 1999 Christi
2957 1944 3092 2017 (Col.
3125 1944 3186 2014 ι).
3222 1965 3251 1992 ι)
3285 1943 3385 1999 His
3414 1941 3600 2016 igitur
3641 1943 3815 2000 armis

2157 2036 2284 2106 jam
2312 2039 2684 2106 superaverat
2711 2032 3045 2106 Apostolus,
3089 2049 3206 2088 non
3256 2031 3448 2089 solum
3499 2032 3808 2102 mundum,

2166 2125 2266 2180 sed
2307 2123 2482 2180 etiam
2514 2122 2794 2195 seipsum.
2829 2122 2991 2178 Unde
3036 2126 3094 2178 et
3123 2121 3323 2178 subdit
3355 2138 3369 2176 :
3401 2123 3510 2178 Per
3545 2138 3728 2194 quem,
3757 2123 3808 2178 id

2165 2217 2273 2282 est,
2307 2230 2410 2285 per
2461 2213 2632 2284 cujus
2691 2228 2970 2279 amorem,
3018 2227 3122 2283 per
3171 2211 3343 2283 cujus
3401 2210 3807 2279 imitationem,

2161 2302 2396 2357 mundus
2415 2302 2563 2356 mihi
2589 2301 2889 2372 cruciﬁxus
2915 2309 3014 2366 est,
3049 2317 3122 2356 ne
3152 2317 3246 2356 me
3294 2299 3490 2356 trahat
3532 2299 3810 2374 concupi-

2163 2391 2425 2454 scentiis,
2457 2399 2509 2446 et
2536 2406 2638 2463 ego
2658 2389 2880 2456 mundo,
2912 2407 2984 2444 ne
3032 2405 3167 2445 eum
3216 2405 3451 2462 sequar,
3481 2389 3548 2444 id
3598 2393 3690 2446 est
3715 2405 3813 2461 per

2162 2496 2334 2552 quem
2383 2479 2492 2534 vici
2540 2479 2850 2547 mundum,
2883 2482 2941 2534 et
2982 2478 3160 2534 etiam
3193 2477 3508 2550 meipsum.
3537 2478 3658 2534 Sed
3688 2493 3808 2544 nos,

2160 2567 2456 2637 fratres,si
2489 2567 2680 2623 adhuc
2713 2568 2953 2632 mundo,
2989 2567 3038 2622 si
3071 2566 3262 2622 adhuc
3292 2566 3485 2624 carnis
3534 2565 3808 2640 concupi-

2161 2658 2400 2714 scentiis
2436 2657 2706 2725 vivimus,
2743 2657 3034 2729 quomodo
3065 2656 3126 2712 in
3170 2673 3341 2712 cruee
3370 2657 3535 2720 ,Jesu
3597 2655 3807 2713 Christi

2160 2746 2394 2819 gloriari
2455 2746 2811 2818 possumus?
2843 2747 3066 2812 Nonne,
3125 2747 3268 2802 dum
3327 2745 3566 2819 signum
3621 2744 3808 2801 crucis

2161 2837 2332 2892 fronti
2365 2840 2563 2891 nostro
2595 2834 3016 2907 imprimimus,
3049 2840 3107 2891 et
3145 2839 3340 2891 tamen
3391 2834 3806 2908 concupiscen-

2156 2925 2268 2981 tias
2299 2929 2355 2980 et
2384 2924 2521 2979 vitia
2553 2925 2611 2979 in
2644 2924 2814 2979 nobis
2852 2941 2968 2980 non
3014 2924 3459 2991 mortiﬁcamus,
3493 2928 3805 2997 pauperta-

2155 3019 2297 3083 tem,
2315 3013 2731 3079 humilitatem,
2763 3013 3167 3082 contumelias,
3201 3013 3469 3085 injurias,
3493 3012 3808 3068 inﬁrmita-

2159 3109 2264 3175 tes,
2293 3108 2642 3175 czeterasque
2676 3103 3068 3170 infirmitates,
3101 3107 3457 3176 ceterasque
3484 3101 3808 3158 anxietates

403 3175 1062 3268 tegemcustodiunt,quaa
1092 3191 1460 3266 spiritualem
1491 3191 1678 3264 magis
1711 3207 1886 3263 quam
1920 3206 2046 3244 car-
2078 3175 2120 3241 C
2158 3193 2443 3265 patienter
2473 3209 2587 3246 non
2616 3195 2938 3263 portamus,
2962 3207 3154 3247 nonne
3185 3189 3320 3246 facti
3349 3175 3561 3246 sumus
3587 3188 3807 3247 similes

402 3286 595 3345 nalem
627 3283 899 3360 praacepit
918 3281 1443 3340 circumcisionem.
1466 3281 1570 3337 Sed
1603 3281 1808 3349 volunt,
1830 3278 2042 3351 inquit,

400 3392 493 3434 vos
521 3373 861 3442 circumcidi,
892 3380 954 3429 ut
980 3374 1040 3428 in
1068 3388 1234 3428 carne
1258 3378 1450 3437 vestra,
1485 3369 1542 3425 id
1592 3373 1680 3425 est
1723 3369 1780 3422 in
1827 3365 2047 3422 carnali

399 3468 593 3522 vestra
621 3461 1084 3528 circumcisione,
1107 3461 1434 3531 glorientur,
1457 3459 1599 3513 dum
1631 3457 1828 3529 plures
1858 3473 2049 3528 prose-

400 3551 552 3627 lytos
583 3551 867 3616 faciendo,
900 3565 1114 3604 nomen
1146 3547 1257 3604 sibi
1305 3546 1627 3619 acquirent.
1661 3545 1869 3611 Quales
1909 3548 2048 3599 sunt

400 3640 574 3700 hodie
589 3641 768 3711 (unde
796 3637 1111 3695 dolendum
1142 3639 1253 3706 est)
1283 3635 1475 3703 multi,
1509 3634 1610 3706 qui
1643 3634 1962 3707 pradicant
1990 3637 2048 3688 et

401 3730 748 3804 legunt,non
780 3730 845 3784 ut
873 3724 1240 3782 auditoribus
1262 3723 1693 3797 proﬁciant,sed
1728 3727 1791 3777 ut
1820 3722 1878 3776 in
1900 3720 2050 3776 mul-

401 3816 657 3877 titudine
685 3815 1018 3873 auditorum
1049 3813 1373 3887 glorientur
1401 3817 1458 3868 et
1476 3829 1688 3868 nomen
1721 3811 1832 3867 sibi
1854 3809 2050 3883 acqui-

387 3910 552 3964 ‘rant.
589 3905 702 3962 Sed
762 3902 908 3960 tales
953 3901 1289 3976 quicunque
1347 3904 1505 3970 sunt,
1527 3901 1652 3972 jam
1709 3901 2050 3971 receperunt

403 3994 732 4052 mercedem
767 4009 959 4049 suam.

475 4083 752 4156 Sequitur
795 4098 933 4154 pars
985 4083 1164 4147 sexta,
1197 4078 1258 4134 in
1303 4095 1421 4150 qua
1473 4077 1785 4150 Apostolus
1817 4077 1956 4132 dicit
1987 4093 2049 4133 se

402 4188 521 4231 non
549 4171 611 4226 in
640 4170 781 4242 lege,
814 4169 914 4226 sed
945 4173 1174 4226 tantum
1212 4167 1272 4223 in
1321 4184 1492 4224 cruce
1539 4165 1748 4222 Christi
1789 4165 2046 4239 gloriari.

402 4259 580 4329 Quasi
610 4258 765 4314 dicat
799 4275 812 4313 ε
851 4257 940 4313 Illi
969 4256 1296 4332 gloriantur
1323 4255 1382 4311 in
1414 4255 1886 4321 circumcisione;
1907 4255 2052 4310 mihi

399 4358 583 4408 autem
608 4349 752 4405 absit
777 4347 1012 4418 gloriari
1038 4347 1152 4402 nisi
1181 4347 1241 4401 in
1269 4361 1428 4401 cruce
1454 4344 1675 4401 Domini
1707 4346 1881 4400 nostri
1924 4345 2050 4400 Jesu

402 4438 610 4496 Christi
620 4437 632 4492 l
659 4436 857 4494 Noluit
886 4435 1096 4506 dicere,
1115 4450 1250 4490 cum
1282 4438 1500 4506 posset,
1533 4432 1868 4506 Apostolus,
1903 4433 2049 4488 mihi

2156 3282 2445 3355 Cyrenzeo,
2470 3281 2568 3352 qui
2605 3297 2836 3336 crucem
2869 3280 3109 3353 quidem
3143 3284 3354 3353 portat,
3371 3279 3473 3336 sed
3494 3296 3620 3336 non
3643 3277 3808 3336 mori-

2155 3372 2290 3426 tur?
2314 3369 2828 3441 Itaque,t‘ratres,si
2849 3369 3124 3427 volumus
3140 3367 3376 3443 gloriari
3399 3385 3536 3424 cum
3559 3368 3807 3430 Christo,

2155 3458 2450 3532 patiamur
2479 3475 2612 3514 cum
2644 3475 2730 3524 eo,
2769 3475 2872 3530 per
2901 3457 3054 3514 viam
3098 3475 3273 3531 quam
3318 3457 3446 3530 ipse
3483 3457 3810 3514 ambulavit

2157 3546 3084 3614 ambulemus,divitias,honores
3115 3552 3171 3603 et
3199 3547 3414 3622 glorias
3447 3547 3664 3604 mundi
3686 3563 3809 3603 con-

2155 3640 2511 3700 temnamus,
2545 3635 2810 3690 membra
2839 3639 3038 3692 nostra
3067 3653 3201 3692 cum
3231 3635 3388 3692 vitiis
3417 3640 3476 3692 et
3502 3635 3808 3708 concupis-

2155 3724 2360 3779 centiis
2404 3722 2838 3796 cruciﬁgamus,
2871 3723 3306 3781 miserabilibus
3349 3718 3627 3798 personis
3657 3740 3804 3781 com-

2155 3811 2487 3884 passionem
2501 3815 2557 3866 et
2569 3810 3027 3867 misericordiam
3041 3811 3805 3879 exhibeamus,omniadurs

2155 3919 2258 3974 spe
2289 3900 2449 3972 regni
2479 3899 2757 3956 ecelorum
2789 3899 3232 3973 amplectamur,
3257 3918 3360 3974 pro
3392 3901 3637 3958 Christo
3667 3901 3808 3973 ejus-

2157 4007 2268 4064 que
2289 3989 2524 4061 justitia
2555 4005 2743 4060 usque
2764 3990 2834 4044 ad
2859 3995 3106 4045 mortem
3124 3990 3805 4063 decertemus,quatenus

2155 4081 2284 4152 ejus
2332 4077 2530 4150 gloria:
2578 4077 2892 4150 participes
2941 4095 3072 4134 esse
3115 4095 3466 4147 mereamur,
3504 4079 3642 4152 ipso
3700 4079 3806 4134 lar-

2156 4169 2351 4240 giente
2410 4167 2511 4238 qui
2572 4182 2708 4221 cum
2768 4170 2938 4223 Patre
2979 4172 3038 4222 et
3091 4167 3313 4240 Spiritu
3357 4171 3566 4225 sancto
3597 4167 3737 4224 vivit
3757 4170 3808 4223 et

2158 4261 2367 4327 regnat
2395 4256 2548 4312 Deus
2578 4271 2682 4327 per
2709 4255 2907 4312 omnia
2937 4255 3150 4312 saecula
3195 4255 3573 4314 seculorum.
3605 4260 3805 4314 Amen.

2916 4362 3058 4418 ΧΙΧ.

2718 4449 2778 4488 IN
2816 4449 3005 4490 EODEM
3045 4450 3234 4490 FESTO.

401 4527 557 4584 absit
587 4525 821 4601 gloriari
852 4523 967 4581 nisi
995 4523 1056 4580 in
1089 4522 1377 4595 sapientia
1403 4522 1492 4578 vel
1541 4521 1821 4594 potentia,
1849 4521 1935 4577 vel
1987 4521 2046 4577 in
2083 4547 2129 4610 D
2229 4525 2384 4579 Dixit
2426 4526 2588 4580 Jesus
2628 4521 2919 4594 discipulis
2966 4525 3082 4578 suis
3113 4541 3133 4578 :
3162 4523 3315 4580 Sicut
3357 4524 3560 4596 fulgur
3602 4527 3720 4582 exit
3745 4525 3805 4580 ab

401 4615 600 4689 aliqua
648 4613 762 4672 alia
805 4613 1019 4670 virtute
1065 4613 1204 4669 Jesu
1250 4610 1486 4677 Christi,
1520 4611 1621 4667 sed
1671 4611 1773 4680 ait,
1823 4612 1934 4665 nisi
1991 4612 2051 4666 in

399 4721 578 4763 cruce.
610 4703 836 4772 Quare?
868 4701 1008 4776 quia
1063 4717 1206 4756 crux
1261 4703 1350 4756 est
1405 4716 1569 4756 arma
1626 4717 1728 4772 per
1770 4716 1896 4771 quae
1942 4717 2049 4756 nos

400 4794 669 4851 Christus
700 4791 994 4850 redimens
1024 4787 1323 4846 diabolum
1356 4788 1668 4862 superavit,
1691 4791 1748 4844 et
1777 4805 1884 4844 nos
1912 4804 2047 4844 eum

400 4899 678 4957 superare
709 4880 926 4938 docuit.
960 4879 1126 4938 Sicut
1153 4894 1290 4951 ergo
1319 4876 1534 4950 aliquis
1564 4876 1733 4934 miles
1767 4876 2050 4949 gloriatur

402 4971 462 5029 in
486 4971 667 5028 armis
699 4969 844 5038 suis,
877 4968 1093 5042 quibus
1123 4967 1420 5040 superavit
1460 4965 1690 5022 hostem
1737 4982 1934 5036 suum,
1967 4967 2050 5020 ita

399 5059 619 5118 Paulus
650 5058 937 5132 gloriatur
966 5057 1025 5112 in
1057 5072 1230 5112 cruce
1261 5053 1498 5122 Christi,
1533 5071 1636 5127 per
1655 5071 1836 5126 quum
1867 5053 2050 5110 victor

400 5153 525 5206 erat
552 5146 818 5204 omnium
850 5161 1093 5201 suorum
1123 5143 1611 5200 adversariorum.
1647 5144 1761 5198 Nec
1793 5143 1875 5198 ait
1905 5144 2045 5199 sim-

399 5235 630 5312 pliciter
676 5237 738 5291 in
784 5249 975 5302 cruce;
1005 5235 1106 5288 sed
1153 5235 1214 5289 in
1263 5248 1420 5288 cruce
1469 5233 1688 5288 Domini
1721 5236 1898 5288 nostri
1921 5235 2048 5289 Jesu

400 5323 627 5384 Christi.
659 5323 849 5380 Multa:
897 5322 1112 5395 quippe
1170 5326 1310 5377 sunt
1359 5338 1584 5388 crucea,
1618 5321 1677 5378 id
1721 5326 1810 5376 est
1858 5339 2045 5378 causa:

397 5412 680 5490 patiendi.
715 5413 815 5469 Est
845 5410 1003 5468 enim
1053 5427 1194 5467 crux
1233 5409 1456 5467 sinistri
1501 5410 1766 5478 latronis,
1802 5411 1900 5482 qui
1943 5429 2045 5483 pro

397 5502 653 5578 peccatis
683 5501 806 5559 suis
836 5499 1056 5556 invitus
1078 5498 1317 5572 patitur,
1339 5517 1444 5556 nec
1473 5500 1834 5568 emendatur,
1850 5499 1909 5554 in
1931 5518 2048 5572 qua

399 5605 518 5650 non
541 5594 631 5649 est
659 5593 811 5650 unde
837 5587 1144 5664 glorietur,
1177 5589 1276 5647 sed
1304 5588 1460 5648 unde
1491 5589 1821 5646 damnetur.
1854 5591 1955 5646 Est
1992 5594 2049 5646 et

2159 4615 2364 4668 oriente
2410 4619 2460 4667 et
2502 4617 2661 4683 paret
2701 4627 2871 4683 usque
2901 4613 2963 4667 in
3007 4611 3356 4678 occidentem,
3387 4615 3464 4669 ita
3491 4615 3608 4670 erit
3633 4621 3688 4671 et
3726 4611 3808 4668 ad-

2155 4710 2346 4756 ventus
2376 4699 2776 4756 Filiihominis
2805 4699 3008 4768 (Matth.
3039 4701 3213 4773 xxxv),
3247 4706 3304 4757 et
3333 4699 3582 4774 reliqua.
3612 4703 3676 4759 In
3707 4702 3804 4758 hac

2156 4790 2342 4846 sancti
2372 4785 2667 4861 Evangelii
2688 4788 2953 4856 lectiene,
2986 4789 3193 4847 fratres
3223 4790 3586 4859 charissimi,
3605 4791 3805 4866 prgin-

2157 4878 2332 4934 struit
2349 4895 2454 4933 nos
2473 4876 2754 4958 Dominus
2785 4881 2842 4933 et
2863 4878 3218 4952 Redemptor
3239 4883 3437 4936 noster
3457 4879 3531 4936 de
3552 4880 3806 4938 secundo

2156 4969 2403 5023 adventu
2439 4983 2566 5033 suo,
2601 4983 2700 5022 sex
2732 4983 2824 5022 res
2857 4968 3026 5024 nobis
3077 4969 3510 5035 demonstrans,
3541 4967 3808 5026 videlicet

2156 5055 2404 5129 qualiter
2435 5055 2514 5110 sit
2533 5059 2990 5129 venturus,quos
3007 5057 3079 5113 ad
3093 5057 3484 5128 judicandum
3501 5075 3712 5116 secum
3736 5057 3807 5114 sit

2155 5148 2639 5218 congregaturus,
2664 5145 2867 5215 quales
2899 5146 3252 5202 mutationes
3284 5163 3483 5204 rerum
3513 5147 3598 5204 sit
3627 5148 3804 5205 factu-

2156 5249 2428 5302 rus,cum
2459 5233 2675 5304 quibus
2705 5232 3041 5305 insignibus
3072 5234 3149 5290 sit
3176 5239 3482 5304 venturus,
3503 5236 3650 5309 quid
3674 5233 3804 5292 mali

2158 5321 2347 5390 malis,
2377 5325 2433 5376 et
2463 5321 2602 5392 quid
2635 5321 2770 5377 boni
2802 5322 2972 5378 bonis
3002 5323 3079 5378 sit
3109 5323 3454 5381 collaturus.
3479 5325 3681 5382 Primo
3700 5323 3800 5398 igi-

2155 5416 2252 5466 tur
2279 5411 2594 5466 adventum
2627 5427 2803 5466 suum
2836 5427 2950 5467 non
2987 5416 3050 5467 ut
3080 5411 3451 5485 primum,ita
3479 5413 3798 5470 secundum

2156 5501 2422 5556 futurum
2453 5516 2580 5556 esse
2611 5500 2991 5569 occultum,et
3008 5501 3068 5556 in
3099 5501 3454 5571 humilitate,
3475 5503 3578 5560 sed
3610 5501 3796 5577 potius

2159 5590 2540 5649 manifestum
2571 5595 2629 5647 et
2659 5591 2717 5646 in
2749 5589 2936 5664 gloria
2963 5608 3066 5666 per
3092 5591 3536 5651 similitudinem
3569 5591 3792 5650 dicens:
