  <div class='ocr_page' id='page_1' title='image "/cluster/home/n/w/nwhite01/storage/ocr_20150623/155/hvd.32044054760137/692.png"; bbox 0 0 3980 6084; ppageno 0'>
   <div class='ocr_carea' id='block_1_1' title="bbox 209 273 377 334">
    <p class='ocr_par' dir='ltr' id='par_1_1' title="bbox 209 273 377 334">
     <span class='ocr_line' id='line_1_1' title="bbox 209 273 377 334; baseline 0 -2"><span class='ocrx_word' id='word_1_1' title='bbox 209 273 377 334; x_wconf 64' lang='lat'><strong>9877</strong></span> 
     </span>
    </p>
   </div>
   <div class='ocr_carea' id='block_1_2' title="bbox 207 491 1872 565">
    <p class='ocr_par' dir='ltr' id='par_1_2' title="bbox 207 491 1872 565">
     <span class='ocr_line' id='line_1_2' title="bbox 207 491 1872 565; baseline 0.004 -17"><span class='ocrx_word' id='word_1_2' title='bbox 207 491 358 560; x_wconf 77' lang='lat' dir='ltr'><strong>mei,</strong></span> <span class='ocrx_word' id='word_1_3' title='bbox 389 491 742 548; x_wconf 81' lang='lat' dir='ltr'><strong>immensam</strong></span> <span class='ocrx_word' id='word_1_4' title='bbox 772 493 901 565; x_wconf 72' lang='lat' dir='ltr'><strong>ejus</strong></span> <span class='ocrx_word' id='word_1_5' title='bbox 931 493 1304 550; x_wconf 86' lang='lat' dir='ltr'><strong>clementiam</strong></span> <span class='ocrx_word' id='word_1_6' title='bbox 1353 495 1491 550; x_wconf 90' lang='lat' dir='ltr'><strong>totis</strong></span> <span class='ocrx_word' id='word_1_7' title='bbox 1547 495 1872 554; x_wconf 73' lang='lat' dir='ltr'><strong>visceribus</strong></span> 
     </span>
    </p>
   </div>
   <div class='ocr_carea' id='block_1_3' title="bbox 209 580 1868 657">
    <p class='ocr_par' dir='ltr' id='par_1_3' title="bbox 209 580 1868 657">
     <span class='ocr_line' id='line_1_3' title="bbox 209 580 1868 657; baseline 0.004 -22"><span class='ocrx_word' id='word_1_8' title='bbox 209 580 621 638; x_wconf 73' lang='lat' dir='ltr'><strong>indesinenter</strong></span> <span class='ocrx_word' id='word_1_9' title='bbox 649 591 976 651; x_wconf 75' lang='lat' dir='ltr'><strong>exoremus,</strong></span> <span class='ocrx_word' id='word_1_10' title='bbox 1009 587 1297 656; x_wconf 72' lang='lat' dir='ltr'><strong>quatenus</strong></span> <span class='ocrx_word' id='word_1_11' title='bbox 1329 595 1436 640; x_wconf 87' lang='lat' dir='ltr'><strong>nos</strong></span> <span class='ocrx_word' id='word_1_12' title='bbox 1483 585 1755 657; x_wconf 88' lang='lat' dir='ltr'><strong>indignos</strong></span> <span class='ocrx_word' id='word_1_13' title='bbox 1784 586 1868 641; x_wconf 82' lang='lat' dir='ltr'><strong>fa-</strong></span> 
     </span>
    </p>
   </div>
   <div class='ocr_carea' id='block_1_4' title="bbox 210 669 1867 746">
    <p class='ocr_par' dir='ltr' id='par_1_4' title="bbox 210 669 1867 746">
     <span class='ocr_line' id='line_1_4' title="bbox 210 669 1867 746; baseline 0.002 -20"><span class='ocrx_word' id='word_1_14' title='bbox 210 669 415 726; x_wconf 78' lang='lat' dir='ltr'><strong>mulos</strong></span> <span class='ocrx_word' id='word_1_15' title='bbox 445 677 585 727; x_wconf 81' lang='lat' dir='ltr'><strong>suos</strong></span> <span class='ocrx_word' id='word_1_16' title='bbox 611 671 686 727; x_wconf 86' lang='lat' dir='ltr'><strong>de</strong></span> <span class='ocrx_word' id='word_1_17' title='bbox 713 677 912 728; x_wconf 67' lang='lat' dir='ltr'><strong>muses.</strong></span> <span class='ocrx_word' id='word_1_18' title='bbox 937 671 1281 745; x_wconf 87' lang='lat' dir='ltr'><strong>perditionis</strong></span> <span class='ocrx_word' id='word_1_19' title='bbox 1313 673 1556 746; x_wconf 75' lang='lat' dir='ltr'><strong>eripere,</strong></span> <span class='ocrx_word' id='word_1_20' title='bbox 1579 679 1634 730; x_wconf 88' lang='lat' dir='ltr'><strong>et</strong></span> <span class='ocrx_word' id='word_1_21' title='bbox 1659 674 1718 729; x_wconf 94' lang='lat' dir='ltr'><strong>in</strong></span> <span class='ocrx_word' id='word_1_22' title='bbox 1754 673 1867 730; x_wconf 35' lang='lat' dir='ltr'><strong>elei</strong></span> 
     </span>
    </p>
   </div>
   <div class='ocr_carea' id='block_1_5' title="bbox 211 761 1724 835">
    <p class='ocr_par' dir='ltr' id='par_1_5' title="bbox 211 761 1724 835">
     <span class='ocr_line' id='line_1_5' title="bbox 211 761 1724 835; baseline 0.003 -20"><span class='ocrx_word' id='word_1_23' title='bbox 211 764 447 816; x_wconf 75' lang='lat' dir='ltr'><strong>etorum</strong></span> <span class='ocrx_word' id='word_1_24' title='bbox 479 777 720 816; x_wconf 88' lang='lat' dir='ltr'><strong>suorum</strong></span> <span class='ocrx_word' id='word_1_25' title='bbox 751 768 926 834; x_wconf 84' lang='lat' dir='ltr'><strong>grege</strong></span> <span class='ocrx_word' id='word_1_26' title='bbox 955 778 1064 817; x_wconf 90' lang='lat' dir='ltr'><strong>nos</strong></span> <span class='ocrx_word' id='word_1_27' title='bbox 1093 761 1367 835; x_wconf 82' lang='lat' dir='ltr'><strong>dignetur</strong></span> <span class='ocrx_word' id='word_1_28' title='bbox 1395 777 1724 819; x_wconf 89' lang='lat' dir='ltr'><strong>numerare.</strong></span> 
     </span>
    </p>
   </div>
   <div class='ocr_carea' id='block_1_6' title="bbox 290 849 1868 922">
    <p class='ocr_par' dir='ltr' id='par_1_6' title="bbox 290 849 1868 922">
     <span class='ocr_line' id='line_1_6' title="bbox 290 849 1868 922; baseline 0.002 -17"><span class='ocrx_word' id='word_1_29' title='bbox 290 849 568 922; x_wconf 79' lang='lat' dir='ltr'><strong>Sequitur</strong></span> <span class='ocrx_word' id='word_1_30' title='bbox 596 857 733 922; x_wconf 80' lang='lat' dir='ltr'><strong>pars</strong></span> <span class='ocrx_word' id='word_1_31' title='bbox 763 849 1106 918; x_wconf 82' lang='lat' dir='ltr'><strong>secunda,in</strong></span> <span class='ocrx_word' id='word_1_32' title='bbox 1133 851 1544 922; x_wconf 88' lang='lat' dir='ltr'><strong>quaJeremias</strong></span> <span class='ocrx_word' id='word_1_33' title='bbox 1574 853 1645 908; x_wconf 91' lang='lat' dir='ltr'><strong>ab</strong></span> <span class='ocrx_word' id='word_1_34' title='bbox 1677 851 1868 908; x_wconf 85' lang='lat' dir='ltr'><strong>officio</strong></span> 
     </span>
    </p>
   </div>
   <div class='ocr_carea' id='block_1_7' title="bbox 215 937 1866 1011">
    <p class='ocr_par' dir='ltr' id='par_1_7' title="bbox 215 937 1866 1011">
     <span class='ocr_line' id='line_1_7' title="bbox 215 937 1866 1011; baseline 0.002 -18"><span class='ocrx_word' id='word_1_35' title='bbox 215 937 609 1010; x_wconf 83' lang='lat' dir='ltr'><strong>prophetandi</strong></span> <span class='ocrx_word' id='word_1_36' title='bbox 641 937 902 1011; x_wconf 84' lang='lat' dir='ltr'><strong>seipsum</strong></span> <span class='ocrx_word' id='word_1_37' title='bbox 932 945 1330 1006; x_wconf 83' lang='lat' dir='ltr'><strong>excusat,cum</strong></span> <span class='ocrx_word' id='word_1_38' title='bbox 1381 939 1522 996; x_wconf 88' lang='lat' dir='ltr'><strong>dicit</strong></span> <span class='ocrx_word' id='word_1_39' title='bbox 1553 956 1566 996; x_wconf 88' lang='lat'><strong>:</strong></span> <span class='ocrx_word' id='word_1_40' title='bbox 1619 940 1682 1010; x_wconf 85' lang='lat' dir='ltr'><strong>A,</strong></span> <span class='ocrx_word' id='word_1_41' title='bbox 1731 957 1783 1007; x_wconf 82' lang='grc' dir='ltr'><strong>α,</strong></span> <span class='ocrx_word' id='word_1_42' title='bbox 1811 957 1866 1011; x_wconf 88' lang='lat' dir='ltr'><strong>a,</strong></span> 
     </span>
    </p>
   </div>
   <div class='ocr_carea' id='block_1_8' title="bbox 217 1028 1866 1101">
    <p class='ocr_par' dir='ltr' id='par_1_8' title="bbox 217 1028 1866 1101">
     <span class='ocr_line' id='line_1_8' title="bbox 217 1028 1866 1101; baseline 0 -17"><span class='ocrx_word' id='word_1_43' title='bbox 217 1029 456 1084; x_wconf 70' lang='lat' dir='ltr'><strong>Omnino</strong></span> <span class='ocrx_word' id='word_1_44' title='bbox 483 1028 640 1097; x_wconf 75' lang='lat' dir='ltr'><strong>Deus,</strong></span> <span class='ocrx_word' id='word_1_45' title='bbox 671 1031 790 1084; x_wconf 68' lang='lat' dir='ltr'><strong>esse</strong></span> <span class='ocrx_word' id='word_1_46' title='bbox 815 1029 1002 1084; x_wconf 71' lang='lat' dir='ltr'><strong>nescio</strong></span> <span class='ocrx_word' id='word_1_47' title='bbox 1031 1028 1339 1101; x_wconf 78' lang='lat' dir='ltr'><strong>loqui,quia</strong></span> <span class='ocrx_word' id='word_1_48' title='bbox 1391 1045 1529 1100; x_wconf 80' lang='lat' dir='ltr'><strong>puer</strong></span> <span class='ocrx_word' id='word_1_49' title='bbox 1582 1046 1678 1099; x_wconf 84' lang='lat' dir='ltr'><strong>ego</strong></span> <span class='ocrx_word' id='word_1_50' title='bbox 1722 1047 1866 1086; x_wconf 78' lang='lat' dir='ltr'><strong>sum.</strong></span> 
     </span>
    </p>
   </div>
   <div class='ocr_carea' id='block_1_9' title="bbox 219 1115 1870 1190">
    <p class='ocr_par' dir='ltr' id='par_1_9' title="bbox 219 1115 1870 1190">
     <span class='ocr_line' id='line_1_9' title="bbox 219 1115 1870 1190; baseline 0.001 -16"><span class='ocrx_word' id='word_1_51' title='bbox 219 1115 388 1185; x_wconf 80' lang='lat' dir='ltr'><strong>Ecce,</strong></span> <span class='ocrx_word' id='word_1_52' title='bbox 419 1115 632 1174; x_wconf 77' lang='lat' dir='ltr'><strong>fratres</strong></span> <span class='ocrx_word' id='word_1_53' title='bbox 659 1116 795 1184; x_wconf 87' lang='lat' dir='ltr'><strong>mei,</strong></span> <span class='ocrx_word' id='word_1_54' title='bbox 828 1117 1136 1185; x_wconf 83' lang='lat' dir='ltr'><strong>Jersmias,</strong></span> <span class='ocrx_word' id='word_1_55' title='bbox 1158 1117 1428 1190; x_wconf 82' lang='lat' dir='ltr'><strong>quamvis</strong></span> <span class='ocrx_word' id='word_1_56' title='bbox 1451 1118 1870 1176; x_wconf 87' lang='lat' dir='ltr'><strong>audieritaDeo</strong></span> 
     </span>
    </p>
   </div>
   <div class='ocr_carea' id='block_1_10' title="bbox 219 1205 1870 1278">
    <p class='ocr_par' dir='ltr' id='par_1_10' title="bbox 219 1205 1870 1278">
     <span class='ocr_line' id='line_1_10' title="bbox 219 1205 1870 1278; baseline 0.001 -15"><span class='ocrx_word' id='word_1_57' title='bbox 219 1221 286 1263; x_wconf 80' lang='lat' dir='ltr'><strong>se</strong></span> <span class='ocrx_word' id='word_1_58' title='bbox 315 1211 447 1262; x_wconf 81' lang='lat' dir='ltr'><strong>esse</strong></span> <span class='ocrx_word' id='word_1_59' title='bbox 477 1205 550 1260; x_wconf 87' lang='lat' dir='ltr'><strong>ab</strong></span> <span class='ocrx_word' id='word_1_60' title='bbox 581 1221 648 1262; x_wconf 89' lang='lat' dir='ltr'><strong>eo</strong></span> <span class='ocrx_word' id='word_1_61' title='bbox 681 1205 1140 1278; x_wconf 52' lang='lat' dir='ltr'><strong>praelectumﬁe</strong></span> <span class='ocrx_word' id='word_1_62' title='bbox 1169 1223 1298 1263; x_wconf 88' lang='lat' dir='ltr'><strong>esse</strong></span> <span class='ocrx_word' id='word_1_63' title='bbox 1328 1207 1779 1276; x_wconf 83' lang='lat' dir='ltr'><strong>sanctiﬁcatum,</strong></span> <span class='ocrx_word' id='word_1_64' title='bbox 1808 1225 1870 1265; x_wconf 88' lang='lat' dir='ltr'><strong>se</strong></span> 
     </span>
    </p>
   </div>
   <div class='ocr_carea' id='block_1_11' title="bbox 217 1292 1872 1367">
    <p class='ocr_par' dir='ltr' id='par_1_11' title="bbox 217 1292 1872 1367">
     <span class='ocr_line' id='line_1_11' title="bbox 217 1292 1872 1367; baseline 0.002 -16"><span class='ocrx_word' id='word_1_65' title='bbox 217 1311 351 1351; x_wconf 85' lang='lat' dir='ltr'><strong>esse</strong></span> <span class='ocrx_word' id='word_1_66' title='bbox 382 1292 727 1367; x_wconf 75' lang='lat' dir='ltr'><strong>prophetam</strong></span> <span class='ocrx_word' id='word_1_67' title='bbox 759 1294 1342 1361; x_wconf 87' lang='lat' dir='ltr'><strong>destinatum,tamen</strong></span> <span class='ocrx_word' id='word_1_68' title='bbox 1374 1314 1436 1352; x_wconf 90' lang='lat' dir='ltr'><strong>se</strong></span> <span class='ocrx_word' id='word_1_69' title='bbox 1465 1296 1872 1354; x_wconf 81' lang='lat' dir='ltr'><strong>exhorrescere</strong></span> 
     </span>
    </p>
   </div>
   <div class='ocr_carea' id='block_1_12' title="bbox 217 1382 1869 1456">
    <p class='ocr_par' dir='ltr' id='par_1_12' title="bbox 217 1382 1869 1456">
     <span class='ocr_line' id='line_1_12' title="bbox 217 1382 1869 1456; baseline 0.001 -17"><span class='ocrx_word' id='word_1_70' title='bbox 217 1387 279 1440; x_wconf 87' lang='lat' dir='ltr'><strong>et</strong></span> <span class='ocrx_word' id='word_1_71' title='bbox 307 1382 718 1456; x_wconf 76' lang='lat' dir='ltr'><strong>pertimescere</strong></span> <span class='ocrx_word' id='word_1_72' title='bbox 746 1387 919 1455; x_wconf 77' lang='lat' dir='ltr'><strong>grave</strong></span> <span class='ocrx_word' id='word_1_73' title='bbox 947 1386 1006 1438; x_wconf 88' lang='lat' dir='ltr'><strong>et</strong></span> <span class='ocrx_word' id='word_1_74' title='bbox 1042 1383 1436 1455; x_wconf 88' lang='lat' dir='ltr'><strong>periculosum</strong></span> <span class='ocrx_word' id='word_1_75' title='bbox 1483 1384 1869 1456; x_wconf 87' lang='lat' dir='ltr'><strong>prophetandi</strong></span> 
     </span>
    </p>
   </div>
   <div class='ocr_carea' id='block_1_13' title="bbox 217 1471 1872 1547">
    <p class='ocr_par' dir='ltr' id='par_1_13' title="bbox 217 1471 1872 1547">
     <span class='ocr_line' id='line_1_13' title="bbox 217 1471 1872 1547; baseline 0.001 -19"><span class='ocrx_word' id='word_1_76' title='bbox 217 1471 483 1542; x_wconf 68' lang='lat' dir='ltr'><strong>oﬁieium</strong></span> <span class='ocrx_word' id='word_1_77' title='bbox 516 1471 900 1539; x_wconf 82' lang='lat' dir='ltr'><strong>demonstrat,</strong></span> <span class='ocrx_word' id='word_1_78' title='bbox 931 1477 1034 1544; x_wconf 83' lang='lat' dir='ltr'><strong>per</strong></span> <span class='ocrx_word' id='word_1_79' title='bbox 1063 1488 1098 1527; x_wconf 82' lang='grc' dir='ltr'><strong>α</strong></span> <span class='ocrx_word' id='word_1_80' title='bbox 1146 1472 1563 1542; x_wconf 83' lang='lat' dir='ltr'><strong>interjectionis</strong></span> <span class='ocrx_word' id='word_1_81' title='bbox 1591 1473 1872 1547; x_wconf 80' lang='lat' dir='ltr'><strong>expressi-</strong></span> 
     </span>
    </p>
   </div>
   <div class='ocr_carea' id='block_1_14' title="bbox 217 1559 1868 1629">
    <p class='ocr_par' dir='ltr' id='par_1_14' title="bbox 217 1559 1868 1629">
     <span class='ocr_line' id='line_1_14' title="bbox 217 1559 1868 1629; baseline 0.001 -12"><span class='ocrx_word' id='word_1_82' title='bbox 217 1567 352 1617; x_wconf 74' lang='lat' dir='ltr'><strong>vam</strong></span> <span class='ocrx_word' id='word_1_83' title='bbox 383 1559 585 1616; x_wconf 81' lang='lat' dir='ltr'><strong>dicens</strong></span> <span class='ocrx_word' id='word_1_84' title='bbox 625 1560 689 1629; x_wconf 82' lang='grc' dir='ltr'><strong>Α,</strong></span> <span class='ocrx_word' id='word_1_85' title='bbox 723 1577 776 1627; x_wconf 84' lang='lat' dir='ltr'><strong>a,</strong></span> <span class='ocrx_word' id='word_1_86' title='bbox 832 1577 887 1626; x_wconf 76' lang='grc' dir='ltr'><strong>ιι,</strong></span> <span class='ocrx_word' id='word_1_87' title='bbox 947 1562 1180 1616; x_wconf 77' lang='lat' dir='ltr'><strong>Domine</strong></span> <span class='ocrx_word' id='word_1_88' title='bbox 1223 1561 1399 1617; x_wconf 78' lang='lat' dir='ltr'><strong>Deus!</strong></span> <span class='ocrx_word' id='word_1_89' title='bbox 1440 1563 1520 1616; x_wconf 90' lang='lat' dir='ltr'><strong>Ac</strong></span> <span class='ocrx_word' id='word_1_90' title='bbox 1569 1562 1619 1618; x_wconf 92' lang='lat' dir='ltr'><strong>si</strong></span> <span class='ocrx_word' id='word_1_91' title='bbox 1667 1562 1868 1619; x_wconf 85' lang='lat' dir='ltr'><strong>dicat:</strong></span> 
     </span>
    </p>
   </div>
   <div class='ocr_carea' id='block_1_15' title="bbox 221 1647 1871 1719">
    <p class='ocr_par' dir='ltr' id='par_1_15' title="bbox 221 1647 1871 1719">
     <span class='ocr_line' id='line_1_15' title="bbox 221 1647 1871 1719; baseline 0 -13"><span class='ocrx_word' id='word_1_92' title='bbox 221 1648 470 1707; x_wconf 81' lang='lat' dir='ltr'><strong>Domine</strong></span> <span class='ocrx_word' id='word_1_93' title='bbox 509 1649 685 1718; x_wconf 87' lang='lat' dir='ltr'><strong>Deus,</strong></span> <span class='ocrx_word' id='word_1_94' title='bbox 717 1647 809 1704; x_wconf 82' lang='lat' dir='ltr'><strong>cui</strong></span> <span class='ocrx_word' id='word_1_95' title='bbox 845 1647 1115 1704; x_wconf 82' lang='lat' dir='ltr'><strong>famulari</strong></span> <span class='ocrx_word' id='word_1_96' title='bbox 1145 1654 1202 1704; x_wconf 90' lang='lat' dir='ltr'><strong>et</strong></span> <span class='ocrx_word' id='word_1_97' title='bbox 1231 1650 1465 1706; x_wconf 85' lang='lat' dir='ltr'><strong>obedire</strong></span> <span class='ocrx_word' id='word_1_98' title='bbox 1495 1654 1711 1719; x_wconf 87' lang='lat' dir='ltr'><strong>teneor,</strong></span> <span class='ocrx_word' id='word_1_99' title='bbox 1743 1653 1871 1707; x_wconf 78' lang='lat' dir='ltr'><strong>offl-</strong></span> 
     </span>
    </p>
   </div>
   <div class='ocr_carea' id='block_1_16' title="bbox 222 1737 1950 1847">
    <p class='ocr_par' dir='ltr' id='par_1_16' title="bbox 222 1737 1950 1847">
     <span class='ocr_line' id='line_1_16' title="bbox 222 1737 1950 1847; baseline 0.001 -52"><span class='ocrx_word' id='word_1_100' title='bbox 222 1739 386 1796; x_wconf 84' lang='lat' dir='ltr'><strong>eium</strong></span> <span class='ocrx_word' id='word_1_101' title='bbox 408 1738 482 1794; x_wconf 72' lang='lat' dir='ltr'><strong>ad</strong></span> <span class='ocrx_word' id='word_1_102' title='bbox 514 1737 670 1810; x_wconf 86' lang='lat' dir='ltr'><strong>quod</strong></span> <span class='ocrx_word' id='word_1_103' title='bbox 703 1754 798 1793; x_wconf 88' lang='lat' dir='ltr'><strong>me</strong></span> <span class='ocrx_word' id='word_1_104' title='bbox 823 1737 909 1793; x_wconf 82' lang='lat' dir='ltr'><strong>vis</strong></span> <span class='ocrx_word' id='word_1_105' title='bbox 940 1737 1337 1810; x_wconf 86' lang='lat' dir='ltr'><strong>mittere,quia</strong></span> <span class='ocrx_word' id='word_1_106' title='bbox 1353 1757 1531 1811; x_wconf 83' lang='lat' dir='ltr'><strong>supra</strong></span> <span class='ocrx_word' id='word_1_107' title='bbox 1551 1739 1871 1796; x_wconf 85' lang='lat' dir='ltr'><strong>measvires</strong></span> <span class='ocrx_word' id='word_1_108' title='bbox 1901 1779 1950 1847; x_wconf 78' lang='grc' dir='ltr'><strong>Β</strong></span> 
     </span>
     <span class='ocr_line' id='line_1_17' title="bbox 231 1826 1840 1847; baseline 0.001 2"><span class='ocrx_word' id='word_1_109' title='bbox 385 1826 676 1847; x_wconf 54' lang='lat' dir='ltr'><strong>.-n-___:_1-</strong></span> <span class='ocrx_word' id='word_1_110' title='bbox 735 1829 916 1847; x_wconf 26' lang='lat' dir='ltr'><strong>nui.--</strong></span> <span class='ocrx_word' id='word_1_111' title='bbox 965 1831 1152 1847; x_wconf 38' lang='grc' dir='ltr'><strong>---μμ</strong></span> <span class='ocrx_word' id='word_1_112' title='bbox 1609 1846 1612 1847; x_wconf 65' lang='lat'><strong>,</strong></span> <span class='ocrx_word' id='word_1_113' title='bbox 1668 1835 1708 1847; x_wconf 78' lang='lat'><strong>..</strong></span> 
     </span>
    </p>
   </div>
   <div class='ocr_carea' id='block_1_17' title="bbox 222 1826 1870 1898">
    <p class='ocr_par' dir='ltr' id='par_1_17' title="bbox 222 1826 1870 1898">
     <span class='ocr_line' id='line_1_18' title="bbox 222 1826 1870 1898; baseline 0 -13"><span class='ocrx_word' id='word_1_114' title='bbox 222 1834 335 1896; x_wconf 79' lang='lat' dir='ltr'><strong>est,</strong></span> <span class='ocrx_word' id='word_1_115' title='bbox 367 1826 701 1884; x_wconf 79' lang='lat' dir='ltr'><strong>reformido.</strong></span> <span class='ocrx_word' id='word_1_116' title='bbox 735 1829 924 1892; x_wconf 85' lang='lat' dir='ltr'><strong>Quare</strong></span> <span class='ocrx_word' id='word_1_117' title='bbox 961 1831 1158 1882; x_wconf 86' lang='lat' dir='ltr'><strong>autem</strong></span> <span class='ocrx_word' id='word_1_118' title='bbox 1207 1828 1547 1884; x_wconf 76' lang='lat' dir='ltr'><strong>reformidet</strong></span> <span class='ocrx_word' id='word_1_119' title='bbox 1596 1829 1870 1898; x_wconf 76' lang='lat' dir='ltr'><strong>ostendit,</strong></span> 
     </span>
    </p>
   </div>
   <div class='ocr_carea' id='block_1_18' title="bbox 223 1915 1870 1989">
    <p class='ocr_par' dir='ltr' id='par_1_18' title="bbox 223 1915 1870 1989">
     <span class='ocr_line' id='line_1_19' title="bbox 223 1915 1870 1989; baseline -0.001 -15"><span class='ocrx_word' id='word_1_120' title='bbox 223 1934 362 1974; x_wconf 89' lang='lat' dir='ltr'><strong>cum</strong></span> <span class='ocrx_word' id='word_1_121' title='bbox 393 1915 596 1974; x_wconf 84' lang='lat' dir='ltr'><strong>subdit</strong></span> <span class='ocrx_word' id='word_1_122' title='bbox 624 1933 638 1972; x_wconf 85' lang='lat'><strong>:</strong></span> <span class='ocrx_word' id='word_1_123' title='bbox 673 1917 806 1972; x_wconf 73' lang='lat' dir='ltr'><strong>Ecce</strong></span> <span class='ocrx_word' id='word_1_124' title='bbox 831 1917 1010 1971; x_wconf 78' lang='lat' dir='ltr'><strong>nescio</strong></span> <span class='ocrx_word' id='word_1_125' title='bbox 1041 1916 1210 1988; x_wconf 79' lang='lat' dir='ltr'><strong>laqui,</strong></span> <span class='ocrx_word' id='word_1_126' title='bbox 1242 1919 1378 1988; x_wconf 88' lang='lat' dir='ltr'><strong>quia</strong></span> <span class='ocrx_word' id='word_1_127' title='bbox 1401 1934 1542 1989; x_wconf 82' lang='lat' dir='ltr'><strong>puer</strong></span> <span class='ocrx_word' id='word_1_128' title='bbox 1596 1935 1692 1986; x_wconf 84' lang='lat' dir='ltr'><strong>ego</strong></span> <span class='ocrx_word' id='word_1_129' title='bbox 1729 1933 1870 1974; x_wconf 81' lang='lat' dir='ltr'><strong>sum.</strong></span> 
     </span>
    </p>
   </div>
   <div class='ocr_carea' id='block_1_19' title="bbox 224 2003 1872 2078">
    <p class='ocr_par' dir='ltr' id='par_1_19' title="bbox 224 2003 1872 2078">
     <span class='ocr_line' id='line_1_20' title="bbox 224 2003 1872 2078; baseline 0 -15"><span class='ocrx_word' id='word_1_130' title='bbox 224 2003 378 2064; x_wconf 76' lang='lat' dir='ltr'><strong>Puer</strong></span> <span class='ocrx_word' id='word_1_131' title='bbox 406 2015 539 2062; x_wconf 84' lang='lat' dir='ltr'><strong>sum</strong></span> <span class='ocrx_word' id='word_1_132' title='bbox 570 2008 757 2072; x_wconf 71' lang='lat' dir='ltr'><strong>tetate,</strong></span> <span class='ocrx_word' id='word_1_133' title='bbox 787 2021 932 2077; x_wconf 87' lang='lat' dir='ltr'><strong>puer</strong></span> <span class='ocrx_word' id='word_1_134' title='bbox 959 2021 1087 2061; x_wconf 88' lang='lat' dir='ltr'><strong>sum</strong></span> <span class='ocrx_word' id='word_1_135' title='bbox 1119 2004 1534 2078; x_wconf 86' lang='lat' dir='ltr'><strong>ineloquentia,</strong></span> <span class='ocrx_word' id='word_1_136' title='bbox 1567 2023 1711 2078; x_wconf 90' lang='lat' dir='ltr'><strong>puer</strong></span> <span class='ocrx_word' id='word_1_137' title='bbox 1741 2024 1872 2063; x_wconf 90' lang='lat' dir='ltr'><strong>sum</strong></span> 
     </span>
    </p>
   </div>
   <div class='ocr_carea' id='block_1_20' title="bbox 224 2092 1872 2168">
    <p class='ocr_par' dir='ltr' id='par_1_20' title="bbox 224 2092 1872 2168">
     <span class='ocr_line' id='line_1_21' title="bbox 224 2092 1872 2168; baseline 0.001 -17"><span class='ocrx_word' id='word_1_138' title='bbox 224 2095 693 2168; x_wconf 80' lang='lat' dir='ltr'><strong>imperitia,puer</strong></span> <span class='ocrx_word' id='word_1_139' title='bbox 721 2109 853 2149; x_wconf 89' lang='lat' dir='ltr'><strong>sum</strong></span> <span class='ocrx_word' id='word_1_140' title='bbox 887 2092 1872 2165; x_wconf 88' lang='lat' dir='ltr'><strong>pusillanimitate.Quodlibetcnim</strong></span> 
     </span>
    </p>
   </div>
   <div class='ocr_carea' id='block_1_21' title="bbox 227 2182 1877 2257">
    <p class='ocr_par' dir='ltr' id='par_1_21' title="bbox 227 2182 1877 2257">
     <span class='ocr_line' id='line_1_22' title="bbox 227 2182 1877 2257; baseline -0.001 -16"><span class='ocrx_word' id='word_1_141' title='bbox 227 2183 478 2241; x_wconf 77' lang='lat' dir='ltr'><strong>istorum</strong></span> <span class='ocrx_word' id='word_1_142' title='bbox 508 2188 764 2257; x_wconf 77' lang='lat' dir='ltr'><strong>quatuor</strong></span> <span class='ocrx_word' id='word_1_143' title='bbox 793 2182 1038 2256; x_wconf 80' lang='lat' dir='ltr'><strong>impedit</strong></span> <span class='ocrx_word' id='word_1_144' title='bbox 1065 2183 1325 2238; x_wconf 83' lang='lat' dir='ltr'><strong>officium</strong></span> <span class='ocrx_word' id='word_1_145' title='bbox 1348 2184 1877 2255; x_wconf 60' lang='lat' dir='ltr'><strong>praedicandi-Puer</strong></span> 
     </span>
    </p>
   </div>
   <div class='ocr_carea' id='block_1_22' title="bbox 223 2270 1874 2344">
    <p class='ocr_par' dir='ltr' id='par_1_22' title="bbox 223 2270 1874 2344">
     <span class='ocr_line' id='line_1_23' title="bbox 223 2270 1874 2344; baseline 0.001 -15"><span class='ocrx_word' id='word_1_146' title='bbox 223 2273 385 2330; x_wconf 80' lang='lat' dir='ltr'><strong>enim</strong></span> <span class='ocrx_word' id='word_1_147' title='bbox 416 2274 585 2329; x_wconf 67' lang='lat' dir='ltr'><strong>atate</strong></span> <span class='ocrx_word' id='word_1_148' title='bbox 611 2273 873 2328; x_wconf 72' lang='lat' dir='ltr'><strong>hond‘nm</strong></span> <span class='ocrx_word' id='word_1_149' title='bbox 901 2270 1054 2328; x_wconf 86' lang='lat' dir='ltr'><strong>valet</strong></span> <span class='ocrx_word' id='word_1_150' title='bbox 1084 2272 1333 2344; x_wconf 87' lang='lat' dir='ltr'><strong>perfecte</strong></span> <span class='ocrx_word' id='word_1_151' title='bbox 1360 2271 1520 2344; x_wconf 90' lang='lat' dir='ltr'><strong>loqui</strong></span> <span class='ocrx_word' id='word_1_152' title='bbox 1549 2290 1714 2344; x_wconf 84' lang='lat' dir='ltr'><strong>;puer</strong></span> <span class='ocrx_word' id='word_1_153' title='bbox 1740 2291 1874 2330; x_wconf 89' lang='lat' dir='ltr'><strong>vero</strong></span> 
     </span>
    </p>
   </div>
   <div class='ocr_carea' id='block_1_23' title="bbox 225 2360 1872 2435">
    <p class='ocr_par' dir='ltr' id='par_1_23' title="bbox 225 2360 1872 2435">
     <span class='ocr_line' id='line_1_24' title="bbox 225 2360 1872 2435; baseline 0.001 -17"><span class='ocrx_word' id='word_1_154' title='bbox 225 2360 1157 2435; x_wconf 66' lang='lat' dir='ltr'><strong>ineloquentiamesoitafﬂuenter</strong></span> <span class='ocrx_word' id='word_1_155' title='bbox 1184 2361 1344 2433; x_wconf 88' lang='lat' dir='ltr'><strong>loqui</strong></span> <span class='ocrx_word' id='word_1_156' title='bbox 1370 2379 1534 2434; x_wconf 90' lang='lat' dir='ltr'><strong>;puer</strong></span> <span class='ocrx_word' id='word_1_157' title='bbox 1559 2361 1872 2434; x_wconf 87' lang='lat' dir='ltr'><strong>imperitia,</strong></span> 
     </span>
    </p>
   </div>
   <div class='ocr_carea' id='block_1_24' title="bbox 226 2449 1874 2523">
    <p class='ocr_par' dir='ltr' id='par_1_24' title="bbox 226 2449 1874 2523">
     <span class='ocr_line' id='line_1_25' title="bbox 226 2449 1874 2523; baseline 0.001 -16"><span class='ocrx_word' id='word_1_158' title='bbox 226 2451 416 2508; x_wconf 81' lang='lat' dir='ltr'><strong>nescit</strong></span> <span class='ocrx_word' id='word_1_159' title='bbox 443 2450 759 2523; x_wconf 73' lang='lat' dir='ltr'><strong>prudenter</strong></span> <span class='ocrx_word' id='word_1_160' title='bbox 787 2449 988 2522; x_wconf 83' lang='lat' dir='ltr'><strong>loqui;</strong></span> <span class='ocrx_word' id='word_1_161' title='bbox 1023 2457 1168 2522; x_wconf 84' lang='lat' dir='ltr'><strong>puer</strong></span> <span class='ocrx_word' id='word_1_162' title='bbox 1202 2461 1335 2506; x_wconf 81' lang='lat' dir='ltr'><strong>Vero</strong></span> <span class='ocrx_word' id='word_1_163' title='bbox 1366 2450 1874 2523; x_wconf 87' lang='lat' dir='ltr'><strong>pusillanimitate,</strong></span> 
     </span>
    </p>
   </div>
   <div class='ocr_carea' id='block_1_25' title="bbox 227 2539 1871 2613">
    <p class='ocr_par' dir='ltr' id='par_1_25' title="bbox 227 2539 1871 2613">
     <span class='ocr_line' id='line_1_26' title="bbox 227 2539 1871 2613; baseline 0 -16"><span class='ocrx_word' id='word_1_164' title='bbox 227 2554 346 2597; x_wconf 79' lang='lat' dir='ltr'><strong>non</strong></span> <span class='ocrx_word' id='word_1_165' title='bbox 375 2541 552 2596; x_wconf 78' lang='lat' dir='ltr'><strong>audet</strong></span> <span class='ocrx_word' id='word_1_166' title='bbox 610 2539 839 2595; x_wconf 85' lang='lat' dir='ltr'><strong>fortiter</strong></span> <span class='ocrx_word' id='word_1_167' title='bbox 881 2539 1061 2611; x_wconf 90' lang='lat' dir='ltr'><strong>loqui.</strong></span> <span class='ocrx_word' id='word_1_168' title='bbox 1114 2539 1370 2595; x_wconf 83' lang='lat' dir='ltr'><strong>Joannes</strong></span> <span class='ocrx_word' id='word_1_169' title='bbox 1425 2557 1559 2596; x_wconf 89' lang='lat' dir='ltr'><strong>vero</strong></span> <span class='ocrx_word' id='word_1_170' title='bbox 1592 2541 1871 2613; x_wconf 82' lang='lat' dir='ltr'><strong>Baptista,</strong></span> 
     </span>
    </p>
   </div>
   <div class='ocr_carea' id='block_1_26' title="bbox 230 2627 1874 2703">
    <p class='ocr_par' dir='ltr' id='par_1_26' title="bbox 230 2627 1874 2703">
     <span class='ocr_line' id='line_1_27' title="bbox 230 2627 1874 2703; baseline 0.001 -17"><span class='ocrx_word' id='word_1_171' title='bbox 230 2627 508 2703; x_wconf 87' lang='lat' dir='ltr'><strong>quoniam</strong></span> <span class='ocrx_word' id='word_1_172' title='bbox 539 2629 596 2683; x_wconf 90' lang='lat' dir='ltr'><strong>in</strong></span> <span class='ocrx_word' id='word_1_173' title='bbox 632 2628 758 2700; x_wconf 86' lang='lat' dir='ltr'><strong>ipso</strong></span> <span class='ocrx_word' id='word_1_174' title='bbox 789 2627 994 2684; x_wconf 86' lang='lat' dir='ltr'><strong>matris</strong></span> <span class='ocrx_word' id='word_1_175' title='bbox 1016 2631 1179 2683; x_wconf 85' lang='lat' dir='ltr'><strong>utero</strong></span> <span class='ocrx_word' id='word_1_176' title='bbox 1202 2628 1874 2702; x_wconf 64' lang='lat' dir='ltr'><strong>prophetarecmpitmon</strong></span> 
     </span>
    </p>
   </div>
   <div class='ocr_carea' id='block_1_27' title="bbox 230 2716 1877 2792">
    <p class='ocr_par' dir='ltr' id='par_1_27' title="bbox 230 2716 1877 2792">
     <span class='ocr_line' id='line_1_28' title="bbox 230 2716 1877 2792; baseline 0.004 -20"><span class='ocrx_word' id='word_1_177' title='bbox 230 2719 448 2792; x_wconf 71' lang='lat' dir='ltr'><strong>legitur</strong></span> <span class='ocrx_word' id='word_1_178' title='bbox 477 2721 540 2774; x_wconf 82' lang='lat' dir='ltr'><strong>se</strong></span> <span class='ocrx_word' id='word_1_179' title='bbox 569 2716 1007 2784; x_wconf 75' lang='lat' dir='ltr'><strong>excusasse,9ed</strong></span> <span class='ocrx_word' id='word_1_180' title='bbox 1036 2720 1264 2772; x_wconf 87' lang='lat' dir='ltr'><strong>tantum</strong></span> <span class='ocrx_word' id='word_1_181' title='bbox 1278 2717 1349 2772; x_wconf 85' lang='lat' dir='ltr'><strong>ad</strong></span> <span class='ocrx_word' id='word_1_182' title='bbox 1362 2717 1618 2774; x_wconf 78' lang='lat' dir='ltr'><strong>officium</strong></span> <span class='ocrx_word' id='word_1_183' title='bbox 1634 2721 1877 2792; x_wconf 85' lang='lat' dir='ltr'><strong>prophe-</strong></span> 
     </span>
    </p>
   </div>
   <div class='ocr_carea' id='block_1_28' title="bbox 233 2804 1878 2880">
    <p class='ocr_par' dir='ltr' id='par_1_28' title="bbox 233 2804 1878 2880">
     <span class='ocr_line' id='line_1_29' title="bbox 233 2804 1878 2880; baseline 0.002 -16"><span class='ocrx_word' id='word_1_184' title='bbox 233 2806 399 2864; x_wconf 79' lang='lat' dir='ltr'><strong>tandi</strong></span> <span class='ocrx_word' id='word_1_185' title='bbox 431 2808 493 2862; x_wconf 68' lang='lat' dir='ltr'><strong>be</strong></span> <span class='ocrx_word' id='word_1_186' title='bbox 521 2815 652 2862; x_wconf 68' lang='lat' dir='ltr'><strong>ease</strong></span> <span class='ocrx_word' id='word_1_187' title='bbox 682 2804 991 2878; x_wconf 88' lang='lat' dir='ltr'><strong>indignum</strong></span> <span class='ocrx_word' id='word_1_188' title='bbox 1022 2805 1540 2874; x_wconf 86' lang='lat' dir='ltr'><strong>demonstrat,cum</strong></span> <span class='ocrx_word' id='word_1_189' title='bbox 1575 2815 1812 2880; x_wconf 88' lang='lat' dir='ltr'><strong>rogatus</strong></span> <span class='ocrx_word' id='word_1_190' title='bbox 1843 2828 1878 2867; x_wconf 88' lang='lat' dir='ltr'><strong>a</strong></span> 
     </span>
    </p>
   </div>
   <div class='ocr_carea' id='block_1_29' title="bbox 235 2893 1877 2970">
    <p class='ocr_par' dir='ltr' id='par_1_29' title="bbox 235 2893 1877 2970">
     <span class='ocr_line' id='line_1_30' title="bbox 235 2893 1877 2970; baseline 0.001 -17"><span class='ocrx_word' id='word_1_191' title='bbox 235 2893 544 2953; x_wconf 68' lang='lat' dir='ltr'><strong>Pharisaais</strong></span> <span class='ocrx_word' id='word_1_192' title='bbox 574 2893 708 2967; x_wconf 87' lang='lat' dir='ltr'><strong>quis</strong></span> <span class='ocrx_word' id='word_1_193' title='bbox 736 2897 990 2961; x_wconf 80' lang='lat' dir='ltr'><strong>esset,an</strong></span> <span class='ocrx_word' id='word_1_194' title='bbox 1015 2893 1302 2966; x_wconf 86' lang='lat' dir='ltr'><strong>propheta</strong></span> <span class='ocrx_word' id='word_1_195' title='bbox 1322 2900 1565 2963; x_wconf 87' lang='lat' dir='ltr'><strong>esset,se</strong></span> <span class='ocrx_word' id='word_1_196' title='bbox 1581 2913 1708 2954; x_wconf 88' lang='lat' dir='ltr'><strong>esse</strong></span> <span class='ocrx_word' id='word_1_197' title='bbox 1740 2917 1877 2970; x_wconf 88' lang='lat' dir='ltr'><strong>pro-</strong></span> 
     </span>
    </p>
   </div>
   <div class='ocr_carea' id='block_1_30' title="bbox 233 2982 1876 3058">
    <p class='ocr_par' dir='ltr' id='par_1_30' title="bbox 233 2982 1876 3058">
     <span class='ocr_line' id='line_1_31' title="bbox 233 2982 1876 3058; baseline 0.001 -18"><span class='ocrx_word' id='word_1_198' title='bbox 233 2983 471 3058; x_wconf 81' lang='lat' dir='ltr'><strong>phetani</strong></span> <span class='ocrx_word' id='word_1_199' title='bbox 501 2987 676 3056; x_wconf 86' lang='lat' dir='ltr'><strong>negat</strong></span> <span class='ocrx_word' id='word_1_200' title='bbox 701 2983 885 3055; x_wconf 82' lang='lat' dir='ltr'><strong>(Joan.</strong></span> <span class='ocrx_word' id='word_1_201' title='bbox 919 2982 980 3055; x_wconf 80' lang='grc' dir='ltr'><strong>ι).</strong></span> <span class='ocrx_word' id='word_1_202' title='bbox 1013 2982 1094 3038; x_wconf 78' lang='lat' dir='ltr'><strong>Ab</strong></span> <span class='ocrx_word' id='word_1_203' title='bbox 1143 2982 1334 3039; x_wconf 79' lang='lat' dir='ltr'><strong>officio</strong></span> <span class='ocrx_word' id='word_1_204' title='bbox 1363 3000 1496 3040; x_wconf 87' lang='lat' dir='ltr'><strong>vero</strong></span> <span class='ocrx_word' id='word_1_205' title='bbox 1543 2985 1876 3058; x_wconf 82' lang='lat' dir='ltr'><strong>baptizandi</strong></span> 
     </span>
    </p>
   </div>
   <div class='ocr_carea' id='block_1_31' title="bbox 231 3071 1876 3146">
    <p class='ocr_par' dir='ltr' id='par_1_31' title="bbox 231 3071 1876 3146">
     <span class='ocr_line' id='line_1_32' title="bbox 231 3071 1876 3146; baseline 0.001 -16"><span class='ocrx_word' id='word_1_206' title='bbox 231 3071 681 3146; x_wconf 79' lang='lat' dir='ltr'><strong>Redemptoer</strong></span> <span class='ocrx_word' id='word_1_207' title='bbox 711 3078 978 3128; x_wconf 78' lang='lat' dir='ltr'><strong>nostrum</strong></span> <span class='ocrx_word' id='word_1_208' title='bbox 1009 3088 1072 3128; x_wconf 88' lang='lat' dir='ltr'><strong>se</strong></span> <span class='ocrx_word' id='word_1_209' title='bbox 1101 3075 1297 3144; x_wconf 89' lang='lat' dir='ltr'><strong>aperte</strong></span> <span class='ocrx_word' id='word_1_210' title='bbox 1323 3077 1579 3142; x_wconf 80' lang='lat' dir='ltr'><strong>excusat,</strong></span> <span class='ocrx_word' id='word_1_211' title='bbox 1608 3091 1740 3130; x_wconf 89' lang='lat' dir='ltr'><strong>cum</strong></span> <span class='ocrx_word' id='word_1_212' title='bbox 1776 3093 1876 3132; x_wconf 52' lang='lat' dir='ltr'><strong>ex‘</strong></span> 
     </span>
    </p>
   </div>
   <div class='ocr_carea' id='block_1_32' title="bbox 227 3144 1949 3237">
    <p class='ocr_par' dir='ltr' id='par_1_32' title="bbox 227 3144 1949 3237">
     <span class='ocr_line' id='line_1_33' title="bbox 227 3144 1949 3237; baseline 0.001 -18"><span class='ocrx_word' id='word_1_213' title='bbox 227 3144 549 3237; x_wconf 70' lang='lat' dir='ltr'><strong>pavescens</strong></span> <span class='ocrx_word' id='word_1_214' title='bbox 578 3160 660 3218; x_wconf 85' lang='lat' dir='ltr'><strong>ait</strong></span> <span class='ocrx_word' id='word_1_215' title='bbox 690 3179 704 3217; x_wconf 70' lang='grc' dir='ltr'><strong>ε</strong></span> <span class='ocrx_word' id='word_1_216' title='bbox 739 3181 766 3211; x_wconf 77' lang='grc' dir='ltr'><strong>α</strong></span> <span class='ocrx_word' id='word_1_217' title='bbox 800 3163 919 3234; x_wconf 80' lang='lat' dir='ltr'><strong>Ego</strong></span> <span class='ocrx_word' id='word_1_218' title='bbox 951 3178 986 3216; x_wconf 85' lang='lat' dir='ltr'><strong>a</strong></span> <span class='ocrx_word' id='word_1_219' title='bbox 1012 3168 1070 3217; x_wconf 80' lang='lat' dir='ltr'><strong>te</strong></span> <span class='ocrx_word' id='word_1_220' title='bbox 1099 3161 1282 3217; x_wconf 87' lang='lat' dir='ltr'><strong>debeo</strong></span> <span class='ocrx_word' id='word_1_221' title='bbox 1313 3161 1677 3234; x_wconf 86' lang='lat' dir='ltr'><strong>baptizari,et</strong></span> <span class='ocrx_word' id='word_1_222' title='bbox 1691 3165 1751 3218; x_wconf 88' lang='lat' dir='ltr'><strong>tu</strong></span> <span class='ocrx_word' id='word_1_223' title='bbox 1784 3183 1875 3222; x_wconf 89' lang='lat' dir='ltr'><strong>ve-</strong></span> <span class='ocrx_word' id='word_1_224' title='bbox 1904 3144 1949 3213; x_wconf 60' lang='grc' dir='ltr'><strong>(ἶ</strong></span> 
     </span>
    </p>
   </div>
   <div class='ocr_carea' id='block_1_33' title="bbox 230 3249 1880 3324">
    <p class='ocr_par' dir='ltr' id='par_1_33' title="bbox 230 3249 1880 3324">
     <span class='ocr_line' id='line_1_34' title="bbox 230 3249 1880 3324; baseline 0.001 -16"><span class='ocrx_word' id='word_1_225' title='bbox 230 3251 326 3308; x_wconf 83' lang='lat' dir='ltr'><strong>nis</strong></span> <span class='ocrx_word' id='word_1_226' title='bbox 354 3251 427 3307; x_wconf 86' lang='lat' dir='ltr'><strong>ad</strong></span> <span class='ocrx_word' id='word_1_227' title='bbox 457 3251 596 3307; x_wconf 80' lang='lat' dir='ltr'><strong>me?</strong></span> <span class='ocrx_word' id='word_1_228' title='bbox 629 3269 656 3301; x_wconf 83' lang='lat'><strong>»</strong></span> <span class='ocrx_word' id='word_1_229' title='bbox 690 3250 1022 3324; x_wconf 77' lang='lat' dir='ltr'><strong>(Matth.tii.)</strong></span> <span class='ocrx_word' id='word_1_230' title='bbox 1055 3249 1880 3324; x_wconf 88' lang='lat' dir='ltr'><strong>Quidamigiturlaudabiliter</strong></span> 
     </span>
    </p>
   </div>
   <div class='ocr_carea' id='block_1_34' title="bbox 226 3338 1876 3413">
    <p class='ocr_par' dir='ltr' id='par_1_34' title="bbox 226 3338 1876 3413">
     <span class='ocr_line' id='line_1_35' title="bbox 226 3338 1876 3413; baseline 0 -16"><span class='ocrx_word' id='word_1_231' title='bbox 226 3353 295 3398; x_wconf 69' lang='lat' dir='ltr'><strong>se</strong></span> <span class='ocrx_word' id='word_1_232' title='bbox 342 3343 638 3408; x_wconf 74' lang='lat' dir='ltr'><strong>excusant,</strong></span> <span class='ocrx_word' id='word_1_233' title='bbox 667 3342 736 3395; x_wconf 84' lang='lat' dir='ltr'><strong>ut</strong></span> <span class='ocrx_word' id='word_1_234' title='bbox 762 3338 1131 3406; x_wconf 85' lang='lat' dir='ltr'><strong>Jeremias,et</strong></span> <span class='ocrx_word' id='word_1_235' title='bbox 1155 3339 1411 3394; x_wconf 85' lang='lat' dir='ltr'><strong>Joannes</strong></span> <span class='ocrx_word' id='word_1_236' title='bbox 1443 3339 1734 3413; x_wconf 73' lang='lat' dir='ltr'><strong>Baptista;</strong></span> <span class='ocrx_word' id='word_1_237' title='bbox 1778 3343 1876 3398; x_wconf 84' lang='lat' dir='ltr'><strong>alii</strong></span> 
     </span>
    </p>
   </div>
   <div class='ocr_carea' id='block_1_35' title="bbox 229 3427 1876 3500">
    <p class='ocr_par' dir='ltr' id='par_1_35' title="bbox 229 3427 1876 3500">
     <span class='ocr_line' id='line_1_36' title="bbox 229 3427 1876 3500; baseline 0.001 -14"><span class='ocrx_word' id='word_1_238' title='bbox 229 3443 365 3486; x_wconf 65' lang='lat' dir='ltr'><strong>mro</strong></span> <span class='ocrx_word' id='word_1_239' title='bbox 395 3427 766 3486; x_wconf 78' lang='lat' dir='ltr'><strong>laudabiliter</strong></span> <span class='ocrx_word' id='word_1_240' title='bbox 797 3444 860 3484; x_wconf 87' lang='lat' dir='ltr'><strong>se</strong></span> <span class='ocrx_word' id='word_1_241' title='bbox 890 3428 1161 3494; x_wconf 85' lang='lat' dir='ltr'><strong>oﬂerunt,</strong></span> <span class='ocrx_word' id='word_1_242' title='bbox 1195 3432 1260 3483; x_wconf 88' lang='lat' dir='ltr'><strong>ut</strong></span> <span class='ocrx_word' id='word_1_243' title='bbox 1289 3427 1596 3500; x_wconf 87' lang='lat' dir='ltr'><strong>lsaias,qui</strong></span> <span class='ocrx_word' id='word_1_244' title='bbox 1629 3429 1876 3488; x_wconf 89' lang='lat' dir='ltr'><strong>Domino</strong></span> 
     </span>
    </p>
   </div>
   <div class='ocr_carea' id='block_1_36' title="bbox 226 3515 1872 3588">
    <p class='ocr_par' dir='ltr' id='par_1_36' title="bbox 226 3515 1872 3588">
     <span class='ocr_line' id='line_1_37' title="bbox 226 3515 1872 3588; baseline 0.002 -14"><span class='ocrx_word' id='word_1_245' title='bbox 226 3517 446 3575; x_wconf 74' lang='lat' dir='ltr'><strong>(licenti</strong></span> <span class='ocrx_word' id='word_1_246' title='bbox 479 3534 492 3574; x_wconf 90' lang='lat'><strong>:</strong></span> <span class='ocrx_word' id='word_1_247' title='bbox 525 3540 555 3568; x_wconf 73' lang='grc' dir='ltr'>α</span> <span class='ocrx_word' id='word_1_248' title='bbox 589 3517 772 3582; x_wconf 83' lang='lat' dir='ltr'><strong>Quem</strong></span> <span class='ocrx_word' id='word_1_249' title='bbox 803 3517 1061 3584; x_wconf 78' lang='lat' dir='ltr'><strong>mittam,</strong></span> <span class='ocrx_word' id='word_1_250' title='bbox 1095 3521 1152 3572; x_wconf 84' lang='lat' dir='ltr'><strong>et</strong></span> <span class='ocrx_word' id='word_1_251' title='bbox 1181 3516 1314 3588; x_wconf 89' lang='lat' dir='ltr'><strong>quis</strong></span> <span class='ocrx_word' id='word_1_252' title='bbox 1343 3515 1451 3572; x_wconf 89' lang='lat' dir='ltr'><strong>ibit</strong></span> <span class='ocrx_word' id='word_1_253' title='bbox 1481 3517 1696 3574; x_wconf 82' lang='lat' dir='ltr'><strong>nobis?</strong></span> <span class='ocrx_word' id='word_1_254' title='bbox 1742 3519 1826 3576; x_wconf 89' lang='lat' dir='ltr'><strong>ait</strong></span> <span class='ocrx_word' id='word_1_255' title='bbox 1858 3538 1872 3577; x_wconf 86' lang='lat'><strong>:</strong></span> 
     </span>
    </p>
   </div>
   <div class='ocr_carea' id='block_1_37' title="bbox 229 3604 1875 3680">
    <p class='ocr_par' dir='ltr' id='par_1_37' title="bbox 229 3604 1875 3680">
     <span class='ocr_line' id='line_1_38' title="bbox 229 3604 1875 3680; baseline -0.001 -15"><span class='ocrx_word' id='word_1_256' title='bbox 229 3608 374 3665; x_wconf 70' lang='lat' dir='ltr'><strong>Ecce</strong></span> <span class='ocrx_word' id='word_1_257' title='bbox 404 3605 704 3680; x_wconf 77' lang='lat' dir='ltr'><strong>ego,mitt&#39;e</strong></span> <span class='ocrx_word' id='word_1_258' title='bbox 733 3623 828 3661; x_wconf 88' lang='lat' dir='ltr'><strong>me</strong></span> <span class='ocrx_word' id='word_1_259' title='bbox 861 3604 984 3677; x_wconf 84' lang='lat' dir='ltr'><strong>(Isa.</strong></span> <span class='ocrx_word' id='word_1_260' title='bbox 1026 3605 1126 3678; x_wconf 70' lang='grc' dir='ltr'><strong>γι.)</strong></span> <span class='ocrx_word' id='word_1_261' title='bbox 1158 3627 1187 3655; x_wconf 84' lang='lat'><em>»</em></span> <span class='ocrx_word' id='word_1_262' title='bbox 1231 3605 1733 3662; x_wconf 85' lang='lat' dir='ltr'><strong>Considerandum</strong></span> <span class='ocrx_word' id='word_1_263' title='bbox 1781 3612 1875 3665; x_wconf 86' lang='lat' dir='ltr'><strong>ta-</strong></span> 
     </span>
    </p>
   </div>
   <div class='ocr_carea' id='block_1_38' title="bbox 223 3692 1871 3768">
    <p class='ocr_par' dir='ltr' id='par_1_38' title="bbox 223 3692 1871 3768">
     <span class='ocr_line' id='line_1_39' title="bbox 223 3692 1871 3768; baseline -0.001 -14"><span class='ocrx_word' id='word_1_264' title='bbox 223 3712 365 3754; x_wconf 82' lang='lat' dir='ltr'><strong>men</strong></span> <span class='ocrx_word' id='word_1_265' title='bbox 389 3700 484 3753; x_wconf 79' lang='lat' dir='ltr'><strong>est</strong></span> <span class='ocrx_word' id='word_1_266' title='bbox 513 3693 792 3768; x_wconf 89' lang='lat' dir='ltr'><strong>quoniam</strong></span> <span class='ocrx_word' id='word_1_267' title='bbox 826 3695 1006 3750; x_wconf 84' lang='lat' dir='ltr'><strong>Isaias</strong></span> <span class='ocrx_word' id='word_1_268' title='bbox 1036 3692 1136 3766; x_wconf 88' lang='lat' dir='ltr'><strong>qui</strong></span> <span class='ocrx_word' id='word_1_269' title='bbox 1168 3710 1229 3749; x_wconf 89' lang='lat' dir='ltr'><strong>se</strong></span> <span class='ocrx_word' id='word_1_270' title='bbox 1286 3694 1562 3759; x_wconf 81' lang='lat' dir='ltr'><strong>offert,vel</strong></span> <span class='ocrx_word' id='word_1_271' title='bbox 1601 3698 1871 3753; x_wconf 84' lang='lat' dir='ltr'><strong>carbone.</strong></span> 
     </span>
    </p>
   </div>
   <div class='ocr_carea' id='block_1_39' title="bbox 227 3781 1875 3856">
    <p class='ocr_par' dir='ltr' id='par_1_39' title="bbox 227 3781 1875 3856">
     <span class='ocr_line' id='line_1_40' title="bbox 227 3781 1875 3856; baseline 0.001 -14"><span class='ocrx_word' id='word_1_272' title='bbox 227 3785 313 3842; x_wconf 68' lang='lat' dir='ltr'><strong>vel</strong></span> <span class='ocrx_word' id='word_1_273' title='bbox 344 3784 568 3841; x_wconf 74' lang='lat' dir='ltr'><strong>calculo</strong></span> <span class='ocrx_word' id='word_1_274' title='bbox 593 3785 669 3840; x_wconf 81' lang='lat' dir='ltr'><strong>de</strong></span> <span class='ocrx_word' id='word_1_275' title='bbox 699 3781 868 3852; x_wconf 81' lang='lat' dir='ltr'><strong>altari</strong></span> <span class='ocrx_word' id='word_1_276' title='bbox 901 3784 1279 3855; x_wconf 82' lang='lat' dir='ltr'><strong>sumpto,jam</strong></span> <span class='ocrx_word' id='word_1_277' title='bbox 1309 3788 1624 3856; x_wconf 85' lang='lat' dir='ltr'><strong>purgatum</strong></span> <span class='ocrx_word' id='word_1_278' title='bbox 1654 3801 1718 3840; x_wconf 88' lang='lat' dir='ltr'><strong>se</strong></span> <span class='ocrx_word' id='word_1_279' title='bbox 1747 3797 1875 3843; x_wconf 84' lang='lat' dir='ltr'><strong>esse</strong></span> 
     </span>
    </p>
   </div>
   <div class='ocr_carea' id='block_1_40' title="bbox 223 3872 1875 3943">
    <p class='ocr_par' dir='ltr' id='par_1_40' title="bbox 223 3872 1875 3943">
     <span class='ocr_line' id='line_1_41' title="bbox 223 3872 1875 3943; baseline 0.001 -12"><span class='ocrx_word' id='word_1_280' title='bbox 223 3875 470 3939; x_wconf 56' lang='lat' dir='ltr'><strong>scitabat,</strong></span> <span class='ocrx_word' id='word_1_281' title='bbox 503 3878 559 3929; x_wconf 92' lang='lat' dir='ltr'><strong>et</strong></span> <span class='ocrx_word' id='word_1_282' title='bbox 581 3872 892 3939; x_wconf 80' lang='lat' dir='ltr'><strong>Jeremia&#39;s,</strong></span> <span class='ocrx_word' id='word_1_283' title='bbox 951 3876 1011 3928; x_wconf 84' lang='lat' dir='ltr'><strong>et</strong></span> <span class='ocrx_word' id='word_1_284' title='bbox 1066 3872 1322 3927; x_wconf 87' lang='lat' dir='ltr'><strong>Joannes</strong></span> <span class='ocrx_word' id='word_1_285' title='bbox 1353 3872 1629 3943; x_wconf 86' lang='lat' dir='ltr'><strong>Baptista,</strong></span> <span class='ocrx_word' id='word_1_286' title='bbox 1672 3875 1782 3931; x_wconf 91' lang='lat' dir='ltr'><strong>etsi</strong></span> <span class='ocrx_word' id='word_1_287' title='bbox 1813 3893 1875 3932; x_wconf 90' lang='lat' dir='ltr'><strong>se</strong></span> 
     </span>
    </p>
   </div>
   <div class='ocr_carea' id='block_1_41' title="bbox 220 3959 1874 4033">
    <p class='ocr_par' dir='ltr' id='par_1_41' title="bbox 220 3959 1874 4033">
     <span class='ocr_line' id='line_1_42' title="bbox 220 3959 1874 4033; baseline 0 -14"><span class='ocrx_word' id='word_1_288' title='bbox 220 3967 525 4029; x_wconf 59' lang='lat' dir='ltr'><strong>uacarunt,</strong></span> <span class='ocrx_word' id='word_1_289' title='bbox 560 3971 674 4016; x_wconf 79' lang='lat' dir='ltr'><strong>non</strong></span> <span class='ocrx_word' id='word_1_290' title='bbox 708 3965 908 4033; x_wconf 83' lang='lat' dir='ltr'><strong>aperte</strong></span> <span class='ocrx_word' id='word_1_291' title='bbox 937 3959 1265 4031; x_wconf 88' lang='lat' dir='ltr'><strong>repudiant.</strong></span> <span class='ocrx_word' id='word_1_292' title='bbox 1301 3959 1409 4015; x_wconf 92' lang='lat' dir='ltr'><strong>Sed</strong></span> <span class='ocrx_word' id='word_1_293' title='bbox 1463 3961 1616 4032; x_wconf 89' lang='lat' dir='ltr'><strong>quis,</strong></span> <span class='ocrx_word' id='word_1_294' title='bbox 1668 3963 1874 4020; x_wconf 82' lang='lat' dir='ltr'><strong>fratres</strong></span> 
     </span>
    </p>
   </div>
   <div class='ocr_carea' id='block_1_42' title="bbox 226 4047 1874 4121">
    <p class='ocr_par' dir='ltr' id='par_1_42' title="bbox 226 4047 1874 4121">
     <span class='ocr_line' id='line_1_43' title="bbox 226 4047 1874 4121; baseline 0 -14"><span class='ocrx_word' id='word_1_295' title='bbox 226 4049 540 4118; x_wconf 82' lang='lat' dir='ltr'><strong>mei,hbdie</strong></span> <span class='ocrx_word' id='word_1_296' title='bbox 565 4067 630 4106; x_wconf 88' lang='lat' dir='ltr'><strong>se</strong></span> <span class='ocrx_word' id='word_1_297' title='bbox 661 4050 1013 4105; x_wconf 85' lang='lat' dir='ltr'><strong>mundatum</strong></span> <span class='ocrx_word' id='word_1_298' title='bbox 1045 4065 1173 4104; x_wconf 89' lang='lat' dir='ltr'><strong>esse</strong></span> <span class='ocrx_word' id='word_1_299' title='bbox 1197 4047 1472 4121; x_wconf 76' lang='lat' dir='ltr'><strong>intelligit</strong></span> <span class='ocrx_word' id='word_1_300' title='bbox 1491 4049 1656 4106; x_wconf 85' lang='lat' dir='ltr'><strong>?ldeo</strong></span> <span class='ocrx_word' id='word_1_301' title='bbox 1690 4051 1874 4109; x_wconf 91' lang='lat' dir='ltr'><strong>tutius</strong></span> 
     </span>
    </p>
   </div>
   <div class='ocr_carea' id='block_1_43' title="bbox 221 4135 1872 4212">
    <p class='ocr_par' dir='ltr' id='par_1_43' title="bbox 221 4135 1872 4212">
     <span class='ocr_line' id='line_1_44' title="bbox 221 4135 1872 4212; baseline 0.001 -18"><span class='ocrx_word' id='word_1_302' title='bbox 221 4139 398 4194; x_wconf 81' lang='lat' dir='ltr'><strong>hodie</strong></span> <span class='ocrx_word' id='word_1_303' title='bbox 427 4138 686 4194; x_wconf 76' lang='lat' dir='ltr'><strong>officium</strong></span> <span class='ocrx_word' id='word_1_304' title='bbox 716 4136 1071 4209; x_wconf 75' lang='lat' dir='ltr'><strong>praedicandi</strong></span> <span class='ocrx_word' id='word_1_305' title='bbox 1105 4135 1630 4209; x_wconf 87' lang='lat' dir='ltr'><strong>declinatur,quam</strong></span> <span class='ocrx_word' id='word_1_306' title='bbox 1649 4141 1872 4212; x_wconf 33' lang='lat' dir='ltr'><strong>appetis</strong></span> 
     </span>
    </p>
   </div>
   <div class='ocr_carea' id='block_1_44' title="bbox 219 4224 1873 4301">
    <p class='ocr_par' dir='ltr' id='par_1_44' title="bbox 219 4224 1873 4301">
     <span class='ocr_line' id='line_1_45' title="bbox 219 4224 1873 4301; baseline -0.001 -16"><span class='ocrx_word' id='word_1_307' title='bbox 219 4229 339 4285; x_wconf 81' lang='lat' dir='ltr'><strong>tul‘.</strong></span> <span class='ocrx_word' id='word_1_308' title='bbox 371 4227 486 4284; x_wconf 75' lang='lat' dir='ltr'><strong>Nec</strong></span> <span class='ocrx_word' id='word_1_309' title='bbox 519 4229 714 4284; x_wconf 79' lang='lat' dir='ltr'><strong>tamen</strong></span> <span class='ocrx_word' id='word_1_310' title='bbox 745 4226 917 4282; x_wconf 76' lang='lat' dir='ltr'><strong>debet</strong></span> <span class='ocrx_word' id='word_1_311' title='bbox 948 4224 1046 4280; x_wconf 89' lang='lat' dir='ltr'><strong>ille</strong></span> <span class='ocrx_word' id='word_1_312' title='bbox 1076 4225 1451 4298; x_wconf 84' lang='lat' dir='ltr'><strong>pertinaciter</strong></span> <span class='ocrx_word' id='word_1_313' title='bbox 1467 4225 1755 4283; x_wconf 87' lang='lat' dir='ltr'><strong>declinare</strong></span> <span class='ocrx_word' id='word_1_314' title='bbox 1771 4229 1873 4301; x_wconf 90' lang='lat' dir='ltr'><strong>qui</strong></span> 
     </span>
    </p>
   </div>
   <div class='ocr_carea' id='block_1_45' title="bbox 218 4315 1874 4389">
    <p class='ocr_par' dir='ltr' id='par_1_45' title="bbox 218 4315 1874 4389">
     <span class='ocr_line' id='line_1_46' title="bbox 218 4315 1874 4389; baseline 0.001 -16"><span class='ocrx_word' id='word_1_315' title='bbox 218 4315 500 4388; x_wconf 72' lang='lat' dir='ltr'><strong>intelligit</strong></span> <span class='ocrx_word' id='word_1_316' title='bbox 526 4333 589 4372; x_wconf 82' lang='lat' dir='ltr'><strong>se</strong></span> <span class='ocrx_word' id='word_1_317' title='bbox 618 4333 653 4371; x_wconf 90' lang='lat' dir='ltr'><strong>a</strong></span> <span class='ocrx_word' id='word_1_318' title='bbox 685 4319 798 4371; x_wconf 88' lang='lat' dir='ltr'><strong>Deo</strong></span> <span class='ocrx_word' id='word_1_319' title='bbox 829 4318 1100 4370; x_wconf 84' lang='lat' dir='ltr'><strong>vocatum</strong></span> <span class='ocrx_word' id='word_1_320' title='bbox 1131 4315 1541 4380; x_wconf 89' lang='lat' dir='ltr'><strong>esse.Quorum</strong></span> <span class='ocrx_word' id='word_1_321' title='bbox 1557 4320 1874 4389; x_wconf 89' lang='lat' dir='ltr'><strong>utrumque</strong></span> 
     </span>
    </p>
   </div>
   <div class='ocr_carea' id='block_1_46' title="bbox 219 4401 1872 4473">
    <p class='ocr_par' dir='ltr' id='par_1_46' title="bbox 219 4401 1872 4473">
     <span class='ocr_line' id='line_1_47' title="bbox 219 4401 1872 4473; baseline 0.001 -12"><span class='ocrx_word' id='word_1_322' title='bbox 219 4405 452 4473; x_wconf 75' lang='lat' dir='ltr'><strong>Moyses</strong></span> <span class='ocrx_word' id='word_1_323' title='bbox 482 4403 541 4459; x_wconf 89' lang='lat' dir='ltr'><strong>in</strong></span> <span class='ocrx_word' id='word_1_324' title='bbox 569 4411 636 4460; x_wconf 66' lang='lat' dir='ltr'><strong>be</strong></span> <span class='ocrx_word' id='word_1_325' title='bbox 667 4405 1192 4470; x_wconf 81' lang='lat' dir='ltr'><strong>demenstrat,cnm</strong></span> <span class='ocrx_word' id='word_1_326' title='bbox 1211 4403 1458 4458; x_wconf 89' lang='lat' dir='ltr'><strong>Domino</strong></span> <span class='ocrx_word' id='word_1_327' title='bbox 1473 4401 1872 4462; x_wconf 88' lang='lat' dir='ltr'><strong>mittentieum</strong></span> 
     </span>
    </p>
   </div>
   <div class='ocr_carea' id='block_1_47' title="bbox 1338 273 2506 342">
    <p class='ocr_par' dir='ltr' id='par_1_47' title="bbox 1338 273 2506 342">
     <span class='ocr_line' id='line_1_48' title="bbox 1338 273 2506 342; baseline 0.006 -8"><span class='ocrx_word' id='word_1_328' title='bbox 1338 273 1716 338; x_wconf 77' lang='lat' dir='ltr'><strong>HOMILLE.</strong></span> <span class='ocrx_word' id='word_1_329' title='bbox 1749 293 1829 320; x_wconf 70' lang='grc' dir='ltr'><strong>-υ</strong></span> <span class='ocrx_word' id='word_1_330' title='bbox 1863 273 1914 337; x_wconf 88' lang='grc'><strong>1.</strong></span> <span class='ocrx_word' id='word_1_331' title='bbox 1958 275 2060 336; x_wconf 85' lang='lat' dir='ltr'><strong>DE</strong></span> <span class='ocrx_word' id='word_1_332' title='bbox 2103 275 2506 342; x_wconf 72' lang='lat' dir='ltr'><strong>TEMPORE.</strong></span> 
     </span>
    </p>
   </div>
   <div class='ocr_carea' id='block_1_48' title="bbox 197 402 3621 483">
    <p class='ocr_par' dir='ltr' id='par_1_48' title="bbox 197 402 3621 483">
     <span class='ocr_line' id='line_1_49' title="bbox 197 402 3621 483; baseline 0.003 -24"><span class='ocrx_word' id='word_1_333' title='bbox 197 402 426 475; x_wconf 73' lang='lat' dir='ltr'><strong>jndioii</strong></span> <span class='ocrx_word' id='word_1_334' title='bbox 455 406 548 460; x_wconf 88' lang='lat' dir='ltr'><strong>est-</strong></span> <span class='ocrx_word' id='word_1_335' title='bbox 576 407 635 459; x_wconf 79' lang='lat' dir='ltr'><strong>et</strong></span> <span class='ocrx_word' id='word_1_336' title='bbox 663 403 856 460; x_wconf 85' lang='lat' dir='ltr'><strong>meriti</strong></span> <span class='ocrx_word' id='word_1_337' title='bbox 887 403 1153 461; x_wconf 85' lang='lat' dir='ltr'><strong>humani.</strong></span> <span class='ocrx_word' id='word_1_338' title='bbox 1187 404 1349 462; x_wconf 92' lang='lat' dir='ltr'><strong>Unde</strong></span> <span class='ocrx_word' id='word_1_339' title='bbox 1393 409 1449 462; x_wconf 86' lang='lat' dir='ltr'><strong>et</strong></span> <span class='ocrx_word' id='word_1_340' title='bbox 1481 423 1607 472; x_wconf 91' lang='lat' dir='ltr'><strong>nos,</strong></span> <span class='ocrx_word' id='word_1_341' title='bbox 1659 406 1868 463; x_wconf 86' lang='lat' dir='ltr'><strong>fratres</strong></span> <span class='ocrx_word' id='word_1_342' title='bbox 1895 406 1954 476; x_wconf 71' lang='grc' dir='ltr'><strong>Α</strong></span> <span class='ocrx_word' id='word_1_343' title='bbox 1984 409 2073 462; x_wconf 89' lang='lat' dir='ltr'><strong>est</strong></span> <span class='ocrx_word' id='word_1_344' title='bbox 2101 421 2203 478; x_wconf 87' lang='lat' dir='ltr'><strong>per</strong></span> <span class='ocrx_word' id='word_1_345' title='bbox 2231 405 2502 479; x_wconf 85' lang='lat' dir='ltr'><strong>gratiam,</strong></span> <span class='ocrx_word' id='word_1_346' title='bbox 2535 411 2592 464; x_wconf 84' lang='lat' dir='ltr'><strong>et</strong></span> <span class='ocrx_word' id='word_1_347' title='bbox 2619 407 2757 480; x_wconf 80' lang='lat' dir='ltr'><strong>quis</strong></span> <span class='ocrx_word' id='word_1_348' title='bbox 2784 407 3086 482; x_wconf 79' lang='lat' dir='ltr'><strong>privilegia</strong></span> <span class='ocrx_word' id='word_1_349' title='bbox 3134 417 3462 483; x_wconf 75' lang='lat' dir='ltr'><strong>paucorum</strong></span> <span class='ocrx_word' id='word_1_350' title='bbox 3505 416 3621 471; x_wconf 80' lang='lat' dir='ltr'><strong>non</strong></span> 
     </span>
    </p>
   </div>
   <div class='ocr_carea' id='block_1_49' title="bbox 3465 280 3623 345">
    <p class='ocr_par' dir='ltr' id='par_1_49' title="bbox 3465 280 3623 345">
     <span class='ocr_line' id='line_1_50' title="bbox 3465 280 3623 345; baseline 0.006 -1"><span class='ocrx_word' id='word_1_351' title='bbox 3465 280 3623 345; x_wconf 60' lang='lat'><strong>€378</strong></span> 
     </span>
    </p>
   </div>
   <div class='ocr_carea' id='block_1_50' title="bbox 1979 493 3624 568">
    <p class='ocr_par' dir='ltr' id='par_1_50' title="bbox 1979 493 3624 568">
     <span class='ocr_line' id='line_1_51' title="bbox 1979 493 3624 568; baseline 0.005 -19"><span class='ocrx_word' id='word_1_352' title='bbox 1979 493 2199 550; x_wconf 83' lang='lat' dir='ltr'><strong>iaciunt</strong></span> <span class='ocrx_word' id='word_1_353' title='bbox 2229 495 2414 568; x_wconf 83' lang='lat' dir='ltr'><strong>legem</strong></span> <span class='ocrx_word' id='word_1_354' title='bbox 2444 498 3239 554; x_wconf 81' lang='lat' dir='ltr'><strong>communem.Confutantur</strong></span> <span class='ocrx_word' id='word_1_355' title='bbox 3255 499 3434 555; x_wconf 88' lang='lat' dir='ltr'><strong>etiam</strong></span> <span class='ocrx_word' id='word_1_356' title='bbox 3464 500 3624 558; x_wconf 89' lang='lat' dir='ltr'><strong>etilli</strong></span> 
     </span>
    </p>
   </div>
   <div class='ocr_carea' id='block_1_51' title="bbox 1979 584 3625 660">
    <p class='ocr_par' dir='ltr' id='par_1_51' title="bbox 1979 584 3625 660">
     <span class='ocr_line' id='line_1_52' title="bbox 1979 584 3625 660; baseline 0.004 -20"><span class='ocrx_word' id='word_1_357' title='bbox 1979 584 2102 657; x_wconf 87' lang='lat' dir='ltr'><strong>qui,</strong></span> <span class='ocrx_word' id='word_1_358' title='bbox 2133 602 2267 640; x_wconf 91' lang='lat' dir='ltr'><strong>cum</strong></span> <span class='ocrx_word' id='word_1_359' title='bbox 2299 601 2414 640; x_wconf 89' lang='lat' dir='ltr'><strong>non</strong></span> <span class='ocrx_word' id='word_1_360' title='bbox 2447 585 2703 641; x_wconf 84' lang='lat' dir='ltr'><strong>habeant</strong></span> <span class='ocrx_word' id='word_1_361' title='bbox 2751 587 3040 644; x_wconf 88' lang='lat' dir='ltr'><strong>sermonis</strong></span> <span class='ocrx_word' id='word_1_362' title='bbox 3089 587 3503 660; x_wconf 84' lang='lat' dir='ltr'><strong>eloquentiam,</strong></span> <span class='ocrx_word' id='word_1_363' title='bbox 3537 595 3625 646; x_wconf 67' lang='grc' dir='ltr'><strong>διο</strong></span> 
     </span>
    </p>
   </div>
   <div class='ocr_carea' id='block_1_52' title="bbox 1982 674 3628 748">
    <p class='ocr_par' dir='ltr' id='par_1_52' title="bbox 1982 674 3628 748">
     <span class='ocr_line' id='line_1_53' title="bbox 1982 674 3628 748; baseline 0.004 -20"><span class='ocrx_word' id='word_1_364' title='bbox 1982 677 2204 728; x_wconf 89' lang='lat' dir='ltr'><strong>lentant</strong></span> <span class='ocrx_word' id='word_1_365' title='bbox 2233 674 2726 746; x_wconf 63' lang='lat' dir='ltr'><strong>praedicationem.</strong></span> <span class='ocrx_word' id='word_1_366' title='bbox 2745 675 2854 730; x_wconf 84' lang='lat' dir='ltr'><strong>Sed</strong></span> <span class='ocrx_word' id='word_1_367' title='bbox 2877 676 3172 746; x_wconf 84' lang='lat' dir='ltr'><strong>quomodo</strong></span> <span class='ocrx_word' id='word_1_368' title='bbox 3203 676 3628 748; x_wconf 55' lang='lat' dir='ltr'><strong>praedicabunt,</strong></span> 
     </span>
    </p>
   </div>
   <div class='ocr_carea' id='block_1_53' title="bbox 1979 762 3624 838">
    <p class='ocr_par' dir='ltr' id='par_1_53' title="bbox 1979 762 3624 838">
     <span class='ocr_line' id='line_1_54' title="bbox 1979 762 3624 838; baseline 0.002 -22"><span class='ocrx_word' id='word_1_369' title='bbox 1979 762 2079 834; x_wconf 91' lang='lat' dir='ltr'><strong>qui</strong></span> <span class='ocrx_word' id='word_1_370' title='bbox 2112 762 2270 834; x_wconf 91' lang='lat' dir='ltr'><strong>loqui</strong></span> <span class='ocrx_word' id='word_1_371' title='bbox 2305 763 2610 818; x_wconf 86' lang='lat' dir='ltr'><strong>nesciunt?</strong></span> <span class='ocrx_word' id='word_1_372' title='bbox 2632 763 3019 818; x_wconf 84' lang='lat' dir='ltr'><strong>Confutantur</strong></span> <span class='ocrx_word' id='word_1_373' title='bbox 3034 764 3376 820; x_wconf 85' lang='lat' dir='ltr'><strong>similiterot</strong></span> <span class='ocrx_word' id='word_1_374' title='bbox 3393 764 3474 820; x_wconf 87' lang='lat' dir='ltr'><strong>illi</strong></span> <span class='ocrx_word' id='word_1_375' title='bbox 3497 765 3624 838; x_wconf 69' lang='lat' dir='ltr'><strong>qui,</strong></span> 
     </span>
    </p>
   </div>
   <div class='ocr_carea' id='block_1_54' title="bbox 1978 851 3626 926">
    <p class='ocr_par' dir='ltr' id='par_1_54' title="bbox 1978 851 3626 926">
     <span class='ocr_line' id='line_1_55' title="bbox 1978 851 3626 926; baseline 0.002 -20"><span class='ocrx_word' id='word_1_376' title='bbox 1978 868 2111 906; x_wconf 90' lang='lat' dir='ltr'><strong>cum</strong></span> <span class='ocrx_word' id='word_1_377' title='bbox 2145 868 2258 906; x_wconf 90' lang='lat' dir='ltr'><strong>non</strong></span> <span class='ocrx_word' id='word_1_378' title='bbox 2289 851 2543 907; x_wconf 80' lang='lat' dir='ltr'><strong>habeant</strong></span> <span class='ocrx_word' id='word_1_379' title='bbox 2591 852 2917 907; x_wconf 86' lang='lat' dir='ltr'><strong>doctrinam</strong></span> <span class='ocrx_word' id='word_1_380' title='bbox 2962 851 3280 924; x_wconf 69' lang='lat' dir='ltr'><strong>Sapientiae,</strong></span> <span class='ocrx_word' id='word_1_381' title='bbox 3312 854 3626 926; x_wconf 78' lang='lat' dir='ltr'><strong>praedicare</strong></span> 
     </span>
    </p>
   </div>
   <div class='ocr_carea' id='block_1_55' title="bbox 1979 941 3624 1016">
    <p class='ocr_par' dir='ltr' id='par_1_55' title="bbox 1979 941 3624 1016">
     <span class='ocr_line' id='line_1_56' title="bbox 1979 941 3624 1016; baseline 0.003 -19"><span class='ocrx_word' id='word_1_382' title='bbox 1979 942 2214 997; x_wconf 81' lang='lat' dir='ltr'><strong>audent.</strong></span> <span class='ocrx_word' id='word_1_383' title='bbox 2248 942 2358 996; x_wconf 86' lang='lat' dir='ltr'><strong>Sed</strong></span> <span class='ocrx_word' id='word_1_384' title='bbox 2390 943 2683 1013; x_wconf 90' lang='lat' dir='ltr'><strong>quomodo</strong></span> <span class='ocrx_word' id='word_1_385' title='bbox 2727 941 2872 996; x_wconf 88' lang='lat' dir='ltr'><strong>alios</strong></span> <span class='ocrx_word' id='word_1_386' title='bbox 2916 943 3226 1010; x_wconf 82' lang='lat' dir='ltr'><strong>decebunt,</strong></span> <span class='ocrx_word' id='word_1_387' title='bbox 3260 943 3359 1014; x_wconf 92' lang='lat' dir='ltr'><strong>qui</strong></span> <span class='ocrx_word' id='word_1_388' title='bbox 3398 944 3624 1016; x_wconf 73' lang='lat' dir='ltr'><strong>seipsos</strong></span> 
     </span>
    </p>
   </div>
   <div class='ocr_carea' id='block_1_56' title="bbox 1979 1029 3624 1090">
    <p class='ocr_par' dir='ltr' id='par_1_56' title="bbox 1979 1029 3624 1090">
     <span class='ocr_line' id='line_1_57' title="bbox 1979 1029 3624 1090; baseline 0.004 -6"><span class='ocrx_word' id='word_1_389' title='bbox 1979 1031 2183 1086; x_wconf 86' lang='lat' dir='ltr'><strong>docere</strong></span> <span class='ocrx_word' id='word_1_390' title='bbox 2240 1029 2546 1086; x_wconf 82' lang='lat' dir='ltr'><strong>nesciunt?</strong></span> <span class='ocrx_word' id='word_1_391' title='bbox 2576 1030 2967 1086; x_wconf 87' lang='lat' dir='ltr'><strong>Confutantur</strong></span> <span class='ocrx_word' id='word_1_392' title='bbox 3013 1029 3394 1087; x_wconf 83' lang='lat' dir='ltr'><strong>nihilominus</strong></span> <span class='ocrx_word' id='word_1_393' title='bbox 3441 1036 3500 1088; x_wconf 87' lang='lat' dir='ltr'><strong>et</strong></span> <span class='ocrx_word' id='word_1_394' title='bbox 3539 1032 3624 1090; x_wconf 83' lang='lat' dir='ltr'><strong>illi</strong></span> 
     </span>
    </p>
   </div>
   <div class='ocr_carea' id='block_1_57' title="bbox 1979 1119 3628 1194">
    <p class='ocr_par' dir='ltr' id='par_1_57' title="bbox 1979 1119 3628 1194">
     <span class='ocr_line' id='line_1_58' title="bbox 1979 1119 3628 1194; baseline 0.003 -20"><span class='ocrx_word' id='word_1_395' title='bbox 1979 1119 2100 1191; x_wconf 88' lang='lat' dir='ltr'><strong>qui,</strong></span> <span class='ocrx_word' id='word_1_396' title='bbox 2132 1135 2264 1175; x_wconf 88' lang='lat' dir='ltr'><strong>cum</strong></span> <span class='ocrx_word' id='word_1_397' title='bbox 2298 1135 2412 1174; x_wconf 92' lang='lat' dir='ltr'><strong>non</strong></span> <span class='ocrx_word' id='word_1_398' title='bbox 2444 1119 2697 1174; x_wconf 88' lang='lat' dir='ltr'><strong>habeant</strong></span> <span class='ocrx_word' id='word_1_399' title='bbox 2728 1119 3132 1194; x_wconf 86' lang='lat' dir='ltr'><strong>fortitudinem</strong></span> <span class='ocrx_word' id='word_1_400' title='bbox 3162 1119 3628 1194; x_wconf 73' lang='lat' dir='ltr'><strong>menti&#39;s,prtesu-</strong></span> 
     </span>
    </p>
   </div>
   <div class='ocr_carea' id='block_1_58' title="bbox 1979 1207 3629 1283">
    <p class='ocr_par' dir='ltr' id='par_1_58' title="bbox 1979 1207 3629 1283">
     <span class='ocr_line' id='line_1_59' title="bbox 1979 1207 3629 1283; baseline 0.004 -21"><span class='ocrx_word' id='word_1_401' title='bbox 1979 1212 2148 1263; x_wconf 88' lang='lat' dir='ltr'><strong>munt</strong></span> <span class='ocrx_word' id='word_1_402' title='bbox 2177 1207 2436 1263; x_wconf 82' lang='lat' dir='ltr'><strong>officium</strong></span> <span class='ocrx_word' id='word_1_403' title='bbox 2469 1207 2914 1280; x_wconf 68' lang='lat' dir='ltr'><strong>praedicationis.</strong></span> <span class='ocrx_word' id='word_1_404' title='bbox 2947 1208 3060 1264; x_wconf 85' lang='lat' dir='ltr'><strong>Sed</strong></span> <span class='ocrx_word' id='word_1_405' title='bbox 3090 1211 3382 1280; x_wconf 89' lang='lat' dir='ltr'><strong>quomodo</strong></span> <span class='ocrx_word' id='word_1_406' title='bbox 3409 1210 3629 1283; x_wconf 73' lang='lat' dir='ltr'><strong>princi-</strong></span> 
     </span>
    </p>
   </div>
   <div class='ocr_carea' id='block_1_59' title="bbox 1978 1296 3626 1370">
    <p class='ocr_par' dir='ltr' id='par_1_59' title="bbox 1978 1296 3626 1370">
     <span class='ocr_line' id='line_1_60' title="bbox 1978 1296 3626 1370; baseline 0.004 -19"><span class='ocrx_word' id='word_1_407' title='bbox 1978 1296 2213 1369; x_wconf 91' lang='lat' dir='ltr'><strong>patibus</strong></span> <span class='ocrx_word' id='word_1_408' title='bbox 2246 1301 2301 1350; x_wconf 91' lang='lat' dir='ltr'><strong>et</strong></span> <span class='ocrx_word' id='word_1_409' title='bbox 2332 1296 2719 1368; x_wconf 86' lang='lat' dir='ltr'><strong>potestatibus</strong></span> <span class='ocrx_word' id='word_1_410' title='bbox 2740 1296 3160 1368; x_wconf 64' lang='lat' dir='ltr'><strong>praedicabunt,</strong></span> <span class='ocrx_word' id='word_1_411' title='bbox 3187 1297 3286 1370; x_wconf 87' lang='lat' dir='ltr'><strong>qui</strong></span> <span class='ocrx_word' id='word_1_412' title='bbox 3317 1315 3418 1354; x_wconf 84' lang='lat' dir='ltr'><strong>eos</strong></span> <span class='ocrx_word' id='word_1_413' title='bbox 3437 1298 3626 1357; x_wconf 68' lang='grc' dir='ltr'><strong>ἰιιοιιθι·</strong></span> 
     </span>
    </p>
   </div>
   <div class='ocr_carea' id='block_1_60' title="bbox 1979 1384 3630 1458">
    <p class='ocr_par' dir='ltr' id='par_1_60' title="bbox 1979 1384 3630 1458">
     <span class='ocr_line' id='line_1_61' title="bbox 1979 1384 3630 1458; baseline 0.003 -18"><span class='ocrx_word' id='word_1_414' title='bbox 1979 1401 2115 1457; x_wconf 88' lang='lat' dir='ltr'><strong>pare</strong></span> <span class='ocrx_word' id='word_1_415' title='bbox 2143 1402 2256 1439; x_wconf 91' lang='lat' dir='ltr'><strong>non</strong></span> <span class='ocrx_word' id='word_1_416' title='bbox 2291 1385 2547 1440; x_wconf 71' lang='lat' dir='ltr'><strong>audent?</strong></span> <span class='ocrx_word' id='word_1_417' title='bbox 2574 1385 2660 1440; x_wconf 85' lang='lat' dir='ltr'><strong>Ab</strong></span> <span class='ocrx_word' id='word_1_418' title='bbox 2692 1384 2807 1441; x_wconf 89' lang='lat' dir='ltr'><strong>ista</strong></span> <span class='ocrx_word' id='word_1_419' title='bbox 2836 1384 3322 1458; x_wconf 83' lang='lat' dir='ltr'><strong>pusillanimitate</strong></span> <span class='ocrx_word' id='word_1_420' title='bbox 3371 1387 3630 1445; x_wconf 77' lang='lat' dir='ltr'><strong>ostendit</strong></span> 
     </span>
    </p>
   </div>
   <div class='ocr_carea' id='block_1_61' title="bbox 1980 1471 3628 1548">
    <p class='ocr_par' dir='ltr' id='par_1_61' title="bbox 1980 1471 3628 1548">
     <span class='ocr_line' id='line_1_62' title="bbox 1980 1471 3628 1548; baseline 0.002 -19"><span class='ocrx_word' id='word_1_421' title='bbox 1980 1472 2291 1529; x_wconf 84' lang='lat' dir='ltr'><strong>Psalmista</strong></span> <span class='ocrx_word' id='word_1_422' title='bbox 2321 1489 2382 1528; x_wconf 90' lang='lat' dir='ltr'><strong>se</strong></span> <span class='ocrx_word' id='word_1_423' title='bbox 2411 1489 2539 1528; x_wconf 90' lang='lat' dir='ltr'><strong>esse</strong></span> <span class='ocrx_word' id='word_1_424' title='bbox 2572 1471 2829 1529; x_wconf 88' lang='lat' dir='ltr'><strong>alienum</strong></span> <span class='ocrx_word' id='word_1_425' title='bbox 2862 1491 2998 1530; x_wconf 89' lang='lat' dir='ltr'><strong>cum</strong></span> <span class='ocrx_word' id='word_1_426' title='bbox 3043 1474 3224 1530; x_wconf 85' lang='lat' dir='ltr'><strong>dicit:</strong></span> <span class='ocrx_word' id='word_1_427' title='bbox 3251 1497 3279 1526; x_wconf 83' lang='lat'><strong><em>«</em></strong></span> <span class='ocrx_word' id='word_1_428' title='bbox 3305 1476 3374 1531; x_wconf 88' lang='lat' dir='ltr'><strong>Et</strong></span> <span class='ocrx_word' id='word_1_429' title='bbox 3423 1475 3628 1548; x_wconf 73' lang='lat' dir='ltr'><strong>loque-</strong></span> 
     </span>
    </p>
   </div>
   <div class='ocr_carea' id='block_1_62' title="bbox 1981 1561 3628 1637">
    <p class='ocr_par' dir='ltr' id='par_1_62' title="bbox 1981 1561 3628 1637">
     <span class='ocr_line' id='line_1_63' title="bbox 1981 1561 3628 1637; baseline 0.003 -19"><span class='ocrx_word' id='word_1_430' title='bbox 1981 1563 2085 1618; x_wconf 86' lang='lat' dir='ltr'><strong>bar</strong></span> <span class='ocrx_word' id='word_1_431' title='bbox 2115 1563 2184 1617; x_wconf 90' lang='lat' dir='ltr'><strong>de</strong></span> <span class='ocrx_word' id='word_1_432' title='bbox 2215 1561 2567 1618; x_wconf 87' lang='lat' dir='ltr'><strong>testimoniis</strong></span> <span class='ocrx_word' id='word_1_433' title='bbox 2599 1563 2719 1617; x_wconf 90' lang='lat' dir='ltr'><strong>tuis</strong></span> <span class='ocrx_word' id='word_1_434' title='bbox 2745 1561 2805 1617; x_wconf 90' lang='lat' dir='ltr'><strong>in</strong></span> <span class='ocrx_word' id='word_1_435' title='bbox 2838 1568 3152 1635; x_wconf 89' lang='lat' dir='ltr'><strong>conspectu</strong></span> <span class='ocrx_word' id='word_1_436' title='bbox 3185 1570 3486 1637; x_wconf 85' lang='lat' dir='ltr'><strong>regnm,et</strong></span> <span class='ocrx_word' id='word_1_437' title='bbox 3509 1582 3628 1623; x_wconf 83' lang='lat' dir='ltr'><strong>non</strong></span> 
     </span>
    </p>
   </div>
   <div class='ocr_carea' id='block_1_63' title="bbox 1980 1651 2893 1723">
    <p class='ocr_par' dir='ltr' id='par_1_63' title="bbox 1980 1651 2893 1723">
     <span class='ocr_line' id='line_1_64' title="bbox 1980 1651 2893 1723; baseline -0.005 -17"><span class='ocrx_word' id='word_1_438' title='bbox 1980 1651 2380 1707; x_wconf 85' lang='lat' dir='ltr'><strong>confundebar</strong></span> <span class='ocrx_word' id='word_1_439' title='bbox 2402 1651 2578 1720; x_wconf 77' lang='lat' dir='ltr'><strong>(Psal.</strong></span> <span class='ocrx_word' id='word_1_440' title='bbox 2611 1651 2827 1723; x_wconf 84' lang='lat' dir='ltr'><strong>cxvm).</strong></span> <span class='ocrx_word' id='word_1_441' title='bbox 2864 1673 2893 1701; x_wconf 77' lang='grc' dir='ltr'><strong>›ι</strong></span> 
     </span>
    </p>
   </div>
   <div class='ocr_carea' id='block_1_64' title="bbox 2051 1739 3628 1813">
    <p class='ocr_par' dir='ltr' id='par_1_64' title="bbox 2051 1739 3628 1813">
     <span class='ocr_line' id='line_1_65' title="bbox 2051 1739 3628 1813; baseline 0.004 -17"><span class='ocrx_word' id='word_1_442' title='bbox 2051 1740 2330 1811; x_wconf 88' lang='lat' dir='ltr'><strong>Sequitur</strong></span> <span class='ocrx_word' id='word_1_443' title='bbox 2371 1755 2508 1812; x_wconf 88' lang='lat' dir='ltr'><strong>pars</strong></span> <span class='ocrx_word' id='word_1_444' title='bbox 2559 1739 2751 1808; x_wconf 87' lang='lat' dir='ltr'><strong>tertia,</strong></span> <span class='ocrx_word' id='word_1_445' title='bbox 2782 1740 2842 1796; x_wconf 87' lang='lat' dir='ltr'><strong>in</strong></span> <span class='ocrx_word' id='word_1_446' title='bbox 2895 1757 3013 1813; x_wconf 89' lang='lat' dir='ltr'><strong>qua</strong></span> <span class='ocrx_word' id='word_1_447' title='bbox 3041 1741 3325 1800; x_wconf 87' lang='lat' dir='ltr'><strong>Dominus</strong></span> <span class='ocrx_word' id='word_1_448' title='bbox 3356 1743 3628 1802; x_wconf 80' lang='lat' dir='ltr'><strong>timorem</strong></span> 
     </span>
    </p>
   </div>
   <div class='ocr_carea' id='block_1_65' title="bbox 1982 1827 3629 1901">
    <p class='ocr_par' dir='ltr' id='par_1_65' title="bbox 1982 1827 3629 1901">
     <span class='ocr_line' id='line_1_66' title="bbox 1982 1827 3629 1901; baseline 0.004 -17"><span class='ocrx_word' id='word_1_449' title='bbox 1982 1829 2274 1901; x_wconf 63' lang='lat' dir='ltr'><strong>prophetes</strong></span> <span class='ocrx_word' id='word_1_450' title='bbox 2305 1827 2641 1885; x_wconf 79' lang='lat' dir='ltr'><strong>censolatur</strong></span> <span class='ocrx_word' id='word_1_451' title='bbox 2669 1833 2727 1884; x_wconf 89' lang='lat' dir='ltr'><strong>et</strong></span> <span class='ocrx_word' id='word_1_452' title='bbox 2755 1830 3060 1899; x_wconf 87' lang='lat' dir='ltr'><strong>confortat,</strong></span> <span class='ocrx_word' id='word_1_453' title='bbox 3095 1831 3298 1889; x_wconf 85' lang='lat' dir='ltr'><strong>dicens</strong></span> <span class='ocrx_word' id='word_1_454' title='bbox 3328 1847 3344 1889; x_wconf 87' lang='lat'><strong>:</strong></span> <span class='ocrx_word' id='word_1_455' title='bbox 3375 1834 3507 1890; x_wconf 82' lang='lat' dir='ltr'><strong>Noli</strong></span> <span class='ocrx_word' id='word_1_456' title='bbox 3537 1833 3629 1890; x_wconf 77' lang='lat' dir='ltr'><strong>di-</strong></span> 
     </span>
    </p>
   </div>
   <div class='ocr_carea' id='block_1_66' title="bbox 1980 1918 3630 1994">
    <p class='ocr_par' dir='ltr' id='par_1_66' title="bbox 1980 1918 3630 1994">
     <span class='ocr_line' id='line_1_67' title="bbox 1980 1918 3630 1994; baseline 0.004 -21"><span class='ocrx_word' id='word_1_457' title='bbox 1980 1935 2100 1974; x_wconf 79' lang='lat' dir='ltr'><strong>cere</strong></span> <span class='ocrx_word' id='word_1_458' title='bbox 2129 1937 2145 1972; x_wconf 89' lang='lat'><strong><em>:</em></strong></span> <span class='ocrx_word' id='word_1_459' title='bbox 2176 1919 2320 1974; x_wconf 81' lang='lat' dir='ltr'><strong>Puer</strong></span> <span class='ocrx_word' id='word_1_460' title='bbox 2346 1935 2488 1982; x_wconf 75' lang='lat' dir='ltr'><strong>sum,</strong></span> <span class='ocrx_word' id='word_1_461' title='bbox 2521 1919 2782 1989; x_wconf 87' lang='lat' dir='ltr'><strong>quoniam</strong></span> <span class='ocrx_word' id='word_1_462' title='bbox 2810 1918 2878 1974; x_wconf 80' lang='lat' dir='ltr'><strong>ad</strong></span> <span class='ocrx_word' id='word_1_463' title='bbox 2907 1921 3094 1976; x_wconf 81' lang='lat' dir='ltr'><strong>omnia</strong></span> <span class='ocrx_word' id='word_1_464' title='bbox 3136 1920 3209 1976; x_wconf 83' lang='lat' dir='ltr'><strong>ad</strong></span> <span class='ocrx_word' id='word_1_465' title='bbox 3256 1936 3380 1994; x_wconf 73' lang='lat' dir='ltr'><strong>quae</strong></span> <span class='ocrx_word' id='word_1_466' title='bbox 3415 1923 3630 1980; x_wconf 75' lang='lat' dir='ltr'><strong>mittam</strong></span> 
     </span>
    </p>
   </div>
   <div class='ocr_carea' id='block_1_67' title="bbox 1982 2007 3632 2082">
    <p class='ocr_par' dir='ltr' id='par_1_67' title="bbox 1982 2007 3632 2082">
     <span class='ocr_line' id='line_1_68' title="bbox 1982 2007 3632 2082; baseline 0.004 -20"><span class='ocrx_word' id='word_1_467' title='bbox 1982 2015 2032 2062; x_wconf 81' lang='lat' dir='ltr'><strong>te</strong></span> <span class='ocrx_word' id='word_1_468' title='bbox 2061 2008 2188 2074; x_wconf 87' lang='lat' dir='ltr'><strong>ibis,</strong></span> <span class='ocrx_word' id='word_1_469' title='bbox 2220 2015 2271 2063; x_wconf 79' lang='lat' dir='ltr'><strong>et</strong></span> <span class='ocrx_word' id='word_1_470' title='bbox 2297 2008 2556 2062; x_wconf 82' lang='lat' dir='ltr'><strong>universa</strong></span> <span class='ocrx_word' id='word_1_471' title='bbox 2580 2021 2706 2078; x_wconf 74' lang='lat' dir='ltr'><strong>qua:</strong></span> <span class='ocrx_word' id='word_1_472' title='bbox 2748 2007 3078 2064; x_wconf 62' lang='lat' dir='ltr'><strong>mandavero</strong></span> <span class='ocrx_word' id='word_1_473' title='bbox 3126 2011 3234 2065; x_wconf 83' lang='lat' dir='ltr'><strong>tibi</strong></span> <span class='ocrx_word' id='word_1_474' title='bbox 3263 2011 3521 2082; x_wconf 79' lang='lat' dir='ltr'><strong>loqueris.</strong></span> <span class='ocrx_word' id='word_1_475' title='bbox 3551 2011 3632 2068; x_wconf 79' lang='lat' dir='ltr'><strong>Ne</strong></span> 
     </span>
    </p>
   </div>
   <div class='ocr_carea' id='block_1_68' title="bbox 1982 2097 3627 2169">
    <p class='ocr_par' dir='ltr' id='par_1_68' title="bbox 1982 2097 3627 2169">
     <span class='ocr_line' id='line_1_69' title="bbox 1982 2097 3627 2169; baseline 0.004 -17"><span class='ocrx_word' id='word_1_476' title='bbox 1982 2097 2173 2152; x_wconf 81' lang='lat' dir='ltr'><strong>timeas</strong></span> <span class='ocrx_word' id='word_1_477' title='bbox 2191 2114 2224 2150; x_wconf 89' lang='lat' dir='ltr'><strong>a</strong></span> <span class='ocrx_word' id='word_1_478' title='bbox 2252 2097 2395 2167; x_wconf 78' lang='lat' dir='ltr'><strong>facie</strong></span> <span class='ocrx_word' id='word_1_479' title='bbox 2413 2111 2618 2162; x_wconf 82' lang='lat' dir='ltr'><strong>eorum,</strong></span> <span class='ocrx_word' id='word_1_480' title='bbox 2636 2097 2765 2168; x_wconf 83' lang='lat' dir='ltr'><strong>quia</strong></span> <span class='ocrx_word' id='word_1_481' title='bbox 2791 2113 2886 2169; x_wconf 82' lang='lat' dir='ltr'><strong>ego</strong></span> <span class='ocrx_word' id='word_1_482' title='bbox 2917 2105 3088 2154; x_wconf 63' lang='lat' dir='ltr'><strong>tecum</strong></span> <span class='ocrx_word' id='word_1_483' title='bbox 3114 2107 3324 2163; x_wconf 54' lang='lat' dir='ltr'><strong>sum,“</strong></span> <span class='ocrx_word' id='word_1_484' title='bbox 3347 2117 3538 2156; x_wconf 76' lang='lat' dir='ltr'><strong>eruam</strong></span> <span class='ocrx_word' id='word_1_485' title='bbox 3557 2109 3627 2158; x_wconf 73' lang='lat' dir='ltr'><strong>te.</strong></span> 
     </span>
    </p>
   </div>
   <div class='ocr_carea' id='block_1_69' title="bbox 1981 2184 3632 2260">
    <p class='ocr_par' dir='ltr' id='par_1_69' title="bbox 1981 2184 3632 2260">
     <span class='ocr_line' id='line_1_70' title="bbox 1981 2184 3632 2260; baseline 0.003 -19"><span class='ocrx_word' id='word_1_486' title='bbox 1981 2187 2060 2241; x_wconf 86' lang='lat' dir='ltr'><strong>Ac</strong></span> <span class='ocrx_word' id='word_1_487' title='bbox 2105 2184 2155 2240; x_wconf 91' lang='lat' dir='ltr'><strong>si</strong></span> <span class='ocrx_word' id='word_1_488' title='bbox 2204 2190 2400 2257; x_wconf 84' lang='lat' dir='ltr'><strong>aperte</strong></span> <span class='ocrx_word' id='word_1_489' title='bbox 2446 2185 2648 2240; x_wconf 88' lang='lat' dir='ltr'><strong>dicat:</strong></span> <span class='ocrx_word' id='word_1_490' title='bbox 2683 2185 2959 2251; x_wconf 67' lang='lat' dir='ltr'><strong>Quamvis</strong></span> <span class='ocrx_word' id='word_1_491' title='bbox 3009 2187 3093 2242; x_wconf 90' lang='lat' dir='ltr'><strong>sis</strong></span> <span class='ocrx_word' id='word_1_492' title='bbox 3138 2203 3285 2260; x_wconf 87' lang='lat' dir='ltr'><strong>puer</strong></span> <span class='ocrx_word' id='word_1_493' title='bbox 3329 2193 3494 2246; x_wconf 69' lang='lat' dir='ltr'><strong>aetate</strong></span> <span class='ocrx_word' id='word_1_494' title='bbox 3534 2193 3632 2246; x_wconf 80' lang='lat' dir='ltr'><strong>ta-</strong></span> 
     </span>
    </p>
   </div>
   <div class='ocr_carea' id='block_1_70' title="bbox 1983 2271 3630 2350">
    <p class='ocr_par' dir='ltr' id='par_1_70' title="bbox 1983 2271 3630 2350">
     <span class='ocr_line' id='line_1_71' title="bbox 1983 2271 3630 2350; baseline 0.004 -24"><span class='ocrx_word' id='word_1_495' title='bbox 1983 2289 2117 2327; x_wconf 87' lang='lat' dir='ltr'><strong>men</strong></span> <span class='ocrx_word' id='word_1_496' title='bbox 2174 2287 2280 2344; x_wconf 84' lang='lat' dir='ltr'><strong>ego</strong></span> <span class='ocrx_word' id='word_1_497' title='bbox 2331 2271 2481 2327; x_wconf 88' lang='lat' dir='ltr'><strong>dabo</strong></span> <span class='ocrx_word' id='word_1_498' title='bbox 2527 2272 2633 2327; x_wconf 90' lang='lat' dir='ltr'><strong>tibi</strong></span> <span class='ocrx_word' id='word_1_499' title='bbox 2683 2272 3134 2345; x_wconf 64' lang='lat' dir='ltr'><strong>possibilit&#39;ttem</strong></span> <span class='ocrx_word' id='word_1_500' title='bbox 3187 2282 3249 2330; x_wconf 89' lang='lat' dir='ltr'><strong>ut</strong></span> <span class='ocrx_word' id='word_1_501' title='bbox 3293 2285 3362 2332; x_wconf 79' lang='lat' dir='ltr'><strong>e’a</strong></span> <span class='ocrx_word' id='word_1_502' title='bbox 3398 2277 3470 2332; x_wconf 88' lang='lat' dir='ltr'><strong>ad</strong></span> <span class='ocrx_word' id='word_1_503' title='bbox 3501 2285 3630 2350; x_wconf 61' lang='lat' dir='ltr'><strong>qua</strong></span> 
     </span>
    </p>
   </div>
   <div class='ocr_carea' id='block_1_71' title="bbox 1983 2359 3655 2440">
    <p class='ocr_par' dir='ltr' id='par_1_71' title="bbox 1983 2359 3655 2440">
     <span class='ocr_line' id='line_1_72' title="bbox 1983 2359 3655 2440; baseline 0.005 -25"><span class='ocrx_word' id='word_1_504' title='bbox 1983 2377 2088 2434; x_wconf 85' lang='lat' dir='ltr'><strong>ego</strong></span> <span class='ocrx_word' id='word_1_505' title='bbox 2122 2361 2288 2416; x_wconf 91' lang='lat' dir='ltr'><strong>mitto</strong></span> <span class='ocrx_word' id='word_1_506' title='bbox 2319 2364 2376 2416; x_wconf 90' lang='lat' dir='ltr'><strong>te</strong></span> <span class='ocrx_word' id='word_1_507' title='bbox 2408 2359 2598 2433; x_wconf 88' lang='lat' dir='ltr'><strong>possis</strong></span> <span class='ocrx_word' id='word_1_508' title='bbox 2644 2361 2852 2417; x_wconf 88' lang='lat' dir='ltr'><strong>facere.</strong></span> <span class='ocrx_word' id='word_1_509' title='bbox 2901 2363 3177 2428; x_wconf 84' lang='lat' dir='ltr'><strong>Quamvis</strong></span> <span class='ocrx_word' id='word_1_510' title='bbox 3225 2365 3310 2421; x_wconf 87' lang='lat' dir='ltr'><strong>sis</strong></span> <span class='ocrx_word' id='word_1_511' title='bbox 3355 2382 3502 2437; x_wconf 84' lang='lat' dir='ltr'><strong>puer</strong></span> <span class='ocrx_word' id='word_1_512' title='bbox 3529 2375 3655 2440; x_wconf 43' lang='lat' dir='ltr'><strong>per.</strong></span> 
     </span>
    </p>
   </div>
   <div class='ocr_carea' id='block_1_72' title="bbox 1982 2449 3631 2527">
    <p class='ocr_par' dir='ltr' id='par_1_72' title="bbox 1982 2449 3631 2527">
     <span class='ocr_line' id='line_1_73' title="bbox 1982 2449 3631 2527; baseline 0.004 -22"><span class='ocrx_word' id='word_1_513' title='bbox 1982 2450 2438 2522; x_wconf 88' lang='lat' dir='ltr'><strong>ineloquentiam</strong></span> <span class='ocrx_word' id='word_1_514' title='bbox 2462 2455 2518 2506; x_wconf 81' lang='lat' dir='ltr'><strong>et</strong></span> <span class='ocrx_word' id='word_1_515' title='bbox 2547 2449 2966 2523; x_wconf 86' lang='lat' dir='ltr'><strong>insipientiam,</strong></span> <span class='ocrx_word' id='word_1_516' title='bbox 2985 2456 3181 2509; x_wconf 87' lang='lat' dir='ltr'><strong>tamen</strong></span> <span class='ocrx_word' id='word_1_517' title='bbox 3209 2465 3315 2527; x_wconf 85' lang='lat' dir='ltr'><strong>ego</strong></span> <span class='ocrx_word' id='word_1_518' title='bbox 3344 2455 3495 2511; x_wconf 82' lang='lat' dir='ltr'><strong>dabo</strong></span> <span class='ocrx_word' id='word_1_519' title='bbox 3525 2455 3631 2513; x_wconf 83' lang='lat' dir='ltr'><strong>tibi</strong></span> 
     </span>
    </p>
   </div>
   <div class='ocr_carea' id='block_1_73' title="bbox 1983 2529 3633 2616">
    <p class='ocr_par' dir='ltr' id='par_1_73' title="bbox 1983 2529 3633 2616">
     <span class='ocr_line' id='line_1_74' title="bbox 1983 2529 3633 2616; baseline 0.004 -21"><span class='ocrx_word' id='word_1_520' title='bbox 1983 2529 2374 2611; x_wconf 87' lang='lat' dir='ltr'><strong>eloquentiam</strong></span> <span class='ocrx_word' id='word_1_521' title='bbox 2405 2543 2462 2594; x_wconf 92' lang='lat' dir='ltr'><strong>et</strong></span> <span class='ocrx_word' id='word_1_522' title='bbox 2493 2539 2843 2611; x_wconf 85' lang='lat' dir='ltr'><strong>sapientiam</strong></span> <span class='ocrx_word' id='word_1_523' title='bbox 2873 2545 2940 2596; x_wconf 91' lang='lat' dir='ltr'><strong>ut</strong></span> <span class='ocrx_word' id='word_1_524' title='bbox 2971 2543 3244 2597; x_wconf 87' lang='lat' dir='ltr'><strong>mandata</strong></span> <span class='ocrx_word' id='word_1_525' title='bbox 3279 2557 3409 2600; x_wconf 83' lang='lat' dir='ltr'><strong>mea</strong></span> <span class='ocrx_word' id='word_1_526' title='bbox 3439 2544 3633 2616; x_wconf 75' lang='lat' dir='ltr'><strong>possis</strong></span> 
     </span>
    </p>
   </div>
   <div class='ocr_carea' id='block_1_74' title="bbox 1985 2627 3631 2706">
    <p class='ocr_par' dir='ltr' id='par_1_74' title="bbox 1985 2627 3631 2706">
     <span class='ocr_line' id='line_1_75' title="bbox 1985 2627 3631 2706; baseline 0.004 -23"><span class='ocrx_word' id='word_1_527' title='bbox 1985 2628 2198 2700; x_wconf 86' lang='lat' dir='ltr'><strong>eloqui.</strong></span> <span class='ocrx_word' id='word_1_528' title='bbox 2213 2627 2490 2693; x_wconf 86' lang='lat' dir='ltr'><strong>Quamvis</strong></span> <span class='ocrx_word' id='word_1_529' title='bbox 2521 2628 2604 2684; x_wconf 89' lang='lat' dir='ltr'><strong>sis</strong></span> <span class='ocrx_word' id='word_1_530' title='bbox 2635 2645 2780 2700; x_wconf 90' lang='lat' dir='ltr'><strong>puer</strong></span> <span class='ocrx_word' id='word_1_531' title='bbox 2801 2629 3503 2700; x_wconf 83' lang='lat' dir='ltr'><strong>pusillanimitate,tamen</strong></span> <span class='ocrx_word' id='word_1_532' title='bbox 3524 2643 3631 2706; x_wconf 76' lang='lat' dir='ltr'><strong>ego</strong></span> 
     </span>
    </p>
   </div>
   <div class='ocr_carea' id='block_1_75' title="bbox 1985 2717 3631 2796">
    <p class='ocr_par' dir='ltr' id='par_1_75' title="bbox 1985 2717 3631 2796">
     <span class='ocr_line' id='line_1_76' title="bbox 1985 2717 3631 2796; baseline 0.005 -25"><span class='ocrx_word' id='word_1_533' title='bbox 1985 2717 2256 2790; x_wconf 61' lang='lat' dir='ltr'><strong>praecipio</strong></span> <span class='ocrx_word' id='word_1_534' title='bbox 2283 2717 2390 2772; x_wconf 90' lang='lat' dir='ltr'><strong>tibi</strong></span> <span class='ocrx_word' id='word_1_535' title='bbox 2423 2733 2494 2771; x_wconf 88' lang='lat' dir='ltr'><strong>ne</strong></span> <span class='ocrx_word' id='word_1_536' title='bbox 2521 2717 2891 2773; x_wconf 88' lang='lat' dir='ltr'><strong>adversarios</strong></span> <span class='ocrx_word' id='word_1_537' title='bbox 2915 2722 3048 2774; x_wconf 90' lang='lat' dir='ltr'><strong>tuos</strong></span> <span class='ocrx_word' id='word_1_538' title='bbox 3079 2719 3310 2785; x_wconf 89' lang='lat' dir='ltr'><strong>timeas,</strong></span> <span class='ocrx_word' id='word_1_539' title='bbox 3343 2720 3483 2793; x_wconf 87' lang='lat' dir='ltr'><strong>quia</strong></span> <span class='ocrx_word' id='word_1_540' title='bbox 3523 2729 3631 2796; x_wconf 67' lang='lat' dir='ltr'><strong>ego</strong></span> 
     </span>
    </p>
   </div>
   <div class='ocr_carea' id='block_1_76' title="bbox 1985 2806 3628 2878">
    <p class='ocr_par' dir='ltr' id='par_1_76' title="bbox 1985 2806 3628 2878">
     <span class='ocr_line' id='line_1_77' title="bbox 1985 2806 3628 2878; baseline 0.004 -16"><span class='ocrx_word' id='word_1_541' title='bbox 1985 2823 2215 2878; x_wconf 88' lang='lat' dir='ltr'><strong>semper</strong></span> <span class='ocrx_word' id='word_1_542' title='bbox 2235 2821 2364 2862; x_wconf 89' lang='lat' dir='ltr'><strong>sum</strong></span> <span class='ocrx_word' id='word_1_543' title='bbox 2387 2809 2580 2860; x_wconf 88' lang='lat' dir='ltr'><strong>tecum</strong></span> <span class='ocrx_word' id='word_1_544' title='bbox 2611 2806 2682 2860; x_wconf 90' lang='lat' dir='ltr'><strong>ad</strong></span> <span class='ocrx_word' id='word_1_545' title='bbox 2713 2807 3109 2864; x_wconf 87' lang='lat' dir='ltr'><strong>constantiam</strong></span> <span class='ocrx_word' id='word_1_546' title='bbox 3129 2811 3187 2864; x_wconf 88' lang='lat' dir='ltr'><strong>et</strong></span> <span class='ocrx_word' id='word_1_547' title='bbox 3206 2809 3628 2869; x_wconf 79' lang='lat' dir='ltr'><strong>defensionem.</strong></span> 
     </span>
    </p>
   </div>
   <div class='ocr_carea' id='block_1_77' title="bbox 1985 2893 3634 2968">
    <p class='ocr_par' dir='ltr' id='par_1_77' title="bbox 1985 2893 3634 2968">
     <span class='ocr_line' id='line_1_78' title="bbox 1985 2893 3634 2968; baseline 0.003 -17"><span class='ocrx_word' id='word_1_548' title='bbox 1985 2897 2160 2952; x_wconf 92' lang='lat' dir='ltr'><strong>Porro</strong></span> <span class='ocrx_word' id='word_1_549' title='bbox 2190 2893 2250 2948; x_wconf 92' lang='lat' dir='ltr'><strong>in</strong></span> <span class='ocrx_word' id='word_1_550' title='bbox 2279 2893 2388 2950; x_wconf 92' lang='lat' dir='ltr'><strong>hoc</strong></span> <span class='ocrx_word' id='word_1_551' title='bbox 2419 2894 2572 2966; x_wconf 89' lang='lat' dir='ltr'><strong>quod</strong></span> <span class='ocrx_word' id='word_1_552' title='bbox 2600 2893 2700 2962; x_wconf 90' lang='lat' dir='ltr'><strong>ait,</strong></span> <span class='ocrx_word' id='word_1_553' title='bbox 2731 2894 2803 2949; x_wconf 88' lang='lat' dir='ltr'><strong>ad</strong></span> <span class='ocrx_word' id='word_1_554' title='bbox 2830 2897 3016 2951; x_wconf 80' lang='lat' dir='ltr'><strong>o‘mnia</strong></span> <span class='ocrx_word' id='word_1_555' title='bbox 3045 2895 3114 2950; x_wconf 84' lang='lat' dir='ltr'><strong>ad</strong></span> <span class='ocrx_word' id='word_1_556' title='bbox 3161 2907 3288 2968; x_wconf 76' lang='lat' dir='ltr'><strong>qua:</strong></span> <span class='ocrx_word' id='word_1_557' title='bbox 3330 2899 3546 2954; x_wconf 83' lang='lat' dir='ltr'><strong>mittam</strong></span> <span class='ocrx_word' id='word_1_558' title='bbox 3580 2907 3634 2956; x_wconf 78' lang='lat' dir='ltr'><strong>te</strong></span> 
     </span>
    </p>
   </div>
   <div class='ocr_carea' id='block_1_78' title="bbox 1985 2981 3634 3055">
    <p class='ocr_par' dir='ltr' id='par_1_78' title="bbox 1985 2981 3634 3055">
     <span class='ocr_line' id='line_1_79' title="bbox 1985 2981 3634 3055; baseline 0.005 -16"><span class='ocrx_word' id='word_1_559' title='bbox 1985 2986 2112 3049; x_wconf 88' lang='lat' dir='ltr'><strong>ibis,</strong></span> <span class='ocrx_word' id='word_1_560' title='bbox 2145 2981 2400 3038; x_wconf 87' lang='lat' dir='ltr'><strong>ostendit</strong></span> <span class='ocrx_word' id='word_1_561' title='bbox 2431 2982 2797 3055; x_wconf 83' lang='lat' dir='ltr'><strong>prephetam,</strong></span> <span class='ocrx_word' id='word_1_562' title='bbox 2829 2981 2918 3039; x_wconf 89' lang='lat' dir='ltr'><strong>vel</strong></span> <span class='ocrx_word' id='word_1_563' title='bbox 2952 2984 3407 3055; x_wconf 63' lang='lat' dir='ltr'><strong>pradicatorem,</strong></span> <span class='ocrx_word' id='word_1_564' title='bbox 3443 2987 3515 3042; x_wconf 89' lang='lat' dir='ltr'><strong>ad</strong></span> <span class='ocrx_word' id='word_1_565' title='bbox 3559 2995 3634 3048; x_wconf 67' lang='lat' dir='ltr'><strong>ob</strong></span> 
     </span>
    </p>
   </div>
   <div class='ocr_carea' id='block_1_79' title="bbox 1985 3071 3631 3147">
    <p class='ocr_par' dir='ltr' id='par_1_79' title="bbox 1985 3071 3631 3147">
     <span class='ocr_line' id='line_1_80' title="bbox 1985 3071 3631 3147; baseline 0.003 -20"><span class='ocrx_word' id='word_1_566' title='bbox 1985 3073 2056 3127; x_wconf 91' lang='lat' dir='ltr'><strong>ad</strong></span> <span class='ocrx_word' id='word_1_567' title='bbox 2090 3087 2215 3144; x_wconf 84' lang='lat' dir='ltr'><strong>quae</strong></span> <span class='ocrx_word' id='word_1_568' title='bbox 2249 3071 2468 3127; x_wconf 87' lang='lat' dir='ltr'><strong>missus</strong></span> <span class='ocrx_word' id='word_1_569' title='bbox 2497 3075 2588 3127; x_wconf 88' lang='lat' dir='ltr'><strong>est</strong></span> <span class='ocrx_word' id='word_1_570' title='bbox 2617 3083 2850 3143; x_wconf 83' lang='lat' dir='ltr'><strong>semper</strong></span> <span class='ocrx_word' id='word_1_571' title='bbox 2878 3071 2990 3140; x_wconf 89' lang='lat' dir='ltr'><strong>ire;</strong></span> <span class='ocrx_word' id='word_1_572' title='bbox 3023 3073 3092 3128; x_wconf 83' lang='lat' dir='ltr'><strong>ad</strong></span> <span class='ocrx_word' id='word_1_573' title='bbox 3125 3089 3193 3128; x_wconf 86' lang='lat' dir='ltr'><strong>ea</strong></span> <span class='ocrx_word' id='word_1_574' title='bbox 3219 3091 3353 3130; x_wconf 89' lang='lat' dir='ltr'><strong>vero</strong></span> <span class='ocrx_word' id='word_1_575' title='bbox 3383 3076 3454 3131; x_wconf 83' lang='lat' dir='ltr'><strong>ad</strong></span> <span class='ocrx_word' id='word_1_576' title='bbox 3502 3092 3631 3147; x_wconf 65' lang='lat' dir='ltr'><strong>qua</strong></span> 
     </span>
    </p>
   </div>
   <div class='ocr_carea' id='block_1_80' title="bbox 1987 3159 3632 3231">
    <p class='ocr_par' dir='ltr' id='par_1_80' title="bbox 1987 3159 3632 3231">
     <span class='ocr_line' id='line_1_81' title="bbox 1987 3159 3632 3231; baseline 0.004 -15"><span class='ocrx_word' id='word_1_577' title='bbox 1987 3162 2207 3217; x_wconf 88' lang='lat' dir='ltr'><strong>missus</strong></span> <span class='ocrx_word' id='word_1_578' title='bbox 2238 3177 2352 3216; x_wconf 88' lang='lat' dir='ltr'><strong>non</strong></span> <span class='ocrx_word' id='word_1_579' title='bbox 2383 3164 2488 3227; x_wconf 89' lang='lat' dir='ltr'><strong>est,</strong></span> <span class='ocrx_word' id='word_1_580' title='bbox 2507 3169 2808 3231; x_wconf 87' lang='lat' dir='ltr'><strong>nunquam</strong></span> <span class='ocrx_word' id='word_1_581' title='bbox 2841 3159 2925 3214; x_wconf 90' lang='lat' dir='ltr'><strong>ire</strong></span> <span class='ocrx_word' id='word_1_582' title='bbox 2949 3160 3177 3217; x_wconf 82' lang='lat' dir='ltr'><strong>debere.</strong></span> <span class='ocrx_word' id='word_1_583' title='bbox 3195 3160 3356 3217; x_wconf 86' lang='lat' dir='ltr'><strong>Unde</strong></span> <span class='ocrx_word' id='word_1_584' title='bbox 3371 3163 3632 3222; x_wconf 83' lang='lat' dir='ltr'><strong>divinam</strong></span> 
     </span>
    </p>
   </div>
   <div class='ocr_carea' id='block_1_81' title="bbox 1986 3248 3629 3323">
    <p class='ocr_par' dir='ltr' id='par_1_81' title="bbox 1986 3248 3629 3323">
     <span class='ocr_line' id='line_1_82' title="bbox 1986 3248 3629 3323; baseline 0.002 -16"><span class='ocrx_word' id='word_1_585' title='bbox 1986 3250 2280 3323; x_wconf 85' lang='lat' dir='ltr'><strong>experitur</strong></span> <span class='ocrx_word' id='word_1_586' title='bbox 2325 3248 2788 3322; x_wconf 83' lang='lat' dir='ltr'><strong>indignationem</strong></span> <span class='ocrx_word' id='word_1_587' title='bbox 2833 3248 3033 3316; x_wconf 84' lang='lat' dir='ltr'><strong>Jonas,</strong></span> <span class='ocrx_word' id='word_1_588' title='bbox 3067 3249 3166 3321; x_wconf 90' lang='lat' dir='ltr'><strong>qui</strong></span> <span class='ocrx_word' id='word_1_589' title='bbox 3217 3249 3506 3318; x_wconf 78' lang='lat' dir='ltr'><strong>Ninivitis,</strong></span> <span class='ocrx_word' id='word_1_590' title='bbox 3555 3255 3629 3310; x_wconf 81' lang='lat' dir='ltr'><strong>ad</strong></span> 
     </span>
    </p>
   </div>
   <div class='ocr_carea' id='block_1_82' title="bbox 1986 3337 3629 3416">
    <p class='ocr_par' dir='ltr' id='par_1_82' title="bbox 1986 3337 3629 3416">
     <span class='ocr_line' id='line_1_83' title="bbox 1986 3337 3629 3416; baseline 0.002 -20"><span class='ocrx_word' id='word_1_591' title='bbox 1986 3357 2134 3412; x_wconf 89' lang='lat' dir='ltr'><strong>quos</strong></span> <span class='ocrx_word' id='word_1_592' title='bbox 2161 3339 2380 3394; x_wconf 89' lang='lat' dir='ltr'><strong>missus</strong></span> <span class='ocrx_word' id='word_1_593' title='bbox 2403 3342 2528 3393; x_wconf 87' lang='lat' dir='ltr'><strong>erat</strong></span> <span class='ocrx_word' id='word_1_594' title='bbox 2558 3337 2959 3410; x_wconf 62' lang='lat' dir='ltr'><strong>praedicatum,</strong></span> <span class='ocrx_word' id='word_1_595' title='bbox 2987 3337 3069 3394; x_wconf 90' lang='lat' dir='ltr'><strong>ire</strong></span> <span class='ocrx_word' id='word_1_596' title='bbox 3101 3338 3360 3412; x_wconf 83' lang='lat' dir='ltr'><strong>fugiebat</strong></span> <span class='ocrx_word' id='word_1_597' title='bbox 3387 3341 3532 3410; x_wconf 78' lang='lat' dir='ltr'><strong>(Jan.</strong></span> <span class='ocrx_word' id='word_1_598' title='bbox 3565 3342 3629 3416; x_wconf 80' lang='grc' dir='ltr'><strong>ι).</strong></span> 
     </span>
    </p>
   </div>
   <div class='ocr_carea' id='block_1_83' title="bbox 1985 3425 3635 3503">
    <p class='ocr_par' dir='ltr' id='par_1_83' title="bbox 1985 3425 3635 3503">
     <span class='ocr_line' id='line_1_84' title="bbox 1985 3425 3635 3503; baseline -0.002 -18"><span class='ocrx_word' id='word_1_599' title='bbox 1985 3430 2054 3485; x_wconf 88' lang='lat' dir='ltr'><strong>Et</strong></span> <span class='ocrx_word' id='word_1_600' title='bbox 2083 3430 2398 3483; x_wconf 89' lang='lat' dir='ltr'><strong>damnatur</strong></span> <span class='ocrx_word' id='word_1_601' title='bbox 2427 3426 2684 3494; x_wconf 85' lang='lat' dir='ltr'><strong>Balaam,</strong></span> <span class='ocrx_word' id='word_1_602' title='bbox 2719 3425 2818 3499; x_wconf 93' lang='lat' dir='ltr'><strong>qui</strong></span> <span class='ocrx_word' id='word_1_603' title='bbox 2865 3432 3177 3500; x_wconf 87' lang='lat' dir='ltr'><strong>corruptus</strong></span> <span class='ocrx_word' id='word_1_604' title='bbox 3227 3429 3427 3501; x_wconf 88' lang='lat' dir='ltr'><strong>pretio.</strong></span> <span class='ocrx_word' id='word_1_605' title='bbox 3453 3441 3635 3503; x_wconf 49' lang='lat' dir='ltr'><strong>popu‘</strong></span> 
     </span>
    </p>
   </div>
   <div class='ocr_carea' id='block_1_84' title="bbox 1983 3514 3636 3588">
    <p class='ocr_par' dir='ltr' id='par_1_84' title="bbox 1983 3514 3636 3588">
     <span class='ocr_line' id='line_1_85' title="bbox 1983 3514 3636 3588; baseline 0.004 -15"><span class='ocrx_word' id='word_1_606' title='bbox 1983 3517 2106 3573; x_wconf 91' lang='lat' dir='ltr'><strong>lum</strong></span> <span class='ocrx_word' id='word_1_607' title='bbox 2140 3535 2174 3572; x_wconf 89' lang='lat' dir='ltr'><strong>a</strong></span> <span class='ocrx_word' id='word_1_608' title='bbox 2199 3516 2316 3571; x_wconf 93' lang='lat' dir='ltr'><strong>Deo</strong></span> <span class='ocrx_word' id='word_1_609' title='bbox 2347 3515 2716 3571; x_wconf 87' lang='lat' dir='ltr'><strong>benedictum</strong></span> <span class='ocrx_word' id='word_1_610' title='bbox 2743 3514 3184 3581; x_wconf 85' lang='lat' dir='ltr'><strong>maledicere,ad</strong></span> <span class='ocrx_word' id='word_1_611' title='bbox 3216 3529 3391 3588; x_wconf 88' lang='lat' dir='ltr'><strong>quem</strong></span> <span class='ocrx_word' id='word_1_612' title='bbox 3413 3519 3636 3579; x_wconf 69' lang='lat' dir='ltr'><strong>missile</strong></span> 
     </span>
    </p>
   </div>
   <div class='ocr_carea' id='block_1_85' title="bbox 1985 3604 3633 3672">
    <p class='ocr_par' dir='ltr' id='par_1_85' title="bbox 1985 3604 3633 3672">
     <span class='ocr_line' id='line_1_86' title="bbox 1985 3604 3633 3672; baseline 0.002 -10"><span class='ocrx_word' id='word_1_613' title='bbox 1985 3624 2098 3662; x_wconf 91' lang='lat' dir='ltr'><strong>non</strong></span> <span class='ocrx_word' id='word_1_614' title='bbox 2123 3609 2264 3672; x_wconf 87' lang='lat' dir='ltr'><strong>erat,</strong></span> <span class='ocrx_word' id='word_1_615' title='bbox 2292 3605 2417 3660; x_wconf 90' lang='lat' dir='ltr'><strong>ibat</strong></span> <span class='ocrx_word' id='word_1_616' title='bbox 2431 3607 2619 3670; x_wconf 83' lang='lat' dir='ltr'><strong>(Num.</strong></span> <span class='ocrx_word' id='word_1_617' title='bbox 2635 3604 2810 3658; x_wconf 70' lang='lat' dir='ltr'><strong>xxxv‘.</strong></span> <span class='ocrx_word' id='word_1_618' title='bbox 2825 3605 3082 3670; x_wconf 90' lang='lat' dir='ltr'><strong>Quorum</strong></span> <span class='ocrx_word' id='word_1_619' title='bbox 3103 3610 3245 3661; x_wconf 85' lang='lat' dir='ltr'><strong>sunt</strong></span> <span class='ocrx_word' id='word_1_620' title='bbox 3263 3605 3438 3664; x_wconf 87' lang='lat' dir='ltr'><strong>hodie</strong></span> <span class='ocrx_word' id='word_1_621' title='bbox 3456 3607 3633 3666; x_wconf 78' lang='lat' dir='ltr'><strong>etiam</strong></span> 
     </span>
    </p>
   </div>
   <div class='ocr_carea' id='block_1_86' title="bbox 1983 3691 3634 3768">
    <p class='ocr_par' dir='ltr' id='par_1_86' title="bbox 1983 3691 3634 3768">
     <span class='ocr_line' id='line_1_87' title="bbox 1983 3691 3634 3768; baseline 0.002 -17"><span class='ocrx_word' id='word_1_622' title='bbox 1983 3694 2208 3751; x_wconf 87' lang='lat' dir='ltr'><strong>similes</strong></span> <span class='ocrx_word' id='word_1_623' title='bbox 2238 3693 2475 3766; x_wconf 89' lang='lat' dir='ltr'><strong>quidam</strong></span> <span class='ocrx_word' id='word_1_624' title='bbox 2509 3692 2638 3748; x_wconf 90' lang='lat' dir='ltr'><strong>falsi</strong></span> <span class='ocrx_word' id='word_1_625' title='bbox 2675 3697 2958 3764; x_wconf 87' lang='lat' dir='ltr'><strong>pastores,</strong></span> <span class='ocrx_word' id='word_1_626' title='bbox 2991 3691 3093 3766; x_wconf 89' lang='lat' dir='ltr'><strong>qui</strong></span> <span class='ocrx_word' id='word_1_627' title='bbox 3137 3696 3397 3768; x_wconf 88' lang='lat' dir='ltr'><strong>corrupti</strong></span> <span class='ocrx_word' id='word_1_628' title='bbox 3443 3697 3634 3754; x_wconf 58' lang='lat' dir='ltr'><strong>favori</strong></span> 
     </span>
    </p>
   </div>
   <div class='ocr_carea' id='block_1_87' title="bbox 1981 3780 3634 3854">
    <p class='ocr_par' dir='ltr' id='par_1_87' title="bbox 1981 3780 3634 3854">
     <span class='ocr_line' id='line_1_88' title="bbox 1981 3780 3634 3854; baseline 0.002 -14"><span class='ocrx_word' id='word_1_629' title='bbox 1981 3783 2070 3840; x_wconf 89' lang='lat' dir='ltr'><strong>vel</strong></span> <span class='ocrx_word' id='word_1_630' title='bbox 2096 3784 2251 3850; x_wconf 90' lang='lat' dir='ltr'><strong>odio,</strong></span> <span class='ocrx_word' id='word_1_631' title='bbox 2283 3783 2493 3838; x_wconf 89' lang='lat' dir='ltr'><strong>timore</strong></span> <span class='ocrx_word' id='word_1_632' title='bbox 2522 3780 2609 3837; x_wconf 87' lang='lat' dir='ltr'><strong>vel</strong></span> <span class='ocrx_word' id='word_1_633' title='bbox 2659 3781 2864 3854; x_wconf 79' lang='lat' dir='ltr'><strong>pretio,</strong></span> <span class='ocrx_word' id='word_1_634' title='bbox 2896 3782 3119 3838; x_wconf 81' lang='lat' dir='ltr'><strong>vadunt</strong></span> <span class='ocrx_word' id='word_1_635' title='bbox 3162 3783 3462 3842; x_wconf 72' lang='lat' dir='ltr'><strong>absolVere</strong></span> <span class='ocrx_word' id='word_1_636' title='bbox 3501 3785 3634 3844; x_wconf 76' lang='lat' dir='ltr'><strong>illos</strong></span> 
     </span>
    </p>
   </div>
   <div class='ocr_carea' id='block_1_88' title="bbox 1983 3869 3636 3945">
    <p class='ocr_par' dir='ltr' id='par_1_88' title="bbox 1983 3869 3636 3945">
     <span class='ocr_line' id='line_1_89' title="bbox 1983 3869 3636 3945; baseline 0.003 -17"><span class='ocrx_word' id='word_1_637' title='bbox 1983 3874 2085 3945; x_wconf 91' lang='lat' dir='ltr'><strong>qui</strong></span> <span class='ocrx_word' id='word_1_638' title='bbox 2119 3871 2339 3944; x_wconf 87' lang='lat' dir='ltr'><strong>ligandi</strong></span> <span class='ocrx_word' id='word_1_639' title='bbox 2371 3875 2530 3940; x_wconf 89' lang='lat' dir='ltr'><strong>sunt,</strong></span> <span class='ocrx_word' id='word_1_640' title='bbox 2547 3869 2633 3926; x_wconf 88' lang='lat' dir='ltr'><strong>vel</strong></span> <span class='ocrx_word' id='word_1_641' title='bbox 2667 3869 2849 3942; x_wconf 88' lang='lat' dir='ltr'><strong>ligare</strong></span> <span class='ocrx_word' id='word_1_642' title='bbox 2877 3887 2979 3926; x_wconf 86' lang='lat' dir='ltr'><strong>eos</strong></span> <span class='ocrx_word' id='word_1_643' title='bbox 3009 3872 3109 3943; x_wconf 91' lang='lat' dir='ltr'><strong>qui</strong></span> <span class='ocrx_word' id='word_1_644' title='bbox 3130 3871 3390 3928; x_wconf 87' lang='lat' dir='ltr'><strong>solvendi</strong></span> <span class='ocrx_word' id='word_1_645' title='bbox 3412 3879 3636 3942; x_wconf 60' lang='lat' dir='ltr'><strong>sunt,“</strong></span> 
     </span>
    </p>
   </div>
   <div class='ocr_carea' id='block_1_89' title="bbox 1975 3958 3630 4034">
    <p class='ocr_par' dir='ltr' id='par_1_89' title="bbox 1975 3958 3630 4034">
     <span class='ocr_line' id='line_1_90' title="bbox 1975 3958 3630 4034; baseline 0.001 -17"><span class='ocrx_word' id='word_1_646' title='bbox 1975 3963 2144 4033; x_wconf 83' lang='lat' dir='ltr'><strong>juxta</strong></span> <span class='ocrx_word' id='word_1_647' title='bbox 2160 3959 2559 4032; x_wconf 84' lang='lat' dir='ltr'><strong>prophetam,«</strong></span> <span class='ocrx_word' id='word_1_648' title='bbox 2576 3958 2870 4014; x_wconf 80' lang='lat' dir='ltr'><strong>viviﬁcant</strong></span> <span class='ocrx_word' id='word_1_649' title='bbox 2887 3959 3115 4016; x_wconf 86' lang='lat' dir='ltr'><strong>animas</strong></span> <span class='ocrx_word' id='word_1_650' title='bbox 3133 3977 3259 4033; x_wconf 65' lang='lat' dir='ltr'><strong>quae</strong></span> <span class='ocrx_word' id='word_1_651' title='bbox 3278 3979 3393 4017; x_wconf 89' lang='lat' dir='ltr'><strong>non</strong></span> <span class='ocrx_word' id='word_1_652' title='bbox 3409 3963 3630 4034; x_wconf 84' lang='lat' dir='ltr'><strong>vivunt,</strong></span> 
     </span>
    </p>
   </div>
   <div class='ocr_carea' id='block_1_90' title="bbox 1983 4047 3629 4120">
    <p class='ocr_par' dir='ltr' id='par_1_90' title="bbox 1983 4047 3629 4120">
     <span class='ocr_line' id='line_1_91' title="bbox 1983 4047 3629 4120; baseline 0.002 -15"><span class='ocrx_word' id='word_1_653' title='bbox 1983 4055 2041 4106; x_wconf 91' lang='lat' dir='ltr'><strong>et</strong></span> <span class='ocrx_word' id='word_1_654' title='bbox 2072 4049 2426 4104; x_wconf 83' lang='lat' dir='ltr'><strong>mortiﬁcant</strong></span> <span class='ocrx_word' id='word_1_655' title='bbox 2455 4047 2684 4103; x_wconf 82' lang='lat' dir='ltr'><strong>animus</strong></span> <span class='ocrx_word' id='word_1_656' title='bbox 2715 4065 2844 4119; x_wconf 66' lang='lat' dir='ltr'><strong>qua:</strong></span> <span class='ocrx_word' id='word_1_657' title='bbox 2895 4063 3010 4103; x_wconf 89' lang='lat' dir='ltr'><strong>non</strong></span> <span class='ocrx_word' id='word_1_658' title='bbox 3063 4050 3398 4106; x_wconf 84' lang='lat' dir='ltr'><strong>moriuntur</strong></span> <span class='ocrx_word' id='word_1_659' title='bbox 3417 4052 3629 4120; x_wconf 62' lang='lat' dir='ltr'><strong>(Bacch.</strong></span> 
     </span>
    </p>
   </div>
   <div class='ocr_carea' id='block_1_91' title="bbox 1981 4135 3630 4210">
    <p class='ocr_par' dir='ltr' id='par_1_91' title="bbox 1981 4135 3630 4210">
     <span class='ocr_line' id='line_1_92' title="bbox 1981 4135 3630 4210; baseline 0.003 -17"><span class='ocrx_word' id='word_1_660' title='bbox 1981 4139 2088 4210; x_wconf 83' lang='lat' dir='ltr'><strong>III).</strong></span> <span class='ocrx_word' id='word_1_661' title='bbox 2123 4160 2151 4186; x_wconf 90' lang='lat'><strong>»</strong></span> <span class='ocrx_word' id='word_1_662' title='bbox 2185 4138 2290 4192; x_wconf 80' lang='lat' dir='ltr'><strong>Sed</strong></span> <span class='ocrx_word' id='word_1_663' title='bbox 2327 4159 2354 4186; x_wconf 87' lang='lat'>«</span> <span class='ocrx_word' id='word_1_664' title='bbox 2387 4135 2756 4202; x_wconf 87' lang='lat' dir='ltr'><strong>maledicam,</strong></span> <span class='ocrx_word' id='word_1_665' title='bbox 2793 4135 2987 4208; x_wconf 88' lang='lat' dir='ltr'><strong>inquit</strong></span> <span class='ocrx_word' id='word_1_666' title='bbox 3019 4137 3305 4195; x_wconf 88' lang='lat' dir='ltr'><strong>Dominus</strong></span> <span class='ocrx_word' id='word_1_667' title='bbox 3333 4139 3506 4209; x_wconf 84' lang='lat' dir='ltr'><strong>Deus,</strong></span> <span class='ocrx_word' id='word_1_668' title='bbox 3531 4140 3630 4198; x_wconf 76' lang='lat' dir='ltr'><strong>be-</strong></span> 
     </span>
    </p>
   </div>
   <div class='ocr_carea' id='block_1_92' title="bbox 1983 4224 3632 4291">
    <p class='ocr_par' dir='ltr' id='par_1_92' title="bbox 1983 4224 3632 4291">
     <span class='ocr_line' id='line_1_93' title="bbox 1983 4224 3632 4291; baseline 0.003 -9"><span class='ocrx_word' id='word_1_669' title='bbox 1983 4224 2412 4282; x_wconf 87' lang='lat' dir='ltr'><strong>nedictionibus</strong></span> <span class='ocrx_word' id='word_1_670' title='bbox 2432 4225 2662 4291; x_wconf 88' lang='lat' dir='ltr'><strong>vestris,</strong></span> <span class='ocrx_word' id='word_1_671' title='bbox 2679 4230 2736 4280; x_wconf 90' lang='lat' dir='ltr'><strong>et</strong></span> <span class='ocrx_word' id='word_1_672' title='bbox 2758 4225 3096 4281; x_wconf 84' lang='lat' dir='ltr'><strong>benedicam</strong></span> <span class='ocrx_word' id='word_1_673' title='bbox 3120 4225 3632 4287; x_wconf 74' lang='lat' dir='ltr'><strong>malediotionibus</strong></span> 
     </span>
    </p>
   </div>
   <div class='ocr_carea' id='block_1_93' title="bbox 1979 4313 3634 4386">
    <p class='ocr_par' dir='ltr' id='par_1_93' title="bbox 1979 4313 3634 4386">
     <span class='ocr_line' id='line_1_94' title="bbox 1979 4313 3634 4386; baseline 0.002 -15"><span class='ocrx_word' id='word_1_674' title='bbox 1979 4314 2188 4371; x_wconf 84' lang='lat' dir='ltr'><strong>vestris</strong></span> <span class='ocrx_word' id='word_1_675' title='bbox 2213 4314 2470 4384; x_wconf 79' lang='lat' dir='ltr'><strong>(Malach.</strong></span> <span class='ocrx_word' id='word_1_676' title='bbox 2506 4317 2588 4378; x_wconf 83' lang='grc' dir='ltr'><strong>ιι).</strong></span> <span class='ocrx_word' id='word_1_677' title='bbox 2624 4335 2652 4363; x_wconf 81' lang='lat'><strong>»</strong></span> <span class='ocrx_word' id='word_1_678' title='bbox 2687 4313 2749 4368; x_wconf 91' lang='lat' dir='ltr'><strong>In</strong></span> <span class='ocrx_word' id='word_1_679' title='bbox 2779 4329 2846 4370; x_wconf 91' lang='lat' dir='ltr'><strong>eo</strong></span> <span class='ocrx_word' id='word_1_680' title='bbox 2872 4330 3006 4369; x_wconf 91' lang='lat' dir='ltr'><strong>vero</strong></span> <span class='ocrx_word' id='word_1_681' title='bbox 3047 4315 3205 4386; x_wconf 87' lang='lat' dir='ltr'><strong>quod</strong></span> <span class='ocrx_word' id='word_1_682' title='bbox 3245 4315 3328 4372; x_wconf 86' lang='lat' dir='ltr'><strong>ait</strong></span> <span class='ocrx_word' id='word_1_683' title='bbox 3373 4319 3634 4374; x_wconf 69' lang='lat' dir='ltr'><strong>universa</strong></span> 
     </span>
    </p>
   </div>
   <div class='ocr_carea' id='block_1_94' title="bbox 1981 4402 3632 4477">
    <p class='ocr_par' dir='ltr' id='par_1_94' title="bbox 1981 4402 3632 4477">
     <span class='ocr_line' id='line_1_95' title="bbox 1981 4402 3632 4477; baseline 0.002 -18"><span class='ocrx_word' id='word_1_684' title='bbox 1981 4419 2107 4477; x_wconf 70' lang='lat' dir='ltr'><strong>quae</strong></span> <span class='ocrx_word' id='word_1_685' title='bbox 2135 4403 2462 4458; x_wconf 80' lang='lat' dir='ltr'><strong>mandavero</strong></span> <span class='ocrx_word' id='word_1_686' title='bbox 2491 4402 2595 4457; x_wconf 83' lang='lat' dir='ltr'><strong>tibi</strong></span> <span class='ocrx_word' id='word_1_687' title='bbox 2624 4402 2879 4473; x_wconf 77' lang='lat' dir='ltr'><strong>loqueris,</strong></span> <span class='ocrx_word' id='word_1_688' title='bbox 2893 4403 3149 4458; x_wconf 88' lang='lat' dir='ltr'><strong>ostendit</strong></span> <span class='ocrx_word' id='word_1_689' title='bbox 3177 4404 3519 4476; x_wconf 88' lang='lat' dir='ltr'><strong>prophetam</strong></span> <span class='ocrx_word' id='word_1_690' title='bbox 3542 4405 3632 4464; x_wconf 73' lang='lat' dir='ltr'><strong>vel</strong></span> 
     </span>
    </p>
   </div>
   <div class='ocr_carea' id='block_1_95' title="bbox 219 4490 3632 4578">
    <p class='ocr_par' dir='ltr' id='par_1_95' title="bbox 219 4490 3632 4578">
     <span class='ocr_line' id='line_1_96' title="bbox 219 4490 3632 4578; baseline 0 -27"><span class='ocrx_word' id='word_1_691' title='bbox 219 4495 293 4551; x_wconf 75' lang='lat' dir='ltr'><strong>ad</strong></span> <span class='ocrx_word' id='word_1_692' title='bbox 320 4493 684 4550; x_wconf 80' lang='lat' dir='ltr'><strong>Pharaonem</strong></span> <span class='ocrx_word' id='word_1_693' title='bbox 715 4509 777 4550; x_wconf 88' lang='lat' dir='ltr'><strong>se</strong></span> <span class='ocrx_word' id='word_1_694' title='bbox 803 4495 1062 4560; x_wconf 82' lang='lat' dir='ltr'><strong>excusat,</strong></span> <span class='ocrx_word' id='word_1_695' title='bbox 1096 4497 1154 4546; x_wconf 88' lang='lat' dir='ltr'><strong>et</strong></span> <span class='ocrx_word' id='word_1_696' title='bbox 1181 4496 1376 4548; x_wconf 88' lang='lat' dir='ltr'><strong>tamen</strong></span> <span class='ocrx_word' id='word_1_697' title='bbox 1406 4490 1458 4547; x_wconf 85' lang='lat' dir='ltr'><strong>ei</strong></span> <span class='ocrx_word' id='word_1_698' title='bbox 1488 4491 1732 4548; x_wconf 89' lang='lat' dir='ltr'><strong>instanti</strong></span> <span class='ocrx_word' id='word_1_699' title='bbox 1762 4493 1870 4548; x_wconf 49' lang='lat' dir='ltr'><strong>hu.</strong></span> <span class='ocrx_word' id='word_1_700' title='bbox 1903 4515 1950 4578; x_wconf 74' lang='grc' dir='ltr'><strong>ι)</strong></span> <span class='ocrx_word' id='word_1_701' title='bbox 1980 4491 2415 4566; x_wconf 63' lang='lat' dir='ltr'><strong>praedicatorem</strong></span> <span class='ocrx_word' id='word_1_702' title='bbox 2437 4506 2670 4562; x_wconf 88' lang='lat' dir='ltr'><strong>semper</strong></span> <span class='ocrx_word' id='word_1_703' title='bbox 2697 4491 2876 4546; x_wconf 83' lang='lat' dir='ltr'><strong>verba</strong></span> <span class='ocrx_word' id='word_1_704' title='bbox 2906 4491 3029 4558; x_wconf 88' lang='lat' dir='ltr'><strong>Dei,</strong></span> <span class='ocrx_word' id='word_1_705' title='bbox 3049 4496 3107 4546; x_wconf 89' lang='lat' dir='ltr'><strong>et</strong></span> <span class='ocrx_word' id='word_1_706' title='bbox 3136 4508 3252 4548; x_wconf 88' lang='lat' dir='ltr'><strong>non</strong></span> <span class='ocrx_word' id='word_1_707' title='bbox 3283 4493 3401 4550; x_wconf 80' lang='lat' dir='ltr'><strong>alia</strong></span> <span class='ocrx_word' id='word_1_708' title='bbox 3419 4494 3632 4552; x_wconf 79' lang='lat' dir='ltr'><strong>debere</strong></span> 
     </span>
    </p>
   </div>
   <div class='ocr_carea' id='block_1_96' title="bbox 217 4579 1867 4654">
    <p class='ocr_par' dir='ltr' id='par_1_96' title="bbox 217 4579 1867 4654">
     <span class='ocr_line' id='line_1_97' title="bbox 217 4579 1867 4654; baseline -0.002 -14"><span class='ocrx_word' id='word_1_709' title='bbox 217 4581 440 4640; x_wconf 70' lang='lat' dir='ltr'><strong>{uiliter</strong></span> <span class='ocrx_word' id='word_1_710' title='bbox 467 4582 830 4654; x_wconf 82' lang='lat' dir='ltr'><strong>obtemperat</strong></span> <span class='ocrx_word' id='word_1_711' title='bbox 859 4579 1050 4654; x_wconf 75' lang='lat' dir='ltr'><strong>(Exod.</strong></span> <span class='ocrx_word' id='word_1_712' title='bbox 1083 4580 1180 4652; x_wconf 79' lang='lat' dir='ltr'><strong>iv),</strong></span> <span class='ocrx_word' id='word_1_713' title='bbox 1214 4580 1360 4636; x_wconf 89' lang='lat' dir='ltr'><strong>dans</strong></span> <span class='ocrx_word' id='word_1_714' title='bbox 1392 4579 1722 4652; x_wconf 84' lang='lat' dir='ltr'><strong>exemplum</strong></span> <span class='ocrx_word' id='word_1_715' title='bbox 1765 4600 1867 4638; x_wconf 82' lang='lat' dir='ltr'><strong>no-</strong></span> 
     </span>
    </p>
   </div>
   <div class='ocr_carea' id='block_1_97' title="bbox 218 4668 1867 4744">
    <p class='ocr_par' dir='ltr' id='par_1_97' title="bbox 218 4668 1867 4744">
     <span class='ocr_line' id='line_1_98' title="bbox 218 4668 1867 4744; baseline -0.001 -16"><span class='ocrx_word' id='word_1_716' title='bbox 218 4671 334 4741; x_wconf 79' lang='lat' dir='ltr'><strong>bis,</strong></span> <span class='ocrx_word' id='word_1_717' title='bbox 367 4673 436 4728; x_wconf 87' lang='lat' dir='ltr'><strong>ut</strong></span> <span class='ocrx_word' id='word_1_718' title='bbox 459 4672 988 4744; x_wconf 84' lang='lat' dir='ltr'><strong>quantumcunque</strong></span> <span class='ocrx_word' id='word_1_719' title='bbox 1018 4668 1206 4726; x_wconf 89' lang='lat' dir='ltr'><strong>simus</strong></span> <span class='ocrx_word' id='word_1_720' title='bbox 1239 4669 1687 4742; x_wconf 87' lang='lat' dir='ltr'><strong>probati,tamen</strong></span> <span class='ocrx_word' id='word_1_721' title='bbox 1715 4684 1867 4726; x_wconf 83' lang='lat' dir='ltr'><strong>sem-</strong></span> 
     </span>
    </p>
   </div>
   <div class='ocr_carea' id='block_1_98' title="bbox 218 4759 1872 4835">
    <p class='ocr_par' dir='ltr' id='par_1_98' title="bbox 218 4759 1872 4835">
     <span class='ocr_line' id='line_1_99' title="bbox 218 4759 1872 4835; baseline 0 -18"><span class='ocrx_word' id='word_1_722' title='bbox 218 4776 324 4835; x_wconf 75' lang='lat' dir='ltr'><strong>per</strong></span> <span class='ocrx_word' id='word_1_723' title='bbox 347 4760 609 4818; x_wconf 76' lang='lat' dir='ltr'><strong>ofﬁcium</strong></span> <span class='ocrx_word' id='word_1_724' title='bbox 639 4759 931 4834; x_wconf 82' lang='lat' dir='ltr'><strong>pastorale</strong></span> <span class='ocrx_word' id='word_1_725' title='bbox 960 4759 1427 4826; x_wconf 87' lang='lat' dir='ltr'><strong>reformidemus,</strong></span> <span class='ocrx_word' id='word_1_726' title='bbox 1459 4759 1560 4814; x_wconf 90' lang='lat' dir='ltr'><strong>sed</strong></span> <span class='ocrx_word' id='word_1_727' title='bbox 1591 4763 1649 4815; x_wconf 90' lang='lat' dir='ltr'><strong>et</strong></span> <span class='ocrx_word' id='word_1_728' title='bbox 1694 4759 1742 4816; x_wconf 93' lang='lat' dir='ltr'><strong>si</strong></span> <span class='ocrx_word' id='word_1_729' title='bbox 1773 4777 1872 4817; x_wconf 88' lang='lat' dir='ltr'><strong>no-</strong></span> 
     </span>
    </p>
   </div>
   <div class='ocr_carea' id='block_1_99' title="bbox 215 4847 1868 4916">
    <p class='ocr_par' dir='ltr' id='par_1_99' title="bbox 215 4847 1868 4916">
     <span class='ocr_line' id='line_1_100' title="bbox 215 4847 1868 4916; baseline -0.001 -10"><span class='ocrx_word' id='word_1_730' title='bbox 215 4849 477 4906; x_wconf 67' lang='lat' dir='ltr'><strong>Verimus</strong></span> <span class='ocrx_word' id='word_1_731' title='bbox 507 4849 761 4906; x_wconf 76' lang='lat' dir='ltr'><strong>divinam</strong></span> <span class='ocrx_word' id='word_1_732' title='bbox 795 4863 922 4905; x_wconf 84' lang='lat' dir='ltr'><strong>esse</strong></span> <span class='ocrx_word' id='word_1_733' title='bbox 951 4847 1331 4916; x_wconf 85' lang='lat' dir='ltr'><strong>voluntatem,</strong></span> <span class='ocrx_word' id='word_1_734' title='bbox 1366 4865 1481 4903; x_wconf 89' lang='lat' dir='ltr'><strong>non</strong></span> <span class='ocrx_word' id='word_1_735' title='bbox 1515 4849 1755 4904; x_wconf 91' lang='lat' dir='ltr'><strong>omnino</strong></span> <span class='ocrx_word' id='word_1_736' title='bbox 1777 4867 1868 4906; x_wconf 91' lang='lat' dir='ltr'><strong>re-</strong></span> 
     </span>
    </p>
   </div>
   <div class='ocr_carea' id='block_1_100' title="bbox 215 4937 1871 5012">
    <p class='ocr_par' dir='ltr' id='par_1_100' title="bbox 215 4937 1871 5012">
     <span class='ocr_line' id='line_1_101' title="bbox 215 4937 1871 5012; baseline -0.001 -17"><span class='ocrx_word' id='word_1_737' title='bbox 215 4937 590 4996; x_wconf 82' lang='lat' dir='ltr'><strong>sistamusln</strong></span> <span class='ocrx_word' id='word_1_738' title='bbox 625 4945 740 5012; x_wconf 86' lang='lat' dir='ltr'><strong>quo</strong></span> <span class='ocrx_word' id='word_1_739' title='bbox 769 4937 1162 5012; x_wconf 86' lang='lat' dir='ltr'><strong>quorumdam</strong></span> <span class='ocrx_word' id='word_1_740' title='bbox 1192 4937 1570 5010; x_wconf 81' lang='lat' dir='ltr'><strong>praesumptio</strong></span> <span class='ocrx_word' id='word_1_741' title='bbox 1585 4939 1871 4995; x_wconf 86' lang='lat' dir='ltr'><strong>refutatur</strong></span> 
     </span>
    </p>
   </div>
   <div class='ocr_carea' id='block_1_101' title="bbox 217 5026 1865 5102">
    <p class='ocr_par' dir='ltr' id='par_1_101' title="bbox 217 5026 1865 5102">
     <span class='ocr_line' id='line_1_102' title="bbox 217 5026 1865 5102; baseline 0.001 -19"><span class='ocrx_word' id='word_1_742' title='bbox 217 5027 346 5102; x_wconf 81' lang='lat' dir='ltr'><strong>qui,</strong></span> <span class='ocrx_word' id='word_1_743' title='bbox 379 5027 650 5101; x_wconf 87' lang='lat' dir='ltr'><strong>quamvis</strong></span> <span class='ocrx_word' id='word_1_744' title='bbox 677 5027 742 5083; x_wconf 84' lang='lat' dir='ltr'><strong>in</strong></span> <span class='ocrx_word' id='word_1_745' title='bbox 771 5026 1132 5084; x_wconf 84' lang='lat' dir='ltr'><strong>conscientia</strong></span> <span class='ocrx_word' id='word_1_746' title='bbox 1185 5043 1294 5083; x_wconf 88' lang='lat' dir='ltr'><strong>sua</strong></span> <span class='ocrx_word' id='word_1_747' title='bbox 1325 5043 1441 5082; x_wconf 88' lang='lat' dir='ltr'><strong>non</strong></span> <span class='ocrx_word' id='word_1_748' title='bbox 1501 5027 1707 5083; x_wconf 88' lang='lat' dir='ltr'><strong>mundi</strong></span> <span class='ocrx_word' id='word_1_749' title='bbox 1763 5029 1865 5085; x_wconf 89' lang='lat' dir='ltr'><strong>sed</strong></span> 
     </span>
    </p>
   </div>
   <div class='ocr_carea' id='block_1_102' title="bbox 210 5113 1872 5192">
    <p class='ocr_par' dir='ltr' id='par_1_102' title="bbox 210 5113 1872 5192">
     <span class='ocr_line' id='line_1_103' title="bbox 210 5113 1872 5192; baseline 0.001 -19"><span class='ocrx_word' id='word_1_750' title='bbox 210 5113 412 5192; x_wconf 76' lang='lat' dir='ltr'><strong>potius</strong></span> <span class='ocrx_word' id='word_1_751' title='bbox 439 5115 650 5190; x_wconf 80' lang='lat' dir='ltr'><strong>polluti</strong></span> <span class='ocrx_word' id='word_1_752' title='bbox 673 5116 1018 5182; x_wconf 82' lang='lat' dir='ltr'><strong>sint,tamen</strong></span> <span class='ocrx_word' id='word_1_753' title='bbox 1049 5113 1309 5171; x_wconf 83' lang='lat' dir='ltr'><strong>officium</strong></span> <span class='ocrx_word' id='word_1_754' title='bbox 1341 5115 1628 5186; x_wconf 87' lang='lat' dir='ltr'><strong>pastorale</strong></span> <span class='ocrx_word' id='word_1_755' title='bbox 1641 5133 1754 5171; x_wconf 90' lang='lat' dir='ltr'><strong>non</strong></span> <span class='ocrx_word' id='word_1_756' title='bbox 1788 5135 1872 5174; x_wconf 54' lang='lat' dir='ltr'><strong>re.</strong></span> 
     </span>
    </p>
   </div>
   <div class='ocr_carea' id='block_1_103' title="bbox 209 5201 1867 5276">
    <p class='ocr_par' dir='ltr' id='par_1_103' title="bbox 209 5201 1867 5276">
     <span class='ocr_line' id='line_1_104' title="bbox 209 5201 1867 5276; baseline -0.001 -13"><span class='ocrx_word' id='word_1_757' title='bbox 209 5201 552 5273; x_wconf 73' lang='lat' dir='ltr'><strong>formidant,</strong></span> <span class='ocrx_word' id='word_1_758' title='bbox 583 5205 708 5261; x_wconf 85' lang='lat' dir='ltr'><strong>imo</strong></span> <span class='ocrx_word' id='word_1_759' title='bbox 739 5204 1423 5261; x_wconf 83' lang='lat' dir='ltr'><strong>ambiunt.Confutantur</strong></span> <span class='ocrx_word' id='word_1_760' title='bbox 1450 5219 1682 5276; x_wconf 90' lang='lat' dir='ltr'><strong>quoque</strong></span> <span class='ocrx_word' id='word_1_761' title='bbox 1713 5205 1867 5262; x_wconf 89' lang='lat' dir='ltr'><strong>etilli</strong></span> 
     </span>
    </p>
   </div>
   <div class='ocr_carea' id='block_1_104' title="bbox 210 5289 1866 5369">
    <p class='ocr_par' dir='ltr' id='par_1_104' title="bbox 210 5289 1866 5369">
     <span class='ocr_line' id='line_1_105' title="bbox 210 5289 1866 5369; baseline -0.002 -15"><span class='ocrx_word' id='word_1_762' title='bbox 210 5294 315 5369; x_wconf 75' lang='lat' dir='ltr'><strong>qui</strong></span> <span class='ocrx_word' id='word_1_763' title='bbox 341 5299 416 5351; x_wconf 76' lang='lat' dir='ltr'><strong>’ex</strong></span> <span class='ocrx_word' id='word_1_764' title='bbox 437 5293 556 5351; x_wconf 80' lang='lat' dir='ltr'><strong>hoc</strong></span> <span class='ocrx_word' id='word_1_765' title='bbox 583 5293 740 5366; x_wconf 56' lang='lat' dir='ltr'><strong>Quod</strong></span> <span class='ocrx_word' id='word_1_766' title='bbox 771 5292 1056 5349; x_wconf 88' lang='lat' dir='ltr'><strong>Jeremias</strong></span> <span class='ocrx_word' id='word_1_767' title='bbox 1083 5309 1232 5366; x_wconf 88' lang='lat' dir='ltr'><strong>puer</strong></span> <span class='ocrx_word' id='word_1_768' title='bbox 1279 5291 1666 5364; x_wconf 83' lang='lat' dir='ltr'><strong>prophetavit,</strong></span> <span class='ocrx_word' id='word_1_769' title='bbox 1715 5289 1866 5350; x_wconf 70' lang='lat' dir='ltr'><strong>aimi-</strong></span> 
     </span>
    </p>
   </div>
   <div class='ocr_carea' id='block_1_105' title="bbox 209 5379 1866 5458">
    <p class='ocr_par' dir='ltr' id='par_1_105' title="bbox 209 5379 1866 5458">
     <span class='ocr_line' id='line_1_106' title="bbox 209 5379 1866 5458; baseline 0.001 -19"><span class='ocrx_word' id='word_1_770' title='bbox 209 5384 386 5458; x_wconf 66' lang='lat' dir='ltr'><strong>pium</strong></span> <span class='ocrx_word' id='word_1_771' title='bbox 409 5382 528 5439; x_wconf 81' lang='lat' dir='ltr'><strong>sibi</strong></span> <span class='ocrx_word' id='word_1_772' title='bbox 551 5381 774 5440; x_wconf 64' lang='lat' dir='ltr'><strong>ureris</strong></span> <span class='ocrx_word' id='word_1_773' title='bbox 795 5381 1155 5455; x_wconf 82' lang='lat' dir='ltr'><strong>exemplum,</strong></span> <span class='ocrx_word' id='word_1_774' title='bbox 1189 5385 1256 5437; x_wconf 92' lang='lat' dir='ltr'><strong>ut</strong></span> <span class='ocrx_word' id='word_1_775' title='bbox 1282 5384 1342 5436; x_wconf 88' lang='lat' dir='ltr'><strong>et</strong></span> <span class='ocrx_word' id='word_1_776' title='bbox 1370 5379 1484 5454; x_wconf 90' lang='lat' dir='ltr'><strong>ipsi</strong></span> <span class='ocrx_word' id='word_1_777' title='bbox 1527 5381 1720 5438; x_wconf 90' lang='lat' dir='ltr'><strong>adhuc</strong></span> <span class='ocrx_word' id='word_1_778' title='bbox 1749 5382 1866 5440; x_wconf 82' lang='lat' dir='ltr'><strong>im-</strong></span> 
     </span>
    </p>
   </div>
   <div class='ocr_carea' id='block_1_106' title="bbox 208 5469 1862 5548">
    <p class='ocr_par' dir='ltr' id='par_1_106' title="bbox 208 5469 1862 5548">
     <span class='ocr_line' id='line_1_107' title="bbox 208 5469 1862 5548; baseline 0 -17"><span class='ocrx_word' id='word_1_779' title='bbox 208 5469 420 5532; x_wconf 54' lang='grc' dir='ltr'>μω</span> <span class='ocrx_word' id='word_1_780' title='bbox 441 5469 698 5530; x_wconf 63' lang='lat' dir='ltr'><strong>debeant</strong></span> <span class='ocrx_word' id='word_1_781' title='bbox 719 5471 1182 5548; x_wconf 75' lang='lat' dir='ltr'><strong>prisdicare,non</strong></span> <span class='ocrx_word' id='word_1_782' title='bbox 1195 5470 1557 5526; x_wconf 87' lang='lat' dir='ltr'><strong>attendentes</strong></span> <span class='ocrx_word' id='word_1_783' title='bbox 1585 5471 1862 5542; x_wconf 84' lang='lat' dir='ltr'><strong>quoniam</strong></span> 
     </span>
    </p>
   </div>
   <div class='ocr_carea' id='block_1_107' title="bbox 207 5555 1864 5640">
    <p class='ocr_par' dir='ltr' id='par_1_107' title="bbox 207 5555 1864 5640">
     <span class='ocr_line' id='line_1_108' title="bbox 207 5555 1864 5640; baseline 0 -19"><span class='ocrx_word' id='word_1_784' title='bbox 207 5555 368 5640; x_wconf 59' lang='lat' dir='ltr'><strong>qui</strong></span> <span class='ocrx_word' id='word_1_785' title='bbox 395 5559 460 5621; x_wconf 69' lang='grc' dir='ltr'>ιι</span> <span class='ocrx_word' id='word_1_786' title='bbox 481 5560 745 5622; x_wconf 63' lang='lat' dir='ltr'><strong>dominia</strong></span> <span class='ocrx_word' id='word_1_787' title='bbox 773 5560 973 5620; x_wconf 84' lang='lat' dir='ltr'><strong>minus</strong></span> <span class='ocrx_word' id='word_1_788' title='bbox 993 5563 1124 5618; x_wconf 79' lang='lat' dir='ltr'><strong>erat</strong></span> <span class='ocrx_word' id='word_1_789' title='bbox 1151 5561 1495 5635; x_wconf 61' lang='lat' dir='ltr'><strong>parilitatem</strong></span> <span class='ocrx_word' id='word_1_790' title='bbox 1520 5558 1864 5634; x_wconf 80' lang='lat' dir='ltr'><strong>suppletum</strong></span> 
     </span>
    </p>
   </div>
   <div class='ocr_carea' id='block_1_108' title="bbox 1977 4579 3629 4656">
    <p class='ocr_par' dir='ltr' id='par_1_108' title="bbox 1977 4579 3629 4656">
     <span class='ocr_line' id='line_1_109' title="bbox 1977 4579 3629 4656; baseline 0.002 -20"><span class='ocrx_word' id='word_1_791' title='bbox 1977 4581 2309 4654; x_wconf 64' lang='lat' dir='ltr'><strong>praedicare.</strong></span> <span class='ocrx_word' id='word_1_792' title='bbox 2343 4579 2504 4636; x_wconf 88' lang='lat' dir='ltr'><strong>Unde</strong></span> <span class='ocrx_word' id='word_1_793' title='bbox 2537 4579 2918 4635; x_wconf 86' lang='lat' dir='ltr'><strong>confutantur</strong></span> <span class='ocrx_word' id='word_1_794' title='bbox 2963 4579 3265 4652; x_wconf 60' lang='lat' dir='ltr'><strong>aequaliter</strong></span> <span class='ocrx_word' id='word_1_795' title='bbox 3311 4586 3368 4638; x_wconf 88' lang='lat' dir='ltr'><strong>et</strong></span> <span class='ocrx_word' id='word_1_796' title='bbox 3413 4582 3498 4639; x_wconf 85' lang='lat' dir='ltr'><strong>illi</strong></span> <span class='ocrx_word' id='word_1_797' title='bbox 3527 4581 3629 4656; x_wconf 88' lang='lat' dir='ltr'><strong>qui</strong></span> 
     </span>
    </p>
   </div>
   <div class='ocr_carea' id='block_1_109' title="bbox 1973 4667 3630 4741">
    <p class='ocr_par' dir='ltr' id='par_1_109' title="bbox 1973 4667 3630 4741">
     <span class='ocr_line' id='line_1_110' title="bbox 1973 4667 3630 4741; baseline 0.002 -16"><span class='ocrx_word' id='word_1_798' title='bbox 1973 4672 2217 4727; x_wconf 85' lang='lat' dir='ltr'><strong>verbum</strong></span> <span class='ocrx_word' id='word_1_799' title='bbox 2249 4669 2526 4740; x_wconf 74' lang='lat' dir='ltr'><strong>injunctae</strong></span> <span class='ocrx_word' id='word_1_800' title='bbox 2559 4667 2987 4741; x_wconf 63' lang='lat' dir='ltr'><strong>praedicationis</strong></span> <span class='ocrx_word' id='word_1_801' title='bbox 3009 4670 3384 4736; x_wconf 79' lang='lat' dir='ltr'><strong>tacent,unde</strong></span> <span class='ocrx_word' id='word_1_802' title='bbox 3405 4683 3630 4730; x_wconf 74' lang='lat' dir='ltr'><strong>«canes</strong></span> 
     </span>
    </p>
   </div>
   <div class='ocr_carea' id='block_1_110' title="bbox 1975 4757 3628 4833">
    <p class='ocr_par' dir='ltr' id='par_1_110' title="bbox 1975 4757 3628 4833">
     <span class='ocr_line' id='line_1_111' title="bbox 1975 4757 3628 4833; baseline 0.002 -19"><span class='ocrx_word' id='word_1_803' title='bbox 1975 4759 2188 4815; x_wconf 83' lang='lat' dir='ltr'><strong>muti»</strong></span> <span class='ocrx_word' id='word_1_804' title='bbox 2237 4775 2272 4814; x_wconf 89' lang='lat' dir='ltr'><strong>a</strong></span> <span class='ocrx_word' id='word_1_805' title='bbox 2326 4757 2574 4813; x_wconf 89' lang='lat' dir='ltr'><strong>Domino</strong></span> <span class='ocrx_word' id='word_1_806' title='bbox 2629 4761 2909 4813; x_wconf 88' lang='lat' dir='ltr'><strong>vocantur</strong></span> <span class='ocrx_word' id='word_1_807' title='bbox 2962 4758 3092 4828; x_wconf 78' lang='lat' dir='ltr'><strong>(Isa.</strong></span> <span class='ocrx_word' id='word_1_808' title='bbox 3143 4771 3250 4825; x_wconf 74' lang='lat' dir='ltr'><strong>LVI,</strong></span> <span class='ocrx_word' id='word_1_809' title='bbox 3283 4763 3342 4815; x_wconf 90' lang='lat' dir='ltr'><strong>et</strong></span> <span class='ocrx_word' id='word_1_810' title='bbox 3387 4759 3628 4833; x_wconf 85' lang='lat' dir='ltr'><strong>sanguis</strong></span> 
     </span>
    </p>
   </div>
   <div class='ocr_carea' id='block_1_111' title="bbox 1975 4846 3628 4921">
    <p class='ocr_par' dir='ltr' id='par_1_111' title="bbox 1975 4846 3628 4921">
     <span class='ocr_line' id='line_1_112' title="bbox 1975 4846 3628 4921; baseline 0.002 -18"><span class='ocrx_word' id='word_1_811' title='bbox 1975 4851 2213 4921; x_wconf 89' lang='lat' dir='ltr'><strong>propter</strong></span> <span class='ocrx_word' id='word_1_812' title='bbox 2259 4846 2724 4902; x_wconf 88' lang='lat' dir='ltr'><strong>taciturnitatem</strong></span> <span class='ocrx_word' id='word_1_813' title='bbox 2772 4863 2944 4902; x_wconf 87' lang='lat' dir='ltr'><strong>suam</strong></span> <span class='ocrx_word' id='word_1_814' title='bbox 2995 4847 3370 4918; x_wconf 81' lang='lat' dir='ltr'><strong>pereuntium</strong></span> <span class='ocrx_word' id='word_1_815' title='bbox 3419 4849 3491 4905; x_wconf 82' lang='lat' dir='ltr'><strong>ab</strong></span> <span class='ocrx_word' id='word_1_816' title='bbox 3537 4850 3628 4907; x_wconf 79' lang='lat' dir='ltr'><strong>eis</strong></span> 
     </span>
    </p>
   </div>
   <div class='ocr_carea' id='block_1_112' title="bbox 1976 4933 3628 5010">
    <p class='ocr_par' dir='ltr' id='par_1_112' title="bbox 1976 4933 3628 5010">
     <span class='ocr_line' id='line_1_113' title="bbox 1976 4933 3628 5010; baseline 0.001 -19"><span class='ocrx_word' id='word_1_817' title='bbox 1976 4936 2310 5010; x_wconf 90' lang='lat' dir='ltr'><strong>requiritur,</strong></span> <span class='ocrx_word' id='word_1_818' title='bbox 2327 4939 2383 4990; x_wconf 87' lang='lat' dir='ltr'><strong>et</strong></span> <span class='ocrx_word' id='word_1_819' title='bbox 2412 4933 2498 4988; x_wconf 87' lang='lat' dir='ltr'><strong>illi</strong></span> <span class='ocrx_word' id='word_1_820' title='bbox 2529 4934 2628 5006; x_wconf 91' lang='lat' dir='ltr'><strong>qui</strong></span> <span class='ocrx_word' id='word_1_821' title='bbox 2663 4933 2782 4988; x_wconf 87' lang='lat' dir='ltr'><strong>alia</strong></span> <span class='ocrx_word' id='word_1_822' title='bbox 2813 4951 2992 5006; x_wconf 88' lang='lat' dir='ltr'><strong>quam</strong></span> <span class='ocrx_word' id='word_1_823' title='bbox 3027 4934 3256 4990; x_wconf 88' lang='lat' dir='ltr'><strong>Domini</strong></span> <span class='ocrx_word' id='word_1_824' title='bbox 3287 4936 3459 4992; x_wconf 80' lang='lat' dir='ltr'><strong>verba</strong></span> <span class='ocrx_word' id='word_1_825' title='bbox 3488 4951 3628 5009; x_wconf 69' lang='lat' dir='ltr'><strong>pre-</strong></span> 
     </span>
    </p>
   </div>
   <div class='ocr_carea' id='block_1_113' title="bbox 1977 5022 3624 5097">
    <p class='ocr_par' dir='ltr' id='par_1_113' title="bbox 1977 5022 3624 5097">
     <span class='ocr_line' id='line_1_114' title="bbox 1977 5022 3624 5097; baseline 0.001 -17"><span class='ocrx_word' id='word_1_826' title='bbox 1977 5025 2169 5081; x_wconf 87' lang='lat' dir='ltr'><strong>dicarc</strong></span> <span class='ocrx_word' id='word_1_827' title='bbox 2203 5027 2586 5097; x_wconf 68' lang='lat' dir='ltr'><strong>praesumunt,</strong></span> <span class='ocrx_word' id='word_1_828' title='bbox 2620 5039 2756 5078; x_wconf 90' lang='lat' dir='ltr'><strong>cum</strong></span> <span class='ocrx_word' id='word_1_829' title='bbox 2787 5022 3074 5080; x_wconf 88' lang='lat' dir='ltr'><strong>Dominus</strong></span> <span class='ocrx_word' id='word_1_830' title='bbox 3103 5023 3261 5080; x_wconf 83' lang='lat' dir='ltr'><strong>dicat</strong></span> <span class='ocrx_word' id='word_1_831' title='bbox 3302 5025 3624 5097; x_wconf 72' lang='lat' dir='ltr'><strong>Ezechieli;</strong></span> 
     </span>
    </p>
   </div>
   <div class='ocr_carea' id='block_1_114' title="bbox 1983 5113 3627 5185">
    <p class='ocr_par' dir='ltr' id='par_1_114' title="bbox 1983 5113 3627 5185">
     <span class='ocr_line' id='line_1_115' title="bbox 1983 5113 3627 5185; baseline 0.002 -18"><span class='ocrx_word' id='word_1_832' title='bbox 1983 5135 2010 5167; x_wconf 75' lang='grc' dir='ltr'><strong><em>α</em></strong></span> <span class='ocrx_word' id='word_1_833' title='bbox 2037 5114 2431 5170; x_wconf 87' lang='lat' dir='ltr'><strong>Annuntiabis</strong></span> <span class='ocrx_word' id='word_1_834' title='bbox 2461 5113 2545 5169; x_wconf 90' lang='lat' dir='ltr'><strong>eis</strong></span> <span class='ocrx_word' id='word_1_835' title='bbox 2571 5129 2640 5168; x_wconf 80' lang='lat' dir='ltr'><strong>ex</strong></span> <span class='ocrx_word' id='word_1_836' title='bbox 2672 5129 2764 5168; x_wconf 89' lang='lat' dir='ltr'><strong>me</strong></span> <span class='ocrx_word' id='word_1_837' title='bbox 2793 5113 3015 5182; x_wconf 65' lang='lat' dir='ltr'><strong>(Kueh.</strong></span> <span class='ocrx_word' id='word_1_838' title='bbox 3049 5114 3187 5185; x_wconf 74' lang='lat' dir='ltr'><strong>1n).-</strong></span> <span class='ocrx_word' id='word_1_839' title='bbox 3226 5113 3287 5168; x_wconf 92' lang='lat' dir='ltr'><strong>In</strong></span> <span class='ocrx_word' id='word_1_840' title='bbox 3319 5113 3627 5172; x_wconf 72' lang='lat' dir='ltr'><strong>hocetiam</strong></span> 
     </span>
    </p>
   </div>
   <div class='ocr_carea' id='block_1_115' title="bbox 1977 5201 3628 5276">
    <p class='ocr_par' dir='ltr' id='par_1_115' title="bbox 1977 5201 3628 5276">
     <span class='ocr_line' id='line_1_116' title="bbox 1977 5201 3628 5276; baseline 0.001 -17"><span class='ocrx_word' id='word_1_841' title='bbox 1977 5204 2132 5276; x_wconf 92' lang='lat' dir='ltr'><strong>quod</strong></span> <span class='ocrx_word' id='word_1_842' title='bbox 2156 5201 2440 5259; x_wconf 89' lang='lat' dir='ltr'><strong>Dominus</strong></span> <span class='ocrx_word' id='word_1_843' title='bbox 2467 5201 2570 5272; x_wconf 84' lang='lat' dir='ltr'><strong>ait,</strong></span> <span class='ocrx_word' id='word_1_844' title='bbox 2591 5217 2661 5258; x_wconf 79' lang='lat' dir='ltr'><strong>ne</strong></span> <span class='ocrx_word' id='word_1_845' title='bbox 2689 5203 2882 5258; x_wconf 84' lang='lat' dir='ltr'><strong>timeas</strong></span> <span class='ocrx_word' id='word_1_846' title='bbox 2909 5217 2941 5256; x_wconf 91' lang='lat' dir='ltr'><strong>a</strong></span> <span class='ocrx_word' id='word_1_847' title='bbox 2967 5203 3114 5272; x_wconf 80' lang='lat' dir='ltr'><strong>facie</strong></span> <span class='ocrx_word' id='word_1_848' title='bbox 3127 5219 3340 5272; x_wconf 58' lang='lat' dir='ltr'><strong>eorum</strong></span> <span class='ocrx_word' id='word_1_849' title='bbox 3369 5205 3502 5275; x_wconf 79' lang='lat' dir='ltr'><strong>quia</strong></span> <span class='ocrx_word' id='word_1_850' title='bbox 3526 5217 3628 5272; x_wconf 75' lang='lat' dir='ltr'><strong>ego</strong></span> 
     </span>
    </p>
   </div>
   <div class='ocr_carea' id='block_1_116' title="bbox 1975 5289 3631 5364">
    <p class='ocr_par' dir='ltr' id='par_1_116' title="bbox 1975 5289 3631 5364">
     <span class='ocr_line' id='line_1_117' title="bbox 1975 5289 3631 5364; baseline -0.002 -15"><span class='ocrx_word' id='word_1_851' title='bbox 1975 5302 2150 5350; x_wconf 84' lang='lat' dir='ltr'><strong>tecum</strong></span> <span class='ocrx_word' id='word_1_852' title='bbox 2174 5309 2318 5357; x_wconf 82' lang='lat' dir='ltr'><strong>sum,</strong></span> <span class='ocrx_word' id='word_1_853' title='bbox 2337 5289 2718 5346; x_wconf 84' lang='lat' dir='ltr'><strong>confutantur</strong></span> <span class='ocrx_word' id='word_1_854' title='bbox 2748 5289 2834 5345; x_wconf 84' lang='lat' dir='ltr'><strong>illi</strong></span> <span class='ocrx_word' id='word_1_855' title='bbox 2865 5290 3276 5364; x_wconf 75' lang='lat' dir='ltr'><strong>praedicatores</strong></span> <span class='ocrx_word' id='word_1_856' title='bbox 3297 5292 3399 5364; x_wconf 84' lang='lat' dir='ltr'><strong>qui</strong></span> <span class='ocrx_word' id='word_1_857' title='bbox 3431 5290 3631 5346; x_wconf 85' lang='lat' dir='ltr'><strong>homi-</strong></span> 
     </span>
    </p>
   </div>
   <div class='ocr_carea' id='block_1_117' title="bbox 1975 5377 3632 5446">
    <p class='ocr_par' dir='ltr' id='par_1_117' title="bbox 1975 5377 3632 5446">
     <span class='ocr_line' id='line_1_118' title="bbox 1975 5377 3632 5446; baseline -0.001 -8"><span class='ocrx_word' id='word_1_858' title='bbox 1975 5398 2076 5438; x_wconf 87' lang='lat' dir='ltr'><strong>nes</strong></span> <span class='ocrx_word' id='word_1_859' title='bbox 2105 5383 2348 5446; x_wconf 87' lang='lat' dir='ltr'><strong>timent;</strong></span> <span class='ocrx_word' id='word_1_860' title='bbox 2382 5389 2518 5434; x_wconf 87' lang='lat' dir='ltr'><strong>nam</strong></span> <span class='ocrx_word' id='word_1_861' title='bbox 2550 5379 2610 5434; x_wconf 92' lang='lat' dir='ltr'><strong>in</strong></span> <span class='ocrx_word' id='word_1_862' title='bbox 2642 5377 2751 5433; x_wconf 88' lang='lat' dir='ltr'><strong>hoc</strong></span> <span class='ocrx_word' id='word_1_863' title='bbox 2781 5378 2968 5436; x_wconf 90' lang='lat' dir='ltr'><strong>Deum</strong></span> <span class='ocrx_word' id='word_1_864' title='bbox 2996 5391 3200 5436; x_wconf 83' lang='lat' dir='ltr'><strong>secum</strong></span> <span class='ocrx_word' id='word_1_865' title='bbox 3248 5396 3366 5436; x_wconf 91' lang='lat' dir='ltr'><strong>non</strong></span> <span class='ocrx_word' id='word_1_866' title='bbox 3414 5378 3632 5436; x_wconf 83' lang='lat' dir='ltr'><strong>habere</strong></span> 
     </span>
    </p>
   </div>
   <div class='ocr_carea' id='block_1_118' title="bbox 1975 5467 3630 5538">
    <p class='ocr_par' dir='ltr' id='par_1_118' title="bbox 1975 5467 3630 5538">
     <span class='ocr_line' id='line_1_119' title="bbox 1975 5467 3630 5538; baseline -0.002 -11"><span class='ocrx_word' id='word_1_867' title='bbox 1975 5471 2401 5528; x_wconf 88' lang='lat' dir='ltr'><strong>demonstrant.</strong></span> <span class='ocrx_word' id='word_1_868' title='bbox 2425 5467 2572 5524; x_wconf 89' lang='lat' dir='ltr'><strong>Nam</strong></span> <span class='ocrx_word' id='word_1_869' title='bbox 2603 5467 2653 5524; x_wconf 91' lang='lat' dir='ltr'><strong>si</strong></span> <span class='ocrx_word' id='word_1_870' title='bbox 2697 5469 2898 5526; x_wconf 81' lang='lat' dir='ltr'><strong>secum</strong></span> <span class='ocrx_word' id='word_1_871' title='bbox 2945 5467 3132 5525; x_wconf 86' lang='lat' dir='ltr'><strong>Deum</strong></span> <span class='ocrx_word' id='word_1_872' title='bbox 3180 5467 3418 5535; x_wconf 80' lang='lat' dir='ltr'><strong>habent,</strong></span> <span class='ocrx_word' id='word_1_873' title='bbox 3447 5481 3630 5538; x_wconf 68' lang='lat' dir='ltr'><strong>quam</strong></span> 
     </span>
    </p>
   </div>
   <div class='ocr_carea' id='block_1_119' title="bbox 1975 5552 3632 5635">
    <p class='ocr_par' dir='ltr' id='par_1_119' title="bbox 1975 5552 3632 5635">
     <span class='ocr_line' id='line_1_120' title="bbox 1975 5552 3632 5635; baseline -0.002 -16"><span class='ocrx_word' id='word_1_874' title='bbox 1975 5559 2243 5619; x_wconf 85' lang='lat' dir='ltr'><strong>homines</strong></span> <span class='ocrx_word' id='word_1_875' title='bbox 2273 5555 2522 5617; x_wconf 84' lang='lat' dir='ltr'><strong>timent?</strong></span> <span class='ocrx_word' id='word_1_876' title='bbox 2553 5555 2833 5617; x_wconf 79' lang='lat' dir='ltr'><strong>imitandi</strong></span> <span class='ocrx_word' id='word_1_877' title='bbox 2847 5571 2989 5635; x_wconf 73' lang='lat' dir='ltr'><strong>ergo</strong></span> <span class='ocrx_word' id='word_1_878' title='bbox 3011 5559 3152 5618; x_wconf 81' lang='lat' dir='ltr'><strong>sunt</strong></span> <span class='ocrx_word' id='word_1_879' title='bbox 3165 5554 3341 5616; x_wconf 74' lang='lat' dir='ltr'><strong>nobis</strong></span> <span class='ocrx_word' id='word_1_880' title='bbox 3355 5552 3632 5634; x_wconf 67' lang='lat' dir='ltr'><strong>pradica-</strong></span> 
     </span>
    </p>
   </div>
  </div>
