4002 6078
117 239 273 302 1185

1234 239 1613 303 ΗΟΜΙῘᾸΕ.
1647 270 1722 284 —-
1751 237 1802 300 Ι.
1849 239 1952 301 DE
1992 237 2392 303 TEMPORE.

3356 200 3512 306 isse

116 371 288 428 malis
319 369 594 444 operibus
627 370 1006 444 reproborum
1040 371 1148 428 scit
1178 377 1233 428 et
1261 376 1448 444 potest
1470 372 1552 427 uti
1577 372 1634 451 in
1657 372 1757 428 bo-
1791 373 1843 440 Α
1873 371 2283 429 demonstrans
2314 373 2480 429 nobis
2511 374 2582 428 ad
2614 375 2742 446 pias
2771 373 3038 430 Ecclesia
3069 392 3190 430 sua
3229 393 3425 448 preces
3457 395 3518 433 se

116 477 277 518 num.
307 459 600 532 Quidquid
642 460 797 516 enim
847 460 987 516 mali
1030 461 1324 519 intentant
1351 462 1463 518 Deo
1493 467 1550 518 et
1578 478 1761 516 mem-

114 550 235 608 bris
265 549 546 623 ejus,Deo
578 548 854 620 militant,
886 549 987 622 qui
1017 551 1088 606 de
1131 549 1214 606 eis
1245 553 1303 606 et
1331 567 1434 624 per
1463 568 1561 606 eos
1591 566 1760 606 suam

115 639 346 712 perficit
365 637 725 694 voluntatem
757 642 812 694 et
840 637 1108 711 gloriam.
1149 639 1414 695 Secundo
1442 655 1596 707 vero,
1630 655 1763 694 con-

114 727 493 785 sidcrandum
525 731 613 784 est
633 727 787 800 quod
809 727 1092 783 Dominus
1113 728 1399 799 quosdam
1423 732 1759 784 sanctorum

20 843 22 874 ε
114 833 356 874 suorum
387 833 502 872 non
528 814 654 871 vult
693 815 752 871 in
783 815 893 872 hoc
923 815 1134 873 saculo
1165 816 1389 874 diutius
1420 833 1676 883 manere,
1705 821 1763 872 et

112 904 458 980 quamvis,si
491 904 1282 979 superviverent,viderentur
1309 909 1428 962 tam
1453 906 1562 963 sibi
1584 923 1758 979 quam

112 994 248 1052 aliis
287 993 542 1051 multum
593 992 902 1066 profuturi,
936 997 1130 1050 tamen
1185 993 1383 1050 festive
1423 1012 1522 1050 eos
1567 995 1764 1051 educit

109 1085 182 1142 de
213 1082 696 1141 tribulationibus
725 1081 904 1154 huius
934 1083 1234 1151 mundi,ut
1260 1083 1544 1140 Jacobum
1578 1083 1762 1155 Majo-

109 1191 234 1231 rem
267 1189 442 1246 quem
489 1171 680 1229 adhuc
705 1173 981 1245 juvenem
1013 1177 1146 1229 ante
1177 1178 1414 1229 catcros
1443 1173 1757 1246 apostolos,

110 1265 183 1320 de
238 1263 349 1319 hoc
397 1261 638 1328 mundo,
672 1277 776 1334 per
828 1259 1089 1336 gladium
1153 1262 1390 1318 Herodis
1449 1262 1758 1318 subtraxit.

109 1353 277 1420 Quod
308 1351 662 1408 omnisciens
707 1349 993 1406 Dominus
1022 1355 1260 1424 propter
1285 1355 1402 1407 tres
1433 1368 1640 1409 causas
1671 1352 1760 1407 fa-

109 1443 216 1500 cit.
253 1441 446 1498 Prime
475 1443 582 1509 est,
616 1438 891 1512 quoniam
926 1439 1084 1496 novit
1133 1457 1231 1496 eos
1261 1440 1470 1497 merita
1499 1458 1626 1510 qua
1657 1441 1762 1498 ba-

107 1528 294 1589 bituri
341 1533 528 1596 erant,
560 1544 1024 1600 consummasse,
1048 1529 1218 1600 juxta
1266 1531 1421 1603 quod
1474 1530 1761 1604 scriptum

106 1625 202 1677 est
234 1634 249 1675 :
283 1641 311 1669 ‹‹
353 1617 810 1674 Consummatus
869 1617 927 1673 in
987 1617 1141 1673 brevi
1199 1618 1448 1691 explevit
1500 1623 1764 1692 tempora

108 1705 693 1764 multa.Venerabilis
723 1705 880 1762 enim
909 1711 998 1762 est
1018 1711 1430 1778 senectus,non
1463 1708 1760 1776 diuturna,

108 1813 305 1869 neque
331 1811 620 1852 annorum
648 1811 892 1852 numero
914 1796 1412 1868 computata.Cani
1443 1796 1600 1852 enim
1624 1800 1766 1853 sunt

107 1902 325 1942 sensus
355 1883 696 1951 hominis,et
726 1888 864 1940 atas
894 1883 1208 1940 senectutis
1240 1884 1354 1940 vita
1386 1885 1766 1942 immaculata

113 1975 270 2048 (Sap.
303 1972 400 2044 ιν).
434 1995 462 2024 ››
496 1971 677 2042 Unde,
709 1973 977 2046 quamvis
1017 1973 1204 2028 sancti
1228 1975 1476 2046 juvenes
1508 1974 1762 2030 morian-

107 2071 230 2130 tur,
257 2067 452 2119 tamen
487 2061 718 2135 explent
749 2060 874 2118 dies
903 2079 1209 2129 suos,cum
1238 2067 1440 2118 contra
1468 2063 1538 2118 de
1570 2080 1764 2135 repro-

110 2154 209 2209 bis
239 2152 468 2208 dicatur
499 2167 512 2206 :
549 2173 576 2200 ‹‹
607 2150 729 2205 Viri
762 2151 1117 2224 sanguinum
1151 2156 1206 2207 et
1235 2150 1418 2208 dolosi
1453 2169 1566 2208 non
1599 2151 1767 2208 dimi-

107 2243 363 2298 diabunt
394 2240 517 2295 dies
547 2256 687 2295 suos
716 2240 884 2311 (Prol.
923 2245 1054 2309 LIV).
1083 2264 1110 2290 »
1141 2241 1410 2296 Secunda
1439 2246 1548 2307 est,
1604 2258 1676 2296 ne
1706 2241 1764 2296 in

72 2348 78 2354 ‘
108 2329 345 2386 lubrica
367 2329 545 2401 hujus
567 2328 762 2384 saculi
780 2329 872 2384 via
889 2327 1204 2401 aliquando
1219 2329 1554 2386 laberentur
1571 2336 1628 2386 et
1645 2348 1768 2403 pcr-

105 2419 288 2486 irent,
315 2418 484 2490 juxta
531 2418 686 2490 quod
737 2417 1020 2490 scriptum
1060 2423 1188 2474 est:
1225 2442 1252 2470 ‹‹
1287 2419 1512 2493 Raptus
1559 2425 1649 2476 est
1694 2436 1767 2475 ne

106 2507 346 2564 malitia
375 2511 634 2563 mutaret
662 2506 1022 2562 intellectum
1056 2509 1313 2580 ejus,aut
1342 2526 1412 2564 ne
1434 2509 1588 2564 fictio
1620 2509 1767 2565 deci-

106 2601 282 2672 peret
312 2595 570 2652 animam
601 2597 729 2668 ejus
751 2597 898 2669 (Sap.
924 2595 1020 2668 IV).
1049 2619 1077 2646 ››
1099 2601 1409 2670 Propterea
1439 2599 1769 2671 properavit

104 2688 363 2744 educere
416 2702 550 2742 eum
603 2685 673 2742 de
722 2685 915 2741 medio
963 2684 1362 2758 iniquitatum.
1414 2687 1610 2743 Tertia
1657 2692 1764 2756 est,

105 2776 274 2848 quod
307 2774 436 2830 ideo
469 2772 582 2830 cito
613 2773 1030 2847 praripiuntur
1058 2775 1243 2830 sancti
1276 2775 1346 2831 de
1377 2775 1486 2832 hoc
1533 2775 1764 2846 saculo,

103 2863 395 2938 quoniam
427 2863 533 2930 eis,
572 2867 639 2919 ut
685 2862 767 2919 ait
811 2863 1144 2937 Apostolus,
1177 2887 1207 2914 «
1239 2864 1454 2938 dignus
1501 2883 1616 2922 non
1647 2869 1770 2921 erat

105 2953 380 3010 mundus
426 2954 618 3020 (Hebr.
645 2952 786 3024 ιι).››
818 2953 888 3008 Et
934 2952 1062 3008 ideo
1109 2952 1474 3027 exigentibus
1518 2953 1771 3027 peccatis

103 3042 266 3111 suis,
300 3040 520 3098 lumine
551 3046 889 3097 sanctorum
921 3042 1242 3114 privantur.
1279 3042 1439 3099 Unde
1487 3043 1768 3116 scriptum

1872 477 2104 534 semper
2133 478 2259 518 esse
2291 462 2663 528 exorabilem,
2698 467 2754 519 et
2782 465 2854 519 ad
2899 463 3266 520 liberandum
3297 481 3424 520 eam
3458 481 3518 522 se

1872 566 2102 622 semper
2129 567 2255 606 esse
2286 555 2782 622 potentem.Porro
2822 552 3196 610 incarceratio
3227 559 3282 609 et
3311 553 3518 610 libera-

1870 638 2106 711 tio,qua
2137 640 2316 696 semel
2348 640 2509 695 facta
2542 646 2679 697 sunt
2711 641 2770 696 in
2803 642 3253 712 Petro,quotidie
3275 644 3425 698 fiunt
3453 643 3513 698 in

1871 727 2059 784 nobis.
2094 728 2346 785 Herodes
2398 729 2576 797 enim,
2605 730 2661 785 id
2712 735 2801 787 est
2830 731 3120 798 diabolus,
3152 731 3250 804 qui
3301 737 3389 787 est
3420 749 3516 787 rex

1869 817 2133 873 omnium
2166 817 2790 891 iniquorum,quotidie
2817 819 2930 876 Deo
2964 821 3353 892 permittente,
3386 821 3518 878 mit-

1868 904 1940 961 tit
1970 923 2183 962 manus
2214 924 2351 963 suas
2382 912 2448 962 ut
2478 908 2698 982 afﬂigat
2729 925 2876 980 quos
2907 913 3098 982 potest
3138 910 3207 965 de
3237 909 3511 965 Ecclesia.

1868 994 1996 1050 Non
2027 995 2183 1052 enim
2216 996 2432 1053 sufficit
2461 997 2511 1053 ei
2544 998 2698 1070 quod
2731 997 2977 1069 gentiles
3001 1002 3057 1054 et
3084 998 3315 1054 Judaos
3354 1003 3516 1055 cate—

1870 1101 2082 1157 rosque
2113 1084 2376 1142 infideles
2408 1087 2664 1159 quotidie
2685 1088 2936 1156 devorat,
2974 1086 3084 1143 nisi
3134 1087 3309 1143 etiam
3361 1086 3515 1144 Chri-

1869 1174 2112 1240 stianos,
2137 1191 2285 1247 quos
2315 1179 2506 1248 potest
2533 1175 2593 1232 in
2627 1176 2824 1232 anima
2851 1176 3093 1232 occidat.
3126 1176 3288 1232 Unde
3319 1175 3514 1232 Domi-

1870 1280 1982 1319 nus
2012 1264 2082 1318 de
2110 1279 2174 1319 eo
2206 1264 2278 1319 ad
2297 1264 2530 1321 beatum
2553 1265 2663 1322 Job
2682 1265 2795 1322 ait:
2832 1289 2859 1315 ‹‹
2882 1264 3228 1322 Absorbebit
3249 1265 3512 1334 fluvium,

1869 1356 1928 1408 et
1957 1369 2072 1408 non
2106 1352 2434 1424 mirabitur,
2469 1359 2526 1410 et
2555 1354 2731 1411 habet
2762 1355 3034 1410 fiduciam
3067 1355 3222 1427 quod
3243 1354 3516 1411 Jordanis

1872 1441 2016 1497 fluat
2050 1441 2110 1497 in
2159 1459 2223 1498 os
2272 1444 2400 1514 ejus
2432 1444 2565 1515 (Job.
2599 1443 2710 1516 XL).
2749 1466 2776 1493 »
2808 1445 2887 1499 Ac
2937 1444 2985 1498 si
3029 1443 3180 1499 dicat
3210 1461 3222 1498 :
3257 1443 3382 1500 Non
3414 1458 3516 1515 pro

1872 1547 2084 1604 magno
2114 1530 2289 1588 habet
2317 1532 2584 1588 diabolus
2624 1533 2777 1604 quod
2813 1532 3078 1601 fluvium,
3110 1533 3166 1588 id
3211 1536 3298 1590 est
3333 1548 3519 1606 genus

1872 1618 2222 1687 humanum,
2255 1639 2289 1676 a
2318 1621 2603 1693 principio
2652 1622 2855 1677 mundi
2897 1638 3084 1694 usque
3116 1622 3187 1678 ad
3218 1621 3518 1678 Christum

1872 1708 1989 1764 fere
2018 1713 2204 1765 totum
2237 1710 2560 1781 absorbuit,
2589 1711 2703 1767 nisi
2748 1712 2924 1767 etiam
2972 1711 3308 1779 Jordancm,
3342 1711 3399 1766 id
3432 1714 3521 1767 est

1873 1797 2197 1870 baptizatos
2227 1798 2287 1854 in
2316 1803 2576 1855 ventrem
2607 1817 2725 1856 sua
2749 1800 2984 1856 malitia
3005 1799 3522 1874 transglutiat.Nec

1872 1885 2090 1942 sufficit
2119 1887 2295 1943 etiam
2328 1887 2378 1943 ei
2410 1889 2565 1960 quod
2615 1889 2869 1946 minores
2899 1890 2968 1946 de
3000 1888 3256 1946 Ecclesia
3294 1889 3520 1962 aliquos

1873 1974 2133 2048 quotidie
2147 1977 2474 2044 enecat,sed
2507 1977 2680 2034 etiam
2711 1979 2964 2050 majores
2991 1983 3048 2034 et
3078 1977 3344 2050 pralatos
3384 1993 3520 2032 san-

1873 2070 1977 2120 cta
2009 2064 2276 2120 Ecclesia
2308 2065 2594 2138 pracipuc
2625 2067 2883 2124 occidere
2914 2066 3331 2123 festinat.Esca
3363 2066 3520 2122 enim

1874 2155 2094 2225 ejus,ut
2124 2153 2203 2210 ait
2237 2154 2525 2222 llabacuc,
2550 2154 2741 2212 electa
2774 2161 2912 2212 sunt
2943 2156 3172 2229 (Ilabac.
3204 2155 3434 2228 1).Unde
3465 2158 3522 2210 et

1875 2242 1968 2298 hic
2001 2242 2235 2299 dicitur.
2270 2242 2477 2300 Occidit
2504 2253 2685 2300 autem
2729 2245 2987 2302 Iacobum
3026 2248 3256 2315 fratrem
3295 2246 3522 2300 Joannis

1873 2331 2078 2400 gladio,
2104 2332 2379 2403 quoniam
2414 2350 2658 2405 magnos
2691 2338 3122 2406 contemptores
3161 2337 3217 2389 et
3246 2331 3525 2405 supplan-

1874 2423 2090 2475 tetores
2117 2420 2390 2475 vitiorum
2425 2423 2635 2476 occidit
2665 2422 2857 2494 gladio
2897 2440 3013 2478 sua
3048 2421 3402 2479 tentationis.
3429 2424 3522 2478 Vi-

1873 2507 2004 2564 den:
2044 2502 2223 2565 autem
2254 2508 2361 2564 hoc
2394 2509 2619 2581 placere
2662 2511 2890 2576 Judais,
2924 2511 2981 2567 id
3013 2517 3101 2568 est
3139 2510 3374 2566 malitiae
3403 2527 3522 2566 sua

1874 2597 2222 2664 fautoribus,
2257 2598 2494 2670 apponit
2522 2599 2699 2655 etiam
2731 2609 2788 2656 ut
2817 2605 3062 2668 Petrum,
3093 2600 3151 2655 id
3195 2604 3285 2655 est
3332 2599 3526 2654 firmo-

1877 2703 2006 2742 rum
2030 2685 2434 2758 episcoporum
2455 2688 2719 2743 ordinem
2742 2688 3240 2761 apprehendat,ut
3258 2687 3526 2743 videlicet

1877 2773 2014 2830 laso
2045 2775 2234 2847 capite
2267 2774 2494 2831 minora
2525 2777 2789 2832 membra
2817 2777 2928 2832 sibi
2961 2776 3364 2833 universaliter
3395 2775 3528 2832 sub-

1868 2863 2059 2936 jiciat.
2095 2864 2253 2920 Facit
2285 2869 2478 2920 autem
2520 2865 2629 2922 hoc
2661 2864 2949 2938 pracipue
2981 2865 3037 2919 in
3072 2865 3275 2920 diebus
3308 2881 3530 2936 azymo-

1879 2969 2032 3022 rum,
2061 2952 2337 3024 quoniam
2388 2953 2446 3008 in
2496 2953 2966 3010 solemnitatibus
2998 2958 3055 3010 et
3087 2953 3144 3008 in
3169 2952 3434 3025 jejuniis,
3466 2952 3525 3006 in

1880 3040 2096 3114 quibus
2128 3041 2326 3098 fideles
2375 3047 2639 3098 exercent
2668 3059 2730 3098 se
2760 3043 2831 3098 ad
2863 3042 3144 3114 majorem
3185 3040 3520 3112 puritatem,

104 3136 205 3189 est
241 3147 255 3188 :
288 3129 409 3186 Viri
425 3130 575 3203 justi
595 3129 967 3198 tolluntur,et
989 3148 1159 3188 nemo
1179 3131 1510 3188 considerat
1535 3149 1548 3199 ;
1573 3133 1768 3189 efacie
1796 3119 1839 3186 C
1878 3131 2158 3202 majorem
2174 3135 2714 3187 exercctcontracos
2741 3129 3522 3204 diabolusimpugnationem

102 3219 450 3294 iniquitatis
480 3219 748 3276 sublatus
779 3224 868 3275 est
897 3221 1098 3292 justus
1131 3221 1255 3292 (Isa.
1289 3221 1440 3293 Lvu.)
1475 3221 1584 3277 Sed
1616 3237 1766 3293 qua-

103 3325 355 3382 cunque
385 3309 456 3366 de
487 3325 686 3375 causa,
709 3309 916 3364 fratres
946 3308 1207 3375 mei,tam
1239 3310 1354 3365 cito
1383 3309 1666 3366 tollantur
1695 3310 1766 3366 ab

104 3398 233 3455 hoc
265 3397 477 3454 misero
509 3397 728 3453 mundo
759 3396 966 3463 sancti,
997 3398 1142 3454 bene
1172 3403 1228 3454 et
1258 3399 1423 3454 beate
1455 3403 1649 3454 actum
1681 3403 1770 3454 est

101 3503 257 3546 cum
287 3484 393 3552 eis,
425 3485 641 3558 quibus
689 3486 891 3541 datum
940 3491 1030 3541 est
1071 3490 1192 3542 tam
1226 3487 1339 3543 cito
1369 3492 1768 3543 transcurrere

95 3577 379 3634 laborem
410 3574 588 3647 hujus
616 3574 822 3630 mundi
872 3579 929 3630 et
958 3575 1277 3643 miseriam,
1313 3579 1368 3632 et
1402 3575 1646 3649 gloriam
1677 3575 1766 3632 in-

96 3672 274 3721 trare
305 3665 743 3736 sempiternam.
769 3662 984 3732 Tertio,
1010 3680 1243 3736 quoque
1274 3665 1766 3721 considerandum

96 3758 204 3810 est
235 3753 392 3825 quod
426 3751 570 3809 alios
597 3757 932 3808 sanctorum
966 3752 1248 3809 Dominus
1279 3757 1544 3826 potenter
1566 3754 1638 3809 de
1659 3753 1768 3808 tri-

93 3841 521 3899 bulationibus
551 3840 824 3914 eripiens,
856 3841 994 3898 facit
1039 3858 1137 3898 eos
1167 3841 1261 3898 hic
1290 3841 1522 3916 longam
1557 3847 1769 3898 ducere

92 3933 322 3997 vitam,
352 3934 417 3987 nt
459 3932 692 3987 Petrum
730 3934 788 3986 et
815 3930 1100 3987 Joannem
1133 3931 1571 4004 evangelistam.
1605 3931 1767 3998 Quod

93 4021 358 4096 quidem
387 4020 608 4088 facit,et
640 4019 711 4075 ad
746 4020 1027 4091 majorem
1061 4021 1300 4092 majoris
1328 4020 1545 4077 laboris
1565 4038 1766 4077 eorum

92 4107 737 4176 remunerationem,et
769 4109 839 4164 ad
871 4108 1139 4165 Ecclesia
1170 4127 1288 4165 sua
1311 4109 1767 4166 consolationem

92 4205 160 4255 et
195 4196 678 4264 eruditionem,et
701 4197 774 4253 ad
807 4199 988 4270 partis
1017 4197 1268 4253 adversa
1292 4199 1693 4254 confusionem
1715 4202 1771 4255 et

92 4285 817 4361 depradationem,quam
850 4285 1098 4342 maxime
1128 4287 1664 4356 confundunt,dum
1687 4287 1772 4344 eis

88 4391 255 4432 vasa
285 4373 638 4447 captivitatis
666 4373 945 4446 eripiunt.

179 4467 434 4536 Propter
461 4463 588 4530 has,
625 4462 806 4537 igitur
853 4479 1062 4520 causas
1092 4464 1325 4521 Petrum
1356 4463 1623 4521 Ecclesia
1655 4483 1772 4522 sua

91 4553 407 4612 Dominus
447 4552 673 4609 diutius
713 4553 1046 4621 reservavit,
1097 4558 1154 4609 et
1202 4555 1272 4610 de
1317 4570 1545 4610 carcere
1594 4555 1775 4611 Hero-

91 4644 206 4700 dis
267 4643 539 4714 potenter
589 4657 726 4697 eum
782 4640 1068 4699 liberavit.
1132 4642 1194 4698 In
1254 4659 1371 4716 qua
1432 4643 1775 4701 liberatione

91 4729 582 4790 misericordiam
599 4729 820 4802 pariter
839 4735 895 4788 ct
913 4731 1397 4805 omnipotentiam
1419 4750 1586 4789 suam
1606 4733 1776 4790 nobis

90 4824 318 4894 aperte
347 4819 733 4876 demonstrat.
780 4820 847 4876 Et
895 4819 1357 4878 misericordiam
1405 4822 1662 4894 quidem,
1715 4823 1774 4877 in

87 4912 226 4968 hoc
287 4909 444 4980 quod
477 4908 548 4964 ad
596 4925 797 4982 preces
853 4908 1122 4966 Ecclesia
1179 4928 1298 4966 sua
1357 4929 1460 4984 pro
1519 4912 1774 4968 incarce-

90 4997 346 5056 ratione
393 4996 662 5070 magistri
693 4997 785 5053 sui
815 4997 1111 5065 desolata,
1145 5005 1341 5055 motus
1389 5005 1446 5056 et
1497 5001 1774 5058 misertus

90 5092 226 5145 est.
265 5086 592 5142 Potentiam
640 5103 773 5143 vero
823 5087 883 5142 in
924 5087 1033 5144 hoc
1093 5088 1249 5160 quod
1308 5089 1542 5145 Petrum
1586 5090 1774 5147 incar-

91 5179 388 5234 ceratum
441 5174 660 5248 duplici
713 5181 917 5232 catena
963 5176 1244 5244 vinctum,
1296 5178 1633 5250 duplicique
1671 5196 1778 5235 cu-

89 5262 318 5323 stodia
365 5263 617 5320 multum
667 5264 1196 5334 circumvallatum,
1230 5272 1396 5340 porta
1427 5266 1610 5324 ferrea
1639 5285 1779 5340 prae-

87 5355 378 5420 clusum,
413 5352 486 5409 ab
534 5353 810 5411 omnibus
859 5354 954 5410 his
1002 5355 1458 5429 impedimentis,
1511 5373 1627 5412 non
1677 5374 1780 5429 per

86 5446 446 5503 humanam
477 5443 894 5510 cautelam,sed
925 5460 1029 5516 per
1057 5444 1330 5516 angelum
1362 5462 1537 5501 suum
1569 5450 1779 5517 poten-

83 5539 209 5595 ter
239 5529 543 5605 eripuit,“
572 5531 838 5590 Ecclesia
868 5549 986 5590 sua
1016 5532 1473 5592 misericorditer
1501 5534 1778 5610 restituit,

449 5655 717 5722 Panos.
761 5657 936 5724 CLV.

1875 3218 2320 3291 Apprehensum
2343 3224 2540 3275 autem
2557 3218 3099 3293 impugnationibus
3122 3218 3245 3275 suis
3267 3223 3524 3291 peccato-

1876 3307 2206 3376 rem,mittit
2243 3308 2301 3364 in
2338 3310 2794 3382 profunditatem
2826 3314 2883 3365 et
2911 3308 3324 3366 obscuritatem
3355 3307 3520 3363 vitio-

1876 3402 2091 3463 rum,et
2122 3415 2192 3454 ne
2223 3398 2357 3454 inde
2388 3415 2489 3470 per
2537 3403 2764 3470 portam
2810 3398 3160 3471 paenitentia
3199 3401 3381 3465 exeat,
3409 3400 3523 3452 tra-

1876 3487 1964 3542 dit
1991 3503 2125 3542 eum
2156 3495 2389 3560 quatuor
2436 3488 2883 3560 quaternionibus
2931 3489 3174 3543 militum
3219 3486 3522 3543 custodien-

1875 3575 2024 3631 dum.
2060 3575 2285 3632 Dicitur
2334 3581 2528 3632 autem
2572 3576 2878 3649 quaternio
2930 3576 3030 3649 qui
3060 3576 3237 3632 habet
3278 3579 3528 3648 quatuor

1876 3668 2154 3736 tyrannos
2185 3665 2295 3721 sub
2326 3681 2408 3728 se.
2435 3663 2587 3721 sicut
2616 3665 2878 3721 centurio
2913 3665 3012 3738 qui
3034 3665 3251 3722 habent
3271 3667 3526 3721 centum.

1879 3752 2110 3808 Primus
2141 3754 2321 3826 igitur
2347 3753 2778 3825 quaternio,cui
2813 3758 3079 3827 peccator
3109 3753 3527 3810 custodiendus

1876 3842 2128 3898 traditur
2157 3859 2190 3898 a
2221 3841 2473 3910 diabolo,
2505 3849 2593 3900 est
2641 3843 2886 3917 spiritus
2935 3843 3098 3900 stulti
3131 3833 3390 3916 pudoris,
3426 3843 3525 3913 qui

1878 3930 2279 3987 confusionem
2321 3931 2532 4006 ingerit
2559 3933 2843 4005 peccatori
2876 3931 3188 3988 confitendi
3219 3935 3525 4004 peccatum

1877 4036 2074 4076 suum.
2109 4019 2270 4076 Unde
2320 4020 2642 4077 Salomon:
2684 4045 2711 4071 ‹‹
2763 4023 2863 4077 Est
2908 4020 3171 4077 confusio
3231 4020 3525 4076 adducens

1879 4112 2183 4180 peccatum
2219 4110 2403 4181 (Ecch'.
2439 4109 2537 4181 iv).
2571 4132 2598 4159 »
2630 4110 2732 4166 Hic
2764 4109 2939 4166 habet
2964 4109 3072 4166 sub
3095 4126 3156 4166 sc
3178 4107 3530 4183 quatuor,vi-

1880 4197 2088 4252 delicet
2116 4198 2400 4270 pudorem
2449 4199 2784 4265 confitendi,
2816 4199 3098 4270 pudorem
3147 4215 3210 4254 se
3243 4197 3528 4254 sacerdoti

1879 4285 2544 4359 humiliandi,pudorem
2559 4287 2909 4344 medicinam
2923 4286 3529 4360 quarendi,pudorem

1880 4375 2204 4446 injunctam
2257 4376 2655 4448 paenitentiam
2707 4375 3112 4448 persequendi.
3146 4376 3214 4430 Et
3265 4391 3336 4431 ne
3389 4374 3530 4430 forte

1881 4463 2010 4530 iste,
2044 4464 2116 4520 ad
2149 4465 2598 4521 custodiendum
2651 4463 2710 4520 in
2760 4469 2994 4537 peccato
3033 4481 3139 4520 suo
3172 4467 3532 4536 peccatorem

1886 4569 2001 4608 non
2052 4553 2326 4620 sufficiat,
2371 4553 2714 4628 adjungitur
2763 4558 2819 4609 et
2866 4553 3161 4609 secundus
3206 4551 3532 4626 quaternio,

1884 4641 2109 4699 scilicet
2135 4641 2377 4715 spiritus
2411 4661 2598 4716 prava
2630 4643 2981 4708 securitatis,
3015 4641 3114 4714 qui
3145 4641 3416 4697 similiter
3441 4657 3532 4696 se-

1885 4747 2019 4786 cum
2053 4731 2229 4787 habet
2258 4737 2530 4804 quatuor,
2563 4731 2934 4788 securitatem
2984 4729 3126 4786 levis
3174 4734 3231 4786 et
3282 4728 3536 4786 remissi-

1885 4819 2021 4875 bilis
2077 4819 2281 4891 culpa,
2315 4821 2687 4876 securitatem
2739 4819 3020 4892 longioris
3077 4819 3231 4886 vita,
3264 4817 3537 4874 securita-

1885 4917 2004 4968 tem
2037 4911 2180 4966 satis
2212 4911 2446 4984 agenda
2499 4910 2871 4982 poenitentia,
2907 4909 3278 4965 securitatem
3328 4908 3533 4963 divina

1884 5001 2316 5056 misericordia.
2352 5000 2421 5055 Et
2469 5018 2539 5056 ne
2591 5000 2736 5055 forte
2794 4999 2891 5056 isti
2921 5000 3036 5054 duo
3069 5015 3185 5053 non
3217 4997 3534 5063 sufficiant,

1885 5089 2121 5145 additur
2149 5095 2205 5145 et
2232 5088 2436 5144 tertius
2473 5089 2798 5161 quaternio,
2835 5088 3077 5161 spiritus
3107 5087 3327 5144 scilicet
3356 5085 3536 5141 obsti-

1887 5177 2162 5244 nationis,
2188 5178 2288 5250 qui
2312 5177 2532 5233 scilicet
2564 5182 2816 5250 quatuor
2845 5179 2954 5235 sub
2987 5193 3047 5232 se
3078 5176 3540 5243 habet,obstina-

1885 5267 2103 5322 tionem
2153 5266 2212 5321 in
2254 5271 2509 5339 peccato,
2555 5267 3011 5323 obstinationem
3061 5266 3121 5321 in
3180 5268 3541 5335 contemptu,

1887 5355 2340 5412 obstinationem
2391 5354 2450 5409 in
2482 5355 2672 5411 cordis
2705 5356 2942 5425 duritia,
2984 5353 3436 5413 obstinationem
3485 5352 3544 5406 in

1889 5444 2334 5518 impcenitentia.
2371 5444 2440 5500 Et
2469 5461 2540 5500 ne
2591 5445 2739 5501 forte
2769 5444 2868 5502 isti
2915 5450 3034 5500 tres
3085 5462 3201 5501 non
3230 5440 3546 5506 sufficiant,

1889 5533 2128 5594 additur
2155 5537 2212 5592 et
2237 5537 2484 5610 quartus
2517 5533 3100 5612 quaternio,cpiritus
3131 5529 3351 5591 scilicet
3371 5527 3551 5584 incre-

3159 5657 3242 5721 44
