4002 6078
87 259 249 326 1393

1218 254 1596 320 HOMILIE.
1628 289 1707 304 -
1733 256 1784 320 Ι.
1831 259 1935 321 DE
1977 259 2372 324 TEMPORE.

3340 259 3497 324 1394

86 393 256 468 sequi
285 389 679 449 humilitatem
702 389 829 448 Filii
849 387 1088 463 Dei,qui
1109 391 1180 447 ab
1199 389 1510 447 altitudine
1531 390 1739 448 divina
1771 392 1826 460 Α
1853 392 1934 465 ιι).
1971 415 1999 442 ››
2027 393 2407 468 Evangelium
2436 411 2569 451 vero
2601 393 2794 468 ipsum
2828 393 3033 450 didicit
3063 411 3165 467 per
3193 393 3494 452 revelatio-

87 481 422 556 majestatis
450 484 680 536 tantum
713 497 774 536 se
805 479 1137 536 humiliavit
1167 485 1233 536 ut
1263 480 1334 535 de
1365 479 1612 536 muliere
1634 483 1744 536 for-

89 589 253 628 mam
283 569 435 628 servi
465 569 558 626 sui
589 569 894 642 acciperet,
930 570 1085 625 Deus
1117 569 1341 625 homini
1373 587 1434 625 se
1465 570 1744 626 subderet

90 665 151 718 et
179 661 233 716 ei
263 659 647 727 ministraret,
679 675 784 731 pro
815 675 979 714 servo
1009 663 1066 714 et
1097 676 1130 714 a
1168 674 1331 714 servo
1383 675 1489 714 suo
1537 663 1740 714 contu-

89 749 322 816 melius,
369 747 620 820 injurias
687 751 1056 820 mortemque
1114 747 1448 804 sustineret.
1499 748 1743 804 Justitia

88 855 327 914 quoque
389 836 688 910 Evangelii
751 853 986 893 omnem
1053 837 1377 892 humanam
1441 841 1498 892 et
1564 837 1741 893 etiam

86 929 343 1002 legatam
367 925 662 998 justitiam
715 925 1141 998 superexcellit.
1174 926 1300 982 Non
1349 925 1540 982 solum
1585 925 1740 982 enim

87 1015 500 1083 homicidium,
533 1015 635 1071 sed
666 1015 840 1071 etiam
873 1014 1288 1072 contumeliam
1319 1020 1376 1071 et
1404 1015 1553 1071 iram
1585 1015 1743 1072 dam-

87 1110 213 1170 nat.
246 1105 364 1161 Nec
411 1102 604 1161 solum
663 1103 880 1160 malam
930 1104 1347 1177 operationem,
1401 1105 1502 1160 sed
1564 1104 1741 1160 etiam

87 1193 311 1256 malam
343 1192 702 1250 voluntatem
733 1193 994 1249 damnat.
1029 1193 1154 1249 Non
1187 1194 1362 1249 etiam
1397 1193 1587 1249 solum
1619 1211 1744 1266 per-

80 1283 315 1357 jurium
364 1281 652 1356 prohibet,
685 1282 786 1338 sed
831 1282 1011 1338 etiam
1053 1283 1502 1355 jusjurandum.
1538 1282 1743 1338 Inimi-

88 1389 192 1432 cos
224 1371 488 1446 praecipit
518 1389 631 1428 non
666 1371 858 1426 solum
891 1389 1005 1426 non
1038 1372 1171 1427 odio
1204 1371 1541 1439 baberi,sed
1563 1372 1742 1428 etiam

88 1461 276 1536 diligi.
311 1460 712 1518 Misericordia
741 1459 917 1516 etiam
949 1460 1240 1534 Evangelii
1273 1477 1507 1516 omnem
1540 1461 1745 1517 huma-

88 1567 228 1608 nam
251 1549 714 1607 misorieordiam
729 1550 974 1606 excedit.
992 1549 1257 1622 Praecipit
1277 1549 1434 1605 enim
1454 1549 1738 1621 misereri,

88 1658 208 1698 non
239 1639 431 1697 solum
465 1637 1028 1706 miserabilium,sed
1057 1637 1743 1705 etiam,inimicorum,et

86 1729 344 1803 compati
359 1746 473 1785 non
487 1727 681 1785 solum
703 1727 1036 1802 indigentiae
1050 1728 1424 1795 afﬂictorum,
1442 1729 1542 1783 sed
1565 1727 1739 1782 etiam

85 1817 332 1876 insanire
377 1834 804 1892 perversorum,
838 1833 1003 1873 orare
1035 1833 1136 1889 pro
1180 1816 1652 1889 persecutoribus
1683 1820 1740 1872 et

85 1909 426 1966 benefacere
455 1906 734 1963 inimicis.
768 1907 836 1962 Et
865 1907 1020 1978 quod
1055 1905 1428 1979 Evangelium
1461 1905 1540 1962 sit
1560 1923 1741 1978 supra

86 1997 390 2055 hominem
435 2012 509 2052 ex
549 1996 640 2052 his
674 1999 922 2052 constat.
951 1996 1113 2062 Quod
1165 2013 1296 2052 vero
1328 2012 1362 2050 a
1392 1995 1508 2051 Deo
1540 1995 1639 2062 sit,
1671 2010 1742 2050 ex

84 2087 200 2144 hoc
235 2089 498 2160 apparet,
521 2085 803 2154 quoniam
835 2085 908 2141 ab
956 2089 1170 2141 aeterno
1223 2084 1333 2140 fuit
1361 2102 1395 2140 a
1431 2085 1542 2140 Deo
1575 2084 1739 2140 Patre

87 2163 576 2252 preordinatum,
589 2191 622 2230 a
641 2173 863 2247 Spiritu
881 2178 1082 2230 sansto
1099 2191 1203 2247 per
1217 2173 1583 2246 patriarchas
1600 2189 1741 2245 prae-

87 2267 433 2340 ﬂguratum,
467 2281 569 2338 per
608 2263 922 2336 prophetas
971 2263 1337 2335 praedictum,
1373 2280 1474 2334 per
1504 2261 1740 2334 angelos

92 2353 453 2425 nuntiatum,
481 2371 518 2410 a
549 2351 692 2408 Filio
722 2351 1030 2424 impletum
1060 2355 1118 2407 et
1139 2351 1595 2425 promulgatum,
1630 2355 1687 2406 et
1707 2368 1743 2407 a

91 2443 314 2518 Spiritu
345 2446 548 2499 sancto
578 2439 985 2514 perapostolos
1002 2440 1220 2512 ubique
1237 2440 1636 2512 praedicatum.
1656 2440 1740 2494 Ad

93 2548 346 2606 quorum
363 2531 766 2604 probationem
780 2530 1067 2586 accedunt
1096 2545 1274 2600 cpera
1305 2528 1612 2584 virtutum.
1635 2529 1741 2583 Pro

94 2621 208 2678 hac
237 2620 392 2678 enim
409 2621 520 2676 [ide
532 2619 716 2676 sancti
729 2623 920 2675 totum
935 2619 1224 2674 mundum
1240 2621 1738 2690 contempserunt,

89 2709 300 2768 omnia
327 2727 454 2782 quas
475 2708 772 2766 habebant
793 2708 1152 2781 pauperibus
1172 2711 1576 2780 erogaverunt,
1597 2707 1742 2763 nudi

93 2799 332 2855 nudum
365 2797 662 2854 Christum
695 2797 878 2854 secuti
896 2801 1056 2864 sunt,
1071 2813 1304 2852 carnem
1334 2813 1500 2852 suam
1515 2813 1649 2852 cum
1667 2796 1746 2851 vi-

95 2888 201 2944 tiis
229 2892 287 2943 et
308 2885 800 2960 concupiscentiis
811 2886 1243 2954 crucifixerunt,
1261 2885 1549 2952 castitate,
1565 2884 1747 2941 chari-

99 2981 220 3033 tate
251 2977 592 3049 ceterisque
617 2975 933 3031 virtutibus
951 2976 1307 3043 enituerunt,
1324 2978 1443 3030 toto
1459 2973 1746 3030 desiderio

101 3065 176 3122 ad
203 3064 461 3124 cmlestia
487 3065 878 3120 tetenderunt.
911 3063 1315 3134 contbmelias,
1345 3062 1745 3134 injurias,tor-

1852 499 1984 538 nem
2017 483 2158 538 Jesu
2189 483 2527 553 Christi,vel
2555 485 2788 557 quando
2820 484 2879 540 in
2911 485 3004 540 via
3033 485 3302 540 Damasci
3325 501 3499 540 exces-

1852 577 2018 627 catus
2051 573 2286 640 mansit,
2312 573 2396 628 vel
2429 573 2486 628 in
2522 574 2804 629 Damasco
2835 574 3023 629 tribus
3055 574 3260 628 diebus
3290 573 3346 627 in
3369 589 3496 628 ora-

1853 661 2010 718 tione
2042 679 2157 717 non
2192 663 2558 718 manducans
2602 679 2789 734 neque
2839 663 3067 718 bibens.
3106 663 3266 718 Unde
3297 662 3496 717 statim

1852 751 2158 824 ingressus
2188 751 2245 805 in
2281 768 2606 824 synagogas
2638 752 3028 806 confundebat
3058 752 3310 818 Judaaos,
3339 751 3496 805 afﬁr-

1853 857 2024 898 mans
2055 840 2334 912 quoniam
2363 840 2458 896 hic
2488 845 2575 896 est
2604 839 3005 896 Christus.Vel
3031 841 3263 912 quando
3294 844 3498 912 raptus

1851 934 1940 984 est
1969 946 2155 1002 nsque
2187 931 2260 985 ad
2292 931 2532 986 tertium
2564 929 2898 996 ccelum,vel
2921 930 3156 1002 quando
3188 933 3392 1000 raptus
3411 931 3498 985 est

1852 1018 1910 1074 in
1943 1018 2306 1091 paradisum,
2341 1023 2397 1074 et
2427 1019 2650 1075 audivit
2687 1019 2862 1074 verba
2909 1035 3036 1091 quin
3082 1035 3197 1072 non
3229 1017 3364 1073 licet
3393 1017 3496 1072 bo-

1853 1106 1997 1164 mini
2029 1107 2210 1180 loqui.
2245 1107 2407 1163 Unde
2438 1112 2590 1163 certe
2623 1108 3000 1164 beatissimus
3033 1112 3120 1163 est
3151 1107 3366 1162 Paulus
3397 1107 3496 1178 qui

1851 1197 2150 1252 veritatem
2184 1197 2474 1268 Evangelii
2506 1197 2721 1252 meruit
2750 1197 3195 1269 percipere,non
3217 1196 3288 1251 ab
3319 1195 3496 1251 inter-

1850 1290 2146 1358 prete,nec
2176 1286 2249 1341 ab
2277 1286 2472 1357 aliquo
2503 1285 2815 1353 mediante,
2847 1286 2946 1341 sed
2973 1287 3045 1340 ab
3078 1285 3204 1357 ipso
3238 1285 3496 1356 Evange-

1851 1373 1912 1429 lii
1945 1376 2405 1442 auctore,factus
2437 1375 2630 1431 subito
2661 1376 2720 1430 in
2753 1391 2817 1430 eo
2851 1375 3140 1446 perfectus
3163 1375 3289 1429 sine
3311 1389 3495 1445 mora,

1851 1465 1977 1520 sine
2025 1464 2314 1530 exercitio,
2351 1463 2476 1520 sine
2523 1463 2741 1520 labore.
2774 1463 2890 1519 Nos
2931 1481 3086 1533 vero,
3120 1463 3346 1530 fratres,
3395 1461 3498 1534 qui

1849 1553 2151 1610 veritatem
2210 1553 2501 1627 Evangelii
2551 1555 2622 1608 ab
2694 1553 2930 1608 homine
2997 1551 3282 1624 paulatim
3341 1550 3497 1606 didi-

1851 1643 2060 1712 cimus,
2097 1643 2156 1698 in
2189 1643 2297 1699 hoc
2328 1644 2580 1716 profecto
2613 1643 2768 1698 beati
2802 1641 3042 1709 erimus,
3077 1642 3124 1696 si
3159 1658 3287 1696 eam
3324 1641 3496 1696 corde

1851 1732 2098 1788 firmiter
2127 1732 2512 1799 tenuerimus,
2547 1733 2596 1787 si
2628 1749 2754 1788 eam
2788 1731 2965 1786 etiam
3011 1731 3162 1785 inter
3207 1733 3498 1785 tormenta

1848 1825 2183 1877 constanter
2211 1821 2460 1876 confessi
2494 1821 2798 1877 fuerimus.
2817 1820 2875 1876 Si
2893 1819 3240 1891 vero,(quod
3266 1818 3493 1886 absitl),

1846 1909 2038 1965 verbis
2086 1909 2460 1982 Evangelium
2492 1911 2858 1976 conﬁtemur,
2895 1913 2952 1963 et
2982 1908 3150 1963 factis
3187 1924 3496 1980 negamus.

1849 1999 1987 2072 quid
2020 1998 2178 2055 aliud
2209 2016 2388 2071 quam
2417 2015 2554 2054 voce
2586 2015 2692 2054 nos
2715 1999 3088 2065 damnamus,
3112 1997 3337 2052 similes
3359 1995 3496 2052 facti
3523 2034 3526 2042 ι

1847 2089 2010 2146 ,ἶυᾱω
2033 2088 2332 2162 proditori,
2352 2088 2448 2161 qui
2473 2087 2770 2143 Christum
2793 2103 2968 2159 quem
2993 2085 3341 2159 magistrum
3366 2103 3497 2142 con-

1851 2177 2124 2231 fitebatur
2143 2180 2198 2230 et
2221 2175 2532 2242 salutabat,
2549 2191 2721 2246 opere
2739 2175 3056 2247 prodebat?
3074 2175 3346 2246 Sequitur
3360 2189 3496 2246 pars
3564 2243 3570 2246 _

1847 2264 2115 2335 tertia,in
2130 2283 2249 2337 qua
2268 2263 2579 2336 Apostolus
2610 2265 2974 2320 demonstrat
2995 2281 3055 2318 se
3079 2279 3194 2318 non
3219 2263 3496 2318 didicisse

1849 2353 2225 2426 Evangelium
2278 2354 2350 2410 ab
2399 2353 2657 2409 homine.
2709 2353 2826 2407 Hoc
2875 2357 3071 2408 autem
3137 2351 3498 2406 demonstrat

1852 2442 2085 2498 duobus
2114 2443 2324 2498 modis.
2359 2443 2552 2498 Primo
2587 2459 2688 2514 per
2718 2447 2982 2512 tempora
3005 2444 3058 2494 et
3081 2457 3180 2511 per
3213 2439 3382 2504 facta,
3407 2455 3496 2496 se-

1851 2532 2044 2587 cundo
2074 2549 2178 2604 per
2198 2533 2642 2604 jusjurandum.
2676 2531 2781 2586 Per
2827 2535 3092 2601 tempora
3129 2533 3184 2584 et
3214 2545 3316 2600 per
3347 2528 3500 2584 facta

1853 2621 1962 2678 hoc
2013 2623 2377 2677 demonstrat
2425 2638 2559 2676 cum
2591 2619 2728 2674 dicit
2759 2635 2773 2674 :
2803 2618 3046 2675 Audistis
3075 2621 3224 2673 enim
3242 2633 3499 2674 conversa

1853 2711 2054 2766 tionem
2099 2727 2278 2765 meam
2331 2711 2392 2764 in
2435 2708 2740 2774 Judaismo,
2773 2709 3036 2779 quoniam
3083 2723 3251 2778 suqra
3280 2705 3500 2761 modum

1852 2799 2206 2871 persequebar
2233 2799 2529 2853 Ecclesium
2561 2799 2680 2862 Dei,
2723 2806 2775 2852 et
2811 2798 3192 2868 expugnabam
3241 2796 3417 2860 illam,
3450 2801 3500 2850 et

1850 2888 2200 2959 proﬁciebam
2230 2889 2290 2942 in
2315 2887 2596 2944 Judaismo
2627 2902 2788 2957 super
2807 2886 3006 2940 multos
3035 2893 3332 2940 cowtaneos
3353 2897 3499 2939 meos

1855 2978 1916 3031 in
1935 2992 2129 3045 genere
2151 2992 2287 3043 meo,
2307 2976 2543 3046 amplius
2566 2975 2850 3030 aemulator
2877 2976 3115 3030 existens
3132 2980 3498 3045 paternarum

1853 3081 2100 3121 mearum
2130 3065 2632 3130 traditio~num,etc.
2661 3065 2739 3118 Ac
2771 3063 2818 3118 si
2852 3068 3047 3135 aperte
3077 3061 3264 3117 dicat:
3290 3062 3370 3117 Ex
3391 3061 3500 3116 hoc

103 3159 322 3222 menta,
359 3158 576 3210 mortes
606 3153 962 3209 inhumanas
993 3157 1049 3208 et
1081 3151 1482 3224 importabiles
1522 3150 1746 3207 fortiter
1775 3142 1818 3208 C
1856 3159 2014 3226 patet
2044 3155 2198 3225 quod
2221 3171 2328 3226 ego
2358 3171 2473 3209 non
2505 3153 2679 3209 didici
2707 3151 3082 3224 Evangelium
3128 3151 3199 3206 ab
3239 3147 3500 3218 homine,

101 3247 499 3318 portaverunt,
531 3248 588 3299 et
617 3259 721 3316 per
747 3243 858 3298 hoc
889 3243 959 3298 ad
991 3241 1250 3298 cmlestia
1277 3239 1526 3313 gloriose
1549 3257 1751 3312 perve-

101 3337 336 3390 nerunt.
351 3332 650 3388 Accedunt
662 3331 874 3389 iterum
887 3332 961 3387 ad
975 3331 1084 3387 hoc
1098 3347 1274 3404 opera
1305 3329 1746 3386 miraculorum.

103 3423 209 3480 Per
239 3421 391 3478 hanc
418 3421 574 3478 enim
606 3421 784 3477 ﬁdem
813 3419 947 3477 caici
976 3419 1293 3476 illuminati
1342 3423 1500 3484 sunt,
1535 3419 1748 3473 daemo-

99 3511 256 3569 niaci
288 3510 517 3568 liberati
547 3510 789 3582 suat,de
821 3508 1023 3583 paucis
1056 3508 1328 3582 panibus,
1357 3507 1545 3563 multa
1565 3507 1750 3563 homi-

103 3617 249 3656 num
281 3599 466 3656 millia
497 3604 664 3672 pasta
692 3603 849 3666 sunt,
883 3597 1103 3653 infirmi
1138 3596 1328 3653 sanati
1359 3594 1750 3663 sunt,mortui

101 3688 371 3751 suscitati
400 3693 560 3756 sunt,
577 3704 755 3760 super
773 3703 959 3759 aquas
989 3685 1356 3742 ambulatum
1387 3689 1494 3750 est,
1509 3684 1662 3757 ignis
1680 3701 1752 3740 ne

102 3776 326 3836 sanctis
357 3781 588 3833 noceret
609 3775 929 3832 exstinctus
943 3779 1052 3844 est,
1066 3790 1354 3831 venenum
1377 3775 1501 3830 sine
1519 3773 1751 3830 laasione

101 3865 358 3932 bibitum
391 3869 498 3922 est.
533 3864 639 3920 Per
668 3863 820 3920 hanc
851 3863 1050 3931 ﬁdem,
1073 3867 1374 3936 serpentes
1403 3879 1519 3919 non
1549 3879 1755 3918 nocue-

100 3958 262 4022 runt,
283 3953 414 4010 ferae
428 3952 793 4020 obedierunt,
811 3969 944 4008 aves
956 3951 1364 4008 ministraveru
1373 3956 1454 4016 nt,
1469 3950 1756 4006 elementa

97 4048 444 4117 paruerunt,
466 4042 696 4098 inferna
726 4044 1060 4114 patuerunt.
1081 4039 1187 4106 Qui
1213 4055 1349 4113 ergo
1379 4038 1753 4112 Evangelium

100 4149 221 4189 non
252 4131 441 4188 credit
470 4147 598 4188 esse
627 4148 662 4186 a
688 4131 826 4201 Deo,
851 4130 979 4185 sine
1007 4129 1124 4184 Deo
1148 4132 1254 4184 est.

177 4221 457 4294 Sequitur
503 4237 640 4292 pars
694 4219 971 4285 secunda,
1001 4217 1060 4272 in
1093 4234 1209 4290 qua
1253 4215 1564 4290 Apostolus
1611 4215 1757 4271 dicit

103 4307 488 4381 Evangelium
521 4325 637 4365 non
669 4308 740 4363 ab
759 4306 1017 4375 homine,
1031 4307 1134 4362 sed
1155 4323 1188 4362 a
1206 4305 1320 4361 Deo
1341 4304 1451 4361 sibi
1473 4305 1756 4360 traditum

106 4415 257 4463 esse,
289 4414 425 4454 cum
455 4397 660 4454 subdit
691 4414 703 4452 :
738 4401 922 4469 Neque
940 4397 1089 4452 enim
1119 4412 1216 4464 ego
1243 4396 1311 4468 ab
1336 4396 1552 4451 homine
1568 4396 1759 4467 accepi

95 4487 265 4554 illud,
299 4503 473 4559 neque
487 4486 708 4580 didici,
731 4486 824 4543 sed
847 4502 947 4558 per
975 4485 1363 4580 reuelationem
1389 4485 1514 4580 Iesu
1533 4484 1753 4540 Christi.
1786 4514 1834 4580 Β

94 4580 172 4635 Se
202 4593 392 4649 neque
422 4576 818 4633 ministerium
853 4573 1206 4647 praedicandi
1241 4573 1616 4647 Evangelium
1659 4591 1754 4629 ac-

93 4665 343 4740 cepisse,
360 4683 548 4738 neque
581 4665 760 4722 etiam
791 4663 940 4720 illud
961 4663 1241 4719 didicisse
1262 4663 1334 4718 ab
1362 4661 1599 4718 homine
1613 4663 1755 4718 dicit

95 4754 436 4830 Apostolus,
459 4755 562 4811 sed
587 4771 690 4827 per
718 4753 1130 4810 revelationem
1151 4752 1179 4808 J
1189 4769 1292 4808 esu
1325 4750 1558 4807 Christi.
1579 4752 1662 4806 Ad
1677 4752 1755 4807 of-

101 4843 308 4902 ﬁcium
330 4843 547 4917 quippe
566 4841 922 4915 praedicandi
947 4841 1168 4897 missus
1189 4845 1295 4908 est,
1313 4858 1446 4896 cum
1472 4841 1755 4907 Barnaba,

99 4952 138 4992 a
167 4932 392 5006 Spiritu
421 4938 622 4989 sancto
653 4933 984 4999 dicente,ut
1005 4931 1256 4986 habetur
1278 4930 1336 4984 in
1363 4929 1604 4986 Actibus
1625 4946 1759 5002 apo-

95 5021 392 5079 stolorum
429 5037 442 5077 :
477 5045 506 5072 «
537 5023 844 5094 Segregate
874 5019 1020 5076 mihi
1055 5017 1303 5075 Paulum
1334 5022 1390 5073 et
1422 5019 1754 5074 Barnabam

101 5112 164 5168 in
187 5127 338 5184 opus
367 5111 440 5166 ad
471 5110 629 5183 quod
653 5109 951 5182 assumpsi
973 5125 1072 5165 eos
1095 5108 1241 5181 (Act.
1266 5107 1402 5178 xm),
1430 5129 1450 5155 ι»
1484 5107 1542 5160 id
1567 5112 1658 5163 est
1685 5108 1756 5163 ad

102 5199 546 5274 praedicandum
573 5199 870 5272 gentibus.
904 5197 1068 5254 Unde
1098 5202 1156 5253 et
1185 5195 1432 5269 apostoli
1457 5196 1596 5252 dicti
1622 5204 1762 5253 sunt

104 5287 373 5362 gentium
407 5287 624 5343 Paulus
655 5292 713 5343 et
741 5286 1058 5353 Barnabas,
1093 5285 1246 5357 quod
1282 5283 1406 5356 ipse
1447 5284 1760 5355 Apostolus

106 5381 363 5435 testatur
394 5393 409 5433 :
439 5399 467 5427 «
501 5375 608 5443 Qui
638 5379 912 5449 operatus
939 5379 1047 5441 est,
1079 5373 1294 5445 inquit,
1332 5373 1496 5428 Petro
1527 5373 1583 5428 in
1617 5391 1759 5446 apo-

111 5466 418 5534 stolatum,
451 5470 724 5538 operatus
753 5468 841 5520 est
872 5468 929 5520 et
957 5463 1100 5520 mihi
1133 5462 1283 5517 inter
1315 5466 1535 5531 gentes,
1572 5469 1626 5519 et
1667 5481 1761 5519 co-

110 5559 449 5630 gnoverunt
475 5554 726 5628 gratiam
750 5570 881 5627 qua
895 5553 1030 5610 data
1040 5556 1130 5609 est
1150 5549 1296 5606 mihi
1319 5565 1353 5604 a
1369 5550 1600 5611 Christo
1617 5551 1761 5624 (Gal.

1859 3260 1962 3299 nec
1994 3247 2126 3298 ante
2148 3243 2583 3300 conversionem
2636 3259 2845 3308 meam,
2877 3258 2981 3296 nec
3014 3244 3162 3312 post.
3203 3239 3364 3305 Quod
3396 3253 3501 3294 nec

1859 3337 1993 3388 ante
2011 3332 2444 3388 conversionem
2475 3349 2685 3397 meam,
2702 3335 2858 3402 patet
2879 3348 2947 3384 ex
2968 3330 3154 3384 factis.
3179 3329 3326 3383 Ante
3343 3327 3500 3382 enim

1859 3419 2296 3474 conversionem
2320 3436 2509 3474 meam
2533 3437 2646 3474 non
2664 3419 2950 3490 sequebar
2971 3415 3368 3488 Evangelium,
3385 3414 3502 3469 imo

1859 3509 2252 3580 persequebar
2276 3526 2288 3576 ;
2310 3526 2414 3563 nec
2436 3507 2809 3578 Evangelium
2843 3506 3162 3573 discebam,
3187 3506 3303 3558 imo
3325 3519 3504 3574 expu-

1859 3597 2134 3670 gnabam.
2167 3598 2326 3662 Quod
2363 3613 2492 3652 vero
2525 3613 2629 3651 nec
2675 3601 2808 3667 post
2838 3595 3279 3650 conversionem
3312 3607 3501 3649 meam

1859 3685 2161 3742 didicerim
2184 3685 2554 3758 Evangelium
2578 3685 2649 3740 ab
2675 3684 2928 3750 homine,
2947 3683 3218 3738 similiter
3247 3700 3314 3738 ex
3336 3681 3506 3738 factis

1861 3779 2103 3846 apparet
2124 3774 2404 3846 quoniam
2425 3779 2554 3846 post
2574 3773 3010 3828 conversionem
3035 3787 3225 3827 meam
3248 3787 3364 3826 non
3387 3769 3505 3825 abii

1862 3863 1934 3919 ad
1957 3863 2251 3935 apostolos
2282 3862 2495 3918 Christi
2528 3879 2706 3918 causa
2735 3860 2999 3918 discendi
3028 3859 3404 3934 Evangelium
3431 3857 3503 3914 ab

1862 3953 2100 4020 eis,imo
2132 3952 2333 4008 statim
2365 3953 2482 4007 abii
2515 3951 2574 4006 in
2607 3951 2884 4006 Arabiam
2917 3950 3226 4022 praedicare
3247 3949 3506 4020 Evange-

1863 4041 2032 4107 lium,
2066 4046 2124 4098 et
2174 4045 2485 4113 postquam
2535 4058 2670 4096 eum
2716 4040 2795 4095 ibi
2850 4039 3175 4112 praedicavi,
3209 4037 3353 4093 redii
3393 4037 3506 4092 Da-

1864 4146 2153 4196 mascum,
2174 4135 2232 4184 et
2261 4128 2342 4184 ibi
2375 4128 2702 4200 praedicavi.
2727 4131 2844 4182 Hoc
2867 4131 3063 4182 autem
3097 4125 3238 4180 dicit
3267 4123 3360 4179 his
3379 4140 3504 4179 ver-

1865 4219 1988 4276 bis:
2009 4222 2148 4276 Cum
2177 4225 2360 4274 autem
2389 4216 2716 4288 complacuit
2747 4217 2838 4271 illi
2869 4217 2965 4287 qui
2994 4232 3079 4270 me
3106 4216 3426 4284 segregavit,
3447 4212 3506 4268 id

1865 4314 1954 4367 est
1982 4308 2269 4365 abstraxit
2297 4308 2364 4362 ab
2395 4314 2548 4362 utero
2584 4307 2781 4360 matris
2808 4320 2962 4372 meae,
2980 4303 3066 4360 vel
3099 4301 3508 4376 segregavitde

1867 4399 2029 4455 fovea
2060 4399 2264 4453 nativae
2314 4393 2764 4460 incredulitatis,
2796 4401 2846 4449 et
2879 4395 3087 4448 vocavit
3127 4408 3230 4464 per
3267 4393 3510 4462 gratiam

1864 4506 2042 4554 suam,
2075 4497 2136 4544 ut
2187 4488 2448 4544 reuelaret
2487 4485 2690 4540 Filium
2733 4500 2893 4538 suum
2925 4485 2980 4537 in
3013 4499 3116 4549 me,
3151 4488 3207 4535 ut
3233 4479 3510 4550 evangeli-

1866 4594 2046 4633 zarem
2069 4594 2195 4633 eum
2216 4579 2268 4632 ia
2296 4576 2566 4648 gentibus,
2588 4575 2841 4629 continuo
2862 4588 2973 4626 non
3004 4570 3254 4640 acquievi
3283 4570 3443 4624 carni
3461 4575 3512 4622 et

1863 4669 2154 4736 sanguini,
2177 4666 2232 4720 id
2260 4670 2348 4721 est
2370 4663 2612 4720 consilio
2644 4661 2872 4735 generis
2906 4658 3017 4715 mei
3049 4657 3374 4714 carnalium
3407 4655 3512 4712 ho-

1865 4756 2116 4812 minum.
2153 4755 2215 4810 In
2246 4759 2440 4808 Graeco
2484 4752 2744 4822 apertius
2785 4751 3052 4812 habetur,
3085 4745 3369 4812 videlicet,
3401 4760 3513 4801 non

1863 4847 2072 4902 contuli
2117 4861 2242 4900 cum
2292 4859 2455 4900 carne
2484 4852 2534 4898 et
2572 4844 2864 4912 sanguine,
2898 4840 2956 4894 id
2989 4844 3077 4894 est
3101 4853 3235 4892 cum
3273 4835 3512 4891 homine

1867 4935 2264 5007 Evangelium.
2305 4933 2464 5000 Quod
2499 4931 2760 5003 apertius
2791 4929 3005 4984 dicitur
3037 4943 3171 4982 cum
3205 4924 3508 4981 subditur:

1867 5024 1974 5079 Nec
2024 5025 2142 5078 abii
2189 5021 2260 5077 ad
2305 5029 2660 5076 antecessores
2699 5035 2842 5073 aneos
2872 5018 3156 5090 apostolos,
3187 5014 3277 5070 sed
3307 5015 3425 5069 abii
3454 5015 3514 5069 in

1868 5113 2144 5176 Arabiam,
2177 5113 2231 5166 ei
2263 5110 2386 5166 inde
2415 5125 2660 5165 reversus
2690 5125 2810 5162 sum
2855 5109 3200 5162 Damascum.
3237 5105 3410 5159 Porro
3453 5103 3514 5158 in

1871 5201 1964 5256 his
2010 5199 2199 5256 verbis
2249 5198 2412 5271 ponit
2459 5197 2772 5269 Apostolus
2813 5201 2932 5251 tres
2963 5211 3172 5250 causas
3205 5190 3518 5248 vocationis

1871 5308 2008 5346 suae.
2045 5288 2300 5344 Primam
2338 5287 2518 5358 ponit,
2553 5305 2688 5342 cum
2724 5285 2886 5351 dicit,
2919 5301 3042 5341 cum
3072 5292 3255 5338 autem
3281 5281 3520 5352 compla-

1870 5383 1987 5436 cuit
2027 5379 2133 5442 illi,
2169 5383 2225 5431 et
2275 5392 2408 5430 cum
2466 5373 2791 5447 subjungit,
2824 5385 2874 5430 et
2908 5374 3110 5430 vocavit
3142 5388 3239 5443 per
3285 5371 3525 5440 gratiam

1870 5485 2046 5526 suam.
2074 5471 2149 5521 Ac
2183 5467 2229 5521 si
2263 5470 2461 5536 aperte
2491 5466 2645 5521 dicat
2683 5480 2695 5515 :
2736 5461 2868 5520 Non
2897 5465 3131 5536 propter
3162 5459 3370 5514 merita
3399 5469 3530 5509 mea

1873 5575 2001 5629 quae
2033 5573 2149 5613 non
2180 5556 2346 5611 erant
2375 5553 2494 5615 nisi
2526 5553 2703 5618 mala,
2724 5551 2828 5605 sed
2864 5556 3091 5610 tantum
3116 5551 3346 5620 propter
3367 5545 3532 5599 bene-
