4002 6078
487 330 641 392 i395
1762 321 2158 386 RADULPHI
2199 320 2616 386 ARDEN'I‘IS.
3741 333 3920 396 i396

486 466 767 540 placitum
797 479 971 519 suum
994 465 1048 518 et
1077 460 1324 536 gratiam
1347 476 1515 515 suam
1535 458 1758 514 vocavit
1786 457 1972 525 me,in
1992 473 2128 530 quo,
2161 459 2215 526 Α
2243 472 2500 526 scamus,
2534 461 2593 513 et
2637 457 2924 531 quidquid
2978 459 3114 516 boni
3172 459 3441 530 facimus,
3475 479 3612 522 cum
3665 483 3918 541 magna:

489 558 694 614 fratres
716 555 850 622 mei,
867 554 966 608 dat
986 550 1314 624 exemplum
1343 548 1531 615 nobis,
1547 552 1613 604 ut
1629 548 1782 603 idem
1807 549 2132 604 sentiamus
2244 547 2570 602 dilectionis
2594 548 2812 604 fervore
2836 549 3143 607 faciamus.
3166 552 3312 607 Nam
3327 553 3498 624 juxta
3521 556 3912 629 prophetam,

491 649 563 703 de
585 643 1118 702 nobis.Secundam
1138 640 1302 713 ponit
1325 655 1728 704 causam,cum
1752 639 1834 694 ait
1864 655 1875 693 :
1911 641 1972 696 Ut
1991 654 2138 694 reve—
2249 656 2276 684 «
2310 635 2656 692 maledictus
2706 642 2795 693 est
2845 639 2943 710 qui
2993 657 3141 710 opus
3185 641 3286 696 Dei
3336 642 3474 698 facit
3533 643 3918 719 negligenter

494 739 630 793 taret
661 735 868 792 Filium
894 749 1054 786 suum
1084 733 1143 785 in
1170 747 1274 795 me,
1306 729 1363 782 id
1396 733 1482 784 est
1517 728 1646 783 Filii
1679 728 1770 783 sui
1803 728 2137 784 misericor-
2247 727 2376 792 (λεν.
2423 726 2639 798 χινιιι).
2685 749 2712 775 ››
2756 727 2980 795 Deinde,
3027 729 3220 801 inquit
3275 738 3400 804 post
3450 741 3557 789 tres
3594 751 3784 791 annos
3832 739 3917 792 ivi

497 826 674 881 diam.
711 823 948 893 Propter
977 821 1085 873 hoc
1117 818 1274 874 enim
1305 817 1529 872 vocavit
1556 816 1841 871 Dominus
1891 814 2138 870 Paulum
2249 815 2688 886 Hierosolymam
2737 816 2922 872 videre
2950 819 3205 885 Petrum,
3241 828 3292 875 et
3336 824 3526 878 mansi
3571 824 3731 896 apud
3782 841 3911 881 eum

497 919 554 971 et
584 911 1082 984 Magdalcnam,et
1105 907 1443 978 huiusmodi
1468 905 1814 961 criminosas
1839 921 2138 977 personas,
2250 903 2440 958 diebus
2472 904 2802 975 quindecim,
2820 923 2935 962 non
2967 911 3086 962 tam
3119 907 3340 965 scilicet
3358 909 3704 984 disciturus,
3724 931 3906 986 quam

500 1009 564 1060 ut
593 1003 650 1057 in
683 1002 775 1057 his
805 1001 1230 1054 demonstraret
1259 995 1812 1068 superexcellentem
1863 995 1990 1050 Filii
2051 993 2142 1050 sui

503 1090 985 1155 misericordiam,
1022 1087 1120 1159 qui
1153 1087 1312 1141 venit
1357 1086 1414 1138 in
1463 1086 1570 1139 hoc
1621 1085 1842 1139 mundo
1891 1101 2147 1156 querere

505 1185 836 1255 peccatores
866 1195 1014 1250 quos
1045 1177 1406 1232 salvaret.Ac
1439 1175 1485 1229 si
1519 1173 1674 1229 dicat
1703 1190 1716 1228 :
1753 1174 1991 1245 Propter
2016 1174 2144 1240 hoc,

506 1287 598 1327 me
645 1283 925 1340 magnum
978 1269 1338 1336 peccatorcm
1387 1261 1610 1316 vocavit
1661 1262 1835 1332 Deus,
1873 1266 1936 1316 ut
1965 1262 2024 1315 in
2059 1275 2150 1314 me

508 1360 936 1416 demonstraret
966 1355 1118 1426 quod
1155 1352 1351 1407 nullus
1374 1357 1865 1424 quantuscunque
1888 1355 2154 1424 peccator

511 1451 581 1505 de
611 1445 1011 1503 misericordia
1042 1443 1140 1498 Dei
1173 1442 1378 1496 debeat
1408 1442 1736 1513 desperare.
1774 1445 1835 1496 In
1870 1458 2004 1513 quo,
2040 1441 2154 1495 fra-

513 1544 630 1594 tres
665 1537 800 1602 mei,
834 1535 1000 1589 nobis
1031 1532 1432 1604 peccatoribus
1462 1532 1561 1586 dat
1590 1531 1920 1602 exemplum
1953 1529 2156 1602 culpas

517 1632 747 1684 nostras
760 1641 989 1696 semper
1011 1621 1324 1677 accusandi
1342 1626 1398 1675 et
1413 1621 1510 1675 Dei
1536 1619 1996 1676 misericordiam
2013 1635 2159 1674 sem-

518 1735 621 1791 per
651 1710 1292 1789 przedicandi.Tertiam
1309 1727 1546 1765 causam
1571 1709 1904 1781 ponit,cum
1929 1707 2155 1764 subdit:

522 1808 584 1863 Ut
595 1805 1036 1873 cvangelimrem
1048 1817 1174 1855 cum
1188 1801 1247 1854 in
1257 1798 1641 1868 gentibus.Pro
1649 1803 1773 1870 pter
1785 1798 1890 1853 hoc
1905 1797 2157 1853 enimve-

521 1894 670 1950 cavit
701 1909 837 1949 eum
868 1892 1020 1946 Deus
1043 1891 1127 1961 (ut
1144 1891 1265 1961 ipse
1288 1888 1370 1942 ait
1389 1887 1667 1956 Ananiae),
1685 1892 1749 1942 ut
1769 1888 1893 1960 ipse
1909 1891 2167 1959 portaret

525 1999 735 2039 nomen
751 1983 878 2053 ejus
895 1997 1086 2035 coram
1102 1978 1394 2051 gentibus,
1411 1983 1466 2032 et
1485 1975 1954 2050 regibus,etliliis
1969 1976 2165 2031 Israel.

525 2075 676 2130 Sane
707 2075 942 2145 propter
970 2069 1078 2123 has
1109 2073 1226 2123 tres
1259 2084 1487 2134 causas,
1525 2084 1638 2121 non
1680 2066 1868 2121 solum
1904 2065 2168 2133 Paulum,

527 2164 627 2219 sed
659 2161 833 2218 etiam
867 2176 972 2214 nos
1003 2157 1298 2228 quoslibet
1342 2160 1673 2228 peccatores
1723 2154 1982 2227 quotidie
2018 2155 2171 2211 Deus

526 2256 708 2308 vocat.
750 2250 930 2304 Vocat
971 2247 1126 2301 enim
1180 2263 1286 2302 nos
1337 2246 1508 2312 Deus,
1563 2245 1772 2300 fratres
1819 2243 2171 2312 cbarissimi,

530 2344 766 2412 propter
797 2336 1226 2408 beneplacitum
1255 2352 1428 2388 suum
1459 2337 1690 2388 tantum
1716 2351 1728 2401 ;
1763 2337 1929 2388 vocat
1959 2350 2086 2400 nos,
2113 2338 2176 2387 ut

533 2443 801 2500 magnam
831 2424 1294 2481 misericordiam
1326 2440 1494 2478 suam
1525 2424 1583 2476 in
1615 2423 1782 2478 nobis
1816 2421 2024 2478 revelet
2047 2440 2060 2490 ;
2085 2439 2178 2478 vo-

533 2522 626 2575 cat
657 2533 782 2584 nos,
805 2519 869 2571 ut
887 2515 1236 2569 immensam
1259 2513 1386 2584 ejus
1408 2529 1639 2585 semper
1659 2517 1715 2568 et
1739 2512 1956 2584 ubique
1976 2511 2178 2584 praedi-

535 2624 736 2664 cemus
767 2605 1108 2662 bonitatem.

609 2699 673 2752 ln
700 2696 808 2751 hoc
838 2699 1030 2750 autem
1064 2693 1216 2764 quod
1251 2694 1332 2748 ait
1364 2692 1671 2764 Apostolus
1704 2709 1717 2747 :
1755 2694 2021 2748 Continuo
2069 2708 2180 2747 non

535 2786 787 2858 acquievi
813 2785 972 2838 carni
990 2791 1040 2837 ct
1058 2783 1340 2852 sanguini,
1357 2781 1614 2836 ostendit
1633 2780 1838 2835 divinae
1861 2781 2180 2836 vocationis

540 2876 693 2930 circa
724 2891 784 2929 se
813 2871 1069 2927 velocem
1102 2870 1444 2937 efficaciam,
1481 2887 1608 2941 quae
1642 2875 1761 2926 tam
1794 2871 1906 2925 cito
1944 2887 2078 2926 eum
2111 2871 2181 2925 de

540 2965 693 3021 malo
727 2963 966 3028 bonum,
1003 2962 1072 3015 de
1105 2959 1320 3015 carnali
1354 2959 1740 3032 spiritualem,
1768 2960 1838 3015 de
1870 2959 2182 3031 insipiente

539 3053 673 3109 fecit
704 3052 1048 3123 sapientem.
1065 3049 1259 3105 Nescit
1279 3048 1434 3103 enim
1459 3065 1672 3114 moras,
1693 3049 1792 3104 sed
1821 3049 2014 3104 subito
2030 3065 2184 3104 men-

537 3147 654 3198 tem
687 3143 841 3197 Deus
873 3142 1080 3206 mutat,
1106 3138 1298 3194 subito
1325 3138 1534 3204 erudit,
1557 3137 1751 3193 subito
1773 3142 2042 3192 sanat.1n
2066 3153 2180 3209 quo

541 3233 916 3287 confutantur
936 3228 1016 3283 illi
1036 3229 1156 3299 qui,
1173 3228 1408 3299 quando
1427 3227 1623 3282 vident
1641 3226 1896 3298 aliquem
1916 3227 2186 3282 crimino-
2216 3212 2258 3278 C

542 3337 697 3389 sum,
733 3320 803 3374 de
853 3319 982 3388 ejus
1031 3317 1438 3371 emendatione
1485 3317 1800 3388 desperant
1847 3321 1902 3370 et
1934 3316 2184 3372 dicunt:

542 3409 840 3476 Quomodo
873 3408 970 3461 ﬁet
1002 3407 1111 3461 iste
1143 3406 1353 3471 bonus,
1388 3404 1487 3477 qui
1519 3409 1638 3460 tam
1683 3404 1874 3461 malus
1908 3406 2033 3461 est?
2063 3407 2186 3461 Non

543 3498 907 3552 attendentes
947 3511 1124 3567 quam
1175 3493 1285 3548 cito
1338 3494 1490 3549 Deus
1543 3493 1811 3561 Paulum,
1847 3511 2023 3566 quam
2074 3496 2186 3550 cito

545 3585 970 3657 Magdalenam,
1006 3599 1180 3655 quam
1215 3583 1328 3637 cito
1361 3581 1644 3637 latronem
1677 3583 2006 3649 mutaverit,
2039 3587 2096 3638 et
2117 3583 2187 3638 de

545 3679 665 3730 tam
696 3666 870 3729 malis
900 3677 1020 3727 tam
1072 3672 1256 3727 bonos
1299 3671 1571 3726 effecerit.
1605 3674 1670 3727 In
1720 3673 1829 3728 hoc
1865 3689 1998 3728 vero
2031 3674 2184 3744 quod

547 3763 764 3818 Paulus
779 3763 949 3818 modo
964 3777 1279 3816 conversus
1302 3761 1500 3816 statim
1532 3765 1652 3816 tam
1669 3766 1903 3817 strenue
1927 3763 2184 3833 festinat,

543 3859 598 3910 et
627 3854 784 3908 vadit
811 3857 868 3907 et
897 3850 1054 3907 venit
1075 3851 1145 3906 ad
1170 3850 1660 3922 pradicationcm,
1687 3851 2051 3906 demonstrat
2067 3869 2185 3908 sua:

543 3941 1000 3999 conversationis
1033 3939 1462 4006 fervorem.0ui
1495 3940 1648 3995 sicut
1680 3941 1866 3996 fuerat
1899 3941 2059 4012 prius
2083 3941 2188 3997 fer-

539 4033 710 4087 vidus
740 4031 799 4086 in
835 4029 1236 4103 persecutione
1266 4027 1580 4101 Evangelii,
1616 4034 1672 4083 et
1705 4029 1760 4084 in
1811 4030 2186 4087 damnatione

538 4121 890 4187 animarum,
927 4120 1006 4174 ita
1035 4119 1152 4172 imo
1197 4117 1385 4190 magis
1420 4123 1620 4190 postea
1665 4118 1724 4172 in
1775 4119 2185 4190 przedicatione

539 4208 856 4282 Evangelii,
887 4213 944 4264 et
988 4209 1044 4263 in
1099 4208 1259 4262 luero
1292 4207 1625 4262 animarum
1660 4208 1914 4264 fervidus
1945 4210 2184 4265 effectus

537 4303 646 4354 est.
671 4299 731 4354 In
762 4316 897 4371 quo,
916 4299 1143 4364 fratres,
1167 4297 1300 4351 inde
1322 4313 1490 4352 meus
1513 4301 1569 4352 et
1589 4296 1700 4351 mei
1724 4296 2006 4352 similium
2021 4303 2185 4370 tepor

539 4388 935 4454 confunditur,
960 4386 1250 4458 qui,sicut
1280 4402 1586 4457 nunquam
1619 4386 1698 4442 fui
1729 4385 1895 4442 valde
1927 4388 2182 4443 fervidus

535 4479 594 4534 in
610 4495 823 4551 magna
845 4477 1090 4543 malitia,
1107 4476 1188 4530 ita
1206 4493 1310 4530 nec
1333 4475 1390 4529 in
1416 4491 1629 4546 magna
1647 4475 1904 4531 bonitate
1925 4476 2182 4532 fervidus

2255 1008 2388 1046 cum
2446 1009 2511 1048 eo
2561 993 2878 1051 collaturus
2951 996 3351 1069 Evangelium.
3409 1000 3757 1074 Exemplum
3812 1005 3910 1059 dat

2257 1080 2474 1138 Paulus
2523 1081 2748 1138 visendi
2802 1083 2997 1140 Patres
3036 1091 3092 1141 et
3124 1087 3329 1143 fratres
3363 1093 3613 1157 nostros,
3649 1093 3909 1148 maxime

2259 1171 2612 1242 spirituales,
2648 1189 2760 1228 non
2795 1178 2860 1228 ut
2887 1173 3105 1243 vultus,
3125 1176 3483 1248 quantitates
3503 1183 3561 1235 et
3589 1180 3909 1252 qualitates

2259 1275 2460 1314 eorum
2493 1259 2816 1328 videamus,
2839 1263 2938 1317 sed
2970 1269 3034 1318 ut
3062 1263 3310 1320 invicem
3343 1268 3765 1338 mores,vitam,
3791 1270 3910 1326 vir-

2261 1351 2626 1422 tutes,opera
2654 1356 2710 1405 et
2739 1351 2936 1406 studia
2968 1353 3423 1424 consideremus,
3459 1359 3558 1413 sed
3593 1363 3660 1414 ut
3691 1360 3767 1415 de
3785 1359 3916 1415 reli-

2264 1437 2433 1509 gione
2463 1443 2519 1494 et
2547 1439 2812 1495 doctrina
2839 1441 3054 1498 Christi
3107 1445 3495 1510 conferamus,
3529 1451 3588 1502 et
3640 1452 3708 1503 ut
3739 1448 3917 1505 alter-

2267 1530 2463 1582 utrum
2495 1527 2555 1582 in
2587 1529 2797 1585 melius
2827 1531 3184 1588 ediﬁcemus
3227 1537 3283 1589 et
3330 1535 3731 1606 proficiamus,
3766 1543 3824 1594 et
3857 1539 3914 1593 in

2268 1616 2556 1688 spirituali
2590 1619 2804 1690 gaudio
2836 1619 3011 1675 simul
3033 1619 3406 1680 collaztemur.
3427 1625 3684 1682 Aliorum
3703 1637 3913 1695 autem,

2267 1704 2459 1778 inquit
2471 1709 2595 1762 vidi
2604 1709 2969 1779 apostolorum
2983 1713 3276 1776 neminem,
3291 1715 3408 1769 nisi
3413 1716 3672 1770 Iacobum
3682 1719 3917 1788 fratrem

2273 1795 2508 1851 Domini.
2529 1799 2606 1852 Ac
2639 1797 2686 1851 si
2719 1797 2874 1854 dicat
2911 1816 2923 1853 :
2959 1799 3017 1856 Si
3051 1800 3124 1855 ab
3155 1800 3273 1856 illis
3303 1803 3584 1874 apostolis
3614 1821 3766 1878 quos
3783 1808 3925 1876 vidi,

2279 1885 2653 1957 Evangelium
2687 1903 2802 1942 non
2832 1888 3033 1955 didici,
3067 1889 3454 1947 multominus
3484 1893 3558 1948 ab
3608 1893 3730 1951 illis
3780 1914 3928 1969 quos

2279 1990 2396 2028 non
2419 1973 2555 2029 vidi.
2573 1975 2745 2031 Porro
2765 1976 3042 2046 Jacobus,
3058 1978 3233 2034 frater
3249 1978 3477 2035 Domini
3499 1981 3696 2038 dictus
3719 1989 3828 2052 est,
3845 1985 3930 2042 vel

2283 2063 2764 2136 quiaexpressius
2789 2066 3388 2124 casterissanctitstem
3407 2071 3534 2141 ejus
3561 2071 3925 2142 imitabatur,

2285 2153 2438 2208 unde
2469 2158 2524 2208 et
2554 2153 2605 2208 ei
2634 2155 2917 2210 successit
2947 2155 3319 2230 episc0patus
3369 2158 3929 2231 Hierosolymorum,

2283 2241 2370 2297 vel
2403 2243 2542 2314 quia
2567 2249 2852 2316 cognatus
2874 2245 3000 2316 ejus
3027 2250 3168 2313 erat,
3183 2251 3240 2302 et
3260 2263 3328 2302 ex
3356 2252 3520 2320 parte
3547 2251 3852 2320 matris,et
3870 2270 3934 2308 ex

2285 2336 2446 2403 parte
2461 2332 2642 2404 patris
2654 2333 2895 2405 putativi
2910 2335 3122 2407 Joseph
3135 2335 3686 2407 .Perjusiurandum
3705 2341 3938 2398 demon-

2285 2425 2434 2476 strat
2463 2422 2772 2492 Apostolus
2805 2439 2866 2478 se
2889 2441 3003 2478 non
3035 2423 3309 2480 didicisse
3339 2425 3716 2500 Evangelium
3742 2431 3815 2486 ab
3837 2431 3933 2487 ho-

2287 2509 2444 2565 mine
2494 2526 2626 2566 cum
2679 2512 2926 2567 subdit:
2962 2513 3098 2581 Quae
3141 2515 3320 2570 scribo
3371 2516 3538 2583 vobis,
3590 2533 3710 2573 ecce
3756 2536 3932 2575 coram

2287 2601 2410 2664 Dco,
2443 2602 2578 2671 quia
2605 2616 2716 2656 non
2744 2603 3000 2658 mentior.
3029 2603 3128 2658 Est
3149 2603 3305 2658 enim
3340 2605 3562 2676 species
3585 2607 3926 2678 juramenti.

2289 2689 2485 2755 Quasi,
2509 2707 2624 2746 erce
2653 2707 2840 2746 coram
2874 2697 3002 2757 Deo,
3035 2691 3091 2747 id
3122 2697 3230 2758 est,
3263 2701 3394 2749 teste
3424 2698 3552 2761 Deo,
3591 2695 3796 2769 loquor
3841 2715 3932 2754 vo-

2291 2779 2394 2843 bis,
2427 2782 2556 2850 quia
2602 2797 2712 2835 non
2757 2783 2992 2837 mentior
3021 2783 3078 2836 in
3111 2782 3195 2837 his
3225 2797 3354 2854 quae
3401 2785 3545 2840 vobis
3591 2789 3791 2842 scribo.
3826 2789 3929 2844 Sed

2291 2886 2422 2924 cum
2459 2870 2742 2926 Dominus
2775 2871 3078 2943 prohibeat
3107 2871 3345 2928 omnino
3368 2875 3588 2944 jurare,
3615 2891 3807 2948 neque
3839 2895 3932 2950 per

2291 2958 2523 3025 coelum,
2549 2975 2737 3030 neque
2769 2976 2870 3032 per
2901 2965 3136 3028 terram,
3155 2978 3344 3034 neque
3373 2980 3476 3035 per
3504 2963 3763 3037 aliquam
3790 2985 3931 3024 crea-

2291 3048 2969 3120 turam,sed,inquit,sit
2995 3067 3186 3106 sermo
3216 3056 3408 3106 vester
3439 3069 3451 3106 :
3489 3053 3605 3117 Est,
3640 3059 3732 3110 est
3753 3073 3766 3122 ;
3791 3056 3926 3123 Non,

2293 3156 2407 3194 non
2436 3157 2450 3205 ;
2483 3138 2770 3210 quidquid
2800 3139 2956 3194 eni'n
2989 3140 3388 3196 abundantius
3431 3141 3524 3197 his
3573 3147 3685 3209 est,
3722 3162 3756 3200 a
3789 3145 3930 3202 malo

2297 3233 2384 3284 est
2415 3229 2622 3301 (Matth.
2655 3228 2709 3299 ν)
2744 3245 2756 3281 :
2792 3227 2930 3300 quid
2964 3233 3054 3284 est
3083 3230 3239 3301 quod
3263 3230 3579 3302 Apostolus
3599 3233 3809 3304 jurat?
3834 3235 3932 3290 Do-

2298 3317 2515 3385 minus,
2551 3318 2758 3372 fratres
2790 3318 2924 3386 mei,
2959 3319 3113 3389 quod
3146 3319 3459 3390 perfectius
3481 3325 3589 3387 est,
3624 3323 3930 3390 consuluit,

2297 3407 2613 3479 prohibens
2629 3423 2697 3462 ne
2711 3407 2843 3478 quis
2857 3408 3023 3478 quasi
3041 3408 3258 3462 bonum
3274 3413 3507 3481 appetat
3511 3410 3712 3481 juram
3721 3415 3929 3480 cntum,

2297 3501 2354 3550 et
2384 3495 2725 3551 assiduitate
2739 3497 2978 3568 jurandi
3005 3495 3235 3554 labatur
3256 3497 3312 3552 in
3337 3498 3687 3569 perjurium.
3708 3503 3930 3574 Aposto-

2297 3583 2390 3640 lus
2413 3591 2606 3640 tamen
2613 3585 2958 3657 juratquasi
2975 3591 3213 3642 coactus
3227 3587 3923 3659 propterincredulitatcm

2297 3674 2622 3731 hominum.
2660 3674 2913 3731 Ecclesia
2942 3675 3119 3731 etiam
3149 3692 3252 3748 pro
3283 3675 3496 3733 foedere
3524 3679 3689 3750 pacis
3720 3684 3777 3736 et
3807 3680 3922 3734 ﬁdei

2297 3781 2434 3820 suos
2456 3766 2659 3837 jurare
2689 3763 2992 3836 permittit.
3027 3765 3153 3821 Non
3184 3769 3273 3821 est
3301 3769 3497 3821 tamen
3533 3766 3921 3838 juramentum

2293 3855 2536 3924 bonum,
2568 3853 2624 3908 id
2657 3858 2764 3916 est,
2799 3871 2913 3909 non
2943 3858 3032 3910 est
3061 3855 3452 3926 appetendum
3494 3855 3664 3928 quasi
3699 3858 3920 3922 bonum,

2293 3947 2488 3999 tamen
2539 3961 2653 3998 non
2705 3947 2793 3998 est
2843 3942 3084 4011 malum,
3119 3943 3353 4015 quando
3399 3947 3489 4000 est
3518 3947 3921 4002 necessarium.

2291 4033 2708 4088 Verumtamen
2741 4048 2972 4104 semper
3001 4049 3035 4087 a
3067 4031 3217 4088 malo
3249 4033 3427 4098 est,id
3451 4037 3540 4090 est
3572 4034 3646 4090 ab
3675 4034 3928 4092 incredu-

2290 4122 2453 4178 litate
2483 4139 2683 4177 eorum
2713 4121 2811 4194 qui
2834 4123 3036 4193 jurare
3069 4120 3306 4176 faciunt.
3340 4121 3522 4178 Debet
3552 4128 3749 4180 autem
3772 4126 3926 4196 jura-

2294 4216 2558 4268 mentum
2591 4228 2724 4267 cum
2757 4211 2853 4280 sit,
2887 4211 3101 4266 habere
3131 4214 3249 4266 tres
3287 4211 3534 4268 comites
3565 4231 3582 4266 :
3614 4213 3924 4278 veritatem,

2284 4300 2577 4372 judicium
2611 4305 2667 4355 et
2689 4298 3003 4371 justitiam.
3035 4298 3372 4371 Veritatem,
3405 4304 3470 4355 ut
3501 4300 3584 4356 ita
3613 4303 3783 4358 corde
3805 4319 3922 4358 sen-

2291 4389 2399 4444 tiat
2446 4389 2600 4443 sicut
2640 4388 2821 4459 jurat.
2854 4386 3176 4453 Judicium,
3207 4391 3272 4440 ut
3315 4403 3448 4442 enm
3483 4387 3844 4460 discretione,
3871 4394 3920 4444 et

2292 4495 2394 4550 pro
2417 4478 2634 4550 quibus
2658 4475 3052 4532 necessarium
3073 4477 3398 4546 estjurare,
3416 4477 3914 4547 juret.Justitiam_.

537 4568 738 4634 existo,
773 4584 887 4622 non
920 4566 1225 4620 attendens
1257 4565 1409 4635 quod
1443 4564 1524 4619 ait
1554 4564 1834 4620 Dominus
1873 4565 1929 4620 in
1965 4569 2176 4637 Apoca-
2212 4587 2256 4650 D
2290 4571 2355 4622 ut
2385 4571 2618 4639 propter
2649 4567 2832 4621 Deum
2863 4571 2920 4621 et
2943 4564 3240 4636 justitiam
3264 4566 3443 4635 juret.
3477 4565 3538 4621 Si
3579 4567 3788 4622 veritas
3815 4583 3912 4621 non

539 4657 686 4730 lypsi
718 4655 1057 4712 hominibus
1082 4653 1517 4724 hujuscemodi:
1537 4654 1834 4723 «Utinam,
1859 4655 2068 4727 inquit,
2088 4655 2181 4710 fri-

537 4746 709 4819 gidus
742 4749 842 4799 aut
873 4743 1096 4798 calidus
1127 4759 1325 4810 esses;
1361 4743 1458 4797 sed
1493 4743 1630 4814 quia
1660 4759 1763 4797 nec
1796 4743 2042 4815 frigidus
2075 4761 2178 4800 nec

537 4834 761 4890 calidus
809 4851 892 4898 es,
925 4832 1054 4887 ideo
1108 4832 1320 4904 incipio
1370 4837 1425 4886 te
1473 4849 1734 4886 evomere
1785 4833 1855 4887 de
1905 4850 2002 4888 ore
2051 4849 2178 4888 meo

536 4924 714 4996 (Apoc.
733 4925 838 4996 Ill).
859 4946 883 4972 ››
907 4924 1122 4977 Natura
1149 4922 1362 4994 quippe
1384 4920 1689 4976 hominum
1715 4921 1941 4977 fervidae
1965 4923 2178 4978 mentis

535 5014 813 5085 est,quod
842 5011 1128 5084 quidquid
1164 5011 1543 5074 faciunt,sive
1566 5011 1782 5065 bonum
1799 5012 1916 5065 sive
1931 5011 2174 5082 malum,

536 5101 676 5156 illud
733 5101 945 5156 fervide
988 5100 1226 5156 faciunt.
1262 5101 1330 5154 Et
1378 5103 1614 5155 econtra
1664 5099 1932 5155 homines
1973 5101 2176 5172 tepidae

537 5192 749 5245 mentis
783 5189 1068 5260 quidquid
1103 5189 1343 5258 faciunt,
1379 5189 1497 5244 sive
1529 5189 1748 5244 bonum
1782 5189 1900 5244 sive
1930 5189 2174 5258 malum,

537 5279 678 5333 illud
715 5278 905 5349 tepide
935 5279 1172 5333 faciunt.
1211 5279 1275 5332 Et
1305 5278 1575 5348 quamvis
1607 5279 1770 5350 pejor
1794 5278 1872 5334 sit
1903 5279 2179 5334 mensfri-

535 5368 671 5438 gida
702 5384 878 5437 quam
913 5366 1124 5439 tepida,
1149 5373 1344 5423 tamen
1379 5367 1592 5440 seepius
1613 5373 1671 5422 et
1691 5367 1862 5423 citius
1894 5385 2059 5423 mens
2082 5367 2177 5422 fri-

534 5455 662 5526 gida
699 5473 870 5527 quam
897 5455 1090 5528 tepida
1103 5454 1263 5513 venit
1278 5456 1346 5508 ad
1369 5457 1667 5512 fervorem.
1686 5456 1950 5523 Proinde,
1970 5458 2177 5513 fratres

535 5543 666 5610 mei,
719 5549 969 5617 teporem
1024 5552 1316 5608 nostram,
1368 5564 1437 5601 ne
1487 5563 1766 5601 nauseam
1818 5547 1953 5613 Deo,
2005 5541 2178 5602 faciat

530 5633 902 5702 excutiamus,
924 5636 976 5688 et
1013 5630 1065 5684 in
1099 5630 1426 5695 dilectione
1457 5634 1556 5692 Dei
1588 5638 1643 5690 et
1674 5635 1920 5706 proximi
1953 5636 2178 5690 inarde-

2289 4661 2378 4712 est
2415 4657 2475 4710 in
2517 4657 2876 4726 juramento,
2911 4653 3234 4726 perjurium
3267 4657 3374 4722 est,
3409 4658 3474 4708 ut
3504 4657 3737 4726 quando
3766 4654 3914 4710 aliter

2280 4747 2445 4818 jurat
2475 4761 2570 4800 ore
2603 4760 2780 4816 quem
2813 4743 3027 4799 sentiat
3057 4743 3250 4810 corde,
3281 4742 3368 4799 vel
3403 4745 3640 4815 quando
3681 4745 3833 4815 jurat
3861 4744 3909 4798 in

2286 4834 2594 4888 verborum
2628 4831 2963 4887 calliditate.
2999 4831 3154 4887 Deus
3184 4831 3338 4887 enim
3387 4832 3470 4888 sic
3521 4832 3749 4904 accipit,
3781 4834 3908 4889 sicut

2286 4921 2382 4978 ille
2432 4922 2523 4976 cui
2569 4922 2806 4992 juratur
2835 4919 3128 4992 intelligit.
3164 4920 3224 4976 Si
3253 4938 3386 4976 vero
3409 4921 3724 4992 judicium,
3755 4921 3808 4976 id
3838 4925 3906 4978 est

2287 5009 2558 5066 discretio
2604 5027 2719 5064 non
2766 5009 2844 5065 sit
2890 5008 2948 5064 in
2984 5009 3343 5080 juramento,
3377 5009 3626 5064 stultum
3657 5014 3742 5066 est
3764 5012 3902 5082 jura-

2287 5103 2572 5156 mentum.
2607 5100 2675 5154 Et
2705 5098 2755 5153 si
2786 5097 2933 5153 illud
2966 5098 3119 5170 quod
3157 5099 3425 5168 juratum
3474 5103 3564 5153 est
3615 5099 3812 5164 facere,
3843 5097 3906 5152 sit

2285 5194 2587 5262 peccatum
2621 5187 2943 5254 criminale,
2979 5203 3092 5241 non
3125 5190 3213 5242 est
3245 5185 3716 5252 faciendum,sed
3737 5187 3904 5259 potius

2287 5279 2945 5350 stultumjuramentum
2965 5292 3066 5347 per
3078 5274 3481 5348 paenitentiam
3497 5275 3903 5348 corrigendum.

2287 5369 2449 5424 Unde
2482 5367 2768 5439 scriptum
2799 5369 2887 5420 est
2918 5381 2932 5419 :
2971 5388 2998 5415 ‹‹
3031 5364 3092 5420 In
3125 5364 3278 5420 male
3309 5364 3619 5436 promissis
3667 5362 3902 5420 rescinde

2286 5458 2481 5524 ﬁdem,
2499 5456 2556 5510 in
2571 5455 2724 5527 turpi
2742 5471 2872 5510 vero
2889 5458 3053 5508 muta
3074 5454 3393 5509 decretum.
3416 5477 3445 5502 «
3464 5453 3523 5508 Si
3535 5451 3895 5526 verojustitia,

2285 5547 2342 5601 id
2375 5550 2464 5601 est
2495 5547 2686 5600 bonus
2716 5542 3001 5611 finis,non
3025 5542 3104 5598 sit
3123 5541 3180 5596 in
3197 5542 3897 5614 juramento,dejeramen~

2285 5639 2410 5690 tum
2459 5634 2515 5688 id
2567 5637 2655 5689 est
2702 5649 2946 5706 pravum
2987 5633 3391 5702 juramentum
3442 5635 3638 5703 potest
3684 5630 3809 5697 dici,
3851 5632 3899 5685 ut
