  <div class='ocr_page' id='page_1' title='image "/cluster/home/n/w/nwhite01/storage/ocr_20150623/155/hvd.32044054760137/702.png"; bbox 0 0 4002 6078; ppageno 0'>
   <div class='ocr_carea' id='block_1_1' title="bbox 174 307 330 372">
    <p class='ocr_par' dir='ltr' id='par_1_1' title="bbox 174 307 330 372">
     <span class='ocr_line' id='line_1_1' title="bbox 174 307 330 372; baseline -0.006 -1"><span class='ocrx_word' id='word_1_1' title='bbox 174 307 330 372; x_wconf 69' lang='grc'><strong>1397</strong></span> 
     </span>
    </p>
   </div>
   <div class='ocr_carea' id='block_1_2' title="bbox 1292 306 2452 376">
    <p class='ocr_par' dir='ltr' id='par_1_2' title="bbox 1292 306 2452 376">
     <span class='ocr_line' id='line_1_2' title="bbox 1292 306 2452 376; baseline 0.002 -4"><span class='ocrx_word' id='word_1_2' title='bbox 1292 307 1670 374; x_wconf 76' lang='lat' dir='ltr'><strong>HOMILUE.</strong></span> <span class='ocrx_word' id='word_1_3' title='bbox 1702 337 1781 354; x_wconf 87' lang='lat'><strong>--</strong></span> <span class='ocrx_word' id='word_1_4' title='bbox 1812 306 1860 370; x_wconf 89' lang='grc' dir='ltr'><strong>Ι.</strong></span> <span class='ocrx_word' id='word_1_5' title='bbox 1906 309 2009 371; x_wconf 84' lang='lat' dir='ltr'><strong>DE</strong></span> <span class='ocrx_word' id='word_1_6' title='bbox 2051 309 2452 376; x_wconf 81' lang='lat' dir='ltr'><strong>TEMPORE.</strong></span> 
     </span>
    </p>
   </div>
   <div class='ocr_carea' id='block_1_3' title="bbox 3424 311 3580 376">
    <p class='ocr_par' dir='ltr' id='par_1_3' title="bbox 3424 311 3580 376">
     <span class='ocr_line' id='line_1_3' title="bbox 3424 311 3580 376; baseline 0.013 -2"><span class='ocrx_word' id='word_1_7' title='bbox 3424 311 3580 376; x_wconf 81' lang='grc'><strong>1398</strong></span> 
     </span>
    </p>
   </div>
   <div class='ocr_carea' id='block_1_4' title="bbox 171 440 3597 520">
    <p class='ocr_par' dir='ltr' id='par_1_4' title="bbox 171 440 3597 520">
     <span class='ocr_line' id='line_1_4' title="bbox 171 440 3597 520; baseline 0.001 -21"><span class='ocrx_word' id='word_1_8' title='bbox 171 442 406 516; x_wconf 78' lang='lat' dir='ltr'><strong>quando</strong></span> <span class='ocrx_word' id='word_1_9' title='bbox 433 440 651 514; x_wconf 91' lang='lat' dir='ltr'><strong>atiquis</strong></span> <span class='ocrx_word' id='word_1_10' title='bbox 700 445 936 515; x_wconf 82' lang='lat' dir='ltr'><strong>propter</strong></span> <span class='ocrx_word' id='word_1_11' title='bbox 981 442 1212 500; x_wconf 90' lang='lat' dir='ltr'><strong>lucrum</strong></span> <span class='ocrx_word' id='word_1_12' title='bbox 1259 442 1346 499; x_wconf 91' lang='lat' dir='ltr'><strong>vel</strong></span> <span class='ocrx_word' id='word_1_13' title='bbox 1393 446 1629 517; x_wconf 81' lang='lat' dir='ltr'><strong>propter</strong></span> <span class='ocrx_word' id='word_1_14' title='bbox 1669 441 1823 498; x_wconf 88' lang='lat' dir='ltr'><strong>favo-</strong></span> <span class='ocrx_word' id='word_1_15' title='bbox 1853 442 1907 509; x_wconf 79' lang='grc' dir='ltr'><strong>Α</strong></span> <span class='ocrx_word' id='word_1_16' title='bbox 2009 445 2300 515; x_wconf 90' lang='lat' dir='ltr'><strong>Secundo,</strong></span> <span class='ocrx_word' id='word_1_17' title='bbox 2327 446 2630 503; x_wconf 81' lang='lat' dir='ltr'><strong>inducitur</strong></span> <span class='ocrx_word' id='word_1_18' title='bbox 2660 444 2948 520; x_wconf 78' lang='lat' dir='ltr'><strong>peccatrix</strong></span> <span class='ocrx_word' id='word_1_19' title='bbox 2978 444 3268 518; x_wconf 74' lang='lat' dir='ltr'><strong>pmniteus</strong></span> <span class='ocrx_word' id='word_1_20' title='bbox 3298 460 3430 502; x_wconf 90' lang='lat' dir='ltr'><strong>cum</strong></span> <span class='ocrx_word' id='word_1_21' title='bbox 3454 448 3597 504; x_wconf 87' lang='lat' dir='ltr'><strong>sub-</strong></span> 
     </span>
    </p>
   </div>
   <div class='ocr_carea' id='block_1_5' title="bbox 173 529 1824 605">
    <p class='ocr_par' dir='ltr' id='par_1_5' title="bbox 173 529 1824 605">
     <span class='ocr_line' id='line_1_5' title="bbox 173 529 1824 605; baseline -0.002 -16"><span class='ocrx_word' id='word_1_22' title='bbox 173 531 408 600; x_wconf 88' lang='lat' dir='ltr'><strong>rem,vel</strong></span> <span class='ocrx_word' id='word_1_23' title='bbox 431 531 651 600; x_wconf 91' lang='lat' dir='ltr'><strong>odium,</strong></span> <span class='ocrx_word' id='word_1_24' title='bbox 678 531 764 586; x_wconf 87' lang='lat' dir='ltr'><strong>vel</strong></span> <span class='ocrx_word' id='word_1_25' title='bbox 785 531 1044 605; x_wconf 83' lang='lat' dir='ltr'><strong>aliquam</strong></span> <span class='ocrx_word' id='word_1_26' title='bbox 1068 531 1241 588; x_wconf 89' lang='lat' dir='ltr'><strong>aliam</strong></span> <span class='ocrx_word' id='word_1_27' title='bbox 1269 529 1649 605; x_wconf 80' lang='lat' dir='ltr'><strong>temporalem</strong></span> <span class='ocrx_word' id='word_1_28' title='bbox 1684 547 1824 586; x_wconf 88' lang='lat' dir='ltr'><strong>cau-</strong></span> 
     </span>
    </p>
   </div>
   <div class='ocr_carea' id='block_1_6' title="bbox 175 621 1824 695">
    <p class='ocr_par' dir='ltr' id='par_1_6' title="bbox 175 621 1824 695">
     <span class='ocr_line' id='line_1_6' title="bbox 175 621 1824 695; baseline -0.001 -17"><span class='ocrx_word' id='word_1_29' title='bbox 175 639 301 680; x_wconf 88' lang='lat' dir='ltr'><strong>sam</strong></span> <span class='ocrx_word' id='word_1_30' title='bbox 333 622 508 693; x_wconf 80' lang='lat' dir='ltr'><strong>iurat.</strong></span> <span class='ocrx_word' id='word_1_31' title='bbox 547 621 765 693; x_wconf 83' lang='lat' dir='ltr'><strong>Itaque,</strong></span> <span class='ocrx_word' id='word_1_32' title='bbox 793 621 1003 678; x_wconf 80' lang='lat' dir='ltr'><strong>fratres</strong></span> <span class='ocrx_word' id='word_1_33' title='bbox 1033 623 1356 694; x_wconf 89' lang='lat' dir='ltr'><strong>mei,grave</strong></span> <span class='ocrx_word' id='word_1_34' title='bbox 1386 626 1689 695; x_wconf 89' lang='lat' dir='ltr'><strong>peccatum</strong></span> <span class='ocrx_word' id='word_1_35' title='bbox 1733 624 1824 676; x_wconf 89' lang='lat' dir='ltr'><strong>est</strong></span> 
     </span>
    </p>
   </div>
   <div class='ocr_carea' id='block_1_7' title="bbox 175 710 1821 784">
    <p class='ocr_par' dir='ltr' id='par_1_7' title="bbox 175 710 1821 784">
     <span class='ocr_line' id='line_1_7' title="bbox 175 710 1821 784; baseline -0.001 -16"><span class='ocrx_word' id='word_1_36' title='bbox 175 713 658 784; x_wconf 88' lang='lat' dir='ltr'><strong>dejerameutum,</strong></span> <span class='ocrx_word' id='word_1_37' title='bbox 694 710 832 782; x_wconf 90' lang='lat' dir='ltr'><strong>quia</strong></span> <span class='ocrx_word' id='word_1_38' title='bbox 859 715 1016 767; x_wconf 83' lang='lat' dir='ltr'>caret</span> <span class='ocrx_word' id='word_1_39' title='bbox 1044 715 1200 768; x_wconf 90' lang='lat' dir='ltr'><strong>recto</strong></span> <span class='ocrx_word' id='word_1_40' title='bbox 1233 712 1365 767; x_wconf 81' lang='lat' dir='ltr'><strong>line.</strong></span> <span class='ocrx_word' id='word_1_41' title='bbox 1397 710 1642 766; x_wconf 82' lang='lat' dir='ltr'><strong>Gravius</strong></span> <span class='ocrx_word' id='word_1_42' title='bbox 1688 726 1821 766; x_wconf 89' lang='lat' dir='ltr'><strong>vero</strong></span> 
     </span>
    </p>
   </div>
   <div class='ocr_carea' id='block_1_8' title="bbox 173 799 1822 872">
    <p class='ocr_par' dir='ltr' id='par_1_8' title="bbox 173 799 1822 872">
     <span class='ocr_line' id='line_1_8' title="bbox 173 799 1822 872; baseline -0.002 -14"><span class='ocrx_word' id='word_1_43' title='bbox 173 804 264 858; x_wconf 90' lang='lat' dir='ltr'><strong>est</strong></span> <span class='ocrx_word' id='word_1_44' title='bbox 293 799 540 856; x_wconf 90' lang='lat' dir='ltr'><strong>stultum</strong></span> <span class='ocrx_word' id='word_1_45' title='bbox 583 800 1010 870; x_wconf 80' lang='lat' dir='ltr'><strong>juramentum,</strong></span> <span class='ocrx_word' id='word_1_46' title='bbox 1045 799 1183 872; x_wconf 83' lang='lat' dir='ltr'><strong>quia</strong></span> <span class='ocrx_word' id='word_1_47' title='bbox 1224 801 1388 872; x_wconf 91' lang='lat' dir='ltr'><strong>jurat</strong></span> <span class='ocrx_word' id='word_1_48' title='bbox 1433 817 1501 856; x_wconf 90' lang='lat' dir='ltr'><strong>ea</strong></span> <span class='ocrx_word' id='word_1_49' title='bbox 1550 817 1674 871; x_wconf 81' lang='lat' dir='ltr'><strong>quae</strong></span> <span class='ocrx_word' id='word_1_50' title='bbox 1707 816 1822 855; x_wconf 91' lang='lat' dir='ltr'><strong>non</strong></span> 
     </span>
    </p>
   </div>
   <div class='ocr_carea' id='block_1_9' title="bbox 176 886 1819 961">
    <p class='ocr_par' dir='ltr' id='par_1_9' title="bbox 176 886 1819 961">
     <span class='ocr_line' id='line_1_9' title="bbox 176 886 1819 961; baseline -0.003 -15"><span class='ocrx_word' id='word_1_51' title='bbox 176 891 412 947; x_wconf 81' lang='lat' dir='ltr'>deberet</span> <span class='ocrx_word' id='word_1_52' title='bbox 430 891 650 961; x_wconf 89' lang='lat' dir='ltr'><strong>jurare.</strong></span> <span class='ocrx_word' id='word_1_53' title='bbox 683 889 1108 945; x_wconf 86' lang='lat' dir='ltr'><strong>Gravissimum</strong></span> <span class='ocrx_word' id='word_1_54' title='bbox 1153 905 1285 945; x_wconf 91' lang='lat' dir='ltr'><strong>vero</strong></span> <span class='ocrx_word' id='word_1_55' title='bbox 1338 893 1426 945; x_wconf 89' lang='lat' dir='ltr'><strong>est</strong></span> <span class='ocrx_word' id='word_1_56' title='bbox 1473 886 1819 960; x_wconf 88' lang='lat' dir='ltr'><strong>perjurium,</strong></span> 
     </span>
    </p>
   </div>
   <div class='ocr_carea' id='block_1_10' title="bbox 177 976 1821 1053">
    <p class='ocr_par' dir='ltr' id='par_1_10' title="bbox 177 976 1821 1053">
     <span class='ocr_line' id='line_1_10' title="bbox 177 976 1821 1053; baseline -0.003 -18"><span class='ocrx_word' id='word_1_57' title='bbox 177 979 320 1053; x_wconf 89' lang='lat' dir='ltr'><strong>quia</strong></span> <span class='ocrx_word' id='word_1_58' title='bbox 350 980 516 1051; x_wconf 91' lang='lat' dir='ltr'><strong>jurat</strong></span> <span class='ocrx_word' id='word_1_59' title='bbox 549 976 761 1033; x_wconf 89' lang='lat' dir='ltr'><strong>falsum</strong></span> <span class='ocrx_word' id='word_1_60' title='bbox 791 994 893 1050; x_wconf 93' lang='lat' dir='ltr'><strong>pro</strong></span> <span class='ocrx_word' id='word_1_61' title='bbox 920 979 1181 1045; x_wconf 79' lang='lat' dir='ltr'><strong>veritate,</strong></span> <span class='ocrx_word' id='word_1_62' title='bbox 1214 982 1271 1034; x_wconf 91' lang='lat' dir='ltr'><strong>et</strong></span> <span class='ocrx_word' id='word_1_63' title='bbox 1321 976 1589 1034; x_wconf 80' lang='lat' dir='ltr'><strong>falsitatis</strong></span> <span class='ocrx_word' id='word_1_64' title='bbox 1641 981 1821 1031; x_wconf 91' lang='lat' dir='ltr'><strong>Deum</strong></span> 
     </span>
    </p>
   </div>
   <div class='ocr_carea' id='block_1_11' title="bbox 175 1063 1825 1139">
    <p class='ocr_par' dir='ltr' id='par_1_11' title="bbox 175 1063 1825 1139">
     <span class='ocr_line' id='line_1_11' title="bbox 175 1063 1825 1139; baseline -0.004 -15"><span class='ocrx_word' id='word_1_65' title='bbox 175 1073 386 1126; x_wconf 82' lang='lat' dir='ltr'><strong>testem</strong></span> <span class='ocrx_word' id='word_1_66' title='bbox 406 1067 650 1123; x_wconf 83' lang='lat' dir='ltr'><strong>inducit.</strong></span> <span class='ocrx_word' id='word_1_67' title='bbox 685 1066 873 1138; x_wconf 89' lang='lat' dir='ltr'>Super</span> <span class='ocrx_word' id='word_1_68' title='bbox 896 1067 1091 1122; x_wconf 85' lang='lat' dir='ltr'><strong>omnia</strong></span> <span class='ocrx_word' id='word_1_69' title='bbox 1123 1065 1300 1123; x_wconf 91' lang='lat' dir='ltr'><strong>etiam</strong></span> <span class='ocrx_word' id='word_1_70' title='bbox 1331 1063 1825 1139; x_wconf 89' lang='lat' dir='ltr'><strong>ista,gravissima</strong></span> 
     </span>
    </p>
   </div>
   <div class='ocr_carea' id='block_1_12' title="bbox 177 1154 1820 1229">
    <p class='ocr_par' dir='ltr' id='par_1_12' title="bbox 177 1154 1820 1229">
     <span class='ocr_line' id='line_1_12' title="bbox 177 1154 1820 1229; baseline -0.003 -16"><span class='ocrx_word' id='word_1_71' title='bbox 177 1161 270 1213; x_wconf 89' lang='lat' dir='ltr'><strong>est</strong></span> <span class='ocrx_word' id='word_1_72' title='bbox 291 1157 534 1229; x_wconf 90' lang='lat' dir='ltr'><strong>jurandi</strong></span> <span class='ocrx_word' id='word_1_73' title='bbox 583 1155 964 1212; x_wconf 87' lang='lat' dir='ltr'><strong>consuetudo.</strong></span> <span class='ocrx_word' id='word_1_74' title='bbox 999 1155 1106 1222; x_wconf 90' lang='lat' dir='ltr'><strong>Qui</strong></span> <span class='ocrx_word' id='word_1_75' title='bbox 1147 1157 1306 1212; x_wconf 90' lang='lat' dir='ltr'><strong>enim</strong></span> <span class='ocrx_word' id='word_1_76' title='bbox 1350 1155 1610 1228; x_wconf 87' lang='lat' dir='ltr'><strong>quotidie</strong></span> <span class='ocrx_word' id='word_1_77' title='bbox 1635 1154 1820 1225; x_wconf 86' lang='lat' dir='ltr'><strong>jurat,</strong></span> 
     </span>
    </p>
   </div>
   <div class='ocr_carea' id='block_1_13' title="bbox 178 1241 1824 1319">
    <p class='ocr_par' dir='ltr' id='par_1_13' title="bbox 178 1241 1824 1319">
     <span class='ocr_line' id='line_1_13' title="bbox 178 1241 1824 1319; baseline -0.004 -17"><span class='ocrx_word' id='word_1_78' title='bbox 178 1247 514 1319; x_wconf 84' lang='lat' dir='ltr'><strong>frequenter</strong></span> <span class='ocrx_word' id='word_1_79' title='bbox 546 1245 868 1317; x_wconf 87' lang='lat' dir='ltr'><strong>pejerat.Et</strong></span> <span class='ocrx_word' id='word_1_80' title='bbox 888 1245 939 1300; x_wconf 88' lang='lat' dir='ltr'><strong>si</strong></span> <span class='ocrx_word' id='word_1_81' title='bbox 969 1248 1197 1300; x_wconf 89' lang='lat' dir='ltr'><strong>tantum</strong></span> <span class='ocrx_word' id='word_1_82' title='bbox 1221 1249 1525 1318; x_wconf 88' lang='lat' dir='ltr'><strong>peccatum</strong></span> <span class='ocrx_word' id='word_1_83' title='bbox 1543 1247 1632 1298; x_wconf 90' lang='lat' dir='ltr'><strong>est</strong></span> <span class='ocrx_word' id='word_1_84' title='bbox 1647 1241 1824 1297; x_wconf 88' lang='lat' dir='ltr'><strong>etiam</strong></span> 
     </span>
    </p>
   </div>
   <div class='ocr_carea' id='block_1_14' title="bbox 179 1333 1827 1408">
    <p class='ocr_par' dir='ltr' id='par_1_14' title="bbox 179 1333 1827 1408">
     <span class='ocr_line' id='line_1_14' title="bbox 179 1333 1827 1408; baseline -0.004 -16"><span class='ocrx_word' id='word_1_85' title='bbox 179 1333 360 1392; x_wconf 82' lang='lat' dir='ltr'><strong>semel</strong></span> <span class='ocrx_word' id='word_1_86' title='bbox 382 1335 660 1408; x_wconf 90' lang='lat' dir='ltr'><strong>pejerare,</strong></span> <span class='ocrx_word' id='word_1_87' title='bbox 693 1337 979 1406; x_wconf 88' lang='lat' dir='ltr'><strong>quantum</strong></span> <span class='ocrx_word' id='word_1_88' title='bbox 1013 1333 1230 1389; x_wconf 87' lang='lat' dir='ltr'><strong>crimen</strong></span> <span class='ocrx_word' id='word_1_89' title='bbox 1264 1337 1354 1390; x_wconf 89' lang='lat' dir='ltr'><strong>est</strong></span> <span class='ocrx_word' id='word_1_90' title='bbox 1381 1333 1714 1405; x_wconf 88' lang='lat' dir='ltr'><strong>frequenter</strong></span> <span class='ocrx_word' id='word_1_91' title='bbox 1737 1346 1827 1403; x_wconf 90' lang='lat' dir='ltr'><strong>pe-</strong></span> 
     </span>
    </p>
   </div>
   <div class='ocr_carea' id='block_1_15' title="bbox 169 1420 1823 1498">
    <p class='ocr_par' dir='ltr' id='par_1_15' title="bbox 169 1420 1823 1498">
     <span class='ocr_line' id='line_1_15' title="bbox 169 1420 1823 1498; baseline -0.002 -18"><span class='ocrx_word' id='word_1_92' title='bbox 169 1423 403 1498; x_wconf 83' lang='lat' dir='ltr'><strong>jerare?</strong></span> <span class='ocrx_word' id='word_1_93' title='bbox 423 1423 623 1496; x_wconf 84' lang='lat' dir='ltr'><strong>igitur,</strong></span> <span class='ocrx_word' id='word_1_94' title='bbox 640 1423 868 1489; x_wconf 76' lang='lat' dir='ltr'><strong>fratres,</strong></span> <span class='ocrx_word' id='word_1_95' title='bbox 882 1423 1363 1479; x_wconf 86' lang='lat' dir='ltr'><strong>consuetudinem</strong></span> <span class='ocrx_word' id='word_1_96' title='bbox 1388 1421 1628 1493; x_wconf 84' lang='lat' dir='ltr'><strong>jurandi</strong></span> <span class='ocrx_word' id='word_1_97' title='bbox 1653 1420 1823 1492; x_wconf 89' lang='lat' dir='ltr'><strong>quasi</strong></span> 
     </span>
    </p>
   </div>
   <div class='ocr_carea' id='block_1_16' title="bbox 180 1509 1826 1585">
    <p class='ocr_par' dir='ltr' id='par_1_16' title="bbox 180 1509 1826 1585">
     <span class='ocr_line' id='line_1_16' title="bbox 180 1509 1826 1585; baseline -0.002 -16"><span class='ocrx_word' id='word_1_98' title='bbox 180 1517 430 1570; x_wconf 88' lang='lat' dir='ltr'><strong>mortem</strong></span> <span class='ocrx_word' id='word_1_99' title='bbox 462 1510 787 1585; x_wconf 86' lang='lat' dir='ltr'><strong>fugiamus;</strong></span> <span class='ocrx_word' id='word_1_100' title='bbox 821 1529 926 1567; x_wconf 92' lang='lat' dir='ltr'><strong>nec</strong></span> <span class='ocrx_word' id='word_1_101' title='bbox 977 1511 1156 1567; x_wconf 92' lang='lat' dir='ltr'><strong>etiam</strong></span> <span class='ocrx_word' id='word_1_102' title='bbox 1200 1511 1535 1584; x_wconf 84' lang='lat' dir='ltr'><strong>aliquando,</strong></span> <span class='ocrx_word' id='word_1_103' title='bbox 1571 1509 1684 1565; x_wconf 88' lang='lat' dir='ltr'><strong>nisi</strong></span> <span class='ocrx_word' id='word_1_104' title='bbox 1723 1526 1826 1582; x_wconf 93' lang='lat' dir='ltr'><strong>pro</strong></span> 
     </span>
    </p>
   </div>
   <div class='ocr_carea' id='block_1_17' title="bbox 180 1597 1829 1676">
    <p class='ocr_par' dir='ltr' id='par_1_17' title="bbox 180 1597 1829 1676">
     <span class='ocr_line' id='line_1_17' title="bbox 180 1597 1829 1676; baseline -0.004 -17"><span class='ocrx_word' id='word_1_105' title='bbox 180 1619 402 1676; x_wconf 90' lang='lat' dir='ltr'><strong>magna</strong></span> <span class='ocrx_word' id='word_1_106' title='bbox 428 1600 857 1666; x_wconf 90' lang='lat' dir='ltr'><strong>necessitate,et</strong></span> <span class='ocrx_word' id='word_1_107' title='bbox 877 1605 1016 1656; x_wconf 90' lang='lat' dir='ltr'><strong>tunc</strong></span> <span class='ocrx_word' id='word_1_108' title='bbox 1040 1617 1174 1656; x_wconf 91' lang='lat' dir='ltr'><strong>cum</strong></span> <span class='ocrx_word' id='word_1_109' title='bbox 1206 1601 1415 1656; x_wconf 90' lang='lat' dir='ltr'><strong>timore</strong></span> <span class='ocrx_word' id='word_1_110' title='bbox 1431 1603 1486 1654; x_wconf 94' lang='lat' dir='ltr'><strong>ct</strong></span> <span class='ocrx_word' id='word_1_111' title='bbox 1507 1597 1829 1655; x_wconf 91' lang='lat' dir='ltr'><strong>reverentia</strong></span> 
     </span>
    </p>
   </div>
   <div class='ocr_carea' id='block_1_18' title="bbox 171 1687 1824 1766">
    <p class='ocr_par' dir='ltr' id='par_1_18' title="bbox 171 1687 1824 1766">
     <span class='ocr_line' id='line_1_18' title="bbox 171 1687 1824 1766; baseline -0.004 -18"><span class='ocrx_word' id='word_1_112' title='bbox 171 1693 468 1766; x_wconf 89' lang='lat' dir='ltr'><strong>juremus.</strong></span> <span class='ocrx_word' id='word_1_113' title='bbox 500 1689 657 1746; x_wconf 84' lang='lat' dir='ltr'><strong>Alios</strong></span> <span class='ocrx_word' id='word_1_114' title='bbox 705 1691 778 1744; x_wconf 89' lang='lat' dir='ltr'><strong>ad</strong></span> <span class='ocrx_word' id='word_1_115' title='bbox 830 1690 1156 1760; x_wconf 91' lang='lat' dir='ltr'><strong>juraudum</strong></span> <span class='ocrx_word' id='word_1_116' title='bbox 1215 1707 1332 1745; x_wconf 91' lang='lat' dir='ltr'><strong>non</strong></span> <span class='ocrx_word' id='word_1_117' title='bbox 1383 1687 1824 1761; x_wconf 87' lang='lat' dir='ltr'><strong>compellamus,</strong></span> 
     </span>
    </p>
   </div>
   <div class='ocr_carea' id='block_1_19' title="bbox 1934 532 3587 607">
    <p class='ocr_par' dir='ltr' id='par_1_19' title="bbox 1934 532 3587 607">
     <span class='ocr_line' id='line_1_19' title="bbox 1934 532 3587 607; baseline 0.001 -17"><span class='ocrx_word' id='word_1_118' title='bbox 1934 532 2094 590; x_wconf 90' lang='lat' dir='ltr'><strong>ditur</strong></span> <span class='ocrx_word' id='word_1_119' title='bbox 2123 551 2136 590; x_wconf 88' lang='lat'><strong><em>:</em></strong></span> <span class='ocrx_word' id='word_1_120' title='bbox 2173 537 2237 591; x_wconf 91' lang='lat' dir='ltr'><strong>Et</strong></span> <span class='ocrx_word' id='word_1_121' title='bbox 2265 552 2380 592; x_wconf 86' lang='lat' dir='ltr'><strong>ecce</strong></span> <span class='ocrx_word' id='word_1_122' title='bbox 2411 535 2632 604; x_wconf 77' lang='lat' dir='ltr'><strong>mulier,</strong></span> <span class='ocrx_word' id='word_1_123' title='bbox 2657 550 2780 607; x_wconf 57' lang='lat' dir='ltr'><strong>qua?</strong></span> <span class='ocrx_word' id='word_1_124' title='bbox 2810 543 2928 591; x_wconf 86' lang='lat' dir='ltr'><strong>erat</strong></span> <span class='ocrx_word' id='word_1_125' title='bbox 2956 537 3012 590; x_wconf 86' lang='lat' dir='ltr'><strong>in</strong></span> <span class='ocrx_word' id='word_1_126' title='bbox 3043 536 3263 591; x_wconf 78' lang='lat' dir='ltr'><strong>civitate</strong></span> <span class='ocrx_word' id='word_1_127' title='bbox 3287 537 3587 606; x_wconf 76' lang='lat' dir='ltr'><strong>peccatrix,</strong></span> 
     </span>
    </p>
   </div>
   <div class='ocr_carea' id='block_1_20' title="bbox 1931 624 3581 697">
    <p class='ocr_par' dir='ltr' id='par_1_20' title="bbox 1931 624 3581 697">
     <span class='ocr_line' id='line_1_20' title="bbox 1931 624 3581 697; baseline 0.001 -18"><span class='ocrx_word' id='word_1_128' title='bbox 1931 632 1993 680; x_wconf 80' lang='lat' dir='ltr'><strong>ut</strong></span> <span class='ocrx_word' id='word_1_129' title='bbox 2023 627 2292 694; x_wconf 79' lang='lat' dir='ltr'><strong>cognovit,</strong></span> <span class='ocrx_word' id='word_1_130' title='bbox 2309 628 2418 680; x_wconf 92' lang='lat' dir='ltr'><strong>etc.</strong></span> <span class='ocrx_word' id='word_1_131' title='bbox 2444 625 2505 681; x_wconf 88' lang='lat' dir='ltr'><strong>In</strong></span> <span class='ocrx_word' id='word_1_132' title='bbox 2538 642 2651 697; x_wconf 91' lang='lat' dir='ltr'><strong>quo</strong></span> <span class='ocrx_word' id='word_1_133' title='bbox 2683 624 3108 680; x_wconf 89' lang='lat' dir='ltr'><strong>consideranda</strong></span> <span class='ocrx_word' id='word_1_134' title='bbox 3131 627 3272 679; x_wconf 91' lang='lat' dir='ltr'><strong>sunt</strong></span> <span class='ocrx_word' id='word_1_135' title='bbox 3294 627 3581 695; x_wconf 86' lang='lat' dir='ltr'><strong>quatuor:</strong></span> 
     </span>
    </p>
   </div>
   <div class='ocr_carea' id='block_1_21' title="bbox 1934 712 3584 789">
    <p class='ocr_par' dir='ltr' id='par_1_21' title="bbox 1934 712 3584 789">
     <span class='ocr_line' id='line_1_21' title="bbox 1934 712 3584 789; baseline -0.001 -19"><span class='ocrx_word' id='word_1_136' title='bbox 1934 714 2283 770; x_wconf 88' lang='lat' dir='ltr'><strong>Peccatricis</strong></span> <span class='ocrx_word' id='word_1_137' title='bbox 2315 715 2676 789; x_wconf 85' lang='lat' dir='ltr'><strong>magnitudo,</strong></span> <span class='ocrx_word' id='word_1_138' title='bbox 2729 713 2956 770; x_wconf 91' lang='lat' dir='ltr'><strong>occulta</strong></span> <span class='ocrx_word' id='word_1_139' title='bbox 2993 712 3344 786; x_wconf 84' lang='lat' dir='ltr'><strong>provocatio,</strong></span> <span class='ocrx_word' id='word_1_140' title='bbox 3374 712 3584 770; x_wconf 90' lang='lat' dir='ltr'><strong>accele-</strong></span> 
     </span>
    </p>
   </div>
   <div class='ocr_carea' id='block_1_22' title="bbox 1934 801 3581 876">
    <p class='ocr_par' dir='ltr' id='par_1_22' title="bbox 1934 801 3581 876">
     <span class='ocr_line' id='line_1_22' title="bbox 1934 801 3581 876; baseline -0.001 -17"><span class='ocrx_word' id='word_1_141' title='bbox 1934 807 2060 859; x_wconf 89' lang='lat' dir='ltr'><strong>rata</strong></span> <span class='ocrx_word' id='word_1_142' title='bbox 2089 804 2408 872; x_wconf 86' lang='lat' dir='ltr'><strong>conversio,</strong></span> <span class='ocrx_word' id='word_1_143' title='bbox 2443 804 2671 860; x_wconf 85' lang='lat' dir='ltr'><strong>fervens</strong></span> <span class='ocrx_word' id='word_1_144' title='bbox 2702 803 3022 876; x_wconf 72' lang='lat' dir='ltr'><strong>pmnitudo.</strong></span> <span class='ocrx_word' id='word_1_145' title='bbox 3058 801 3347 858; x_wconf 82' lang='lat' dir='ltr'><strong>Peccatrix</strong></span> <span class='ocrx_word' id='word_1_146' title='bbox 3395 801 3581 874; x_wconf 89' lang='lat' dir='ltr'><strong>siqui-</strong></span> 
     </span>
    </p>
   </div>
   <div class='ocr_carea' id='block_1_23' title="bbox 1933 891 3582 965">
    <p class='ocr_par' dir='ltr' id='par_1_23' title="bbox 1933 891 3582 965">
     <span class='ocr_line' id='line_1_23' title="bbox 1933 891 3582 965; baseline -0.001 -17"><span class='ocrx_word' id='word_1_147' title='bbox 1933 893 2067 950; x_wconf 90' lang='lat' dir='ltr'><strong>dem</strong></span> <span class='ocrx_word' id='word_1_148' title='bbox 2099 893 2219 948; x_wconf 82' lang='lat' dir='ltr'><strong>heec</strong></span> <span class='ocrx_word' id='word_1_149' title='bbox 2250 909 2464 965; x_wconf 87' lang='lat' dir='ltr'><strong>magna</strong></span> <span class='ocrx_word' id='word_1_150' title='bbox 2494 897 2779 964; x_wconf 63' lang='lat' dir='ltr'><strong>erat,qum</strong></span> <span class='ocrx_word' id='word_1_151' title='bbox 2811 891 3271 948; x_wconf 87' lang='lat' dir='ltr'><strong>antonomastice</strong></span> <span class='ocrx_word' id='word_1_152' title='bbox 3295 891 3582 962; x_wconf 84' lang='lat' dir='ltr'><strong>peccatrix</strong></span> 
     </span>
    </p>
   </div>
   <div class='ocr_carea' id='block_1_24' title="bbox 1933 981 3579 1052">
    <p class='ocr_par' dir='ltr' id='par_1_24' title="bbox 1933 981 3579 1052">
     <span class='ocr_line' id='line_1_24' title="bbox 1933 981 3579 1052; baseline -0.001 -15"><span class='ocrx_word' id='word_1_153' title='bbox 1933 981 2090 1038; x_wconf 89' lang='lat' dir='ltr'><strong>dicta</strong></span> <span class='ocrx_word' id='word_1_154' title='bbox 2119 986 2225 1038; x_wconf 91' lang='lat' dir='ltr'><strong>est.</strong></span> <span class='ocrx_word' id='word_1_155' title='bbox 2263 981 2424 1038; x_wconf 89' lang='lat' dir='ltr'><strong>Unde</strong></span> <span class='ocrx_word' id='word_1_156' title='bbox 2456 985 2512 1037; x_wconf 92' lang='lat' dir='ltr'><strong>et</strong></span> <span class='ocrx_word' id='word_1_157' title='bbox 2541 981 2635 1036; x_wconf 89' lang='lat' dir='ltr'><strong>hic</strong></span> <span class='ocrx_word' id='word_1_158' title='bbox 2667 981 2882 1036; x_wconf 91' lang='lat' dir='ltr'><strong>dicitur</strong></span> <span class='ocrx_word' id='word_1_159' title='bbox 2916 997 2928 1034; x_wconf 89' lang='lat'>:</span> <span class='ocrx_word' id='word_1_160' title='bbox 2964 981 3177 1048; x_wconf 82' lang='lat' dir='ltr'><strong>Mulier,</strong></span> <span class='ocrx_word' id='word_1_161' title='bbox 3211 997 3331 1052; x_wconf 64' lang='lat' dir='ltr'><strong>quae</strong></span> <span class='ocrx_word' id='word_1_162' title='bbox 3358 988 3475 1036; x_wconf 86' lang='lat' dir='ltr'><strong>erat</strong></span> <span class='ocrx_word' id='word_1_163' title='bbox 3521 983 3579 1036; x_wconf 85' lang='lat' dir='ltr'><strong>in</strong></span> 
     </span>
    </p>
   </div>
   <div class='ocr_carea' id='block_1_25' title="bbox 1931 1069 3584 1143">
    <p class='ocr_par' dir='ltr' id='par_1_25' title="bbox 1931 1069 3584 1143">
     <span class='ocr_line' id='line_1_25' title="bbox 1931 1069 3584 1143; baseline -0.001 -17"><span class='ocrx_word' id='word_1_164' title='bbox 1931 1071 2148 1126; x_wconf 83' lang='lat' dir='ltr'><strong>civitate</strong></span> <span class='ocrx_word' id='word_1_165' title='bbox 2173 1073 2472 1143; x_wconf 71' lang='lat' dir='ltr'><strong>peccatrix.</strong></span> <span class='ocrx_word' id='word_1_166' title='bbox 2499 1071 2621 1125; x_wconf 90' lang='lat' dir='ltr'><strong>Non</strong></span> <span class='ocrx_word' id='word_1_167' title='bbox 2657 1070 2812 1142; x_wconf 90' lang='lat' dir='ltr'><strong>quod</strong></span> <span class='ocrx_word' id='word_1_168' title='bbox 2845 1069 3008 1125; x_wconf 87' lang='lat' dir='ltr'><strong>nulla</strong></span> <span class='ocrx_word' id='word_1_169' title='bbox 3039 1069 3153 1124; x_wconf 82' lang='lat' dir='ltr'><strong>alia</strong></span> <span class='ocrx_word' id='word_1_170' title='bbox 3201 1073 3357 1124; x_wconf 89' lang='lat' dir='ltr'><strong>esset</strong></span> <span class='ocrx_word' id='word_1_171' title='bbox 3388 1086 3584 1142; x_wconf 86' lang='lat' dir='ltr'><strong>pecca-</strong></span> 
     </span>
    </p>
   </div>
   <div class='ocr_carea' id='block_1_26' title="bbox 1933 1155 3584 1232">
    <p class='ocr_par' dir='ltr' id='par_1_26' title="bbox 1933 1155 3584 1232">
     <span class='ocr_line' id='line_1_26' title="bbox 1933 1155 3584 1232; baseline -0.001 -18"><span class='ocrx_word' id='word_1_172' title='bbox 1933 1159 2066 1228; x_wconf 87' lang='lat' dir='ltr'><strong>trix,</strong></span> <span class='ocrx_word' id='word_1_173' title='bbox 2097 1160 2198 1215; x_wconf 89' lang='lat' dir='ltr'><strong>sed</strong></span> <span class='ocrx_word' id='word_1_174' title='bbox 2230 1159 2369 1231; x_wconf 87' lang='lat' dir='ltr'><strong>quia</strong></span> <span class='ocrx_word' id='word_1_175' title='bbox 2399 1158 2671 1232; x_wconf 80' lang='lat' dir='ltr'><strong>quaelibet</strong></span> <span class='ocrx_word' id='word_1_176' title='bbox 2701 1158 3011 1230; x_wconf 81' lang='lat' dir='ltr'><strong>peccatrix,</strong></span> <span class='ocrx_word' id='word_1_177' title='bbox 3041 1158 3099 1212; x_wconf 91' lang='lat' dir='ltr'><strong>in</strong></span> <span class='ocrx_word' id='word_1_178' title='bbox 3152 1155 3584 1229; x_wconf 89' lang='lat' dir='ltr'><strong>comparatione</strong></span> 
     </span>
    </p>
   </div>
   <div class='ocr_carea' id='block_1_27' title="bbox 1933 1244 3585 1320">
    <p class='ocr_par' dir='ltr' id='par_1_27' title="bbox 1933 1244 3585 1320">
     <span class='ocr_line' id='line_1_27' title="bbox 1933 1244 3585 1320; baseline -0.002 -16"><span class='ocrx_word' id='word_1_179' title='bbox 1933 1249 2061 1320; x_wconf 86' lang='lat' dir='ltr'><strong>ejus</strong></span> <span class='ocrx_word' id='word_1_180' title='bbox 2092 1252 2295 1304; x_wconf 90' lang='lat' dir='ltr'><strong>sancta</strong></span> <span class='ocrx_word' id='word_1_181' title='bbox 2321 1247 2672 1304; x_wconf 89' lang='lat' dir='ltr'><strong>csset.Undc</strong></span> <span class='ocrx_word' id='word_1_182' title='bbox 2697 1252 2752 1302; x_wconf 88' lang='lat' dir='ltr'><strong>et</strong></span> <span class='ocrx_word' id='word_1_183' title='bbox 2783 1248 3013 1303; x_wconf 87' lang='lat' dir='ltr'><strong>Marcus</strong></span> <span class='ocrx_word' id='word_1_184' title='bbox 3045 1249 3264 1318; x_wconf 86' lang='lat' dir='ltr'><strong>septem</strong></span> <span class='ocrx_word' id='word_1_185' title='bbox 3299 1244 3585 1301; x_wconf 67' lang='lat' dir='ltr'><strong>daemonia</strong></span> 
     </span>
    </p>
   </div>
   <div class='ocr_carea' id='block_1_28' title="bbox 1937 1335 3579 1408">
    <p class='ocr_par' dir='ltr' id='par_1_28' title="bbox 1937 1335 3579 1408">
     <span class='ocr_line' id='line_1_28' title="bbox 1937 1335 3579 1408; baseline -0.002 -14"><span class='ocrx_word' id='word_1_186' title='bbox 1937 1339 2007 1394; x_wconf 90' lang='lat' dir='ltr'><strong>de</strong></span> <span class='ocrx_word' id='word_1_187' title='bbox 2035 1337 2149 1394; x_wconf 83' lang='lat' dir='ltr'><strong>ista</strong></span> <span class='ocrx_word' id='word_1_188' title='bbox 2176 1355 2210 1395; x_wconf 89' lang='lat' dir='ltr'><strong>a</strong></span> <span class='ocrx_word' id='word_1_189' title='bbox 2239 1336 2483 1394; x_wconf 90' lang='lat' dir='ltr'><strong>Domino</strong></span> <span class='ocrx_word' id='word_1_190' title='bbox 2511 1337 2694 1392; x_wconf 88' lang='lat' dir='ltr'><strong>fuisse</strong></span> <span class='ocrx_word' id='word_1_191' title='bbox 2739 1338 2922 1408; x_wconf 85' lang='lat' dir='ltr'><strong>ejecta</strong></span> <span class='ocrx_word' id='word_1_192' title='bbox 2966 1339 3214 1390; x_wconf 88' lang='lat' dir='ltr'><strong>testatur</strong></span> <span class='ocrx_word' id='word_1_193' title='bbox 3237 1335 3428 1407; x_wconf 89' lang='lat' dir='ltr'><strong>(Marc.</strong></span> <span class='ocrx_word' id='word_1_194' title='bbox 3454 1351 3579 1402; x_wconf 79' lang='lat' dir='ltr'><strong>XVI;</strong></span> 
     </span>
    </p>
   </div>
   <div class='ocr_carea' id='block_1_29' title="bbox 1934 1422 3581 1499">
    <p class='ocr_par' dir='ltr' id='par_1_29' title="bbox 1934 1422 3581 1499">
     <span class='ocr_line' id='line_1_29' title="bbox 1934 1422 3581 1499; baseline -0.002 -17"><span class='ocrx_word' id='word_1_195' title='bbox 1934 1427 2062 1482; x_wconf 85' lang='lat' dir='ltr'><strong>Luc.</strong></span> <span class='ocrx_word' id='word_1_196' title='bbox 2082 1430 2226 1497; x_wconf 74' lang='grc' dir='ltr'><strong>ναι).</strong></span> <span class='ocrx_word' id='word_1_197' title='bbox 2251 1428 2483 1499; x_wconf 90' lang='lat' dir='ltr'><strong>Septem</strong></span> <span class='ocrx_word' id='word_1_198' title='bbox 2515 1425 2671 1480; x_wconf 90' lang='lat' dir='ltr'><strong>enim</strong></span> <span class='ocrx_word' id='word_1_199' title='bbox 2703 1425 2992 1480; x_wconf 64' lang='lat' dir='ltr'><strong>daemonia</strong></span> <span class='ocrx_word' id='word_1_200' title='bbox 3013 1424 3196 1479; x_wconf 87' lang='lat' dir='ltr'><strong>Maria</strong></span> <span class='ocrx_word' id='word_1_201' title='bbox 3216 1422 3425 1478; x_wconf 87' lang='lat' dir='ltr'><strong>habuit</strong></span> <span class='ocrx_word' id='word_1_202' title='bbox 3455 1439 3581 1495; x_wconf 73' lang='lat' dir='ltr'><strong>quae</strong></span> 
     </span>
    </p>
   </div>
   <div class='ocr_carea' id='block_1_30' title="bbox 1937 1509 3586 1588">
    <p class='ocr_par' dir='ltr' id='par_1_30' title="bbox 1937 1509 3586 1588">
     <span class='ocr_line' id='line_1_30' title="bbox 1937 1509 3586 1588; baseline -0.004 -16"><span class='ocrx_word' id='word_1_203' title='bbox 1937 1515 2222 1572; x_wconf 89' lang='lat' dir='ltr'><strong>universis</strong></span> <span class='ocrx_word' id='word_1_204' title='bbox 2251 1514 2410 1570; x_wconf 87' lang='lat' dir='ltr'><strong>vitiis</strong></span> <span class='ocrx_word' id='word_1_205' title='bbox 2432 1514 2604 1588; x_wconf 90' lang='lat' dir='ltr'><strong>plena</strong></span> <span class='ocrx_word' id='word_1_206' title='bbox 2636 1513 2762 1569; x_wconf 90' lang='lat' dir='ltr'><strong>fuit.</strong></span> <span class='ocrx_word' id='word_1_207' title='bbox 2779 1513 2886 1582; x_wconf 87' lang='lat' dir='ltr'><strong>Qui</strong></span> <span class='ocrx_word' id='word_1_208' title='bbox 2909 1512 3063 1568; x_wconf 89' lang='lat' dir='ltr'><strong>enim</strong></span> <span class='ocrx_word' id='word_1_209' title='bbox 3087 1529 3120 1568; x_wconf 90' lang='lat' dir='ltr'><strong>a</strong></span> <span class='ocrx_word' id='word_1_210' title='bbox 3141 1510 3382 1566; x_wconf 89' lang='lat' dir='ltr'><strong>libidine</strong></span> <span class='ocrx_word' id='word_1_211' title='bbox 3405 1509 3586 1583; x_wconf 89' lang='lat' dir='ltr'><strong>possi-</strong></span> 
     </span>
    </p>
   </div>
   <div class='ocr_carea' id='block_1_31' title="bbox 1937 1598 3581 1678">
    <p class='ocr_par' dir='ltr' id='par_1_31' title="bbox 1937 1598 3581 1678">
     <span class='ocr_line' id='line_1_31' title="bbox 1937 1598 3581 1678; baseline -0.004 -18"><span class='ocrx_word' id='word_1_212' title='bbox 1937 1605 2126 1673; x_wconf 90' lang='lat' dir='ltr'><strong>detur,</strong></span> <span class='ocrx_word' id='word_1_213' title='bbox 2161 1603 2426 1678; x_wconf 90' lang='lat' dir='ltr'><strong>aspiritu</strong></span> <span class='ocrx_word' id='word_1_214' title='bbox 2460 1602 2859 1659; x_wconf 76' lang='lat' dir='ltr'><strong>fornicationis</strong></span> <span class='ocrx_word' id='word_1_215' title='bbox 2892 1601 3252 1674; x_wconf 84' lang='lat' dir='ltr'><strong>possidetur;</strong></span> <span class='ocrx_word' id='word_1_216' title='bbox 3283 1605 3340 1656; x_wconf 89' lang='lat' dir='ltr'><strong>et</strong></span> <span class='ocrx_word' id='word_1_217' title='bbox 3378 1598 3478 1672; x_wconf 90' lang='lat' dir='ltr'><strong>qui</strong></span> <span class='ocrx_word' id='word_1_218' title='bbox 3509 1598 3581 1655; x_wconf 86' lang='lat' dir='ltr'><strong>ab</strong></span> 
     </span>
    </p>
   </div>
   <div class='ocr_carea' id='block_1_32' title="bbox 1937 1685 3582 1766">
    <p class='ocr_par' dir='ltr' id='par_1_32' title="bbox 1937 1685 3582 1766">
     <span class='ocr_line' id='line_1_32' title="bbox 1937 1685 3582 1766; baseline -0.005 -14"><span class='ocrx_word' id='word_1_219' title='bbox 1937 1693 2180 1752; x_wconf 87' lang='lat' dir='ltr'><strong>avaritia</strong></span> <span class='ocrx_word' id='word_1_220' title='bbox 2227 1693 2580 1766; x_wconf 84' lang='lat' dir='ltr'><strong>possidetur,</strong></span> <span class='ocrx_word' id='word_1_221' title='bbox 2612 1709 2646 1748; x_wconf 92' lang='lat' dir='ltr'><strong>a</strong></span> <span class='ocrx_word' id='word_1_222' title='bbox 2677 1707 3017 1746; x_wconf 87' lang='lat' dir='ltr'><strong>mammona</strong></span> <span class='ocrx_word' id='word_1_223' title='bbox 3075 1689 3284 1762; x_wconf 88' lang='lat' dir='ltr'><strong>spiritu</strong></span> <span class='ocrx_word' id='word_1_224' title='bbox 3331 1685 3582 1744; x_wconf 83' lang='lat' dir='ltr'><strong>avaritiae</strong></span> 
     </span>
    </p>
   </div>
   <div class='ocr_carea' id='block_1_33' title="bbox 181 1776 3583 1879">
    <p class='ocr_par' dir='ltr' id='par_1_33' title="bbox 181 1776 3583 1879">
     <span class='ocr_line' id='line_1_33' title="bbox 181 1776 3583 1879; baseline -0.001 -44"><span class='ocrx_word' id='word_1_225' title='bbox 181 1780 472 1879; x_wconf 68' lang='lat' dir='ltr'><strong>pracipue</strong></span> <span class='ocrx_word' id='word_1_226' title='bbox 526 1777 658 1836; x_wconf 87' lang='lat' dir='ltr'><strong>illos</strong></span> <span class='ocrx_word' id='word_1_227' title='bbox 706 1795 851 1879; x_wconf 83' lang='lat' dir='ltr'><strong>quos</strong></span> <span class='ocrx_word' id='word_1_228' title='bbox 899 1777 1113 1879; x_wconf 76' lang='lat' dir='ltr'><strong>falsum</strong></span> <span class='ocrx_word' id='word_1_229' title='bbox 1153 1779 1568 1879; x_wconf 63' lang='lat' dir='ltr'><strong>juramentum</strong></span> <span class='ocrx_word' id='word_1_230' title='bbox 1611 1776 1827 1879; x_wconf 53' lang='lat' dir='ltr'><strong>habere</strong></span> <span class='ocrx_word' id='word_1_231' title='bbox 1859 1815 1904 1879; x_wconf 79' lang='grc' dir='ltr'><strong><em>Β</em></strong></span> <span class='ocrx_word' id='word_1_232' title='bbox 1940 1782 2480 1857; x_wconf 89' lang='lat' dir='ltr'><strong>possidetur.Etsic</strong></span> <span class='ocrx_word' id='word_1_233' title='bbox 2497 1782 2568 1836; x_wconf 92' lang='lat' dir='ltr'><strong>de</strong></span> <span class='ocrx_word' id='word_1_234' title='bbox 2589 1780 2909 1846; x_wconf 88' lang='lat' dir='ltr'><strong>aliis.Quot</strong></span> <span class='ocrx_word' id='word_1_235' title='bbox 2928 1796 3064 1852; x_wconf 88' lang='lat' dir='ltr'><strong>ergo</strong></span> <span class='ocrx_word' id='word_1_236' title='bbox 3087 1777 3433 1878; x_wconf 79' lang='lat' dir='ltr'><strong>criminibus</strong></span> <span class='ocrx_word' id='word_1_237' title='bbox 3450 1776 3583 1850; x_wconf 88' lang='lat' dir='ltr'><strong>quis</strong></span> 
     </span>
    </p>
   </div>
   <div class='ocr_carea' id='block_1_34' title="bbox 181 1865 1826 1938">
    <p class='ocr_par' dir='ltr' id='par_1_34' title="bbox 181 1865 1826 1938">
     <span class='ocr_line' id='line_1_34' title="bbox 181 1865 1826 1938; baseline -0.004 -11"><span class='ocrx_word' id='word_1_238' title='bbox 181 1871 476 1936; x_wconf 87' lang='lat' dir='ltr'><strong>novimus,</strong></span> <span class='ocrx_word' id='word_1_239' title='bbox 499 1886 572 1924; x_wconf 87' lang='lat' dir='ltr'><strong>ne</strong></span> <span class='ocrx_word' id='word_1_240' title='bbox 601 1884 700 1923; x_wconf 91' lang='lat' dir='ltr'><strong>eos</strong></span> <span class='ocrx_word' id='word_1_241' title='bbox 729 1867 790 1924; x_wconf 92' lang='lat' dir='ltr'><strong>in</strong></span> <span class='ocrx_word' id='word_1_242' title='bbox 821 1867 1017 1924; x_wconf 86' lang='lat' dir='ltr'><strong>anima</strong></span> <span class='ocrx_word' id='word_1_243' title='bbox 1048 1867 1487 1924; x_wconf 85' lang='lat' dir='ltr'><strong>occidamus.Et</strong></span> <span class='ocrx_word' id='word_1_244' title='bbox 1519 1883 1588 1923; x_wconf 91' lang='lat' dir='ltr'><strong>ne</strong></span> <span class='ocrx_word' id='word_1_245' title='bbox 1609 1865 1723 1938; x_wconf 91' lang='lat' dir='ltr'><strong>ipsi</strong></span> <span class='ocrx_word' id='word_1_246' title='bbox 1753 1865 1826 1921; x_wconf 90' lang='lat' dir='ltr'><strong>ad</strong></span> 
     </span>
    </p>
   </div>
   <div class='ocr_carea' id='block_1_35' title="bbox 170 1956 1828 2034">
    <p class='ocr_par' dir='ltr' id='par_1_35' title="bbox 170 1956 1828 2034">
     <span class='ocr_line' id='line_1_35' title="bbox 170 1956 1828 2034; baseline -0.004 -18"><span class='ocrx_word' id='word_1_247' title='bbox 170 1961 583 2034; x_wconf 90' lang='lat' dir='ltr'><strong>juramentum</strong></span> <span class='ocrx_word' id='word_1_248' title='bbox 610 1956 924 2030; x_wconf 78' lang='lat' dir='ltr'><strong>aliquando</strong></span> <span class='ocrx_word' id='word_1_249' title='bbox 972 1957 1410 2030; x_wconf 86' lang='lat' dir='ltr'><strong>compellamur,</strong></span> <span class='ocrx_word' id='word_1_250' title='bbox 1443 1961 1565 2012; x_wconf 89' lang='lat' dir='ltr'><strong>tam</strong></span> <span class='ocrx_word' id='word_1_251' title='bbox 1597 1970 1828 2011; x_wconf 85' lang='lat' dir='ltr'><strong>veraces</strong></span> 
     </span>
    </p>
   </div>
   <div class='ocr_carea' id='block_1_36' title="bbox 181 2043 1828 2118">
    <p class='ocr_par' dir='ltr' id='par_1_36' title="bbox 181 2043 1828 2118">
     <span class='ocr_line' id='line_1_36' title="bbox 181 2043 1828 2118; baseline -0.004 -12"><span class='ocrx_word' id='word_1_252' title='bbox 181 2048 463 2106; x_wconf 90' lang='lat' dir='ltr'><strong>omnibus</strong></span> <span class='ocrx_word' id='word_1_253' title='bbox 491 2064 596 2102; x_wconf 89' lang='lat' dir='ltr'><strong>nos</strong></span> <span class='ocrx_word' id='word_1_254' title='bbox 616 2045 995 2104; x_wconf 88' lang='lat' dir='ltr'><strong>exhibeamus</strong></span> <span class='ocrx_word' id='word_1_255' title='bbox 1013 2047 1167 2118; x_wconf 92' lang='lat' dir='ltr'><strong>quod</strong></span> <span class='ocrx_word' id='word_1_256' title='bbox 1186 2050 1384 2102; x_wconf 90' lang='lat' dir='ltr'><strong>nostro</strong></span> <span class='ocrx_word' id='word_1_257' title='bbox 1401 2043 1651 2118; x_wconf 87' lang='lat' dir='ltr'><strong>simplici</strong></span> <span class='ocrx_word' id='word_1_258' title='bbox 1673 2045 1828 2100; x_wconf 85' lang='lat' dir='ltr'><strong>dicto</strong></span> 
     </span>
    </p>
   </div>
   <div class='ocr_carea' id='block_1_37' title="bbox 181 2134 1828 2209">
    <p class='ocr_par' dir='ltr' id='par_1_37' title="bbox 181 2134 1828 2209">
     <span class='ocr_line' id='line_1_37' title="bbox 181 2134 1828 2209; baseline -0.005 -13"><span class='ocrx_word' id='word_1_259' title='bbox 181 2139 458 2196; x_wconf 89' lang='lat' dir='ltr'><strong>credatur</strong></span> <span class='ocrx_word' id='word_1_260' title='bbox 506 2141 790 2209; x_wconf 90' lang='lat' dir='ltr'><strong>tanquam</strong></span> <span class='ocrx_word' id='word_1_261' title='bbox 831 2137 1191 2208; x_wconf 89' lang='lat' dir='ltr'><strong>juramento.</strong></span> <span class='ocrx_word' id='word_1_262' title='bbox 1222 2135 1307 2192; x_wconf 88' lang='lat' dir='ltr'><strong>Sit</strong></span> <span class='ocrx_word' id='word_1_263' title='bbox 1344 2134 1554 2191; x_wconf 87' lang='lat' dir='ltr'><strong>veritas</strong></span> <span class='ocrx_word' id='word_1_264' title='bbox 1603 2135 1662 2188; x_wconf 91' lang='lat' dir='ltr'><strong>in</strong></span> <span class='ocrx_word' id='word_1_265' title='bbox 1709 2149 1828 2199; x_wconf 91' lang='lat' dir='ltr'><strong>ore,</strong></span> 
     </span>
    </p>
   </div>
   <div class='ocr_carea' id='block_1_38' title="bbox 182 2221 1830 2300">
    <p class='ocr_par' dir='ltr' id='par_1_38' title="bbox 182 2221 1830 2300">
     <span class='ocr_line' id='line_1_38' title="bbox 182 2221 1830 2300; baseline -0.006 -14"><span class='ocrx_word' id='word_1_266' title='bbox 182 2226 534 2300; x_wconf 89' lang='lat' dir='ltr'><strong>simplicitas</strong></span> <span class='ocrx_word' id='word_1_267' title='bbox 563 2224 624 2281; x_wconf 92' lang='lat' dir='ltr'><strong>in</strong></span> <span class='ocrx_word' id='word_1_268' title='bbox 653 2225 1186 2291; x_wconf 90' lang='lat' dir='ltr'><strong>corde,innocentia</strong></span> <span class='ocrx_word' id='word_1_269' title='bbox 1212 2225 1272 2280; x_wconf 92' lang='lat' dir='ltr'><strong>in</strong></span> <span class='ocrx_word' id='word_1_270' title='bbox 1306 2221 1742 2296; x_wconf 88' lang='lat' dir='ltr'><strong>opere,justitia</strong></span> <span class='ocrx_word' id='word_1_271' title='bbox 1769 2221 1830 2276; x_wconf 89' lang='lat' dir='ltr'><strong>in</strong></span> 
     </span>
    </p>
   </div>
   <div class='ocr_carea' id='block_1_39' title="bbox 180 2310 1831 2386">
    <p class='ocr_par' dir='ltr' id='par_1_39' title="bbox 180 2310 1831 2386">
     <span class='ocr_line' id='line_1_39' title="bbox 180 2310 1831 2386; baseline -0.005 -11"><span class='ocrx_word' id='word_1_272' title='bbox 180 2316 528 2382; x_wconf 89' lang='lat' dir='ltr'><strong>intentione,</strong></span> <span class='ocrx_word' id='word_1_273' title='bbox 562 2314 830 2370; x_wconf 85' lang='lat' dir='ltr'><strong>Christus</strong></span> <span class='ocrx_word' id='word_1_274' title='bbox 861 2315 920 2370; x_wconf 92' lang='lat' dir='ltr'><strong>in</strong></span> <span class='ocrx_word' id='word_1_275' title='bbox 951 2315 1237 2370; x_wconf 90' lang='lat' dir='ltr'><strong>mercede.</strong></span> <span class='ocrx_word' id='word_1_276' title='bbox 1272 2314 1433 2380; x_wconf 89' lang='lat' dir='ltr'><strong>Quod</strong></span> <span class='ocrx_word' id='word_1_277' title='bbox 1482 2311 1606 2386; x_wconf 90' lang='lat' dir='ltr'><strong>ipse</strong></span> <span class='ocrx_word' id='word_1_278' title='bbox 1660 2310 1831 2368; x_wconf 89' lang='lat' dir='ltr'><strong>nobis</strong></span> 
     </span>
    </p>
   </div>
   <div class='ocr_carea' id='block_1_40' title="bbox 180 2400 1834 2476">
    <p class='ocr_par' dir='ltr' id='par_1_40' title="bbox 180 2400 1834 2476">
     <span class='ocr_line' id='line_1_40' title="bbox 180 2400 1834 2476; baseline -0.005 -13"><span class='ocrx_word' id='word_1_279' title='bbox 180 2405 466 2463; x_wconf 87' lang='lat' dir='ltr'><strong>concedat</strong></span> <span class='ocrx_word' id='word_1_280' title='bbox 493 2404 594 2476; x_wconf 91' lang='lat' dir='ltr'><strong>qui</strong></span> <span class='ocrx_word' id='word_1_281' title='bbox 625 2421 760 2459; x_wconf 92' lang='lat' dir='ltr'><strong>cum</strong></span> <span class='ocrx_word' id='word_1_282' title='bbox 793 2408 961 2460; x_wconf 90' lang='lat' dir='ltr'><strong>Patre</strong></span> <span class='ocrx_word' id='word_1_283' title='bbox 989 2408 1044 2459; x_wconf 93' lang='lat' dir='ltr'><strong>et</strong></span> <span class='ocrx_word' id='word_1_284' title='bbox 1075 2404 1295 2476; x_wconf 90' lang='lat' dir='ltr'><strong>Spiritu</strong></span> <span class='ocrx_word' id='word_1_285' title='bbox 1339 2405 1540 2458; x_wconf 90' lang='lat' dir='ltr'><strong>sancto</strong></span> <span class='ocrx_word' id='word_1_286' title='bbox 1586 2400 1726 2456; x_wconf 92' lang='lat' dir='ltr'><strong>vivit</strong></span> <span class='ocrx_word' id='word_1_287' title='bbox 1774 2403 1834 2456; x_wconf 92' lang='lat' dir='ltr'><strong>et</strong></span> 
     </span>
    </p>
   </div>
   <div class='ocr_carea' id='block_1_41' title="bbox 179 2489 1829 2567">
    <p class='ocr_par' dir='ltr' id='par_1_41' title="bbox 179 2489 1829 2567">
     <span class='ocr_line' id='line_1_41' title="bbox 179 2489 1829 2567; baseline -0.004 -17"><span class='ocrx_word' id='word_1_288' title='bbox 179 2497 390 2567; x_wconf 83' lang='lat' dir='ltr'><strong>regnat</strong></span> <span class='ocrx_word' id='word_1_289' title='bbox 419 2493 573 2549; x_wconf 87' lang='lat' dir='ltr'><strong>Deus</strong></span> <span class='ocrx_word' id='word_1_290' title='bbox 606 2509 708 2565; x_wconf 94' lang='lat' dir='ltr'><strong>pcr</strong></span> <span class='ocrx_word' id='word_1_291' title='bbox 737 2493 935 2548; x_wconf 89' lang='lat' dir='ltr'><strong>omnia</strong></span> <span class='ocrx_word' id='word_1_292' title='bbox 964 2491 1176 2548; x_wconf 66' lang='lat' dir='ltr'><strong>saecula</strong></span> <span class='ocrx_word' id='word_1_293' title='bbox 1225 2489 1591 2547; x_wconf 65' lang='lat' dir='ltr'><strong>saeculorum.</strong></span> <span class='ocrx_word' id='word_1_294' title='bbox 1624 2491 1829 2545; x_wconf 81' lang='lat' dir='ltr'><strong>Amen.</strong></span> 
     </span>
    </p>
   </div>
   <div class='ocr_carea' id='block_1_42' title="bbox 593 2599 1094 2654">
    <p class='ocr_par' dir='ltr' id='par_1_42' title="bbox 593 2599 1094 2654">
     <span class='ocr_line' id='line_1_42' title="bbox 593 2599 1094 2654; baseline -0.004 1"><span class='ocrx_word' id='word_1_295' title='bbox 593 2637 598 2642; x_wconf 87' lang='lat'><strong>-</strong></span> <span class='ocrx_word' id='word_1_296' title='bbox 931 2599 1094 2654; x_wconf 84' lang='lat' dir='ltr'><strong>XXV.</strong></span> 
     </span>
    </p>
   </div>
   <div class='ocr_carea' id='block_1_43' title="bbox 445 2687 1580 2727">
    <p class='ocr_par' dir='ltr' id='par_1_43' title="bbox 445 2687 1580 2727">
     <span class='ocr_line' id='line_1_43' title="bbox 445 2687 1580 2727; baseline -0.002 -1"><span class='ocrx_word' id='word_1_297' title='bbox 445 2689 505 2727; x_wconf 75' lang='lat' dir='ltr'><strong>IN</strong></span> <span class='ocrx_word' id='word_1_298' title='bbox 545 2687 712 2727; x_wconf 73' lang='lat' dir='ltr'><strong>FESTO</strong></span> <span class='ocrx_word' id='word_1_299' title='bbox 751 2687 940 2726; x_wconf 61' lang='lat' dir='ltr'><strong>REATE</strong></span> <span class='ocrx_word' id='word_1_300' title='bbox 977 2689 1172 2727; x_wconf 73' lang='lat' dir='ltr'><strong>MARUE</strong></span> <span class='ocrx_word' id='word_1_301' title='bbox 1210 2687 1580 2725; x_wconf 66' lang='lat' dir='ltr'><strong>MAGDALENE.</strong></span> 
     </span>
    </p>
   </div>
   <div class='ocr_carea' id='block_1_44' title="bbox 262 2756 1838 2833">
    <p class='ocr_par' dir='ltr' id='par_1_44' title="bbox 262 2756 1838 2833">
     <span class='ocr_line' id='line_1_44' title="bbox 262 2756 1838 2833; baseline -0.003 -17"><span class='ocrx_word' id='word_1_302' title='bbox 262 2761 498 2833; x_wconf 84' lang='lat' dir='ltr'><strong>Rogabat</strong></span> <span class='ocrx_word' id='word_1_303' title='bbox 523 2763 703 2817; x_wconf 73' lang='lat' dir='ltr'><strong>Iesum</strong></span> <span class='ocrx_word' id='word_1_304' title='bbox 747 2760 970 2832; x_wconf 80' lang='lat' dir='ltr'><strong>quidam</strong></span> <span class='ocrx_word' id='word_1_305' title='bbox 1017 2760 1334 2816; x_wconf 66' lang='lat' dir='ltr'><strong>Pharisaeus</strong></span> <span class='ocrx_word' id='word_1_306' title='bbox 1380 2765 1440 2813; x_wconf 83' lang='lat' dir='ltr'><strong>ut</strong></span> <span class='ocrx_word' id='word_1_307' title='bbox 1481 2756 1838 2812; x_wconf 83' lang='lat' dir='ltr'><strong>manducaret</strong></span> 
     </span>
    </p>
   </div>
   <div class='ocr_carea' id='block_1_45' title="bbox 181 2843 1834 2922">
    <p class='ocr_par' dir='ltr' id='par_1_45' title="bbox 181 2843 1834 2922">
     <span class='ocr_line' id='line_1_45' title="bbox 181 2843 1834 2922; baseline -0.005 -15"><span class='ocrx_word' id='word_1_308' title='bbox 181 2868 314 2908; x_wconf 83' lang='lat' dir='ltr'><strong>cum</strong></span> <span class='ocrx_word' id='word_1_309' title='bbox 343 2852 440 2906; x_wconf 85' lang='lat' dir='ltr'><strong>illo</strong></span> <span class='ocrx_word' id='word_1_310' title='bbox 471 2851 619 2921; x_wconf 85' lang='lat' dir='ltr'><strong>(Luc.</strong></span> <span class='ocrx_word' id='word_1_311' title='bbox 651 2849 772 2921; x_wconf 83' lang='lat' dir='ltr'><strong>vn),</strong></span> <span class='ocrx_word' id='word_1_312' title='bbox 805 2853 862 2904; x_wconf 91' lang='lat' dir='ltr'><strong>et</strong></span> <span class='ocrx_word' id='word_1_313' title='bbox 895 2847 1138 2922; x_wconf 90' lang='lat' dir='ltr'><strong>reliqua.</strong></span> <span class='ocrx_word' id='word_1_314' title='bbox 1164 2848 1292 2904; x_wconf 79' lang='lat' dir='ltr'><strong>Haec</strong></span> <span class='ocrx_word' id='word_1_315' title='bbox 1321 2847 1509 2903; x_wconf 88' lang='lat' dir='ltr'><strong>sancti</strong></span> <span class='ocrx_word' id='word_1_316' title='bbox 1543 2843 1834 2918; x_wconf 86' lang='lat' dir='ltr'><strong>Evangelii</strong></span> 
     </span>
    </p>
   </div>
   <div class='ocr_carea' id='block_1_46' title="bbox 179 2934 1836 3011">
    <p class='ocr_par' dir='ltr' id='par_1_46' title="bbox 179 2934 1836 3011">
     <span class='ocr_line' id='line_1_46' title="bbox 179 2934 1836 3011; baseline -0.004 -15"><span class='ocrx_word' id='word_1_317' title='bbox 179 2937 356 2996; x_wconf 87' lang='lat' dir='ltr'><strong>lectio</strong></span> <span class='ocrx_word' id='word_1_318' title='bbox 388 2938 648 3011; x_wconf 91' lang='lat' dir='ltr'><strong>quinque</strong></span> <span class='ocrx_word' id='word_1_319' title='bbox 679 2938 892 3011; x_wconf 88' lang='lat' dir='ltr'><strong>pertita</strong></span> <span class='ocrx_word' id='word_1_320' title='bbox 921 2942 1029 2993; x_wconf 91' lang='lat' dir='ltr'><strong>est.</strong></span> <span class='ocrx_word' id='word_1_321' title='bbox 1063 2937 1279 3004; x_wconf 90' lang='lat' dir='ltr'><strong>Primo,</strong></span> <span class='ocrx_word' id='word_1_322' title='bbox 1313 2935 1590 2990; x_wconf 89' lang='lat' dir='ltr'><strong>invitatus</strong></span> <span class='ocrx_word' id='word_1_323' title='bbox 1609 2934 1780 2990; x_wconf 88' lang='lat' dir='ltr'><strong>Jesus</strong></span> <span class='ocrx_word' id='word_1_324' title='bbox 1801 2949 1836 2988; x_wconf 89' lang='lat' dir='ltr'><strong>a</strong></span> 
     </span>
    </p>
   </div>
   <div class='ocr_carea' id='block_1_47' title="bbox 181 3023 1836 3098">
    <p class='ocr_par' dir='ltr' id='par_1_47' title="bbox 181 3023 1836 3098">
     <span class='ocr_line' id='line_1_47' title="bbox 181 3023 1836 3098; baseline -0.005 -12"><span class='ocrx_word' id='word_1_325' title='bbox 181 3027 476 3086; x_wconf 75' lang='lat' dir='ltr'><strong>Pharisaeo</strong></span> <span class='ocrx_word' id='word_1_326' title='bbox 506 3027 1116 3094; x_wconf 89' lang='lat' dir='ltr'><strong>recumbit.Secundo,</strong></span> <span class='ocrx_word' id='word_1_327' title='bbox 1134 3024 1420 3098; x_wconf 87' lang='lat' dir='ltr'><strong>peccatrix</strong></span> <span class='ocrx_word' id='word_1_328' title='bbox 1445 3023 1733 3098; x_wconf 79' lang='lat' dir='ltr'><strong>pmnitens</strong></span> <span class='ocrx_word' id='word_1_329' title='bbox 1763 3023 1836 3077; x_wconf 90' lang='lat' dir='ltr'><strong>ad</strong></span> 
     </span>
    </p>
   </div>
   <div class='ocr_carea' id='block_1_48' title="bbox 178 3114 1834 3184">
    <p class='ocr_par' dir='ltr' id='par_1_48' title="bbox 178 3114 1834 3184">
     <span class='ocr_line' id='line_1_48' title="bbox 178 3114 1834 3184; baseline -0.005 -10"><span class='ocrx_word' id='word_1_330' title='bbox 178 3134 322 3174; x_wconf 82' lang='lat' dir='ltr'><strong>eum</strong></span> <span class='ocrx_word' id='word_1_331' title='bbox 354 3117 594 3173; x_wconf 88' lang='lat' dir='ltr'><strong>accedit.</strong></span> <span class='ocrx_word' id='word_1_332' title='bbox 627 3116 840 3184; x_wconf 90' lang='lat' dir='ltr'><strong>Tertio,</strong></span> <span class='ocrx_word' id='word_1_333' title='bbox 869 3119 1203 3171; x_wconf 89' lang='lat' dir='ltr'><strong>murmurat</strong></span> <span class='ocrx_word' id='word_1_334' title='bbox 1233 3114 1834 3179; x_wconf 73' lang='lat' dir='ltr'><strong>Pbarisseus.Quarto,</strong></span> 
     </span>
    </p>
   </div>
   <div class='ocr_carea' id='block_1_49' title="bbox 178 3187 1909 3278">
    <p class='ocr_par' dir='ltr' id='par_1_49' title="bbox 178 3187 1909 3278">
     <span class='ocr_line' id='line_1_49' title="bbox 178 3187 1909 3278; baseline -0.005 -15"><span class='ocrx_word' id='word_1_335' title='bbox 178 3206 237 3264; x_wconf 83' lang='lat' dir='ltr'><strong>ei</strong></span> <span class='ocrx_word' id='word_1_336' title='bbox 271 3206 584 3278; x_wconf 84' lang='lat' dir='ltr'><strong>respondet</strong></span> <span class='ocrx_word' id='word_1_337' title='bbox 631 3205 824 3261; x_wconf 86' lang='lat' dir='ltr'><strong>Jesus.</strong></span> <span class='ocrx_word' id='word_1_338' title='bbox 859 3205 1092 3272; x_wconf 90' lang='lat' dir='ltr'><strong>Quinto,</strong></span> <span class='ocrx_word' id='word_1_339' title='bbox 1122 3203 1360 3276; x_wconf 90' lang='lat' dir='ltr'><strong>ponitur</strong></span> <span class='ocrx_word' id='word_1_340' title='bbox 1407 3201 1833 3258; x_wconf 61' lang='lat' dir='ltr'><strong>Pharisaeorum</strong></span> <span class='ocrx_word' id='word_1_341' title='bbox 1865 3187 1909 3254; x_wconf 82' lang='lat' dir='ltr'><strong>C</strong></span> 
     </span>
    </p>
   </div>
   <div class='ocr_carea' id='block_1_50' title="bbox 179 3291 1836 3367">
    <p class='ocr_par' dir='ltr' id='par_1_50' title="bbox 179 3291 1836 3367">
     <span class='ocr_line' id='line_1_50' title="bbox 179 3291 1836 3367; baseline -0.005 -15"><span class='ocrx_word' id='word_1_342' title='bbox 179 3293 730 3362; x_wconf 86' lang='lat' dir='ltr'><strong>remurmuratio,et</strong></span> <span class='ocrx_word' id='word_1_343' title='bbox 751 3293 1091 3367; x_wconf 88' lang='lat' dir='ltr'><strong>peccatricis</strong></span> <span class='ocrx_word' id='word_1_344' title='bbox 1113 3292 1398 3349; x_wconf 89' lang='lat' dir='ltr'><strong>dimissio.</strong></span> <span class='ocrx_word' id='word_1_345' title='bbox 1418 3291 1614 3347; x_wconf 86' lang='lat' dir='ltr'><strong>Primo</strong></span> <span class='ocrx_word' id='word_1_346' title='bbox 1635 3291 1836 3364; x_wconf 87' lang='lat' dir='ltr'><strong>igitur,</strong></span> 
     </span>
    </p>
   </div>
   <div class='ocr_carea' id='block_1_51' title="bbox 181 3381 1841 3457">
    <p class='ocr_par' dir='ltr' id='par_1_51' title="bbox 181 3381 1841 3457">
     <span class='ocr_line' id='line_1_51' title="bbox 181 3381 1841 3457; baseline -0.004 -17"><span class='ocrx_word' id='word_1_347' title='bbox 181 3387 430 3457; x_wconf 89' lang='lat' dir='ltr'><strong>rogatus</strong></span> <span class='ocrx_word' id='word_1_348' title='bbox 452 3383 738 3438; x_wconf 91' lang='lat' dir='ltr'><strong>Dominus</strong></span> <span class='ocrx_word' id='word_1_349' title='bbox 769 3401 802 3438; x_wconf 88' lang='lat' dir='ltr'><strong>a</strong></span> <span class='ocrx_word' id='word_1_350' title='bbox 831 3381 1328 3450; x_wconf 82' lang='lat' dir='ltr'><strong>Pharisaeo,intrat</strong></span> <span class='ocrx_word' id='word_1_351' title='bbox 1359 3381 1600 3436; x_wconf 90' lang='lat' dir='ltr'><strong>domum</strong></span> <span class='ocrx_word' id='word_1_352' title='bbox 1634 3381 1762 3450; x_wconf 89' lang='lat' dir='ltr'><strong>ejus</strong></span> <span class='ocrx_word' id='word_1_353' title='bbox 1784 3381 1841 3434; x_wconf 91' lang='lat' dir='ltr'><strong>et</strong></span> 
     </span>
    </p>
   </div>
   <div class='ocr_carea' id='block_1_52' title="bbox 183 3467 1840 3544">
    <p class='ocr_par' dir='ltr' id='par_1_52' title="bbox 183 3467 1840 3544">
     <span class='ocr_line' id='line_1_52' title="bbox 183 3467 1840 3544; baseline -0.005 -14"><span class='ocrx_word' id='word_1_354' title='bbox 183 3471 502 3530; x_wconf 91' lang='lat' dir='ltr'><strong>recumbit.</strong></span> <span class='ocrx_word' id='word_1_355' title='bbox 521 3475 805 3528; x_wconf 68' lang='lat' dir='ltr'><strong>Cmterum</strong></span> <span class='ocrx_word' id='word_1_356' title='bbox 827 3471 966 3527; x_wconf 91' lang='lat' dir='ltr'><strong>alibi</strong></span> <span class='ocrx_word' id='word_1_357' title='bbox 984 3470 1258 3544; x_wconf 84' lang='lat' dir='ltr'><strong>praecepit</strong></span> <span class='ocrx_word' id='word_1_358' title='bbox 1275 3469 1561 3526; x_wconf 89' lang='lat' dir='ltr'><strong>Dominus</strong></span> <span class='ocrx_word' id='word_1_359' title='bbox 1586 3467 1840 3540; x_wconf 91' lang='lat' dir='ltr'><strong>discipu-</strong></span> 
     </span>
    </p>
   </div>
   <div class='ocr_carea' id='block_1_53' title="bbox 182 3557 1843 3632">
    <p class='ocr_par' dir='ltr' id='par_1_53' title="bbox 182 3557 1843 3632">
     <span class='ocr_line' id='line_1_53' title="bbox 182 3557 1843 3632; baseline -0.005 -14"><span class='ocrx_word' id='word_1_360' title='bbox 182 3562 357 3630; x_wconf 90' lang='lat' dir='ltr'><strong>lis,ut</strong></span> <span class='ocrx_word' id='word_1_361' title='bbox 384 3560 681 3616; x_wconf 89' lang='lat' dir='ltr'><strong>venientes</strong></span> <span class='ocrx_word' id='word_1_362' title='bbox 712 3559 772 3614; x_wconf 92' lang='lat' dir='ltr'><strong>in</strong></span> <span class='ocrx_word' id='word_1_363' title='bbox 803 3559 1062 3632; x_wconf 89' lang='lat' dir='ltr'><strong>aliquam</strong></span> <span class='ocrx_word' id='word_1_364' title='bbox 1094 3558 1387 3615; x_wconf 90' lang='lat' dir='ltr'><strong>civitatem</strong></span> <span class='ocrx_word' id='word_1_365' title='bbox 1419 3557 1843 3629; x_wconf 89' lang='lat' dir='ltr'><strong>interrogarent</strong></span> 
     </span>
    </p>
   </div>
   <div class='ocr_carea' id='block_1_54' title="bbox 186 3646 1840 3724">
    <p class='ocr_par' dir='ltr' id='par_1_54' title="bbox 186 3646 1840 3724">
     <span class='ocr_line' id='line_1_54' title="bbox 186 3646 1840 3724; baseline -0.004 -18"><span class='ocrx_word' id='word_1_366' title='bbox 186 3649 327 3724; x_wconf 86' lang='lat' dir='ltr'><strong>quis</strong></span> <span class='ocrx_word' id='word_1_367' title='bbox 351 3648 409 3704; x_wconf 90' lang='lat' dir='ltr'><strong>in</strong></span> <span class='ocrx_word' id='word_1_368' title='bbox 441 3666 508 3705; x_wconf 92' lang='lat' dir='ltr'><strong>ea</strong></span> <span class='ocrx_word' id='word_1_369' title='bbox 538 3649 754 3723; x_wconf 87' lang='lat' dir='ltr'><strong>dignus</strong></span> <span class='ocrx_word' id='word_1_370' title='bbox 777 3649 874 3718; x_wconf 89' lang='lat' dir='ltr'><strong>sit,</strong></span> <span class='ocrx_word' id='word_1_371' title='bbox 900 3653 957 3704; x_wconf 90' lang='lat' dir='ltr'><strong>et</strong></span> <span class='ocrx_word' id='word_1_372' title='bbox 985 3649 1065 3704; x_wconf 89' lang='lat' dir='ltr'><strong>ibi</strong></span> <span class='ocrx_word' id='word_1_373' title='bbox 1099 3651 1374 3704; x_wconf 90' lang='lat' dir='ltr'><strong>maneant</strong></span> <span class='ocrx_word' id='word_1_374' title='bbox 1401 3650 1551 3716; x_wconf 85' lang='lat' dir='ltr'><strong>(Luc.</strong></span> <span class='ocrx_word' id='word_1_375' title='bbox 1586 3646 1661 3717; x_wconf 76' lang='grc' dir='ltr'><strong>κ).</strong></span> <span class='ocrx_word' id='word_1_376' title='bbox 1697 3647 1840 3701; x_wconf 89' lang='lat' dir='ltr'><strong>Cum</strong></span> 
     </span>
    </p>
   </div>
   <div class='ocr_carea' id='block_1_55' title="bbox 188 3735 1842 3813">
    <p class='ocr_par' dir='ltr' id='par_1_55' title="bbox 188 3735 1842 3813">
     <span class='ocr_line' id='line_1_55' title="bbox 188 3735 1842 3813; baseline -0.005 -17"><span class='ocrx_word' id='word_1_377' title='bbox 188 3755 331 3813; x_wconf 88' lang='lat' dir='ltr'><strong>ergo</strong></span> <span class='ocrx_word' id='word_1_378' title='bbox 361 3737 472 3795; x_wconf 87' lang='lat' dir='ltr'><strong>iste</strong></span> <span class='ocrx_word' id='word_1_379' title='bbox 492 3738 818 3794; x_wconf 71' lang='lat' dir='ltr'><strong>Pharisaeus</strong></span> <span class='ocrx_word' id='word_1_380' title='bbox 839 3737 1067 3810; x_wconf 89' lang='lat' dir='ltr'><strong>legatur</strong></span> <span class='ocrx_word' id='word_1_381' title='bbox 1090 3753 1492 3792; x_wconf 90' lang='lat' dir='ltr'><strong>murmurasse</strong></span> <span class='ocrx_word' id='word_1_382' title='bbox 1514 3739 1715 3791; x_wconf 91' lang='lat' dir='ltr'><strong>contra</strong></span> <span class='ocrx_word' id='word_1_383' title='bbox 1731 3735 1842 3789; x_wconf 89' lang='lat' dir='ltr'><strong>Do-</strong></span> 
     </span>
    </p>
   </div>
   <div class='ocr_carea' id='block_1_56' title="bbox 190 3823 1846 3900">
    <p class='ocr_par' dir='ltr' id='par_1_56' title="bbox 190 3823 1846 3900">
     <span class='ocr_line' id='line_1_56' title="bbox 190 3823 1846 3900; baseline -0.004 -16"><span class='ocrx_word' id='word_1_384' title='bbox 190 3828 744 3900; x_wconf 90' lang='lat' dir='ltr'><strong>minum,quomodo</strong></span> <span class='ocrx_word' id='word_1_385' title='bbox 769 3831 894 3882; x_wconf 92' lang='lat' dir='ltr'><strong>erat</strong></span> <span class='ocrx_word' id='word_1_386' title='bbox 912 3827 1126 3899; x_wconf 89' lang='lat' dir='ltr'><strong>dignus</strong></span> <span class='ocrx_word' id='word_1_387' title='bbox 1159 3831 1224 3882; x_wconf 92' lang='lat' dir='ltr'><strong>ut</strong></span> <span class='ocrx_word' id='word_1_388' title='bbox 1244 3824 1528 3880; x_wconf 88' lang='lat' dir='ltr'><strong>Dominus</strong></span> <span class='ocrx_word' id='word_1_389' title='bbox 1551 3823 1846 3880; x_wconf 86' lang='lat' dir='ltr'><strong>recumbe—</strong></span> 
     </span>
    </p>
   </div>
   <div class='ocr_carea' id='block_1_57' title="bbox 189 3911 1845 3989">
    <p class='ocr_par' dir='ltr' id='par_1_57' title="bbox 189 3911 1845 3989">
     <span class='ocr_line' id='line_1_57' title="bbox 189 3911 1845 3989; baseline -0.004 -16"><span class='ocrx_word' id='word_1_390' title='bbox 189 3921 287 3974; x_wconf 89' lang='lat' dir='ltr'><strong>ret</strong></span> <span class='ocrx_word' id='word_1_391' title='bbox 307 3917 461 3989; x_wconf 88' lang='lat' dir='ltr'><strong>apud</strong></span> <span class='ocrx_word' id='word_1_392' title='bbox 493 3915 668 3972; x_wconf 84' lang='lat' dir='ltr'><strong>eum?</strong></span> <span class='ocrx_word' id='word_1_393' title='bbox 695 3917 818 3971; x_wconf 91' lang='lat' dir='ltr'><strong>Non</strong></span> <span class='ocrx_word' id='word_1_394' title='bbox 853 3919 994 3982; x_wconf 88' lang='lat' dir='ltr'><strong>erat,</strong></span> <span class='ocrx_word' id='word_1_395' title='bbox 1031 3915 1260 3980; x_wconf 84' lang='lat' dir='ltr'><strong>fratres,</strong></span> <span class='ocrx_word' id='word_1_396' title='bbox 1293 3915 1448 3969; x_wconf 92' lang='lat' dir='ltr'><strong>unde</strong></span> <span class='ocrx_word' id='word_1_397' title='bbox 1477 3913 1711 3986; x_wconf 90' lang='lat' dir='ltr'><strong>dignus,</strong></span> <span class='ocrx_word' id='word_1_398' title='bbox 1743 3911 1845 3967; x_wconf 89' lang='lat' dir='ltr'><strong>sed</strong></span> 
     </span>
    </p>
   </div>
   <div class='ocr_carea' id='block_1_58' title="bbox 193 4000 1848 4076">
    <p class='ocr_par' dir='ltr' id='par_1_58' title="bbox 193 4000 1848 4076">
     <span class='ocr_line' id='line_1_58' title="bbox 193 4000 1848 4076; baseline -0.005 -13"><span class='ocrx_word' id='word_1_399' title='bbox 193 4007 327 4064; x_wconf 91' lang='lat' dir='ltr'><strong>ideo</strong></span> <span class='ocrx_word' id='word_1_400' title='bbox 359 4005 642 4062; x_wconf 90' lang='lat' dir='ltr'><strong>Dominus</strong></span> <span class='ocrx_word' id='word_1_401' title='bbox 674 4003 963 4061; x_wconf 88' lang='lat' dir='ltr'><strong>recumbit</strong></span> <span class='ocrx_word' id='word_1_402' title='bbox 993 4004 1146 4076; x_wconf 91' lang='lat' dir='ltr'><strong>apud</strong></span> <span class='ocrx_word' id='word_1_403' title='bbox 1197 4020 1353 4072; x_wconf 92' lang='lat' dir='ltr'><strong>eum,</strong></span> <span class='ocrx_word' id='word_1_404' title='bbox 1386 4007 1451 4057; x_wconf 92' lang='lat' dir='ltr'><strong>ut</strong></span> <span class='ocrx_word' id='word_1_405' title='bbox 1495 4018 1629 4058; x_wconf 90' lang='lat' dir='ltr'><strong>eum</strong></span> <span class='ocrx_word' id='word_1_406' title='bbox 1678 4000 1848 4056; x_wconf 84' lang='lat' dir='ltr'><strong>faciat</strong></span> 
     </span>
    </p>
   </div>
   <div class='ocr_carea' id='block_1_59' title="bbox 193 4091 1848 4169">
    <p class='ocr_par' dir='ltr' id='par_1_59' title="bbox 193 4091 1848 4169">
     <span class='ocr_line' id='line_1_59' title="bbox 193 4091 1848 4169; baseline -0.004 -18"><span class='ocrx_word' id='word_1_407' title='bbox 193 4095 466 4169; x_wconf 90' lang='lat' dir='ltr'><strong>dignum.</strong></span> <span class='ocrx_word' id='word_1_408' title='bbox 496 4095 715 4167; x_wconf 90' lang='lat' dir='ltr'><strong>Itaque,</strong></span> <span class='ocrx_word' id='word_1_409' title='bbox 750 4095 981 4160; x_wconf 90' lang='lat' dir='ltr'><strong>fratres,</strong></span> <span class='ocrx_word' id='word_1_410' title='bbox 1013 4092 1298 4149; x_wconf 89' lang='lat' dir='ltr'><strong>Dominus</strong></span> <span class='ocrx_word' id='word_1_411' title='bbox 1326 4109 1439 4148; x_wconf 92' lang='lat' dir='ltr'><strong>non</strong></span> <span class='ocrx_word' id='word_1_412' title='bbox 1471 4091 1582 4146; x_wconf 88' lang='lat' dir='ltr'><strong>nisi</strong></span> <span class='ocrx_word' id='word_1_413' title='bbox 1612 4093 1848 4163; x_wconf 88' lang='lat' dir='ltr'><strong>rogatus</strong></span> 
     </span>
    </p>
   </div>
   <div class='ocr_carea' id='block_1_60' title="bbox 195 4179 1852 4258">
    <p class='ocr_par' dir='ltr' id='par_1_60' title="bbox 195 4179 1852 4258">
     <span class='ocr_line' id='line_1_60' title="bbox 195 4179 1852 4258; baseline -0.004 -17"><span class='ocrx_word' id='word_1_414' title='bbox 195 4185 356 4258; x_wconf 85' lang='lat' dir='ltr'><strong>apud</strong></span> <span class='ocrx_word' id='word_1_415' title='bbox 391 4183 748 4240; x_wconf 74' lang='lat' dir='ltr'><strong>Pbarisaeum</strong></span> <span class='ocrx_word' id='word_1_416' title='bbox 781 4183 1087 4250; x_wconf 90' lang='lat' dir='ltr'><strong>recumbit,</strong></span> <span class='ocrx_word' id='word_1_417' title='bbox 1121 4186 1180 4237; x_wconf 88' lang='lat' dir='ltr'><strong>et</strong></span> <span class='ocrx_word' id='word_1_418' title='bbox 1225 4181 1333 4236; x_wconf 88' lang='lat' dir='ltr'><strong>hac</strong></span> <span class='ocrx_word' id='word_1_419' title='bbox 1377 4182 1450 4236; x_wconf 92' lang='lat' dir='ltr'><strong>de</strong></span> <span class='ocrx_word' id='word_1_420' title='bbox 1493 4197 1688 4247; x_wconf 86' lang='lat' dir='ltr'><strong>causa,</strong></span> <span class='ocrx_word' id='word_1_421' title='bbox 1714 4179 1852 4252; x_wconf 85' lang='lat' dir='ltr'><strong>quia</strong></span> 
     </span>
    </p>
   </div>
   <div class='ocr_carea' id='block_1_61' title="bbox 196 4267 1852 4346">
    <p class='ocr_par' dir='ltr' id='par_1_61' title="bbox 196 4267 1852 4346">
     <span class='ocr_line' id='line_1_61' title="bbox 196 4267 1852 4346; baseline -0.003 -19"><span class='ocrx_word' id='word_1_422' title='bbox 196 4270 546 4346; x_wconf 69' lang='lat' dir='ltr'><strong>praeviderat</strong></span> <span class='ocrx_word' id='word_1_423' title='bbox 575 4285 638 4326; x_wconf 89' lang='lat' dir='ltr'><strong>se</strong></span> <span class='ocrx_word' id='word_1_424' title='bbox 669 4268 937 4342; x_wconf 89' lang='lat' dir='ltr'><strong>pluribus</strong></span> <span class='ocrx_word' id='word_1_425' title='bbox 966 4269 1045 4324; x_wconf 90' lang='lat' dir='ltr'><strong>ibi</strong></span> <span class='ocrx_word' id='word_1_426' title='bbox 1070 4270 1524 4341; x_wconf 85' lang='lat' dir='ltr'><strong>profuturum,et</strong></span> <span class='ocrx_word' id='word_1_427' title='bbox 1545 4267 1852 4340; x_wconf 88' lang='lat' dir='ltr'><strong>peccatrici</strong></span> 
     </span>
    </p>
   </div>
   <div class='ocr_carea' id='block_1_62' title="bbox 197 4357 1854 4434">
    <p class='ocr_par' dir='ltr' id='par_1_62' title="bbox 197 4357 1854 4434">
     <span class='ocr_line' id='line_1_62' title="bbox 197 4357 1854 4434; baseline -0.002 -19"><span class='ocrx_word' id='word_1_428' title='bbox 197 4376 308 4434; x_wconf 88' lang='lat' dir='ltr'><strong>per</strong></span> <span class='ocrx_word' id='word_1_429' title='bbox 337 4357 587 4425; x_wconf 90' lang='lat' dir='ltr'><strong>veniam,</strong></span> <span class='ocrx_word' id='word_1_430' title='bbox 619 4363 676 4414; x_wconf 89' lang='lat' dir='ltr'><strong>et</strong></span> <span class='ocrx_word' id='word_1_431' title='bbox 706 4357 1012 4414; x_wconf 81' lang='lat' dir='ltr'><strong>Pharisaeis</strong></span> <span class='ocrx_word' id='word_1_432' title='bbox 1043 4375 1145 4431; x_wconf 91' lang='lat' dir='ltr'><strong>per</strong></span> <span class='ocrx_word' id='word_1_433' title='bbox 1191 4357 1671 4429; x_wconf 89' lang='lat' dir='ltr'><strong>increpationem,</strong></span> <span class='ocrx_word' id='word_1_434' title='bbox 1704 4357 1854 4412; x_wconf 89' lang='lat' dir='ltr'><strong>dans</strong></span> 
     </span>
    </p>
   </div>
   <div class='ocr_carea' id='block_1_63' title="bbox 201 4444 1854 4520">
    <p class='ocr_par' dir='ltr' id='par_1_63' title="bbox 201 4444 1854 4520">
     <span class='ocr_line' id='line_1_63' title="bbox 201 4444 1854 4520; baseline -0.002 -16"><span class='ocrx_word' id='word_1_435' title='bbox 201 4448 379 4504; x_wconf 88' lang='lat' dir='ltr'><strong>nobis</strong></span> <span class='ocrx_word' id='word_1_436' title='bbox 400 4446 826 4520; x_wconf 87' lang='lat' dir='ltr'><strong>exemplum,ut</strong></span> <span class='ocrx_word' id='word_1_437' title='bbox 846 4465 960 4503; x_wconf 91' lang='lat' dir='ltr'><strong>non</strong></span> <span class='ocrx_word' id='word_1_438' title='bbox 979 4447 1358 4502; x_wconf 88' lang='lat' dir='ltr'><strong>eomedamus</strong></span> <span class='ocrx_word' id='word_1_439' title='bbox 1379 4463 1513 4502; x_wconf 91' lang='lat' dir='ltr'><strong>cum</strong></span> <span class='ocrx_word' id='word_1_440' title='bbox 1533 4444 1728 4517; x_wconf 89' lang='lat' dir='ltr'><strong>aliquo</strong></span> <span class='ocrx_word' id='word_1_441' title='bbox 1742 4445 1854 4500; x_wconf 89' lang='lat' dir='ltr'><strong>nisi</strong></span> 
     </span>
    </p>
   </div>
   <div class='ocr_carea' id='block_1_64' title="bbox 1937 1865 3584 1942">
    <p class='ocr_par' dir='ltr' id='par_1_64' title="bbox 1937 1865 3584 1942">
     <span class='ocr_line' id='line_1_64' title="bbox 1937 1865 3584 1942; baseline -0.005 -12"><span class='ocrx_word' id='word_1_442' title='bbox 1937 1873 2132 1942; x_wconf 87' lang='lat' dir='ltr'><strong>servit,</strong></span> <span class='ocrx_word' id='word_1_443' title='bbox 2155 1875 2237 1928; x_wconf 91' lang='lat' dir='ltr'><strong>tot</strong></span> <span class='ocrx_word' id='word_1_444' title='bbox 2267 1871 2633 1926; x_wconf 67' lang='lat' dir='ltr'><strong>daemonibus</strong></span> <span class='ocrx_word' id='word_1_445' title='bbox 2671 1870 2866 1926; x_wconf 90' lang='lat' dir='ltr'><strong>servit.</strong></span> <span class='ocrx_word' id='word_1_446' title='bbox 2897 1869 3006 1925; x_wconf 91' lang='lat' dir='ltr'><strong>Sed</strong></span> <span class='ocrx_word' id='word_1_447' title='bbox 3033 1872 3250 1940; x_wconf 91' lang='lat' dir='ltr'><strong>quanto</strong></span> <span class='ocrx_word' id='word_1_448' title='bbox 3273 1865 3382 1922; x_wconf 86' lang='lat' dir='ltr'><strong>fuit</strong></span> <span class='ocrx_word' id='word_1_449' title='bbox 3405 1866 3584 1938; x_wconf 87' lang='lat' dir='ltr'><strong>hujus</strong></span> 
     </span>
    </p>
   </div>
   <div class='ocr_carea' id='block_1_65' title="bbox 1937 1955 3584 2036">
    <p class='ocr_par' dir='ltr' id='par_1_65' title="bbox 1937 1955 3584 2036">
     <span class='ocr_line' id='line_1_65' title="bbox 1937 1955 3584 2036; baseline -0.005 -18"><span class='ocrx_word' id='word_1_450' title='bbox 1937 1961 2275 2036; x_wconf 89' lang='lat' dir='ltr'><strong>peccatricis</strong></span> <span class='ocrx_word' id='word_1_451' title='bbox 2307 1959 2586 2032; x_wconf 88' lang='lat' dir='ltr'><strong>iniquitas</strong></span> <span class='ocrx_word' id='word_1_452' title='bbox 2625 1959 2834 2031; x_wconf 90' lang='lat' dir='ltr'><strong>major,</strong></span> <span class='ocrx_word' id='word_1_453' title='bbox 2865 1962 3026 2013; x_wconf 88' lang='lat' dir='ltr'><strong>tanto</strong></span> <span class='ocrx_word' id='word_1_454' title='bbox 3077 1955 3424 2012; x_wconf 84' lang='lat' dir='ltr'><strong>sacrificatio</strong></span> <span class='ocrx_word' id='word_1_455' title='bbox 3455 1957 3584 2026; x_wconf 84' lang='lat' dir='ltr'><strong>ejus</strong></span> 
     </span>
    </p>
   </div>
   <div class='ocr_carea' id='block_1_66' title="bbox 1939 2045 3580 2120">
    <p class='ocr_par' dir='ltr' id='par_1_66' title="bbox 1939 2045 3580 2120">
     <span class='ocr_line' id='line_1_66' title="bbox 1939 2045 3580 2120; baseline -0.005 -13"><span class='ocrx_word' id='word_1_456' title='bbox 1939 2052 2049 2108; x_wconf 89' lang='lat' dir='ltr'><strong>fuit</strong></span> <span class='ocrx_word' id='word_1_457' title='bbox 2070 2049 2485 2116; x_wconf 88' lang='lat' dir='ltr'><strong>mirabilior,ut</strong></span> <span class='ocrx_word' id='word_1_458' title='bbox 2501 2051 2570 2104; x_wconf 87' lang='lat' dir='ltr'><strong>de</strong></span> <span class='ocrx_word' id='word_1_459' title='bbox 2587 2066 2654 2104; x_wconf 89' lang='lat' dir='ltr'><strong>ea</strong></span> <span class='ocrx_word' id='word_1_460' title='bbox 2677 2046 3008 2120; x_wconf 87' lang='lat' dir='ltr'><strong>specialiter</strong></span> <span class='ocrx_word' id='word_1_461' title='bbox 3032 2045 3254 2102; x_wconf 90' lang='lat' dir='ltr'><strong>dictum</strong></span> <span class='ocrx_word' id='word_1_462' title='bbox 3278 2045 3544 2100; x_wconf 86' lang='lat' dir='ltr'><strong>videatur</strong></span> <span class='ocrx_word' id='word_1_463' title='bbox 3567 2061 3580 2098; x_wconf 87' lang='lat'><strong>:</strong></span> 
     </span>
    </p>
   </div>
   <div class='ocr_carea' id='block_1_67' title="bbox 1938 2131 3588 2209">
    <p class='ocr_par' dir='ltr' id='par_1_67' title="bbox 1938 2131 3588 2209">
     <span class='ocr_line' id='line_1_67' title="bbox 1938 2131 3588 2209; baseline -0.004 -15"><span class='ocrx_word' id='word_1_464' title='bbox 1938 2166 1966 2194; x_wconf 86' lang='grc'><strong>‹‹</strong></span> <span class='ocrx_word' id='word_1_465' title='bbox 1996 2140 2103 2198; x_wconf 92' lang='lat' dir='ltr'><strong>Ubi</strong></span> <span class='ocrx_word' id='word_1_466' title='bbox 2155 2139 2477 2196; x_wconf 89' lang='lat' dir='ltr'><strong>abundavit</strong></span> <span class='ocrx_word' id='word_1_467' title='bbox 2524 2136 2800 2194; x_wconf 89' lang='lat' dir='ltr'><strong>delictum</strong></span> <span class='ocrx_word' id='word_1_468' title='bbox 2846 2133 3343 2209; x_wconf 87' lang='lat' dir='ltr'><strong>superabundavit</strong></span> <span class='ocrx_word' id='word_1_469' title='bbox 3398 2131 3588 2206; x_wconf 89' lang='lat' dir='ltr'><strong>gratia</strong></span> 
     </span>
    </p>
   </div>
   <div class='ocr_carea' id='block_1_68' title="bbox 1939 2222 3585 2304">
    <p class='ocr_par' dir='ltr' id='par_1_68' title="bbox 1939 2222 3585 2304">
     <span class='ocr_line' id='line_1_68' title="bbox 1939 2222 3585 2304; baseline -0.007 -16"><span class='ocrx_word' id='word_1_470' title='bbox 1939 2232 2110 2304; x_wconf 84' lang='lat' dir='ltr'><strong>(Rom.</strong></span> <span class='ocrx_word' id='word_1_471' title='bbox 2143 2229 2218 2301; x_wconf 92' lang='lat' dir='ltr'><strong>v).</strong></span> <span class='ocrx_word' id='word_1_472' title='bbox 2249 2249 2276 2278; x_wconf 84' lang='lat'><em>»</em></span> <span class='ocrx_word' id='word_1_473' title='bbox 2320 2229 2444 2283; x_wconf 63' lang='lat' dir='ltr'><strong>llaec</strong></span> <span class='ocrx_word' id='word_1_474' title='bbox 2475 2226 2880 2300; x_wconf 84' lang='lat' dir='ltr'><strong>peccatoribus</strong></span> <span class='ocrx_word' id='word_1_475' title='bbox 2915 2226 2972 2279; x_wconf 92' lang='lat' dir='ltr'><strong>in</strong></span> <span class='ocrx_word' id='word_1_476' title='bbox 3005 2222 3334 2295; x_wconf 85' lang='lat' dir='ltr'><strong>exemplum</strong></span> <span class='ocrx_word' id='word_1_477' title='bbox 3375 2238 3585 2294; x_wconf 91' lang='lat' dir='ltr'><strong>propo-</strong></span> 
     </span>
    </p>
   </div>
   <div class='ocr_carea' id='block_1_69' title="bbox 1939 2310 3587 2391">
    <p class='ocr_par' dir='ltr' id='par_1_69' title="bbox 1939 2310 3587 2391">
     <span class='ocr_line' id='line_1_69' title="bbox 1939 2310 3587 2391; baseline -0.007 -15"><span class='ocrx_word' id='word_1_478' title='bbox 1939 2322 2120 2387; x_wconf 88' lang='lat' dir='ltr'><strong>nitur,</strong></span> <span class='ocrx_word' id='word_1_479' title='bbox 2153 2334 2223 2374; x_wconf 91' lang='lat' dir='ltr'><strong>ne</strong></span> <span class='ocrx_word' id='word_1_480' title='bbox 2246 2322 2482 2391; x_wconf 91' lang='lat' dir='ltr'><strong>propter</strong></span> <span class='ocrx_word' id='word_1_481' title='bbox 2511 2316 2770 2388; x_wconf 90' lang='lat' dir='ltr'><strong>aliquam</strong></span> <span class='ocrx_word' id='word_1_482' title='bbox 2813 2314 3127 2369; x_wconf 89' lang='lat' dir='ltr'><strong>criminum</strong></span> <span class='ocrx_word' id='word_1_483' title='bbox 3179 2310 3587 2366; x_wconf 89' lang='lat' dir='ltr'><strong>enormitatem</strong></span> 
     </span>
    </p>
   </div>
   <div class='ocr_carea' id='block_1_70' title="bbox 1941 2399 3586 2482">
    <p class='ocr_par' dir='ltr' id='par_1_70' title="bbox 1941 2399 3586 2482">
     <span class='ocr_line' id='line_1_70' title="bbox 1941 2399 3586 2482; baseline -0.007 -17"><span class='ocrx_word' id='word_1_484' title='bbox 1941 2408 2376 2482; x_wconf 89' lang='lat' dir='ltr'><strong>desperent,sed</strong></span> <span class='ocrx_word' id='word_1_485' title='bbox 2401 2407 2474 2462; x_wconf 87' lang='lat' dir='ltr'><strong>ad</strong></span> <span class='ocrx_word' id='word_1_486' title='bbox 2503 2403 2834 2477; x_wconf 87' lang='lat' dir='ltr'><strong>exemplum</strong></span> <span class='ocrx_word' id='word_1_487' title='bbox 2859 2403 3036 2474; x_wconf 85' lang='lat' dir='ltr'><strong>hujus</strong></span> <span class='ocrx_word' id='word_1_488' title='bbox 3061 2419 3161 2475; x_wconf 94' lang='lat' dir='ltr'><strong>per</strong></span> <span class='ocrx_word' id='word_1_489' title='bbox 3181 2399 3586 2474; x_wconf 81' lang='lat' dir='ltr'><strong>paenitentiam</strong></span> 
     </span>
    </p>
   </div>
   <div class='ocr_carea' id='block_1_71' title="bbox 1942 2487 3590 2570">
    <p class='ocr_par' dir='ltr' id='par_1_71' title="bbox 1942 2487 3590 2570">
     <span class='ocr_line' id='line_1_71' title="bbox 1942 2487 3590 2570; baseline -0.006 -16"><span class='ocrx_word' id='word_1_490' title='bbox 1942 2501 2273 2570; x_wconf 82' lang='lat' dir='ltr'><strong>resurgant.</strong></span> <span class='ocrx_word' id='word_1_491' title='bbox 2295 2495 2751 2566; x_wconf 86' lang='lat' dir='ltr'><strong>Audi,peccator</strong></span> <span class='ocrx_word' id='word_1_492' title='bbox 2783 2509 2796 2549; x_wconf 88' lang='lat'>:</span> <span class='ocrx_word' id='word_1_493' title='bbox 2834 2510 2946 2548; x_wconf 90' lang='lat' dir='ltr'><strong>non</strong></span> <span class='ocrx_word' id='word_1_494' title='bbox 2967 2491 3072 2546; x_wconf 88' lang='lat' dir='ltr'><strong>tibi</strong></span> <span class='ocrx_word' id='word_1_495' title='bbox 3105 2489 3451 2562; x_wconf 89' lang='lat' dir='ltr'><strong>proponitur</strong></span> <span class='ocrx_word' id='word_1_496' title='bbox 3473 2487 3590 2544; x_wconf 85' lang='lat' dir='ltr'><strong>Ma-</strong></span> 
     </span>
    </p>
   </div>
   <div class='ocr_carea' id='block_1_72' title="bbox 1941 2577 3588 2662">
    <p class='ocr_par' dir='ltr' id='par_1_72' title="bbox 1941 2577 3588 2662">
     <span class='ocr_line' id='line_1_72' title="bbox 1941 2577 3588 2662; baseline -0.006 -18"><span class='ocrx_word' id='word_1_497' title='bbox 1941 2587 2192 2662; x_wconf 90' lang='lat' dir='ltr'><strong>gdalena</strong></span> <span class='ocrx_word' id='word_1_498' title='bbox 2219 2586 2279 2641; x_wconf 91' lang='lat' dir='ltr'><strong>in</strong></span> <span class='ocrx_word' id='word_1_499' title='bbox 2311 2584 2671 2640; x_wconf 90' lang='lat' dir='ltr'><strong>occasionem</strong></span> <span class='ocrx_word' id='word_1_500' title='bbox 2696 2585 2933 2656; x_wconf 87' lang='lat' dir='ltr'><strong>peccata</strong></span> <span class='ocrx_word' id='word_1_501' title='bbox 2960 2585 3063 2636; x_wconf 91' lang='lat' dir='ltr'><strong>tua</strong></span> <span class='ocrx_word' id='word_1_502' title='bbox 3083 2578 3429 2645; x_wconf 82' lang='lat' dir='ltr'><strong>excusandi;</strong></span> <span class='ocrx_word' id='word_1_503' title='bbox 3460 2577 3588 2650; x_wconf 83' lang='lat' dir='ltr'><strong>ipsa</strong></span> 
     </span>
    </p>
   </div>
   <div class='ocr_carea' id='block_1_73' title="bbox 1942 2667 3586 2740">
    <p class='ocr_par' dir='ltr' id='par_1_73' title="bbox 1942 2667 3586 2740">
     <span class='ocr_line' id='line_1_73' title="bbox 1942 2667 3586 2740; baseline -0.007 -7"><span class='ocrx_word' id='word_1_504' title='bbox 1942 2677 2098 2733; x_wconf 90' lang='lat' dir='ltr'><strong>enim</strong></span> <span class='ocrx_word' id='word_1_505' title='bbox 2129 2693 2244 2732; x_wconf 91' lang='lat' dir='ltr'><strong>non</strong></span> <span class='ocrx_word' id='word_1_506' title='bbox 2277 2673 2572 2730; x_wconf 84' lang='lat' dir='ltr'><strong>excusavit</strong></span> <span class='ocrx_word' id='word_1_507' title='bbox 2599 2688 2726 2739; x_wconf 90' lang='lat' dir='ltr'><strong>sua,</strong></span> <span class='ocrx_word' id='word_1_508' title='bbox 2759 2672 2860 2727; x_wconf 91' lang='lat' dir='ltr'><strong>sed</strong></span> <span class='ocrx_word' id='word_1_509' title='bbox 2891 2668 3202 2726; x_wconf 88' lang='lat' dir='ltr'><strong>accusavit.</strong></span> <span class='ocrx_word' id='word_1_510' title='bbox 3239 2667 3299 2724; x_wconf 92' lang='lat' dir='ltr'><strong>Si</strong></span> <span class='ocrx_word' id='word_1_511' title='bbox 3331 2683 3490 2740; x_wconf 89' lang='lat' dir='ltr'><strong>ergo,</strong></span> <span class='ocrx_word' id='word_1_512' title='bbox 3522 2669 3586 2722; x_wconf 95' lang='lat' dir='ltr'><strong>tu</strong></span> 
     </span>
    </p>
   </div>
   <div class='ocr_carea' id='block_1_74' title="bbox 1941 2753 3590 2836">
    <p class='ocr_par' dir='ltr' id='par_1_74' title="bbox 1941 2753 3590 2836">
     <span class='ocr_line' id='line_1_74' title="bbox 1941 2753 3590 2836; baseline -0.008 -13"><span class='ocrx_word' id='word_1_513' title='bbox 1941 2770 2180 2822; x_wconf 87' lang='lat' dir='ltr'><strong>secutus</strong></span> <span class='ocrx_word' id='word_1_514' title='bbox 2209 2781 2271 2820; x_wconf 90' lang='lat' dir='ltr'><strong>es</strong></span> <span class='ocrx_word' id='word_1_515' title='bbox 2303 2765 2659 2836; x_wconf 88' lang='lat' dir='ltr'><strong>peccantem,</strong></span> <span class='ocrx_word' id='word_1_516' title='bbox 2711 2775 2953 2833; x_wconf 91' lang='lat' dir='ltr'><strong>sequere</strong></span> <span class='ocrx_word' id='word_1_517' title='bbox 3000 2757 3408 2831; x_wconf 86' lang='lat' dir='ltr'><strong>corrigentem.</strong></span> <span class='ocrx_word' id='word_1_518' title='bbox 3457 2753 3590 2812; x_wconf 91' lang='lat' dir='ltr'><strong>Fuit</strong></span> 
     </span>
    </p>
   </div>
   <div class='ocr_carea' id='block_1_75' title="bbox 1944 2844 3586 2928">
    <p class='ocr_par' dir='ltr' id='par_1_75' title="bbox 1944 2844 3586 2928">
     <span class='ocr_line' id='line_1_75' title="bbox 1944 2844 3586 2928; baseline -0.009 -16"><span class='ocrx_word' id='word_1_519' title='bbox 1944 2871 2174 2928; x_wconf 90' lang='lat' dir='ltr'><strong>quoque</strong></span> <span class='ocrx_word' id='word_1_520' title='bbox 2203 2851 2427 2910; x_wconf 90' lang='lat' dir='ltr'><strong>vocatio</strong></span> <span class='ocrx_word' id='word_1_521' title='bbox 2458 2851 2587 2923; x_wconf 90' lang='lat' dir='ltr'><strong>ejus</strong></span> <span class='ocrx_word' id='word_1_522' title='bbox 2617 2848 2866 2919; x_wconf 90' lang='lat' dir='ltr'><strong>occulta,</strong></span> <span class='ocrx_word' id='word_1_523' title='bbox 2887 2852 2944 2904; x_wconf 91' lang='lat' dir='ltr'><strong>et</strong></span> <span class='ocrx_word' id='word_1_524' title='bbox 2992 2847 3121 2903; x_wconf 93' lang='lat' dir='ltr'><strong>ideo</strong></span> <span class='ocrx_word' id='word_1_525' title='bbox 3166 2845 3356 2919; x_wconf 90' lang='lat' dir='ltr'><strong>magis</strong></span> <span class='ocrx_word' id='word_1_526' title='bbox 3387 2844 3586 2916; x_wconf 87' lang='lat' dir='ltr'><strong>digna.</strong></span> 
     </span>
    </p>
   </div>
   <div class='ocr_carea' id='block_1_76' title="bbox 1943 2935 3592 3014">
    <p class='ocr_par' dir='ltr' id='par_1_76' title="bbox 1943 2935 3592 3014">
     <span class='ocr_line' id='line_1_76' title="bbox 1943 2935 3592 3014; baseline -0.009 -12"><span class='ocrx_word' id='word_1_527' title='bbox 1943 2945 2067 3002; x_wconf 90' lang='lat' dir='ltr'><strong>Non</strong></span> <span class='ocrx_word' id='word_1_528' title='bbox 2100 2943 2257 3000; x_wconf 90' lang='lat' dir='ltr'><strong>enim</strong></span> <span class='ocrx_word' id='word_1_529' title='bbox 2296 2959 2400 3014; x_wconf 92' lang='lat' dir='ltr'><strong>per</strong></span> <span class='ocrx_word' id='word_1_530' title='bbox 2444 2957 2641 2996; x_wconf 90' lang='lat' dir='ltr'><strong>vocem</strong></span> <span class='ocrx_word' id='word_1_531' title='bbox 2692 2935 3140 3011; x_wconf 65' lang='lat' dir='ltr'><strong>praedicationis,</strong></span> <span class='ocrx_word' id='word_1_532' title='bbox 3173 2939 3238 2990; x_wconf 91' lang='lat' dir='ltr'><strong>ut</strong></span> <span class='ocrx_word' id='word_1_533' title='bbox 3282 2937 3490 2988; x_wconf 88' lang='lat' dir='ltr'><strong>Petrus</strong></span> <span class='ocrx_word' id='word_1_534' title='bbox 3535 2935 3592 2989; x_wconf 94' lang='lat' dir='ltr'><strong>et</strong></span> 
     </span>
    </p>
   </div>
   <div class='ocr_carea' id='block_1_77' title="bbox 1942 3022 3593 3102">
    <p class='ocr_par' dir='ltr' id='par_1_77' title="bbox 1942 3022 3593 3102">
     <span class='ocr_line' id='line_1_77' title="bbox 1942 3022 3593 3102; baseline -0.008 -13"><span class='ocrx_word' id='word_1_535' title='bbox 1942 3035 2225 3098; x_wconf 87' lang='lat' dir='ltr'><strong>Andreas,</strong></span> <span class='ocrx_word' id='word_1_536' title='bbox 2258 3048 2363 3087; x_wconf 91' lang='lat' dir='ltr'><strong>nec</strong></span> <span class='ocrx_word' id='word_1_537' title='bbox 2393 3046 2496 3102; x_wconf 90' lang='lat' dir='ltr'><strong>per</strong></span> <span class='ocrx_word' id='word_1_538' title='bbox 2524 3029 2955 3094; x_wconf 89' lang='lat' dir='ltr'><strong>necessitatem,</strong></span> <span class='ocrx_word' id='word_1_539' title='bbox 2987 3029 3052 3080; x_wconf 91' lang='lat' dir='ltr'><strong>ut</strong></span> <span class='ocrx_word' id='word_1_540' title='bbox 3073 3023 3311 3089; x_wconf 88' lang='lat' dir='ltr'><strong>Paulus,</strong></span> <span class='ocrx_word' id='word_1_541' title='bbox 3345 3022 3446 3078; x_wconf 87' lang='lat' dir='ltr'><strong>sed</strong></span> <span class='ocrx_word' id='word_1_542' title='bbox 3489 3037 3593 3093; x_wconf 90' lang='lat' dir='ltr'><strong>per</strong></span> 
     </span>
    </p>
   </div>
   <div class='ocr_carea' id='block_1_78' title="bbox 1946 3109 3590 3191">
    <p class='ocr_par' dir='ltr' id='par_1_78' title="bbox 1946 3109 3590 3191">
     <span class='ocr_line' id='line_1_78' title="bbox 1946 3109 3590 3191; baseline -0.01 -11"><span class='ocrx_word' id='word_1_543' title='bbox 1946 3121 2130 3180; x_wconf 88' lang='lat' dir='ltr'><strong>solam</strong></span> <span class='ocrx_word' id='word_1_544' title='bbox 2149 3122 2436 3176; x_wconf 89' lang='lat' dir='ltr'><strong>internam</strong></span> <span class='ocrx_word' id='word_1_545' title='bbox 2458 3117 2900 3191; x_wconf 90' lang='lat' dir='ltr'><strong>inspirationem</strong></span> <span class='ocrx_word' id='word_1_546' title='bbox 2923 3118 3125 3171; x_wconf 91' lang='lat' dir='ltr'><strong>vocata</strong></span> <span class='ocrx_word' id='word_1_547' title='bbox 3154 3113 3284 3169; x_wconf 89' lang='lat' dir='ltr'><strong>fuit.</strong></span> <span class='ocrx_word' id='word_1_548' title='bbox 3307 3111 3412 3167; x_wconf 91' lang='lat' dir='ltr'><strong>Ille</strong></span> <span class='ocrx_word' id='word_1_549' title='bbox 3433 3109 3590 3166; x_wconf 91' lang='lat' dir='ltr'><strong>enim</strong></span> 
     </span>
    </p>
   </div>
   <div class='ocr_carea' id='block_1_79' title="bbox 1947 3200 3591 3286">
    <p class='ocr_par' dir='ltr' id='par_1_79' title="bbox 1947 3200 3591 3286">
     <span class='ocr_line' id='line_1_79' title="bbox 1947 3200 3591 3286; baseline -0.009 -18"><span class='ocrx_word' id='word_1_550' title='bbox 1947 3212 2046 3286; x_wconf 90' lang='lat' dir='ltr'><strong>qui</strong></span> <span class='ocrx_word' id='word_1_551' title='bbox 2073 3208 2449 3284; x_wconf 88' lang='lat' dir='ltr'><strong>corporaliter</strong></span> <span class='ocrx_word' id='word_1_552' title='bbox 2471 3207 2624 3280; x_wconf 90' lang='lat' dir='ltr'><strong>apud</strong></span> <span class='ocrx_word' id='word_1_553' title='bbox 2647 3205 2944 3262; x_wconf 90' lang='lat' dir='ltr'><strong>Simonem</strong></span> <span class='ocrx_word' id='word_1_554' title='bbox 2967 3201 3361 3272; x_wconf 86' lang='lat' dir='ltr'><strong>erat,Mariam</strong></span> <span class='ocrx_word' id='word_1_555' title='bbox 3382 3200 3591 3255; x_wconf 78' lang='lat' dir='ltr'><strong>absen~</strong></span> 
     </span>
    </p>
   </div>
   <div class='ocr_carea' id='block_1_80' title="bbox 1945 3287 3592 3368">
    <p class='ocr_par' dir='ltr' id='par_1_80' title="bbox 1945 3287 3592 3368">
     <span class='ocr_line' id='line_1_80' title="bbox 1945 3287 3592 3368; baseline -0.009 -11"><span class='ocrx_word' id='word_1_556' title='bbox 1945 3306 2085 3368; x_wconf 91' lang='lat' dir='ltr'><strong>tem,</strong></span> <span class='ocrx_word' id='word_1_557' title='bbox 2111 3305 2174 3355; x_wconf 90' lang='lat' dir='ltr'><strong>ut</strong></span> <span class='ocrx_word' id='word_1_558' title='bbox 2206 3299 2277 3354; x_wconf 89' lang='lat' dir='ltr'><strong>ad</strong></span> <span class='ocrx_word' id='word_1_559' title='bbox 2309 3315 2371 3354; x_wconf 92' lang='lat' dir='ltr'><strong>se</strong></span> <span class='ocrx_word' id='word_1_560' title='bbox 2398 3293 3026 3363; x_wconf 89' lang='lat' dir='ltr'><strong>veniret,invisibiliter</strong></span> <span class='ocrx_word' id='word_1_561' title='bbox 3046 3291 3289 3347; x_wconf 89' lang='lat' dir='ltr'><strong>vocabat</strong></span> <span class='ocrx_word' id='word_1_562' title='bbox 3304 3292 3362 3346; x_wconf 92' lang='lat' dir='ltr'><strong>et</strong></span> <span class='ocrx_word' id='word_1_563' title='bbox 3393 3287 3592 3344; x_wconf 88' lang='lat' dir='ltr'><strong>trahe-</strong></span> 
     </span>
    </p>
   </div>
   <div class='ocr_carea' id='block_1_81' title="bbox 1949 3375 3596 3449">
    <p class='ocr_par' dir='ltr' id='par_1_81' title="bbox 1949 3375 3596 3449">
     <span class='ocr_line' id='line_1_81' title="bbox 1949 3375 3596 3449; baseline -0.008 -4"><span class='ocrx_word' id='word_1_564' title='bbox 1949 3388 2244 3446; x_wconf 90' lang='lat' dir='ltr'><strong>bat.Unde</strong></span> <span class='ocrx_word' id='word_1_565' title='bbox 2276 3404 2390 3442; x_wconf 90' lang='lat' dir='ltr'><strong>non</strong></span> <span class='ocrx_word' id='word_1_566' title='bbox 2416 3391 2506 3442; x_wconf 91' lang='lat' dir='ltr'><strong>est</strong></span> <span class='ocrx_word' id='word_1_567' title='bbox 2537 3385 2756 3440; x_wconf 90' lang='lat' dir='ltr'><strong>mirum</strong></span> <span class='ocrx_word' id='word_1_568' title='bbox 2789 3383 2838 3438; x_wconf 89' lang='lat' dir='ltr'><strong>si</strong></span> <span class='ocrx_word' id='word_1_569' title='bbox 2869 3400 2995 3439; x_wconf 91' lang='lat' dir='ltr'><strong>eam</strong></span> <span class='ocrx_word' id='word_1_570' title='bbox 3020 3380 3271 3436; x_wconf 80' lang='lat' dir='ltr'><strong>exterius</strong></span> <span class='ocrx_word' id='word_1_571' title='bbox 3318 3375 3596 3449; x_wconf 89' lang='lat' dir='ltr'><strong>suscipie-</strong></span> 
     </span>
    </p>
   </div>
   <div class='ocr_carea' id='block_1_82' title="bbox 1950 3464 3592 3550">
    <p class='ocr_par' dir='ltr' id='par_1_82' title="bbox 1950 3464 3592 3550">
     <span class='ocr_line' id='line_1_82' title="bbox 1950 3464 3592 3550; baseline -0.01 -14"><span class='ocrx_word' id='word_1_572' title='bbox 1950 3477 2174 3550; x_wconf 91' lang='lat' dir='ltr'><strong>bat,qui</strong></span> <span class='ocrx_word' id='word_1_573' title='bbox 2189 3494 2316 3532; x_wconf 89' lang='lat' dir='ltr'><strong>eam</strong></span> <span class='ocrx_word' id='word_1_574' title='bbox 2333 3475 2579 3530; x_wconf 89' lang='lat' dir='ltr'><strong>interius</strong></span> <span class='ocrx_word' id='word_1_575' title='bbox 2591 3473 2927 3529; x_wconf 86' lang='lat' dir='ltr'><strong>advocabat.</strong></span> <span class='ocrx_word' id='word_1_576' title='bbox 2949 3470 3269 3527; x_wconf 87' lang='lat' dir='ltr'><strong>Fuitetiam</strong></span> <span class='ocrx_word' id='word_1_577' title='bbox 3293 3464 3592 3524; x_wconf 86' lang='lat' dir='ltr'><strong>conversio</strong></span> 
     </span>
    </p>
   </div>
   <div class='ocr_carea' id='block_1_83' title="bbox 1949 3553 3592 3640">
    <p class='ocr_par' dir='ltr' id='par_1_83' title="bbox 1949 3553 3592 3640">
     <span class='ocr_line' id='line_1_83' title="bbox 1949 3553 3592 3640; baseline -0.01 -16"><span class='ocrx_word' id='word_1_578' title='bbox 1949 3570 2079 3640; x_wconf 89' lang='lat' dir='ltr'><strong>ejus</strong></span> <span class='ocrx_word' id='word_1_579' title='bbox 2095 3564 2580 3636; x_wconf 87' lang='lat' dir='ltr'><strong>accelerata,quia</strong></span> <span class='ocrx_word' id='word_1_580' title='bbox 2601 3581 2715 3618; x_wconf 91' lang='lat' dir='ltr'><strong>non</strong></span> <span class='ocrx_word' id='word_1_581' title='bbox 2732 3559 3319 3634; x_wconf 88' lang='lat' dir='ltr'><strong>procrastinavit,non</strong></span> <span class='ocrx_word' id='word_1_582' title='bbox 3344 3553 3592 3620; x_wconf 89' lang='lat' dir='ltr'><strong>distulit,</strong></span> 
     </span>
    </p>
   </div>
   <div class='ocr_carea' id='block_1_84' title="bbox 1952 3648 3593 3727">
    <p class='ocr_par' dir='ltr' id='par_1_84' title="bbox 1952 3648 3593 3727">
     <span class='ocr_line' id='line_1_84' title="bbox 1952 3648 3593 3727; baseline -0.009 -15"><span class='ocrx_word' id='word_1_583' title='bbox 1952 3675 2068 3712; x_wconf 91' lang='lat' dir='ltr'><strong>non</strong></span> <span class='ocrx_word' id='word_1_584' title='bbox 2100 3653 2452 3727; x_wconf 85' lang='lat' dir='ltr'><strong>exspectavit</strong></span> <span class='ocrx_word' id='word_1_585' title='bbox 2473 3658 2536 3707; x_wconf 92' lang='lat' dir='ltr'><strong>ut</strong></span> <span class='ocrx_word' id='word_1_586' title='bbox 2558 3651 2871 3707; x_wconf 89' lang='lat' dir='ltr'><strong>Dominum</strong></span> <span class='ocrx_word' id='word_1_587' title='bbox 2897 3650 2954 3704; x_wconf 92' lang='lat' dir='ltr'><strong>in</strong></span> <span class='ocrx_word' id='word_1_588' title='bbox 2979 3648 3102 3704; x_wconf 90' lang='lat' dir='ltr'><strong>loco</strong></span> <span class='ocrx_word' id='word_1_589' title='bbox 3125 3650 3345 3702; x_wconf 89' lang='lat' dir='ltr'><strong>secreto</strong></span> <span class='ocrx_word' id='word_1_590' title='bbox 3371 3648 3426 3700; x_wconf 90' lang='lat' dir='ltr'><strong>et</strong></span> <span class='ocrx_word' id='word_1_591' title='bbox 3445 3648 3593 3698; x_wconf 87' lang='lat' dir='ltr'><strong>tem-</strong></span> 
     </span>
    </p>
   </div>
   <div class='ocr_carea' id='block_1_85' title="bbox 1953 3734 3596 3820">
    <p class='ocr_par' dir='ltr' id='par_1_85' title="bbox 1953 3734 3596 3820">
     <span class='ocr_line' id='line_1_85' title="bbox 1953 3734 3596 3820; baseline -0.01 -17"><span class='ocrx_word' id='word_1_592' title='bbox 1953 3763 2090 3820; x_wconf 91' lang='lat' dir='ltr'><strong>pore</strong></span> <span class='ocrx_word' id='word_1_593' title='bbox 2119 3745 2301 3800; x_wconf 89' lang='lat' dir='ltr'><strong>libero</strong></span> <span class='ocrx_word' id='word_1_594' title='bbox 2334 3742 2637 3808; x_wconf 88' lang='lat' dir='ltr'><strong>inveniret,</strong></span> <span class='ocrx_word' id='word_1_595' title='bbox 2671 3741 2771 3796; x_wconf 91' lang='lat' dir='ltr'><strong>sed</strong></span> <span class='ocrx_word' id='word_1_596' title='bbox 2804 3757 2938 3795; x_wconf 80' lang='lat' dir='ltr'><strong>mox</strong></span> <span class='ocrx_word' id='word_1_597' title='bbox 2967 3737 3250 3793; x_wconf 83' lang='lat' dir='ltr'><strong>festinans</strong></span> <span class='ocrx_word' id='word_1_598' title='bbox 3271 3735 3331 3790; x_wconf 92' lang='lat' dir='ltr'><strong>in</strong></span> <span class='ocrx_word' id='word_1_599' title='bbox 3355 3734 3596 3788; x_wconf 90' lang='lat' dir='ltr'><strong>domum</strong></span> 
     </span>
    </p>
   </div>
   <div class='ocr_carea' id='block_1_86' title="bbox 1953 3823 3605 3897">
    <p class='ocr_par' dir='ltr' id='par_1_86' title="bbox 1953 3823 3605 3897">
     <span class='ocr_line' id='line_1_86' title="bbox 1953 3823 3605 3897; baseline -0.009 -7"><span class='ocrx_word' id='word_1_600' title='bbox 1953 3835 2200 3891; x_wconf 89' lang='lat' dir='ltr'><strong>alienam</strong></span> <span class='ocrx_word' id='word_1_601' title='bbox 2236 3833 2388 3887; x_wconf 88' lang='lat' dir='ltr'><strong>inter</strong></span> <span class='ocrx_word' id='word_1_602' title='bbox 2417 3830 2785 3897; x_wconf 87' lang='lat' dir='ltr'><strong>convivas,ad</strong></span> <span class='ocrx_word' id='word_1_603' title='bbox 2809 3827 3120 3883; x_wconf 90' lang='lat' dir='ltr'><strong>Dominum</strong></span> <span class='ocrx_word' id='word_1_604' title='bbox 3146 3823 3404 3880; x_wconf 89' lang='lat' dir='ltr'><strong>convivio</strong></span> <span class='ocrx_word' id='word_1_605' title='bbox 3436 3836 3605 3877; x_wconf 90' lang='lat' dir='ltr'><strong>occu-</strong></span> 
     </span>
    </p>
   </div>
   <div class='ocr_carea' id='block_1_87' title="bbox 1954 3911 3602 3996">
    <p class='ocr_par' dir='ltr' id='par_1_87' title="bbox 1954 3911 3602 3996">
     <span class='ocr_line' id='line_1_87' title="bbox 1954 3911 3602 3996; baseline -0.008 -16"><span class='ocrx_word' id='word_1_606' title='bbox 1954 3927 2158 3996; x_wconf 87' lang='lat' dir='ltr'><strong>patum</strong></span> <span class='ocrx_word' id='word_1_607' title='bbox 2192 3921 2467 3993; x_wconf 89' lang='lat' dir='ltr'><strong>erumpit,</strong></span> <span class='ocrx_word' id='word_1_608' title='bbox 2501 3923 2560 3974; x_wconf 88' lang='lat' dir='ltr'><strong>et</strong></span> <span class='ocrx_word' id='word_1_609' title='bbox 2606 3918 2893 3974; x_wconf 89' lang='lat' dir='ltr'><strong>medelam</strong></span> <span class='ocrx_word' id='word_1_610' title='bbox 2937 3916 3164 3988; x_wconf 68' lang='lat' dir='ltr'><strong>quaerit.</strong></span> <span class='ocrx_word' id='word_1_611' title='bbox 3209 3918 3360 3983; x_wconf 62' lang='lat' dir='ltr'><strong>Hace,</strong></span> <span class='ocrx_word' id='word_1_612' title='bbox 3395 3911 3602 3966; x_wconf 84' lang='lat' dir='ltr'><strong>fratres</strong></span> 
     </span>
    </p>
   </div>
   <div class='ocr_carea' id='block_1_88' title="bbox 1959 3999 3605 4080">
    <p class='ocr_par' dir='ltr' id='par_1_88' title="bbox 1959 3999 3605 4080">
     <span class='ocr_line' id='line_1_88' title="bbox 1959 3999 3605 4080; baseline -0.01 -12"><span class='ocrx_word' id='word_1_613' title='bbox 1959 4013 2094 4080; x_wconf 92' lang='lat' dir='ltr'><strong>mei,</strong></span> <span class='ocrx_word' id='word_1_614' title='bbox 2126 4015 2385 4067; x_wconf 88' lang='lat' dir='ltr'><strong>nostram</strong></span> <span class='ocrx_word' id='word_1_615' title='bbox 2418 4010 2766 4065; x_wconf 90' lang='lat' dir='ltr'><strong>condemnat</strong></span> <span class='ocrx_word' id='word_1_616' title='bbox 2815 4003 3250 4078; x_wconf 83' lang='lat' dir='ltr'><strong>negligentiam,</strong></span> <span class='ocrx_word' id='word_1_617' title='bbox 3303 3999 3425 4072; x_wconf 91' lang='lat' dir='ltr'><strong>qui,</strong></span> <span class='ocrx_word' id='word_1_618' title='bbox 3469 4014 3605 4054; x_wconf 90' lang='lat' dir='ltr'><strong>cum</strong></span> 
     </span>
    </p>
   </div>
   <div class='ocr_carea' id='block_1_89' title="bbox 1959 4087 3610 4172">
    <p class='ocr_par' dir='ltr' id='par_1_89' title="bbox 1959 4087 3610 4172">
     <span class='ocr_line' id='line_1_89' title="bbox 1959 4087 3610 4172; baseline -0.01 -14"><span class='ocrx_word' id='word_1_619' title='bbox 1959 4102 2147 4158; x_wconf 89' lang='lat' dir='ltr'><strong>simus</strong></span> <span class='ocrx_word' id='word_1_620' title='bbox 2170 4099 2402 4172; x_wconf 86' lang='lat' dir='ltr'><strong>magnis</strong></span> <span class='ocrx_word' id='word_1_621' title='bbox 2425 4097 2678 4153; x_wconf 89' lang='lat' dir='ltr'><strong>obvoluti</strong></span> <span class='ocrx_word' id='word_1_622' title='bbox 2700 4094 3315 4164; x_wconf 86' lang='lat' dir='ltr'><strong>criminibus,tempus</strong></span> <span class='ocrx_word' id='word_1_623' title='bbox 3333 4087 3610 4162; x_wconf 74' lang='lat' dir='ltr'><strong>pmniten-</strong></span> 
     </span>
    </p>
   </div>
   <div class='ocr_carea' id='block_1_90' title="bbox 1959 4176 3610 4262">
    <p class='ocr_par' dir='ltr' id='par_1_90' title="bbox 1959 4176 3610 4262">
     <span class='ocr_line' id='line_1_90' title="bbox 1959 4176 3610 4262; baseline -0.01 -16"><span class='ocrx_word' id='word_1_624' title='bbox 1959 4191 2052 4247; x_wconf 69' lang='lat' dir='ltr'><strong>tiae</strong></span> <span class='ocrx_word' id='word_1_625' title='bbox 2087 4186 3060 4262; x_wconf 84' lang='lat' dir='ltr'><strong>proscrastinamus,exspectamus</strong></span> <span class='ocrx_word' id='word_1_626' title='bbox 3093 4187 3326 4252; x_wconf 89' lang='lat' dir='ltr'><strong>tempus</strong></span> <span class='ocrx_word' id='word_1_627' title='bbox 3357 4176 3610 4244; x_wconf 90' lang='lat' dir='ltr'><strong>Quadra-</strong></span> 
     </span>
    </p>
   </div>
   <div class='ocr_carea' id='block_1_91' title="bbox 1961 4266 3607 4352">
    <p class='ocr_par' dir='ltr' id='par_1_91' title="bbox 1961 4266 3607 4352">
     <span class='ocr_line' id='line_1_91' title="bbox 1961 4266 3607 4352; baseline -0.009 -18"><span class='ocrx_word' id='word_1_628' title='bbox 1961 4278 2222 4352; x_wconf 77' lang='lat' dir='ltr'><strong>gesimae,</strong></span> <span class='ocrx_word' id='word_1_629' title='bbox 2253 4276 2448 4330; x_wconf 91' lang='lat' dir='ltr'><strong>locum</strong></span> <span class='ocrx_word' id='word_1_630' title='bbox 2480 4278 2790 4340; x_wconf 89' lang='lat' dir='ltr'><strong>secretum,</strong></span> <span class='ocrx_word' id='word_1_631' title='bbox 2824 4271 3184 4328; x_wconf 88' lang='lat' dir='ltr'><strong>sacerdotem</strong></span> <span class='ocrx_word' id='word_1_632' title='bbox 3235 4266 3607 4336; x_wconf 87' lang='lat' dir='ltr'><strong>familiarem,</strong></span> 
     </span>
    </p>
   </div>
   <div class='ocr_carea' id='block_1_92' title="bbox 1965 4351 3612 4440">
    <p class='ocr_par' dir='ltr' id='par_1_92' title="bbox 1965 4351 3612 4440">
     <span class='ocr_line' id='line_1_92' title="bbox 1965 4351 3612 4440; baseline -0.01 -17"><span class='ocrx_word' id='word_1_633' title='bbox 1965 4351 2131 4440; x_wconf 83' lang='lat' dir='ltr'><strong>quasi</strong></span> <span class='ocrx_word' id='word_1_634' title='bbox 2157 4369 2343 4420; x_wconf 91' lang='lat' dir='ltr'><strong>totum</strong></span> <span class='ocrx_word' id='word_1_635' title='bbox 2365 4367 2600 4434; x_wconf 90' lang='lat' dir='ltr'><strong>tempus</strong></span> <span class='ocrx_word' id='word_1_636' title='bbox 2621 4361 2747 4416; x_wconf 83' lang='lat' dir='ltr'><strong>vitae</strong></span> <span class='ocrx_word' id='word_1_637' title='bbox 2781 4363 2989 4416; x_wconf 71' lang='lat' dir='ltr'><strong>nostrae</strong></span> <span class='ocrx_word' id='word_1_638' title='bbox 3013 4355 3362 4430; x_wconf 61' lang='lat' dir='ltr'><strong>paenitentia</strong></span> <span class='ocrx_word' id='word_1_639' title='bbox 3396 4371 3513 4410; x_wconf 90' lang='lat' dir='ltr'><strong>non</strong></span> <span class='ocrx_word' id='word_1_640' title='bbox 3536 4351 3612 4409; x_wconf 90' lang='lat' dir='ltr'><strong>sit</strong></span> 
     </span>
    </p>
   </div>
   <div class='ocr_carea' id='block_1_93' title="bbox 1965 4443 3608 4523">
    <p class='ocr_par' dir='ltr' id='par_1_93' title="bbox 1965 4443 3608 4523">
     <span class='ocr_line' id='line_1_93' title="bbox 1965 4443 3608 4523; baseline -0.01 -11"><span class='ocrx_word' id='word_1_641' title='bbox 1965 4454 2494 4520; x_wconf 88' lang='lat' dir='ltr'><strong>accommodatum;</strong></span> <span class='ocrx_word' id='word_1_642' title='bbox 2509 4456 2567 4506; x_wconf 90' lang='lat' dir='ltr'><strong>et</strong></span> <span class='ocrx_word' id='word_1_643' title='bbox 2587 4450 2842 4523; x_wconf 86' lang='lat' dir='ltr'><strong>spatium</strong></span> <span class='ocrx_word' id='word_1_644' title='bbox 2863 4450 2987 4503; x_wconf 78' lang='lat' dir='ltr'><strong>vitze</strong></span> <span class='ocrx_word' id='word_1_645' title='bbox 3003 4447 3172 4504; x_wconf 90' lang='lat' dir='ltr'><strong>nobis</strong></span> <span class='ocrx_word' id='word_1_646' title='bbox 3188 4443 3608 4519; x_wconf 88' lang='lat' dir='ltr'><strong>promittimus,</strong></span> 
     </span>
    </p>
   </div>
   <div class='ocr_carea' id='block_1_94' title="bbox 202 4533 3617 4622">
    <p class='ocr_par' dir='ltr' id='par_1_94' title="bbox 202 4533 3617 4622">
     <span class='ocr_line' id='line_1_94' title="bbox 202 4533 3617 4622; baseline -0.002 -28"><span class='ocrx_word' id='word_1_647' title='bbox 202 4537 477 4612; x_wconf 88' lang='lat' dir='ltr'><strong>rogati,ct</strong></span> <span class='ocrx_word' id='word_1_648' title='bbox 497 4536 609 4593; x_wconf 89' lang='lat' dir='ltr'><strong>nisi</strong></span> <span class='ocrx_word' id='word_1_649' title='bbox 638 4536 958 4592; x_wconf 90' lang='lat' dir='ltr'><strong>intentione</strong></span> <span class='ocrx_word' id='word_1_650' title='bbox 980 4535 1492 4608; x_wconf 82' lang='lat' dir='ltr'><strong>proﬁciendi.Nam</strong></span> <span class='ocrx_word' id='word_1_651' title='bbox 1512 4540 1650 4592; x_wconf 90' lang='lat' dir='ltr'><strong>sunt</strong></span> <span class='ocrx_word' id='word_1_652' title='bbox 1671 4552 1859 4607; x_wconf 91' lang='lat' dir='ltr'><strong>repre—</strong></span> <span class='ocrx_word' id='word_1_653' title='bbox 1889 4558 1934 4622; x_wconf 83' lang='lat' dir='ltr'><strong>D</strong></span> <span class='ocrx_word' id='word_1_654' title='bbox 1966 4563 2099 4601; x_wconf 72' lang='lat' dir='ltr'><strong>cum</strong></span> <span class='ocrx_word' id='word_1_655' title='bbox 2133 4544 2204 4599; x_wconf 77' lang='lat' dir='ltr'><strong>de</strong></span> <span class='ocrx_word' id='word_1_656' title='bbox 2236 4543 2506 4616; x_wconf 65' lang='lat' dir='ltr'><strong>praesenti</strong></span> <span class='ocrx_word' id='word_1_657' title='bbox 2540 4542 2681 4596; x_wconf 72' lang='lat' dir='ltr'><strong>hora</strong></span> <span class='ocrx_word' id='word_1_658' title='bbox 2709 4537 2898 4595; x_wconf 84' lang='lat' dir='ltr'><strong>securi</strong></span> <span class='ocrx_word' id='word_1_659' title='bbox 2930 4554 3045 4592; x_wconf 87' lang='lat' dir='ltr'><strong>non</strong></span> <span class='ocrx_word' id='word_1_660' title='bbox 3097 4535 3304 4592; x_wconf 87' lang='lat' dir='ltr'><strong>simus.</strong></span> <span class='ocrx_word' id='word_1_661' title='bbox 3358 4533 3498 4589; x_wconf 90' lang='lat' dir='ltr'><strong>Inde</strong></span> <span class='ocrx_word' id='word_1_662' title='bbox 3527 4533 3617 4586; x_wconf 88' lang='lat' dir='ltr'><strong>est</strong></span> 
     </span>
    </p>
   </div>
   <div class='ocr_carea' id='block_1_95' title="bbox 203 4623 1857 4699">
    <p class='ocr_par' dir='ltr' id='par_1_95' title="bbox 203 4623 1857 4699">
     <span class='ocr_line' id='line_1_95' title="bbox 203 4623 1857 4699; baseline -0.002 -16"><span class='ocrx_word' id='word_1_663' title='bbox 203 4625 647 4694; x_wconf 85' lang='lat' dir='ltr'><strong>hensibiles,vel</strong></span> <span class='ocrx_word' id='word_1_664' title='bbox 668 4626 768 4698; x_wconf 90' lang='lat' dir='ltr'><strong>qui</strong></span> <span class='ocrx_word' id='word_1_665' title='bbox 793 4643 906 4682; x_wconf 91' lang='lat' dir='ltr'><strong>non</strong></span> <span class='ocrx_word' id='word_1_666' title='bbox 939 4625 1124 4699; x_wconf 89' lang='lat' dir='ltr'><strong>rogati</strong></span> <span class='ocrx_word' id='word_1_667' title='bbox 1154 4625 1416 4690; x_wconf 91' lang='lat' dir='ltr'><strong>veniunt,</strong></span> <span class='ocrx_word' id='word_1_668' title='bbox 1436 4623 1524 4678; x_wconf 91' lang='lat' dir='ltr'><strong>vel</strong></span> <span class='ocrx_word' id='word_1_669' title='bbox 1547 4624 1647 4696; x_wconf 90' lang='lat' dir='ltr'><strong>qui</strong></span> <span class='ocrx_word' id='word_1_670' title='bbox 1667 4623 1857 4680; x_wconf 89' lang='lat' dir='ltr'><strong>solum</strong></span> 
     </span>
    </p>
   </div>
   <div class='ocr_carea' id='block_1_96' title="bbox 205 4714 1861 4787">
    <p class='ocr_par' dir='ltr' id='par_1_96' title="bbox 205 4714 1861 4787">
     <span class='ocr_line' id='line_1_96' title="bbox 205 4714 1861 4787; baseline -0.001 -16"><span class='ocrx_word' id='word_1_671' title='bbox 205 4715 410 4771; x_wconf 91' lang='lat' dir='ltr'><strong>cibum</strong></span> <span class='ocrx_word' id='word_1_672' title='bbox 442 4719 732 4787; x_wconf 73' lang='lat' dir='ltr'><strong>quaerunt.</strong></span> <span class='ocrx_word' id='word_1_673' title='bbox 755 4714 898 4770; x_wconf 88' lang='lat' dir='ltr'><strong>Cum</strong></span> <span class='ocrx_word' id='word_1_674' title='bbox 929 4715 1063 4786; x_wconf 91' lang='lat' dir='ltr'><strong>quis</strong></span> <span class='ocrx_word' id='word_1_675' title='bbox 1083 4731 1220 4786; x_wconf 91' lang='lat' dir='ltr'><strong>ergo</strong></span> <span class='ocrx_word' id='word_1_676' title='bbox 1243 4729 1349 4769; x_wconf 89' lang='lat' dir='ltr'><strong>nos</strong></span> <span class='ocrx_word' id='word_1_677' title='bbox 1381 4717 1638 4786; x_wconf 89' lang='lat' dir='ltr'><strong>rogat,ut</strong></span> <span class='ocrx_word' id='word_1_678' title='bbox 1660 4731 1861 4769; x_wconf 91' lang='lat' dir='ltr'><strong>secum</strong></span> 
     </span>
    </p>
   </div>
   <div class='ocr_carea' id='block_1_97' title="bbox 207 4802 1863 4876">
    <p class='ocr_par' dir='ltr' id='par_1_97' title="bbox 207 4802 1863 4876">
     <span class='ocr_line' id='line_1_97' title="bbox 207 4802 1863 4876; baseline -0.001 -16"><span class='ocrx_word' id='word_1_679' title='bbox 207 4803 614 4869; x_wconf 85' lang='lat' dir='ltr'><strong>comedamus,</strong></span> <span class='ocrx_word' id='word_1_680' title='bbox 629 4803 677 4858; x_wconf 92' lang='lat' dir='ltr'><strong>si</strong></span> <span class='ocrx_word' id='word_1_681' title='bbox 710 4803 845 4858; x_wconf 90' lang='lat' dir='ltr'><strong>talis</strong></span> <span class='ocrx_word' id='word_1_682' title='bbox 875 4807 964 4858; x_wconf 93' lang='lat' dir='ltr'><strong>est</strong></span> <span class='ocrx_word' id='word_1_683' title='bbox 993 4819 1240 4876; x_wconf 89' lang='lat' dir='ltr'><strong>persona</strong></span> <span class='ocrx_word' id='word_1_684' title='bbox 1261 4803 1352 4858; x_wconf 91' lang='lat' dir='ltr'><strong>cui</strong></span> <span class='ocrx_word' id='word_1_685' title='bbox 1379 4803 1653 4876; x_wconf 91' lang='lat' dir='ltr'><strong>prodesse</strong></span> <span class='ocrx_word' id='word_1_686' title='bbox 1675 4802 1863 4859; x_wconf 80' lang='lat' dir='ltr'><strong>valea-</strong></span> 
     </span>
    </p>
   </div>
   <div class='ocr_carea' id='block_1_98' title="bbox 211 4891 1864 4964">
    <p class='ocr_par' dir='ltr' id='par_1_98' title="bbox 211 4891 1864 4964">
     <span class='ocr_line' id='line_1_98' title="bbox 211 4891 1864 4964; baseline -0.001 -14"><span class='ocrx_word' id='word_1_687' title='bbox 211 4909 370 4963; x_wconf 86' lang='lat' dir='ltr'><strong>mus,</strong></span> <span class='ocrx_word' id='word_1_688' title='bbox 401 4891 490 4947; x_wconf 92' lang='lat' dir='ltr'><strong>vel</strong></span> <span class='ocrx_word' id='word_1_689' title='bbox 520 4909 647 4964; x_wconf 67' lang='lat' dir='ltr'><strong>quae</strong></span> <span class='ocrx_word' id='word_1_690' title='bbox 673 4893 864 4959; x_wconf 90' lang='lat' dir='ltr'><strong>nobis,</strong></span> <span class='ocrx_word' id='word_1_691' title='bbox 897 4909 1120 4947; x_wconf 87' lang='lat' dir='ltr'><strong>eamus.</strong></span> <span class='ocrx_word' id='word_1_692' title='bbox 1152 4891 1312 4947; x_wconf 89' lang='lat' dir='ltr'><strong>Alias</strong></span> <span class='ocrx_word' id='word_1_693' title='bbox 1343 4909 1457 4947; x_wconf 91' lang='lat' dir='ltr'><strong>non</strong></span> <span class='ocrx_word' id='word_1_694' title='bbox 1495 4908 1719 4948; x_wconf 88' lang='lat' dir='ltr'><strong>eamus.</strong></span> <span class='ocrx_word' id='word_1_695' title='bbox 1746 4892 1864 4948; x_wconf 90' lang='lat' dir='ltr'><strong>Im-</strong></span> 
     </span>
    </p>
   </div>
   <div class='ocr_carea' id='block_1_99' title="bbox 211 4979 1866 5056">
    <p class='ocr_par' dir='ltr' id='par_1_99' title="bbox 211 4979 1866 5056">
     <span class='ocr_line' id='line_1_99' title="bbox 211 4979 1866 5056; baseline 0 -19"><span class='ocrx_word' id='word_1_696' title='bbox 211 4981 510 5056; x_wconf 89' lang='lat' dir='ltr'><strong>perfectus</strong></span> <span class='ocrx_word' id='word_1_697' title='bbox 537 4997 674 5053; x_wconf 92' lang='lat' dir='ltr'><strong>ergo</strong></span> <span class='ocrx_word' id='word_1_698' title='bbox 705 4985 762 5036; x_wconf 93' lang='lat' dir='ltr'><strong>et</strong></span> <span class='ocrx_word' id='word_1_699' title='bbox 791 4979 954 5035; x_wconf 91' lang='lat' dir='ltr'><strong>rudis</strong></span> <span class='ocrx_word' id='word_1_700' title='bbox 985 4979 1247 5036; x_wconf 90' lang='lat' dir='ltr'><strong>convivia</strong></span> <span class='ocrx_word' id='word_1_701' title='bbox 1275 4984 1334 5035; x_wconf 87' lang='lat' dir='ltr'><strong>et</strong></span> <span class='ocrx_word' id='word_1_702' title='bbox 1365 4979 1661 5036; x_wconf 89' lang='lat' dir='ltr'><strong>consortia</strong></span> <span class='ocrx_word' id='word_1_703' title='bbox 1684 4980 1866 5037; x_wconf 90' lang='lat' dir='ltr'><strong>malo-</strong></span> 
     </span>
    </p>
   </div>
   <div class='ocr_carea' id='block_1_100' title="bbox 212 5068 1868 5142">
    <p class='ocr_par' dir='ltr' id='par_1_100' title="bbox 212 5068 1868 5142">
     <span class='ocr_line' id='line_1_100' title="bbox 212 5068 1868 5142; baseline 0 -16"><span class='ocrx_word' id='word_1_704' title='bbox 212 5087 345 5126; x_wconf 89' lang='lat' dir='ltr'><strong>rum</strong></span> <span class='ocrx_word' id='word_1_705' title='bbox 387 5069 622 5142; x_wconf 90' lang='lat' dir='ltr'><strong>penitus</strong></span> <span class='ocrx_word' id='word_1_706' title='bbox 648 5068 838 5137; x_wconf 90' lang='lat' dir='ltr'><strong>evitet,</strong></span> <span class='ocrx_word' id='word_1_707' title='bbox 875 5068 1014 5142; x_wconf 89' lang='lat' dir='ltr'><strong>quia</strong></span> <span class='ocrx_word' id='word_1_708' title='bbox 1046 5086 1160 5125; x_wconf 90' lang='lat' dir='ltr'><strong>non</strong></span> <span class='ocrx_word' id='word_1_709' title='bbox 1214 5072 1574 5124; x_wconf 90' lang='lat' dir='ltr'><strong>converteret</strong></span> <span class='ocrx_word' id='word_1_710' title='bbox 1611 5084 1731 5134; x_wconf 92' lang='lat' dir='ltr'><strong>eos,</strong></span> <span class='ocrx_word' id='word_1_711' title='bbox 1757 5070 1868 5126; x_wconf 90' lang='lat' dir='ltr'><strong>.sed</strong></span> 
     </span>
    </p>
   </div>
   <div class='ocr_carea' id='block_1_101' title="bbox 214 5157 1867 5232">
    <p class='ocr_par' dir='ltr' id='par_1_101' title="bbox 214 5157 1867 5232">
     <span class='ocr_line' id='line_1_101' title="bbox 214 5157 1867 5232; baseline 0 -18"><span class='ocrx_word' id='word_1_712' title='bbox 214 5157 412 5232; x_wconf 90' lang='lat' dir='ltr'><strong>potius</strong></span> <span class='ocrx_word' id='word_1_713' title='bbox 439 5159 875 5214; x_wconf 88' lang='lat' dir='ltr'><strong>subverteretur</strong></span> <span class='ocrx_word' id='word_1_714' title='bbox 904 5159 975 5214; x_wconf 87' lang='lat' dir='ltr'><strong>ab</strong></span> <span class='ocrx_word' id='word_1_715' title='bbox 1008 5159 1110 5214; x_wconf 89' lang='lat' dir='ltr'><strong>eis.</strong></span> <span class='ocrx_word' id='word_1_716' title='bbox 1133 5158 1238 5224; x_wconf 89' lang='lat' dir='ltr'><strong>Qui</strong></span> <span class='ocrx_word' id='word_1_717' title='bbox 1261 5173 1396 5212; x_wconf 89' lang='lat' dir='ltr'><strong>vero</strong></span> <span class='ocrx_word' id='word_1_718' title='bbox 1428 5162 1516 5213; x_wconf 89' lang='lat' dir='ltr'><strong>est</strong></span> <span class='ocrx_word' id='word_1_719' title='bbox 1548 5157 1605 5211; x_wconf 91' lang='lat' dir='ltr'><strong>in</strong></span> <span class='ocrx_word' id='word_1_720' title='bbox 1632 5157 1867 5226; x_wconf 89' lang='lat' dir='ltr'><strong>virtute,</strong></span> 
     </span>
    </p>
   </div>
   <div class='ocr_carea' id='block_1_102' title="bbox 215 5246 1872 5322">
    <p class='ocr_par' dir='ltr' id='par_1_102' title="bbox 215 5246 1872 5322">
     <span class='ocr_line' id='line_1_102' title="bbox 215 5246 1872 5322; baseline -0.001 -19"><span class='ocrx_word' id='word_1_721' title='bbox 215 5252 460 5322; x_wconf 86' lang='lat' dir='ltr'><strong>rogatus</strong></span> <span class='ocrx_word' id='word_1_722' title='bbox 491 5265 525 5302; x_wconf 92' lang='lat' dir='ltr'><strong>a</strong></span> <span class='ocrx_word' id='word_1_723' title='bbox 556 5247 1032 5320; x_wconf 87' lang='lat' dir='ltr'><strong>persecutoribus</strong></span> <span class='ocrx_word' id='word_1_724' title='bbox 1062 5251 1176 5313; x_wconf 92' lang='lat' dir='ltr'><strong>eat,</strong></span> <span class='ocrx_word' id='word_1_725' title='bbox 1205 5250 1289 5314; x_wconf 92' lang='lat' dir='ltr'><strong>ut,</strong></span> <span class='ocrx_word' id='word_1_726' title='bbox 1315 5246 1454 5301; x_wconf 91' lang='lat' dir='ltr'><strong>dum</strong></span> <span class='ocrx_word' id='word_1_727' title='bbox 1507 5246 1768 5318; x_wconf 86' lang='lat' dir='ltr'><strong>pascitur</strong></span> <span class='ocrx_word' id='word_1_728' title='bbox 1799 5248 1872 5302; x_wconf 90' lang='lat' dir='ltr'><strong>ab</strong></span> 
     </span>
    </p>
   </div>
   <div class='ocr_carea' id='block_1_103' title="bbox 217 5334 1874 5409">
    <p class='ocr_par' dir='ltr' id='par_1_103' title="bbox 217 5334 1874 5409">
     <span class='ocr_line' id='line_1_103' title="bbox 217 5334 1874 5409; baseline 0.001 -16"><span class='ocrx_word' id='word_1_729' title='bbox 217 5336 304 5393; x_wconf 89' lang='lat' dir='ltr'><strong>eis</strong></span> <span class='ocrx_word' id='word_1_730' title='bbox 333 5335 944 5409; x_wconf 89' lang='lat' dir='ltr'><strong>corporaliter,pascat</strong></span> <span class='ocrx_word' id='word_1_731' title='bbox 964 5353 1062 5392; x_wconf 91' lang='lat' dir='ltr'><strong>eos</strong></span> <span class='ocrx_word' id='word_1_732' title='bbox 1085 5334 1486 5408; x_wconf 86' lang='lat' dir='ltr'><strong>spiritualiter.</strong></span> <span class='ocrx_word' id='word_1_733' title='bbox 1505 5334 1564 5390; x_wconf 90' lang='lat' dir='ltr'><strong>Si</strong></span> <span class='ocrx_word' id='word_1_734' title='bbox 1587 5334 1720 5406; x_wconf 90' lang='lat' dir='ltr'><strong>quis</strong></span> <span class='ocrx_word' id='word_1_735' title='bbox 1741 5352 1874 5394; x_wconf 89' lang='lat' dir='ltr'><strong>vero</strong></span> 
     </span>
    </p>
   </div>
   <div class='ocr_carea' id='block_1_104' title="bbox 222 5423 1876 5498">
    <p class='ocr_par' dir='ltr' id='par_1_104' title="bbox 222 5423 1876 5498">
     <span class='ocr_line' id='line_1_104' title="bbox 222 5423 1876 5498; baseline -0.001 -16"><span class='ocrx_word' id='word_1_736' title='bbox 222 5426 649 5494; x_wconf 91' lang='lat' dir='ltr'><strong>obmurmuret,</strong></span> <span class='ocrx_word' id='word_1_737' title='bbox 686 5425 1034 5498; x_wconf 88' lang='lat' dir='ltr'><strong>respondeat</strong></span> <span class='ocrx_word' id='word_1_738' title='bbox 1062 5425 1208 5480; x_wconf 91' lang='lat' dir='ltr'><strong>illud</strong></span> <span class='ocrx_word' id='word_1_739' title='bbox 1254 5423 1624 5479; x_wconf 89' lang='lat' dir='ltr'><strong>Dominicum</strong></span> <span class='ocrx_word' id='word_1_740' title='bbox 1655 5439 1668 5477; x_wconf 87' lang='lat'><strong>:</strong></span> <span class='ocrx_word' id='word_1_741' title='bbox 1699 5425 1876 5483; x_wconf 87' lang='lat' dir='ltr'><strong>«Non</strong></span> 
     </span>
    </p>
   </div>
   <div class='ocr_carea' id='block_1_105' title="bbox 223 5511 1879 5588">
    <p class='ocr_par' dir='ltr' id='par_1_105' title="bbox 223 5511 1879 5588">
     <span class='ocr_line' id='line_1_105' title="bbox 223 5511 1879 5588; baseline 0.001 -17"><span class='ocrx_word' id='word_1_742' title='bbox 223 5520 314 5572; x_wconf 89' lang='lat' dir='ltr'><strong>est</strong></span> <span class='ocrx_word' id='word_1_743' title='bbox 343 5532 494 5588; x_wconf 89' lang='lat' dir='ltr'><strong>opus</strong></span> <span class='ocrx_word' id='word_1_744' title='bbox 521 5513 851 5571; x_wconf 89' lang='lat' dir='ltr'><strong>valentibus</strong></span> <span class='ocrx_word' id='word_1_745' title='bbox 889 5513 1138 5582; x_wconf 90' lang='lat' dir='ltr'><strong>medico,</strong></span> <span class='ocrx_word' id='word_1_746' title='bbox 1170 5513 1271 5568; x_wconf 88' lang='lat' dir='ltr'><strong>sed</strong></span> <span class='ocrx_word' id='word_1_747' title='bbox 1322 5512 1470 5567; x_wconf 79' lang='lat' dir='ltr'><strong>male</strong></span> <span class='ocrx_word' id='word_1_748' title='bbox 1521 5511 1879 5573; x_wconf 86' lang='lat' dir='ltr'><strong>habentibus</strong></span> 
     </span>
    </p>
   </div>
   <div class='ocr_carea' id='block_1_106' title="bbox 227 5605 635 5684">
    <p class='ocr_par' dir='ltr' id='par_1_106' title="bbox 227 5605 635 5684">
     <span class='ocr_line' id='line_1_106' title="bbox 227 5605 635 5684; baseline -0.015 -22"><span class='ocrx_word' id='word_1_749' title='bbox 227 5605 437 5684; x_wconf 79' lang='lat' dir='ltr'><strong>(Matth.</strong></span> <span class='ocrx_word' id='word_1_750' title='bbox 470 5607 570 5675; x_wconf 80' lang='lat' dir='ltr'><strong>Ix).</strong></span> <span class='ocrx_word' id='word_1_751' title='bbox 605 5627 635 5656; x_wconf 82' lang='lat'><strong><em>»</em></strong></span> 
     </span>
    </p>
   </div>
   <div class='ocr_carea' id='block_1_107' title="bbox 1970 4620 3617 4708">
    <p class='ocr_par' dir='ltr' id='par_1_107' title="bbox 1970 4620 3617 4708">
     <span class='ocr_line' id='line_1_107' title="bbox 1970 4620 3617 4708; baseline -0.009 -18"><span class='ocrx_word' id='word_1_752' title='bbox 1970 4634 2126 4708; x_wconf 92' lang='lat' dir='ltr'><strong>quod</strong></span> <span class='ocrx_word' id='word_1_753' title='bbox 2159 4651 2319 4688; x_wconf 90' lang='lat' dir='ltr'><strong>mors</strong></span> <span class='ocrx_word' id='word_1_754' title='bbox 2348 4631 2516 4704; x_wconf 91' lang='lat' dir='ltr'><strong>quasi</strong></span> <span class='ocrx_word' id='word_1_755' title='bbox 2549 4631 2641 4685; x_wconf 90' lang='lat' dir='ltr'><strong>fur</strong></span> <span class='ocrx_word' id='word_1_756' title='bbox 2671 4630 2731 4684; x_wconf 91' lang='lat' dir='ltr'><strong>in</strong></span> <span class='ocrx_word' id='word_1_757' title='bbox 2765 4631 2930 4684; x_wconf 86' lang='lat' dir='ltr'><strong>nocte</strong></span> <span class='ocrx_word' id='word_1_758' title='bbox 2947 4626 3206 4691; x_wconf 88' lang='lat' dir='ltr'><strong>veniens,</strong></span> <span class='ocrx_word' id='word_1_759' title='bbox 3226 4624 3366 4679; x_wconf 90' lang='lat' dir='ltr'><strong>heu!</strong></span> <span class='ocrx_word' id='word_1_760' title='bbox 3396 4620 3617 4677; x_wconf 89' lang='lat' dir='ltr'><strong>multos</strong></span> 
     </span>
    </p>
   </div>
   <div class='ocr_carea' id='block_1_108' title="bbox 1973 4715 3619 4796">
    <p class='ocr_par' dir='ltr' id='par_1_108' title="bbox 1973 4715 3619 4796">
     <span class='ocr_line' id='line_1_108' title="bbox 1973 4715 3619 4796; baseline -0.007 -18"><span class='ocrx_word' id='word_1_761' title='bbox 1973 4722 2125 4796; x_wconf 91' lang='lat' dir='ltr'><strong>rapit</strong></span> <span class='ocrx_word' id='word_1_762' title='bbox 2154 4721 2590 4794; x_wconf 74' lang='lat' dir='ltr'><strong>impmnitentes</strong></span> <span class='ocrx_word' id='word_1_763' title='bbox 2618 4723 2674 4775; x_wconf 90' lang='lat' dir='ltr'><strong>et</strong></span> <span class='ocrx_word' id='word_1_764' title='bbox 2706 4718 3031 4773; x_wconf 89' lang='lat' dir='ltr'><strong>intestatos.</strong></span> <span class='ocrx_word' id='word_1_765' title='bbox 3059 4715 3246 4786; x_wconf 85' lang='lat' dir='ltr'><strong>Hujus</strong></span> <span class='ocrx_word' id='word_1_766' title='bbox 3269 4729 3403 4787; x_wconf 88' lang='lat' dir='ltr'><strong>ergo</strong></span> <span class='ocrx_word' id='word_1_767' title='bbox 3425 4726 3619 4784; x_wconf 86' lang='lat' dir='ltr'><strong>pecca-</strong></span> 
     </span>
    </p>
   </div>
   <div class='ocr_carea' id='block_1_109' title="bbox 1975 4797 3624 4871">
    <p class='ocr_par' dir='ltr' id='par_1_109' title="bbox 1975 4797 3624 4871">
     <span class='ocr_line' id='line_1_109' title="bbox 1975 4797 3624 4871; baseline -0.008 -3"><span class='ocrx_word' id='word_1_768' title='bbox 1975 4812 2134 4868; x_wconf 89' lang='lat' dir='ltr'><strong>tricis</strong></span> <span class='ocrx_word' id='word_1_769' title='bbox 2165 4811 2542 4867; x_wconf 88' lang='lat' dir='ltr'><strong>accelcratam</strong></span> <span class='ocrx_word' id='word_1_770' title='bbox 2575 4806 3009 4864; x_wconf 89' lang='lat' dir='ltr'><strong>conversionem</strong></span> <span class='ocrx_word' id='word_1_771' title='bbox 3043 4805 3363 4860; x_wconf 89' lang='lat' dir='ltr'><strong>imitemur.</strong></span> <span class='ocrx_word' id='word_1_772' title='bbox 3386 4802 3456 4857; x_wconf 85' lang='lat' dir='ltr'><strong>Et</strong></span> <span class='ocrx_word' id='word_1_773' title='bbox 3485 4797 3624 4871; x_wconf 87' lang='lat' dir='ltr'><strong>quia</strong></span> 
     </span>
    </p>
   </div>
   <div class='ocr_carea' id='block_1_110' title="bbox 1977 4890 3625 4975">
    <p class='ocr_par' dir='ltr' id='par_1_110' title="bbox 1977 4890 3625 4975">
     <span class='ocr_line' id='line_1_110' title="bbox 1977 4890 3625 4975; baseline -0.009 -19"><span class='ocrx_word' id='word_1_774' title='bbox 1977 4901 2235 4975; x_wconf 88' lang='lat' dir='ltr'><strong>quotidie</strong></span> <span class='ocrx_word' id='word_1_775' title='bbox 2261 4899 2540 4965; x_wconf 88' lang='lat' dir='ltr'><strong>labimur,</strong></span> <span class='ocrx_word' id='word_1_776' title='bbox 2573 4896 2832 4970; x_wconf 88' lang='lat' dir='ltr'><strong>quotidie</strong></span> <span class='ocrx_word' id='word_1_777' title='bbox 2863 4896 2935 4951; x_wconf 90' lang='lat' dir='ltr'><strong>ad</strong></span> <span class='ocrx_word' id='word_1_778' title='bbox 2966 4894 3256 4951; x_wconf 87' lang='lat' dir='ltr'><strong>medicum</strong></span> <span class='ocrx_word' id='word_1_779' title='bbox 3290 4890 3625 4946; x_wconf 89' lang='lat' dir='ltr'><strong>animarum</strong></span> 
     </span>
    </p>
   </div>
   <div class='ocr_carea' id='block_1_111' title="bbox 1977 4975 3627 5056">
    <p class='ocr_par' dir='ltr' id='par_1_111' title="bbox 1977 4975 3627 5056">
     <span class='ocr_line' id='line_1_111' title="bbox 1977 4975 3627 5056; baseline -0.01 -10"><span class='ocrx_word' id='word_1_780' title='bbox 1977 4996 2315 5046; x_wconf 86' lang='lat' dir='ltr'><strong>nostrarum</strong></span> <span class='ocrx_word' id='word_1_781' title='bbox 2369 5003 2761 5043; x_wconf 90' lang='lat' dir='ltr'><strong>recurramus.</strong></span> <span class='ocrx_word' id='word_1_782' title='bbox 2814 4985 3126 5056; x_wconf 84' lang='lat' dir='ltr'><strong>Nunquam</strong></span> <span class='ocrx_word' id='word_1_783' title='bbox 3173 4979 3536 5037; x_wconf 90' lang='lat' dir='ltr'><strong>dormiamus</strong></span> <span class='ocrx_word' id='word_1_784' title='bbox 3565 4975 3627 5031; x_wconf 90' lang='lat' dir='ltr'><strong>in</strong></span> 
     </span>
    </p>
   </div>
   <div class='ocr_carea' id='block_1_112' title="bbox 1980 5067 3627 5150">
    <p class='ocr_par' dir='ltr' id='par_1_112' title="bbox 1980 5067 3627 5150">
     <span class='ocr_line' id='line_1_112' title="bbox 1980 5067 3627 5150; baseline -0.009 -16"><span class='ocrx_word' id='word_1_785' title='bbox 1980 5082 2238 5150; x_wconf 85' lang='lat' dir='ltr'><strong>peccato,</strong></span> <span class='ocrx_word' id='word_1_786' title='bbox 2273 5075 2372 5132; x_wconf 92' lang='lat' dir='ltr'><strong>sed</strong></span> <span class='ocrx_word' id='word_1_787' title='bbox 2408 5092 2640 5147; x_wconf 89' lang='lat' dir='ltr'><strong>semper</strong></span> <span class='ocrx_word' id='word_1_788' title='bbox 2667 5078 2914 5129; x_wconf 88' lang='lat' dir='ltr'><strong>mortem</strong></span> <span class='ocrx_word' id='word_1_789' title='bbox 2947 5073 3260 5127; x_wconf 89' lang='lat' dir='ltr'><strong>instantem</strong></span> <span class='ocrx_word' id='word_1_790' title='bbox 3291 5067 3627 5123; x_wconf 83' lang='lat' dir='ltr'><strong>timeamus.</strong></span> 
     </span>
    </p>
   </div>
   <div class='ocr_carea' id='block_1_113' title="bbox 1983 5151 3632 5236">
    <p class='ocr_par' dir='ltr' id='par_1_113' title="bbox 1983 5151 3632 5236">
     <span class='ocr_line' id='line_1_113' title="bbox 1983 5151 3632 5236; baseline -0.01 -14"><span class='ocrx_word' id='word_1_791' title='bbox 1983 5167 2117 5223; x_wconf 88' lang='lat' dir='ltr'><strong>Fuit</strong></span> <span class='ocrx_word' id='word_1_792' title='bbox 2148 5166 2324 5220; x_wconf 89' lang='lat' dir='ltr'><strong>etiam</strong></span> <span class='ocrx_word' id='word_1_793' title='bbox 2356 5165 2485 5234; x_wconf 90' lang='lat' dir='ltr'><strong>ejus</strong></span> <span class='ocrx_word' id='word_1_794' title='bbox 2517 5162 2858 5236; x_wconf 65' lang='lat' dir='ltr'><strong>paenitentia</strong></span> <span class='ocrx_word' id='word_1_795' title='bbox 2889 5163 3136 5229; x_wconf 86' lang='lat' dir='ltr'><strong>fervens,</strong></span> <span class='ocrx_word' id='word_1_796' title='bbox 3169 5157 3325 5230; x_wconf 89' lang='lat' dir='ltr'><strong>quod</strong></span> <span class='ocrx_word' id='word_1_797' title='bbox 3353 5151 3632 5221; x_wconf 87' lang='lat' dir='ltr'><strong>ostendit,</strong></span> 
     </span>
    </p>
   </div>
   <div class='ocr_carea' id='block_1_114' title="bbox 1983 5242 3640 5321">
    <p class='ocr_par' dir='ltr' id='par_1_114' title="bbox 1983 5242 3640 5321">
     <span class='ocr_line' id='line_1_114' title="bbox 1983 5242 3640 5321; baseline -0.009 -10"><span class='ocrx_word' id='word_1_798' title='bbox 1983 5257 2125 5311; x_wconf 92' lang='lat' dir='ltr'><strong>dum</strong></span> <span class='ocrx_word' id='word_1_799' title='bbox 2176 5263 2326 5310; x_wconf 79' lang='lat' dir='ltr'><strong>stans</strong></span> <span class='ocrx_word' id='word_1_800' title='bbox 2376 5261 2518 5308; x_wconf 89' lang='lat' dir='ltr'><strong>retro</strong></span> <span class='ocrx_word' id='word_1_801' title='bbox 2564 5269 2714 5308; x_wconf 79' lang='lat' dir='ltr'><strong>secus</strong></span> <span class='ocrx_word' id='word_1_802' title='bbox 2759 5252 2916 5321; x_wconf 83' lang='lat' dir='ltr'><strong>pedes</strong></span> <span class='ocrx_word' id='word_1_803' title='bbox 2961 5255 3118 5315; x_wconf 83' lang='lat' dir='ltr'><strong>Jesu,</strong></span> <span class='ocrx_word' id='word_1_804' title='bbox 3153 5248 3418 5319; x_wconf 69' lang='lat' dir='ltr'><strong>lacrymis</strong></span> <span class='ocrx_word' id='word_1_805' title='bbox 3479 5242 3640 5314; x_wconf 65' lang='lat' dir='ltr'><strong>coepit</strong></span> 
     </span>
    </p>
   </div>
   <div class='ocr_carea' id='block_1_115' title="bbox 1986 5333 3647 5416">
    <p class='ocr_par' dir='ltr' id='par_1_115' title="bbox 1986 5333 3647 5416">
     <span class='ocr_line' id='line_1_115' title="bbox 1986 5333 3647 5416; baseline -0.01 -16"><span class='ocrx_word' id='word_1_806' title='bbox 1986 5347 2173 5414; x_wconf 78' lang='lat' dir='ltr'><strong>rigare</strong></span> <span class='ocrx_word' id='word_1_807' title='bbox 2199 5344 2358 5416; x_wconf 82' lang='lat' dir='ltr'><strong>pedes</strong></span> <span class='ocrx_word' id='word_1_808' title='bbox 2389 5346 2530 5415; x_wconf 74' lang='lat' dir='ltr'><strong>ejus,</strong></span> <span class='ocrx_word' id='word_1_809' title='bbox 2564 5350 2615 5397; x_wconf 88' lang='lat' dir='ltr'><strong>et</strong></span> <span class='ocrx_word' id='word_1_810' title='bbox 2663 5340 2884 5410; x_wconf 74' lang='lat' dir='ltr'><strong>capillis</strong></span> <span class='ocrx_word' id='word_1_811' title='bbox 2932 5339 3125 5409; x_wconf 82' lang='lat' dir='ltr'><strong>capitis</strong></span> <span class='ocrx_word' id='word_1_812' title='bbox 3173 5339 3262 5392; x_wconf 83' lang='lat' dir='ltr'><strong>sui</strong></span> <span class='ocrx_word' id='word_1_813' title='bbox 3307 5333 3560 5405; x_wconf 81' lang='lat' dir='ltr'><strong>tergebat,</strong></span> <span class='ocrx_word' id='word_1_814' title='bbox 3593 5338 3647 5385; x_wconf 88' lang='lat' dir='ltr'><strong>et</strong></span> 
     </span>
    </p>
   </div>
   <div class='ocr_carea' id='block_1_116' title="bbox 1987 5421 3647 5502">
    <p class='ocr_par' dir='ltr' id='par_1_116' title="bbox 1987 5421 3647 5502">
     <span class='ocr_line' id='line_1_116' title="bbox 1987 5421 3647 5502; baseline -0.01 -12"><span class='ocrx_word' id='word_1_815' title='bbox 1987 5434 2336 5490; x_wconf 80' lang='lat' dir='ltr'><strong>osculabatur</strong></span> <span class='ocrx_word' id='word_1_816' title='bbox 2377 5432 2534 5502; x_wconf 80' lang='lat' dir='ltr'><strong>pedes</strong></span> <span class='ocrx_word' id='word_1_817' title='bbox 2584 5431 2723 5500; x_wconf 78' lang='lat' dir='ltr'><strong>ejus,</strong></span> <span class='ocrx_word' id='word_1_818' title='bbox 2773 5436 2826 5482; x_wconf 84' lang='lat' dir='ltr'><strong>et</strong></span> <span class='ocrx_word' id='word_1_819' title='bbox 2869 5435 3140 5498; x_wconf 81' lang='lat' dir='ltr'><strong>unguento</strong></span> <span class='ocrx_word' id='word_1_820' title='bbox 3193 5424 3446 5493; x_wconf 76' lang='lat' dir='ltr'><strong>angebat.</strong></span> <span class='ocrx_word' id='word_1_821' title='bbox 3498 5421 3647 5474; x_wconf 86' lang='lat' dir='ltr'><strong>Dum</strong></span> 
     </span>
    </p>
   </div>
   <div class='ocr_carea' id='block_1_117' title="bbox 1992 5507 3651 5593">
    <p class='ocr_par' dir='ltr' id='par_1_117' title="bbox 1992 5507 3651 5593">
     <span class='ocr_line' id='line_1_117' title="bbox 1992 5507 3651 5593; baseline -0.012 -14"><span class='ocrx_word' id='word_1_822' title='bbox 1992 5527 2144 5579; x_wconf 87' lang='lat' dir='ltr'><strong>retro</strong></span> <span class='ocrx_word' id='word_1_823' title='bbox 2178 5537 2347 5577; x_wconf 90' lang='lat' dir='ltr'><strong>secus</strong></span> <span class='ocrx_word' id='word_1_824' title='bbox 2379 5521 2555 5593; x_wconf 89' lang='lat' dir='ltr'><strong>pedes</strong></span> <span class='ocrx_word' id='word_1_825' title='bbox 2585 5514 2824 5574; x_wconf 88' lang='lat' dir='ltr'><strong>Domini</strong></span> <span class='ocrx_word' id='word_1_826' title='bbox 2879 5521 3015 5582; x_wconf 87' lang='lat' dir='ltr'><strong>stat,</strong></span> <span class='ocrx_word' id='word_1_827' title='bbox 3050 5533 3112 5572; x_wconf 91' lang='lat' dir='ltr'><strong>se</strong></span> <span class='ocrx_word' id='word_1_828' title='bbox 3159 5515 3228 5568; x_wconf 90' lang='lat' dir='ltr'><strong>de</strong></span> <span class='ocrx_word' id='word_1_829' title='bbox 3276 5513 3480 5566; x_wconf 65' lang='lat' dir='ltr'><strong>caetero</strong></span> <span class='ocrx_word' id='word_1_830' title='bbox 3521 5507 3651 5593; x_wconf 89' lang='lat' dir='ltr'><strong>ejus</strong></span> 
     </span>
    </p>
   </div>
   <div class='ocr_carea' id='block_1_118' title="bbox 1989 5592 3653 5684">
    <p class='ocr_par' dir='ltr' id='par_1_118' title="bbox 1989 5592 3653 5684">
     <span class='ocr_line' id='line_1_118' title="bbox 1989 5592 3653 5684; baseline -0.015 -15"><span class='ocrx_word' id='word_1_831' title='bbox 1989 5611 2236 5684; x_wconf 88' lang='lat' dir='ltr'><strong>vestigia</strong></span> <span class='ocrx_word' id='word_1_832' title='bbox 2255 5592 2595 5672; x_wconf 83' lang='lat' dir='ltr'><strong>secuturam</strong></span> <span class='ocrx_word' id='word_1_833' title='bbox 2627 5601 2952 5676; x_wconf 73' lang='lat' dir='ltr'><strong>significat.</strong></span> <span class='ocrx_word' id='word_1_834' title='bbox 2975 5605 3127 5661; x_wconf 85' lang='lat' dir='ltr'><strong>Dum</strong></span> <span class='ocrx_word' id='word_1_835' title='bbox 3156 5595 3428 5671; x_wconf 78' lang='lat' dir='ltr'><strong>lacrymis</strong></span> <span class='ocrx_word' id='word_1_836' title='bbox 3476 5592 3653 5666; x_wconf 85' lang='lat' dir='ltr'><strong>pedes</strong></span> 
     </span>
    </p>
   </div>
  </div>
