4002 6078
387 256 544 344 1399

1653 257 2059 322 RADULPHI
2101 257 2529 344 ABDENTIS.

3642 254 3828 328 uno

383 391 523 448 Jesu
556 391 723 464 rigat,
757 391 1265 464 compunctionem
1295 393 1350 447 et
1383 390 1662 446 fervorem
1694 389 2029 447 interiorem
2058 393 2114 462 Α
2213 392 2427 458 Quarto
2449 390 2762 464 respondet
2789 389 3078 447 Dominus
3109 389 3182 446 ad
3213 387 3626 463 cogitationem
3656 387 3824 446 Pha-

385 497 447 536 se
478 497 592 535 non
616 481 742 552 jam
775 479 1022 536 ulterius
1055 496 1224 553 posse
1263 478 1447 536 celare
1469 480 1854 535 demonstrat.
1885 479 2034 536 Nam

390 574 652 642 pensate,
686 569 892 624 fratres
923 569 1295 640 mei,quanto
1329 569 1534 624 ardore
1565 569 1723 624 intus
1773 568 2032 637 ardebat,

393 673 520 730 quas
570 658 721 713 inter
767 658 968 730 epulas
1020 658 1153 712 flere
1201 674 1315 712 non
1365 658 1842 730 erubescat,quee
1886 657 2037 714 inter

393 747 763 802 comedentes
795 751 852 801 et
883 745 1142 801 laetautes
1165 747 1672 819 compungebatur
1691 752 1747 802 et
1768 747 2038 802 ﬂebat.Et

395 852 550 903 cum,
583 839 730 890 teste
780 834 1087 890 Salomone
1121 858 1149 885 «
1184 835 1394 890 melius
1446 835 1522 890 sit
1572 836 1654 891 ire
1692 837 1764 891 ad
1796 836 2038 892 domum

395 924 588 979 luctus
619 941 793 996 quam
827 925 896 978 ad
925 924 1167 978 domum
1201 924 1442 980 convivii
1475 925 1664 997 (Eccle.
1699 930 2039 996 vm),quan-

395 1017 521 1068 tum
553 1013 670 1067 haec
701 1011 858 1067 intus
909 1013 1180 1078 fervebat,
1216 1030 1340 1084 quae
1390 1012 1449 1068 in
1505 1013 1746 1068 domum
1796 1012 2039 1069 convivii

397 1101 620 1156 luctum
653 1101 1370 1157 faciebat.Recordabatur
1400 1102 1615 1174 quippe
1637 1119 1814 1174 quam
1837 1103 2042 1159 immo-

397 1191 590 1246 derate
624 1195 978 1262 peccaverat,
999 1196 1053 1246 et
1081 1191 1207 1246 ideo
1241 1209 1355 1246 non
1387 1191 1608 1247 curavit
1637 1208 1815 1264 quam
1838 1191 2040 1247 immo-

397 1281 594 1335 derate
625 1279 946 1352 paeniteret.
981 1283 1186 1347 Quare,
1221 1281 1428 1336 fratres
1460 1281 1597 1346 mei,
1632 1298 1747 1336 non
1795 1281 2040 1336 confun-

398 1370 546 1424 dunt
573 1369 840 1442 lacrymze
889 1368 1066 1439 hujus
1114 1369 1452 1442 peccatricis
1502 1369 1779 1425 duritiam
1829 1369 2044 1426 montis

399 1462 631 1524 nostrae,
666 1458 765 1530 qui
799 1475 913 1513 non
949 1458 1153 1514 flentes
1183 1458 1470 1527 venimus,
1499 1459 1598 1514 sed
1635 1458 1909 1525 ridentes,
1943 1459 2043 1531 qui

402 1548 474 1602 ad
507 1548 839 1603 deﬂendum
869 1549 1086 1603 damna
1106 1552 1354 1614 terrena,
1374 1547 2042 1620 lacrymasinvenimus;

403 1638 475 1693 ad
507 1636 838 1692 deflendum
885 1653 1018 1693 vero
1070 1640 1308 1708 peccata
1355 1641 1412 1692 et
1447 1637 1778 1708 spiritualia
1807 1638 2045 1704 damna,

2145 479 2317 547 risaai,
2338 480 2620 536 inducens
2653 478 2996 552 paradigma
3017 478 3087 534 de
3107 495 3174 534 eo
3197 477 3296 550 qui
3319 478 3599 546 minus,et
3629 478 3704 534 de
3741 494 3816 534 eo

2145 568 2245 641 qui
2276 568 2410 641 plus
2442 568 2708 624 debebat.
2742 567 2966 633 Quibus
2999 585 3134 623 cum
3168 567 3420 624 creditor
3449 566 3817 636 dimisisset,

2147 659 2466 731 interrogat
2480 657 2764 713 Dominus
2786 661 2916 712 uter
2937 673 3140 713 eorum
3165 656 3354 730 magis
3374 655 3616 730 diligere
3637 655 3826 714 debe-

2147 751 2255 802 ret.
2282 747 2389 812 Qui
2418 747 2734 820 respondit.
2769 747 2995 802 AEstimo
3025 747 3158 819 quia
3187 747 3233 802 is
3261 746 3354 801 cui
3382 747 3511 817 plus
3557 745 3820 802 donavit.

2151 836 2252 892 Cui
2303 837 2573 891 Dominus
2603 854 2622 891 :
2658 837 2808 892 Recte
2825 836 3114 907 judicasti.
3139 835 3279 892 Ecce
3329 835 3662 892 Phariseus
3699 851 3823 891 sua

2149 924 2442 980 sententia
2471 923 2913 997 constringitur,
2947 928 3004 980 et
3033 924 3201 996 quasi
3235 924 3634 997 phreneticus,
3669 925 3822 980 fune

2150 1031 2324 1086 quem
2355 1016 2564 1086 portat,
2598 1013 2835 1087 ligatur.
2870 1014 3137 1070 Ostendit
3166 1014 3323 1070 enim
3375 1014 3664 1070 Dominus
3710 1030 3825 1087 per

2151 1102 2300 1158 hanc
2319 1089 2994 1176 porabolam,peccatrici
3017 1119 3124 1158 sua
3141 1107 3377 1174 peccata
3391 1119 3520 1159 esse
3539 1101 3820 1170 dimissa,

2151 1195 2207 1246 et
2235 1207 2364 1246 eam
2397 1195 2557 1248 tanto
2592 1191 2724 1264 plus
2753 1191 2811 1246 in
2842 1207 3100 1248 amorem
3131 1191 3708 1264 ferventem,quanto
3745 1192 3820 1247 de

2152 1279 2422 1353 pluribus
2447 1285 2506 1336 et
2535 1279 2860 1352 majoribus
2891 1287 3206 1336 consecuta
3233 1285 3358 1336 erat
3374 1280 3820 1338 remissionem.

2153 1369 2316 1436 Quod
2346 1368 2690 1441 plerumque
2735 1368 3054 1436 cernimus,
3079 1370 3288 1426 fratres
3337 1369 3474 1424 mei.
3526 1369 3824 1425 Videmus

2155 1474 2409 1531 namque
2440 1456 2688 1530 aliquos,
2722 1457 2822 1530 qui
2858 1462 3077 1530 quanto
3120 1458 3350 1514 fuerant
3377 1458 3724 1514 fervidiores
3755 1459 3820 1514 in

2155 1547 2705 1620 peccando,tantum
2739 1547 2888 1602 fiunt
2915 1547 3253 1604 fervidiores
3283 1546 3344 1602 in
3372 1547 3826 1620 pmnitendo.Et

2155 1635 2472 1708 aliquando
2504 1635 2728 1707 aliquos
2759 1635 2860 1708 qui
2891 1640 3111 1708 quanto
3165 1636 3363 1694 minus
3401 1641 3820 1709 peccaverunt,

402 1725 689 1798 lacrymas
722 1725 976 1780 invenire
1006 1743 1121 1780 non
1148 1726 1500 1797 possumus?
1518 1727 1647 1781 Hac
1671 1725 2049 1799 mulier,quia
2081 1765 2128 1829 Β
2155 1728 2318 1781 tanto
2353 1724 2550 1780 minus
2599 1725 2658 1780 in
2708 1725 2859 1781 bono
2915 1725 3116 1780 fervidi
3168 1729 3328 1781 sunt.
3361 1725 3474 1782 Sed
3520 1725 3822 1798 quosdam

406 1831 507 1887 per
555 1814 752 1870 oculos
805 1817 1034 1870 terrena
1083 1814 1475 1886 concupierat,
1503 1815 1631 1871 ideo
1664 1832 1819 1871 nunc
1849 1832 2049 1870 eorum

405 1903 682 1976 lacrymis
713 1904 886 1976 pedes
916 1903 1054 1958 Jesu
1087 1903 1334 1974 rigabat.
1370 1903 1622 1976 Capillos
1670 1905 1741 1960 ad
1783 1905 2050 1961 decorem

408 1995 666 2064 corporis
697 1991 1000 2058 nutrierat,
1033 1996 1090 2046 et
1121 1992 1248 2047 ideo
1280 2010 1436 2047 nunc
1466 2009 1566 2048 eos
1597 1994 1655 2048 in
1703 1993 2051 2065 obsequium

405 2081 668 2154 tergendi
728 2082 900 2153 pedes
959 2080 1182 2136 domini
1241 2081 1620 2153 expendebat.
1653 2082 1762 2137 Ore
1807 2099 1956 2138 vana
1998 2086 2055 2138 et

410 2171 554 2226 falsa
585 2171 825 2238 dixerat,
861 2175 916 2224 et
946 2169 1146 2224 illicita
1177 2169 1375 2224 oscula
1407 2169 1710 2237 fecerat,et
1741 2171 1868 2226 ideo
1900 2188 2056 2226 nunc

411 2255 507 2316 ore
552 2259 798 2332 pedibus
853 2249 1084 2314 Domini
1134 2258 1334 2314 oscula
1380 2259 1578 2314 dabat.
1633 2259 1958 2333 Unguento,
1993 2265 2057 2315 ut

412 2351 558 2404 bene
590 2348 767 2403 oleret
799 2347 1157 2411 hominibus,
1193 2363 1318 2401 sese
1359 2363 1574 2420 ungere
1624 2347 1865 2414 solebat,
1901 2365 2057 2404 nunc

413 2441 710 2508 unguento
735 2437 908 2508 pedes
935 2436 1164 2491 Domini
1198 2437 1467 2509 ungebat.
1497 2439 1646 2502 Quot
1675 2436 1882 2493 habuit
1902 2437 2056 2493 oblc-

310 2545 314 2550 ‘
414 2519 705 2583 etamenta
735 2525 939 2598 culpas,
973 2528 1058 2580 tot
1103 2524 1309 2580 habuit
1356 2542 1510 2581 nunc
1560 2525 1846 2582 sacrificia
1875 2525 2057 2600 pumi-

413 2616 629 2672 tentia.

489 2703 681 2761 Tertio
712 2704 1014 2760 inducitur
1043 2703 1372 2760 Phariszeus
1403 2721 1780 2761 murmurans
1822 2709 1879 2761 et
1909 2703 2063 2762 intra

421 2811 483 2850 se
515 2795 714 2850 dicens
749 2810 761 2847 :
795 2795 892 2849 llic
919 2795 970 2848 si
999 2801 1131 2848 esset
1157 2795 1437 2866 propheta,
1468 2795 1628 2851 sciret
1659 2798 1892 2868 profecto
1939 2810 2064 2867 quae

418 2893 468 2939 et
499 2885 680 2955 qualis
709 2891 786 2939 est
815 2883 1016 2938 mulier
1044 2897 1170 2954 quae
1217 2886 1396 2952 tangit
1445 2900 1590 2950 eum,
1621 2886 1752 2958 quia
1789 2887 2066 2958 peccatrix

417 2982 511 3030 est.
546 2975 624 3028 Ac
657 2972 706 3027 si
739 2971 895 3027 dicat
918 2989 930 3026 :
951 2972 1077 3027 Non
1110 2976 1196 3027 est
1227 2971 1508 3046 prepheta
1537 2973 1646 3030 iste
1679 2975 1778 3046 qui
1813 2991 1874 3030 se
1903 2973 2064 3047 tangi

417 3063 638 3135 patitur
685 3079 719 3117 a
766 3061 1104 3134 peccatrice.
1136 3060 1462 3118 Pharisaeus
1511 3063 1641 3129 iste,
1676 3063 1884 3120 fratres
1928 3062 2060 3132 mei,

417 3134 527 3206 sibi
552 3150 846 3223 justitiam
880 3151 1207 3223 arrogabat,
1241 3155 1299 3206 ct
1330 3155 1523 3207 tamen
1553 3169 1685 3207 vere
1707 3154 1908 3224 justus
1943 3169 2058 3207 non
2091 3134 2134 3200 C

416 3245 557 3297 erat.
593 3241 736 3296 Cum
769 3240 922 3296 enim
955 3257 1158 3295 omnes
1189 3240 1432 3296 virtutes
1468 3241 1620 3296 inter
1649 3258 1709 3296 se
1741 3243 2062 3312 conjuncta

421 3332 556 3398 sint,
595 3331 703 3385 iste
733 3347 923 3384 veram
951 3328 1243 3399 justitiam
1278 3345 1390 3383 non
1424 3329 1677 3384 habebat
1703 3330 1802 3402 qui
1837 3347 2066 3386 consor-

420 3418 578 3474 tibus
608 3419 736 3490 ejus
767 3417 1097 3472 humilitate
1127 3421 1182 3471 et
1211 3417 1491 3473 charitate
1535 3419 1782 3475 carebat.
1805 3419 1866 3474 Si
1907 3418 2062 3474 enim

421 3506 814 3562 humilitatem
848 3506 1107 3571 haberet,
1133 3523 1246 3560 non
1280 3505 1527 3561 aliorum
1559 3508 1922 3578 pcccata,sed
1957 3524 2066 3563 sua

415 3595 866 3666 judicaret,cum
893 3594 1175 3665 scriptum
1196 3594 1272 3665 sit
1287 3611 1299 3648 :
1317 3618 1344 3644 «
1359 3595 1566 3652 Justus
1587 3595 1744 3667 prior
1764 3600 2067 3652 accusator

422 3688 510 3740 est
531 3685 620 3739 sui
653 3686 835 3751 (Prov.
869 3686 1049 3751 xvm).
1085 3706 1112 3732 »
1145 3684 1259 3738 Iste
1290 3687 1484 3739 autem
1529 3685 1600 3742 de
1654 3684 1800 3740 falsa
1833 3684 2067 3758 justitia

424 3772 685 3844 superbit
716 3775 770 3828 et
791 3771 1111 3827 contemnit
1143 3772 1545 3843 peccatricem,
1568 3773 1863 3846 etjudicat
1879 3773 2070 3829 Domi-

423 3878 561 3916 num
596 3878 723 3917 eam
756 3859 1192 3932 suscipientem,
1227 3861 1284 3915 in
1317 3865 1565 3935 utroque
1597 3879 2071 3934 perversus,praa-

422 3950 622 4006 ser‘tim
657 3966 790 4005 cum
821 3949 1040 4004 videret
1067 3948 1381 4004 Dominum
1414 3968 1528 4006 non
1561 3950 1672 4006 nisi
1697 3950 2068 4007 humiliatam

422 4045 478 4095 et
533 4039 855 4112 plorantem
913 4038 1262 4110 suscepisse.
1299 4039 1577 4106 Rursum,
1613 4039 1662 4095 si
1722 4039 2067 4096 charitatcm

422 4129 680 4194 haberet,
701 4131 756 4182 et
785 4127 1090 4198 peccatrici
1123 4144 1224 4199 per
1255 4128 1717 4184 misericordiam
1766 4133 2068 4201 compate-

423 4221 601 4282 retLr,
635 4221 691 4270 et
722 4215 1036 4270 Dominum
1069 4217 1515 4288 compatientem
1546 4217 1898 4274 imitaretur.
1939 4219 2069 4290 Ipse

421 4309 616 4361 autem
649 4309 704 4360 ct
733 4308 932 4360 contra
963 4305 1372 4376 patientem,et
1401 4310 1602 4361 contra
1617 4307 2068 4379 compatientem

423 4393 781 4466 indignatur.
816 4393 988 4449 Tales
1022 4398 1158 4448 sunt
1187 4393 1358 4450 hodie
1391 4394 1732 4467 quidam,et
1765 4396 1916 4451 unde
1937 4413 2068 4469 gra-

2161 1813 2395 1887 plango,
2429 1814 2500 1870 de
2559 1831 2809 1886 quorum
2863 1830 3108 1870 numero
3159 1814 3281 1887 ipse
3328 1831 3484 1884 sum,
3516 1815 3644 1888 qui,
3679 1831 3824 1872 cum

2163 1902 2350 1960 multa
2380 1919 2708 1976 magnaque
2740 1902 2988 1959 crimina
3012 1903 3490 1976 perpetraverint,
3522 1907 3728 1960 tamen
3761 1904 3823 1960 in

2163 1991 2494 2066 paenitendo
2540 1991 2721 2065 tepidi
2772 1995 2930 2061 sunt,
2966 1997 3023 2048 et
3070 1991 3240 2065 quasi
3289 1992 3435 2048 nihil
3483 1993 3574 2048 vel
3605 2010 3822 2066 parum

2163 2081 2358 2137 delicti
2377 2082 2780 2151 commiserint
2796 2081 2985 2138 securi
3003 2085 3160 2137 sunt.
3178 2082 3286 2138 Sed
3312 2081 3648 2156 quicunque
3672 2082 3823 2140 tales

2166 2187 2395 2238 sumus,
2422 2171 2562 2244 quid
2595 2170 2753 2226 aliud
2788 2171 2973 2227 facere
3003 2171 3306 2239 debemus,
3327 2170 3441 2227 nisi
3471 2176 3538 2227 ut
3556 2172 3824 2245 quotidie

2167 2259 2514 2332 replicemus
2542 2259 2980 2316 multitudinem
3013 2259 3598 2335 magnitudinemque
3613 2260 3823 2318 crimi-

2167 2367 2310 2404 num
2343 2353 2676 2404 nostrorum
2707 2348 2766 2404 in
2800 2349 3073 2405 cordibus
3096 2348 3399 2417 nostris,et
3415 2354 3716 2406 tormenta
3734 2350 3823 2407 eis

2167 2437 2521 2495 ulciscendis
2569 2439 2764 2494 debita
2811 2443 2868 2495 et
2907 2443 3128 2511 parata,
3161 2455 3395 2512 semper
3440 2443 3575 2496 ante
3617 2439 3823 2496 oculos

2169 2531 2400 2583 nostros
2431 2527 2754 2583 habeamus
2787 2544 2800 2583 :
2837 2532 2900 2583 ut
2929 2527 3066 2584 hinc
3115 2528 3546 2596 erubescentes,
3577 2533 3636 2584 et
3685 2529 3825 2586 inde

2171 2616 2444 2673 timentes
2496 2615 2557 2672 in
2610 2615 2885 2690 lacrymis
2935 2633 3423 2691 compungamur,
3457 2623 3516 2675 et
3553 2618 3823 2692 quandin

2169 2705 2422 2762 vivimus
2457 2722 2756 2778 nunquam
2793 2706 2961 2763 nobis
2981 2706 3351 2774 sanctitatem
3383 2707 3822 2779 promittamus.

2173 2795 2466 2868 Scriptum
2490 2799 2579 2852 est
2599 2793 2755 2852 enim
2773 2811 2785 2850 :
2803 2819 2829 2845 ‹‹
2850 2799 2922 2851 De
2945 2794 3257 2868 propitiato
3278 2799 3514 2868 peccato
3553 2794 3672 2850 noli
3694 2811 3823 2852 esse

2175 2884 2300 2940 sine
2347 2887 2507 2940 metu
2557 2884 2743 2956 (Eecli.
2775 2882 2848 2956 v).
2885 2905 2912 2935 η
2944 2884 3244 2957 Adaptans
3292 2887 3489 2939 autem
3541 2883 3826 2940 Dominus

2173 2972 2474 3028 inductam
2505 2970 2865 3044 parabolam,
2889 2971 3196 3046 subjungit
3227 2990 3241 3028 :
3282 2971 3431 3029 Vides
3461 2973 3604 3028 hanc
3633 2973 3828 3030 mulie-

2174 3065 2324 3118 rem?
2345 3061 2555 3116 Probat
2575 3065 2770 3116 autem
2795 3061 3080 3118 Dominus
3110 3061 3400 3117 Pharisaeo
3427 3061 3584 3134 quod
3625 3060 3768 3134 plus
3794 3079 3828 3117 a

2173 3149 2510 3224 peccatrice,
2526 3149 2618 3206 cui
2647 3150 2830 3206 multa
2849 3149 3094 3207 dimissa
3115 3149 3617 3226 erant,d~iligatur,
3643 3167 3824 3223 quam

2171 3239 2243 3294 ab
2269 3257 2334 3295 eo
2359 3237 2452 3294 cui
2475 3238 2671 3295 minus
2688 3238 3000 3295 dimissum
3023 3244 3166 3296 erat.
3183 3239 3249 3295 Et
3269 3239 3378 3295 hoc
3405 3256 3510 3312 per
3537 3239 3825 3297 exteriora

2172 3345 2499 3400 opera,quae
2522 3328 2786 3400 probatio
2809 3332 2949 3384 sunt
2970 3327 3318 3396 dilectionis,
3333 3329 3560 3400 probat,
3577 3327 3824 3401 loquens

2173 3433 2276 3489 per
2289 3415 2820 3484 antithesim,nunc
2844 3417 2914 3472 de
2936 3416 3239 3484 hoc,nunc
3261 3417 3332 3473 de
3363 3417 3462 3472 illa
3484 3417 3592 3473 hoc
3615 3417 3819 3474 modo:

2173 3507 2382 3562 lntravi
2411 3508 2471 3561 in
2499 3505 2718 3562 domum
2747 3514 2920 3568 tuam.
2941 3523 3144 3578 aquam
3182 3506 3409 3579 pedibus
3434 3508 3571 3562 mis
3598 3523 3710 3563 non
3739 3505 3825 3563 de-

2171 3595 2321 3662 disti,
2355 3594 2511 3667 quod
2543 3595 2740 3651 minus
2771 3600 2886 3663 est;
2915 3595 3035 3650 hac
3063 3599 3280 3663 autem,
3316 3595 3472 3668 quod
3500 3595 3818 3667 majusest,

2175 3683 2436 3756 taerymis
2468 3700 2577 3739 non
2596 3686 2822 3739 cessavit
2842 3686 3030 3754 rigare
3045 3683 3202 3756 pedes
3220 3699 3384 3740 meos.
3401 3683 3660 3739 Osculum
3685 3684 3824 3740 mihi

2175 3789 2284 3828 non
2311 3773 2526 3839 dedisti,
2560 3773 2678 3830 heee
2706 3781 2909 3836 autem.
2927 3774 3082 3846 quod
3114 3774 3309 3845 majus
3337 3777 3446 3840 est,
3459 3789 3573 3829 non
3599 3775 3825 3830 cessavit

2175 3862 2418 3918 osculari
2461 3861 2618 3934 pedes
2659 3879 2822 3918 meos.
2874 3860 3066 3918 Potuit
3115 3861 3269 3918 enim
3303 3862 3664 3935 subjungere
3695 3878 3709 3917 :
3738 3863 3822 3919 Tu

2177 3949 2558 4023 spiritualiter
2587 3967 2679 4006 me
2707 3967 2819 4006 non
2854 3949 3093 4022 pavisti;
3129 3949 3249 4005 haec
3279 3955 3478 4006 autem
3509 3949 3825 4023 spirituali-

2176 4043 2265 4094 ter
2293 4056 2386 4094 me
2416 4038 2588 4110 pavit.
2623 4041 2850 4110 Propter
2874 4039 3035 4112 quod,
3069 4038 3282 4110 inquit,
3321 4039 3555 4094 dimissa
3604 4047 3735 4095 sunt
3775 4042 3826 4096 ei

2172 4136 2388 4200 peccata
2418 4128 2612 4195 multa,
2631 4130 2892 4198 quoniam
2921 4128 3120 4184 dilexit
3147 4128 3404 4183 multum.
3429 4129 3510 4183 Ac
3540 4127 3590 4182 si
3633 4133 3824 4201 aperte

2178 4217 2372 4272 dicat:
2401 4216 2505 4272 Per
2523 4234 2642 4272 sua:
2673 4215 3002 4272 dilectionis
3034 4217 3316 4272 fervorem
3349 4215 3578 4272 decoxit
3622 4233 3825 4289 pecca-

2178 4309 2372 4360 torum
2404 4321 2645 4361 suorum
2677 4305 2986 4377 pristinam
3012 4305 3588 4377 rubiginem.Cavete
3608 4311 3818 4372 autem,

2179 4394 2385 4450 fratres
2417 4394 2553 4462 mei,
2590 4411 2658 4448 ne
2691 4393 2785 4449 hic
2815 4392 3155 4465 intelligatis
3185 4393 3316 4449 ideo
3350 4393 3660 4465 peccatrici
3687 4411 3820 4467 pec-

419 4485 550 4539 vius
577 4482 891 4539 dolendum
926 4487 1034 4550 est,
1067 4482 1240 4538 etiam
1273 4484 1455 4538 nostri
1501 4485 1743 4552 ordinis,
1778 4485 1898 4557 qui,
1932 4503 2066 4540 cum
2102 4507 2144 4569 ο
2177 4488 2306 4538 cata
2326 4498 2453 4538 esse
2484 4481 2750 4550 dimissa,
2776 4483 2930 4554 quod
2955 4481 3084 4554 ipsa
3101 4481 3382 4554 pradicta
3403 4497 3581 4553 opera
3600 4482 3819 4540 Christo

421 4571 641 4645 aliquid
676 4571 928 4628 exterius
961 4572 1093 4627 boni
1133 4573 1372 4640 faciunt,
1407 4589 1540 4628 mox
1585 4574 1839 4629 minores
1866 4573 2066 4647 despi-

421 4663 602 4728 ciunt,
629 4667 704 4726 ct,
738 4677 898 4716 more
948 4660 1240 4727 Pharisaei,
1282 4678 1315 4716 a
1345 4662 1662 4733 peccatrice
1713 4663 1875 4736 tangi
1920 4663 2070 4720 refu-

421 4750 604 4825 giunt.
623 4751 756 4814 Quae
780 4750 829 4804 si
853 4750 922 4804 ad
950 4751 1122 4821 pedes
1155 4749 1423 4806 Pharisaei
1453 4751 1783 4818 resedisset,
1809 4751 2068 4809 calcibus

421 4838 655 4911 repulsa
676 4839 983 4894 recederet.
1005 4838 1297 4911 inquinari
1325 4839 1481 4894 enim
1504 4858 1565 4895 se
1587 4839 1793 4896 alienis
1815 4841 2066 4913 peccatis

421 4926 754 4998 opinantur,
781 4927 878 4998 qui
915 4945 1026 4981 non
1062 4944 1194 4981 vera
1217 4927 1575 4999 justitia,sed
1610 4945 1716 4984 sua
1749 4929 2062 5001 replentur.

421 5016 532 5072 Sed
585 5031 710 5081 nos,
747 5018 952 5070 fratres
1010 5016 1142 5084 mei,
1177 5016 1297 5072 haec
1347 5016 1646 5084 evitantes,
1679 5019 1819 5088 quid
1881 5019 2066 5074 facere

421 5103 842 5171 debemus,nisi
878 5107 941 5156 ut
973 5103 1028 5158 in
1062 5103 1268 5160 alienis
1297 5103 1549 5176 peccatis
1589 5105 1894 5178 lugeamus
1928 5124 2065 5174 nos;

423 5193 484 5247 In
520 5191 736 5246 similia
775 5191 928 5247 enim
983 5197 1216 5264 peccata
1248 5199 1348 5248 aut
1380 5193 1524 5266 lapsi
1559 5211 1785 5264 sumus,
1820 5199 1922 5250 aut
1952 5195 2065 5252 labi

424 5295 760 5350 possumus.
797 5281 852 5335 Si
887 5281 1031 5352 lapsi
1064 5298 1293 5348 sumus,
1327 5281 1522 5355 lapsos
1556 5302 1668 5340 non
1707 5285 2066 5355 judicemus,

425 5366 524 5419 sed
549 5367 742 5435 potius
775 5386 906 5423 cum
939 5369 1021 5425 cis
1054 5369 1455 5444 lugeamus.Si
1483 5391 1614 5429 vero
1639 5373 1694 5428 in
1729 5373 2068 5446 hujusmodi

425 5453 571 5522 lapsi
605 5471 718 5508 non
753 5457 990 5528 fuimus,
1025 5459 1161 5532 quia
1187 5467 1386 5516 tamen
1427 5462 1543 5517 labi
1593 5479 1929 5534 possumus,
1967 5480 2070 5520 no-

425 5537 634 5596 bismet
667 5541 994 5604 timeamus.

2176 4571 2457 4638 exhibuit,
2477 4570 2564 4626 vel
2597 4571 2736 4644 quia
2763 4588 2897 4627 eum
2939 4569 3224 4626 dilexerit.
3248 4569 3372 4626 Non
3408 4569 3568 4626 enim
3597 4570 3817 4626 dilectio

2175 4660 2263 4716 vel
2293 4660 2570 4716 exhibitio
2601 4659 2941 4733 peccatriois
2962 4660 3072 4715 fuit
3101 4675 3279 4716 causa
3299 4657 3528 4716 Christo
3567 4677 3746 4732 quare
3772 4660 3817 4716 ei

2177 4753 2412 4822 peccata
2439 4748 2776 4814 dimitteret,
2809 4749 2910 4804 sed
2949 4748 3297 4805 econtrario.
3337 4748 3464 4804 Non
3511 4749 3670 4804 enim
3701 4749 3819 4805 ideo

2177 4839 2312 4911 quia
2344 4837 2554 4894 mulier
2581 4837 2877 4893 Christum
2911 4837 3111 4894 dilexit
3139 4843 3196 4893 et
3247 4835 3522 4910 praedicta
3571 4854 3748 4911 Opera
3773 4835 3818 4894 ei

2175 4927 2462 4994 exhibuit,
2491 4926 2757 4983 Christus
2787 4945 2855 4983 ea
2883 4926 3128 4995 dimisit,
3162 4927 3282 4982 imo
3314 4926 3452 4998 quia
3477 4925 3746 4983 Christus
3771 4925 3817 4982 ei

2175 5016 2421 5082 dimisit,
2447 5015 2547 5072 illa
2595 5016 2894 5072 Christum
2925 5015 3144 5081 dilexit,
3172 5019 3229 5072 et
3265 5015 3317 5071 ei
3348 5014 3626 5086 praedicta
3654 5032 3819 5088 opera

2175 5105 2457 5160 exhibuit.
2497 5106 2645 5160 Deus
2679 5104 2835 5164 enim
2867 5104 2992 5161 sola
3021 5104 3210 5178 gratia
3238 5103 3513 5176 prevenit
3555 5109 3814 5176 peccatoo

2178 5212 2321 5262 rem,
2346 5194 2693 5250 conferendo
2723 5193 2773 5249 ei
2806 5193 2988 5266 gratis
3016 5199 3074 5248 et
3103 5192 3512 5250 contritionem
3535 5196 3594 5248 et
3625 5209 3814 5264 pecca-

2177 5288 2371 5340 torum
2405 5283 2829 5339 remissionem.
2857 5282 3021 5350 Quod
3049 5299 3187 5356 ergo
3218 5283 3319 5352 ait,
3341 5290 3562 5353 propter
3592 5283 3731 5354 quod
3759 5285 3813 5338 et

2179 5376 2580 5446 quoniam,non
2613 5377 2751 5428 sunt
2782 5373 3152 5440 essendi,sed
3179 5371 3374 5444 potius
3398 5369 3813 5443 intelligendiet

2178 5463 2422 5519 sciendi.
2453 5463 2553 5518 Est
2573 5478 2708 5535 ergo
2741 5477 2950 5518 sensus
2983 5479 2996 5517 :
3033 5463 3114 5518 Ex
3143 5459 3435 5534 praedictis
3464 5457 3622 5516 enim
3646 5459 3812 5534 operi-
