4002 6078
393 295 550 370 1403

1659 303 2058 370 RADULPHI
2100 305 2519 370 ARDENTIS.

3641 304 3802 371 1404

391 439 637 498 Domino
669 443 854 497 mater
884 438 1136 498 ﬁliorum
1168 439 1456 509 Zebedaai;
1492 442 1769 507 secundo,
1795 456 2035 512 respon-
2065 441 2118 506 Α
2143 438 2360 513 glorias
2389 456 2568 497 vanas
2600 439 2917 513 postulent,
2951 457 3078 514 quis
3113 439 3349 496 fuerunt
3382 437 3585 496 multis
3616 457 3802 498 causa

391 530 489 586 det
518 529 566 585 ei
593 529 876 586 Dominus
907 529 1288 603 increpando;
1323 531 1512 599 tertio,
1547 530 1883 586 erudiendo.
1906 529 2034 585 Filii

391 619 683 690 siquidem
713 619 989 687 Zebedzei,
1023 620 1276 676 Jacobus
1324 625 1376 675 et
1422 620 1696 686 Joannes,
1731 619 2035 674 audierant

391 707 702 764 Dominum
733 714 1042 764 venturum
1078 709 1135 764 in
1169 727 1344 781 regno
1376 726 1502 774 suo,
1535 715 1592 765 et
1623 726 1925 764 sessurum
1974 708 2032 762 iu

390 797 694 867 majestate
744 813 870 863 sua,
906 802 962 850 et
1018 797 1143 851 ideo
1195 802 1474 869 tanquam
1527 799 1717 853 adhuc
1749 796 2031 866 carnales,

389 885 542 956 capti
565 885 871 940 dulcedine
896 886 1306 958 regnandi,per
1330 887 1807 943 intercessionem
1828 887 2032 942 matris

388 991 524 1041 sua,
547 990 724 1046 quam
757 973 984 1029 Domini
1013 980 1383 1031 materteram
1412 982 1468 1031 et
1493 975 1838 1031 familiarem
1868 991 2034 1031 nove-

387 1066 538 1127 rant,
566 1062 874 1118 voluerunt
897 1062 1009 1119 sibi
1041 1063 1352 1132 vindicare,
1388 1069 1451 1120 ut
1479 1065 1703 1120 Christo
1735 1065 1808 1120 ad
1843 1065 2031 1119 dexte-

388 1167 512 1205 ram
546 1155 603 1205 et
634 1152 704 1205 ad
749 1152 1050 1206 sinistram
1101 1152 1458 1208 collaterales
1504 1154 1792 1210 sederent.
1826 1153 1893 1207 Et
1922 1152 2030 1207 hoc

387 1255 500 1310 prae
533 1241 754 1295 caeteris
795 1258 855 1296 se
908 1243 1186 1314 consequi
1219 1241 1606 1308 aestimabant,
1638 1243 1777 1313 quia
1816 1241 2030 1297 Christi

386 1333 551 1383 erant
583 1328 1303 1403 familiariores,etquiain
1336 1332 1687 1403 quibusdam
1713 1335 2028 1386 erantcum

387 1417 553 1474 Petro
587 1417 953 1490 pi-ivilcgiati,
989 1425 1052 1474 ut
1083 1420 1140 1474 in
1171 1420 1683 1493 transﬁguratione
1712 1424 1769 1475 et
1797 1419 1855 1473 in
1901 1418 2028 1490 qui-

385 1506 636 1562 busdam
661 1508 790 1562 aliis
812 1510 1068 1564 secretis.
1085 1511 1339 1576 Quorum
1365 1509 1861 1582 petitio,quamvis
1879 1513 2032 1564 esset

384 1594 719 1666 indiscreta,
752 1601 948 1653 tamen
1009 1599 1065 1653 in
1127 1600 1231 1655 boc
1291 1599 1576 1654 dederunt
1633 1598 1800 1654 nobis
1843 1614 2030 1653 exem-

387 1684 570 1756 plum‘
598 1689 679 1753 ut,
705 1687 938 1758 quando
961 1686 1182 1759 aliquid
1217 1688 1510 1744 aDomino
1536 1687 2032 1760 postulamus,per

385 1773 858 1831 intercessionem
917 1794 1117 1832 eorum
1169 1795 1315 1850 quos
1362 1778 1584 1833 scimus
1635 1778 1750 1833 Deo
1778 1775 2024 1848 placere,
2062 1814 2110 1878 Β

387 1863 1028 1936 postulemus.0uando
1060 1868 1215 1922 enim
1249 1867 1565 1938 displicens
1591 1867 1890 1938 etingrata
1911 1882 2032 1936 pcr-

385 1968 530 2008 sona
559 1953 779 2025 aliquid
815 1955 1088 2027 postulat,
1131 1974 1245 2011 non
1278 1956 1444 2011 illum
1479 1957 1676 2021 flectit,
1698 1955 1815 2010 imo
1840 1953 2032 2026 potius

387 2057 521 2096 eum
554 2044 875 2099 exacerbat.
901 2045 968 2099 Et
1000 2045 1045 2101 si
1079 2046 1213 2117 quis
1245 2062 1377 2100 reus
1411 2063 1522 2100 non
1555 2049 1748 2100 exoret
1781 2048 1845 2098 ut
1875 2043 2030 2115 apud

387 2147 581 2203 regem
614 2149 716 2204 pro
748 2149 814 2188 eo
843 2132 1292 2201 intercedamus,
1325 2134 1516 2190 dicere
1546 2133 1803 2190 solemus
1828 2149 1840 2188 :
1865 2157 1892 2182 ‹‹
1923 2136 2032 2186 Pro

387 2223 442 2274 te
500 2219 856 2278 intercedere
916 2224 1070 2294 apud
1133 2239 1326 2296 regem
1399 2239 1644 2295 nequeo,
1704 2223 1841 2295 quia
1904 2223 2033 2291 ejus

389 2307 844 2365 familiaritatem
903 2327 1018 2366 non
1077 2311 1282 2368 habeo.
1337 2334 1364 2361 ››
1422 2313 1538 2368 Nos
1596 2329 1752 2385 ergo,
1803 2311 2029 2376 fratres,

386 2397 614 2452 veniam
647 2402 1016 2470 peccatorum
1053 2405 1387 2456 nostrorum
1428 2418 1529 2474 per
1558 2401 2031 2456 intercessionem

389 2485 505 2542 Deo
533 2484 907 2557 placentium,
941 2492 1060 2544 tam
1094 2489 1352 2544 vivorum
1386 2507 1563 2562 quam
1601 2490 2030 2556 defunctorum,

389 2573 777 2646 postulamus,
811 2581 877 2632 ut
907 2577 1004 2649 qui
1040 2578 1110 2634 de
1136 2578 1360 2634 meritis
1390 2579 1608 2634 nostris
1628 2579 2031 2652 dieplicemus,

388 2680 588 2719 eorum
618 2665 841 2722 meritis
873 2667 1236 2737 adjuvemur.
1273 2671 1425 2734 Quos
1456 2686 1592 2740 ergo
1624 2668 1892 2724 novimus
1933 2685 2035 2740 per

389 2753 836 2810 sanctimoniam
892 2757 1233 2813 meritorum
1285 2759 1399 2814 Deo
1445 2757 1868 2824 familiariores,
1901 2757 2033 2813 illos

388 2842 584 2913 potius
642 2843 922 2913 colamus,
984 2864 1328 2903 veneremur
1375 2852 1432 2902 et
1490 2847 1842 2921 ﬁagitemus.
1902 2846 2034 2919 Ipsa

389 2936 585 2988 autem
617 2937 821 3003 mater,
856 2935 1222 3007 postulatura
1251 2954 1355 3009 pro
1388 2935 1542 3003 ﬁliis,
1558 2937 1874 3008 prudenter
1893 2935 2030 3009 egit.

391 3020 582 3078 Primo
613 3021 790 3094 enim,
822 3025 1099 3092 accessit;
1136 3031 1284 3098 post,
1308 3027 1599 3094 adoravit;
1633 3025 2036 3098 deinde,petiit

389 3109 626 3182 aliquid.
651 3113 710 3166 [n
742 3129 857 3184 quo
890 3130 994 3169 nos
1024 3113 1286 3187 exemplo
1308 3133 1412 3170 suo
1437 3114 2032 3185 instruit,ut,quando

389 3179 658 3256 volumus
685 3218 718 3256 a
754 3179 864 3257 Deo
914 3179 1229 3274 postulare,
1265 3203 1454 3276 primo
1503 3205 1616 3259 ﬁde
1665 3179 1723 3259 et
1769 3179 2033 3259 moribus
2065 3179 2107 3246 (ἶ

391 3287 506 3344 Deo
553 3291 921 3357 accedamus,
955 3296 1020 3348 ut
1063 3292 1474 3349 hemorroissa.
1509 3293 1798 3358 Secundo,
1833 3293 2037 3348 adore-

392 3393 545 3445 mus,
565 3396 670 3434 nos
703 3383 984 3452 tanquam
1016 3381 1290 3452 indignos
1320 3381 1794 3449 humiliantes,et
1825 3382 1893 3438 de
1917 3380 2039 3438 sola

390 3466 492 3522 Dei
550 3467 738 3541 gratia
787 3475 1227 3540 praesumentes,
1260 3475 1324 3526 ut
1372 3471 1614 3526 humilis
1663 3471 2036 3542 publicanus.

393 3555 605 3622 Tertio,
640 3556 860 3628 aliquid
896 3563 1180 3630 petamus.
1214 3559 1336 3614 Non
1372 3565 1642 3631 petamus
1675 3559 2034 3632 temporalia,

393 3661 507 3699 non
541 3649 808 3717 petamus
840 3652 1086 3703 mortem
1119 3648 1488 3704 inimicorum
1531 3653 1887 3715 nostrorum,
1921 3667 2036 3705 non

390 3737 663 3804 petamus
695 3751 868 3803 vana;
904 3752 1029 3807 qua
1062 3754 1195 3792 cum
1227 3737 1473 3810 apostoli
1500 3738 1914 3811 postulassent,
1941 3755 2039 3794 au-

389 3822 624 3879 dierunt
656 3841 667 3878 :
703 3845 728 3875 »
765 3824 959 3897 Usque
990 3827 1164 3881 modo
1197 3843 1310 3882 non
1344 3827 1571 3898 petistis
1620 3828 1944 3899 quidquam
1977 3828 2035 3884 in

390 3912 624 3967 nomine
658 3930 784 3970 meo
815 3915 989 3981 (Joan.
1022 3916 1154 3986 xv1),
1191 3939 1218 3964 »
1250 3917 1348 3972 sed
1383 3922 1650 3988 petamus
1701 3917 1758 3972 in
1802 3917 2036 3974 nomine

387 4001 548 4069 Jesu,
587 4002 642 4057 id
673 4008 761 4058 est
787 4003 1121 4075 Salvatoris,
1155 4003 1426 4061 salutem.
1453 4005 1610 4060 Hanc
1640 4005 1795 4061 enim
1821 4012 2032 4079 petere,

388 4095 477 4146 est
508 4090 729 4162 aliquid
781 4097 993 4164 petere.
1047 4094 1320 4150 Petamus
1369 4094 1548 4169 igitur
1583 4115 1603 4142 α
1641 4095 1896 4168 primum
1946 4114 2035 4152 re-

387 4195 569 4251 gnum
601 4179 700 4235 Dei
730 4183 786 4236 et
806 4181 1100 4253 justitiam
1153 4185 1300 4254 ejus,
1335 4188 1392 4239 et
1437 4187 1642 4240 caetera
1688 4185 2037 4257 adjicientur

387 4267 556 4324 nobis
591 4269 794 4338 (Matth.
827 4274 923 4339 vx).
962 4294 989 4320 ››
1024 4271 1345 4346 Interrogat
1375 4277 1569 4330 autem
1602 4273 1886 4330 Daminus
1919 4291 2037 4330 ma-

385 4361 532 4413 trem
564 4359 704 4430 quid
735 4359 924 4426 vellet,
958 4377 1073 4416 non
1107 4361 1247 4433 quin
1282 4362 1456 4427 sciat;
1489 4364 1588 4418 sed
1625 4368 1690 4417 ut
1747 4363 1796 4417 ei
1830 4380 2033 4419 conse-

367 4452 632 4518 quenter
662 4449 1026 4520 respondeat.
1061 4453 1186 4516 Dic,
1221 4451 1431 4522 inquit,
1464 4459 1525 4506 ut
1551 4453 1612 4506 hi
1635 4451 1740 4508 duo
1769 4453 1880 4523 ﬁlii
1924 4455 2037 4510 mei

2144 529 2507 600 perditionis,
2525 530 2626 586 sed
2660 547 2906 604 regnum
2937 527 3385 584 eeternum.Non
3407 528 3798 596 exheredem,

2144 623 2209 673 ut
2239 618 2406 674 multi
2441 620 2612 675 hodie
2635 620 2860 675 faciunt
2877 618 3044 685 alios,
3063 622 3126 673 ut
3143 618 3295 674 ﬁlios
3317 635 3456 674 suos
3476 617 3796 684 haeredent,

2143 725 2258 764 non
2291 709 2576 764 damnant
2620 709 2850 765 animas
2899 725 3060 773 suas,
3091 712 3155 764 ut
3203 706 3354 764 ﬁlios
3406 724 3545 763 suos
3591 709 3651 762 in
3683 708 3798 764 hoc

2144 799 2362 853 mundo
2396 797 2768 869 locupletent,
2785 799 2884 854 sed
2919 798 3113 870 potius
3144 797 3529 864 orationibus,
3554 797 3797 853 oblatio-

2142 887 2316 943 nibus
2346 892 2402 943 et
2431 885 2980 960 eleemosynis,ﬁliis
3009 886 3134 943 suis
3165 886 3422 940 divinam
3454 891 3797 942 mereantur

2141 975 2566 1042 hereditatem;
2597 976 2892 1031 imitantes
2923 975 3086 1031 illam
3134 975 3428 1049 egregiam
3460 978 3792 1031 matronam

2142 1064 2715 1137 Paulam,quaa,cum
2745 1065 2942 1122 omnia
2961 1065 3253 1137 erogando
3277 1063 3636 1137 pauperibus
3657 1081 3795 1137 spo-

2141 1151 2307 1208 liaret
2337 1153 2489 1208 ﬁlios
2520 1171 2679 1222 suos,
2713 1153 2942 1209 dicebat
2975 1170 2988 1207 :
3025 1177 3052 1202 ‹‹
3081 1153 3202 1210 Non
3233 1169 3474 1225 possum
3507 1153 3793 1224 majorem

2139 1240 2537 1298 haereditatem
2568 1242 2867 1314 acquirere
2888 1241 3026 1298 ﬁliis
3052 1241 3199 1297 meis
3228 1257 3406 1314 quam
3437 1239 3538 1296 Dei
3572 1240 3798 1296 miseri-

2139 1330 2414 1387 cordiam.
2449 1354 2468 1379 ι
2505 1330 3121 1404 Secundo,respondet
3148 1329 3234 1387 eis
3265 1330 3553 1386 Dominus
3573 1346 3679 1402 per
3697 1329 3796 1385 in-

2138 1420 2552 1492 crepationem,
2613 1437 2747 1476 cum
2807 1421 3056 1476 subdit:
3091 1421 3318 1476 Nescitis
3381 1419 3514 1491 quid
3566 1421 3794 1491 petatis.

2141 1508 2470 1580 Respondet
2529 1513 2724 1564 autem
2772 1508 2868 1564 hic
2917 1509 3199 1565 Dominus
3251 1525 3364 1564 non
3416 1507 3800 1581 singulariter

2140 1599 2333 1664 matri,
2368 1599 2469 1654 sed
2506 1598 2637 1654 ﬁliis
2682 1616 2931 1670 quorum
2983 1598 3265 1654 instinctu
3317 1595 3672 1670 postulabat.
3703 1595 3798 1653 Illi

2139 1694 2334 1742 autem
2368 1688 2588 1743 bonum
2621 1689 2912 1760 petebant,
2931 1688 3031 1743 sed
3065 1686 3396 1742 indiscrete.
3424 1685 3798 1742 Indiscretio~

2141 1793 2272 1832 nem
2305 1777 2523 1848 quippe
2551 1777 2885 1833 habuerunt
2916 1777 2973 1832 in
3014 1777 3300 1848 quinque.
3327 1775 3541 1846 Primo,
3571 1774 3632 1831 in
3665 1792 3797 1847 per-

2144 1882 2289 1921 sona
2319 1882 2353 1919 a
2382 1883 2498 1938 qua
2547 1865 2945 1939 postulabant,
2977 1866 3254 1938 quoniam
3303 1864 3618 1921 Dominum
3664 1881 3798 1921 esse

2143 1971 2525 2026 personarum
2539 1959 2899 2027 acceptorem
2919 1955 3615 2027 putabant.Personarum
3635 1954 3797 2010 enim

2143 2048 2411 2115 acceptor
2439 2047 2614 2112 esset,
2647 2043 2694 2098 si
2723 2049 3001 2116 cognatos
3022 2061 3160 2100 suos
3192 2043 3264 2100 ob
3295 2042 3601 2115 sanguinis
3632 2059 3797 2098 amo-

2143 2149 2265 2188 rem
2298 2131 2661 2200 sublimaret,
2695 2136 2752 2187 et
2780 2137 3034 2188 remotos
3081 2133 3426 2204 despiceret,
3457 2132 3508 2188 si
3558 2132 3798 2188 Judaos

2143 2220 2215 2276 ob
2247 2219 2435 2276 solam
2467 2219 2959 2292 propinquitatem
2979 2220 3328 2295 diligeret,et
3347 2220 3570 2278 alienas
3589 2225 3798 2294 gentes

2143 2310 2498 2381 reprobaret.
2533 2311 2668 2377 Sed,
2701 2315 2764 2365 ut
2793 2309 2874 2366 ait
2903 2312 3109 2366 Petrus
3138 2327 3151 2366 :
3187 2334 3213 2360 α
3249 2311 3372 2366 Non
3403 2314 3492 2367 est
3522 2326 3797 2383 persona-

2143 2415 2274 2453 rum
2305 2403 2574 2471 acceptor
2603 2399 2776 2468 Deus,
2811 2399 2911 2455 sed
2962 2399 3021 2454 in
3071 2399 3230 2456 omni
3281 2403 3452 2473 gente
3493 2399 3594 2471 qui
3627 2400 3798 2455 timet

2143 2487 2326 2542 Deum
2357 2492 2415 2543 et
2443 2491 2717 2560 operatur
2739 2489 3057 2559 justitiam,
3090 2493 3362 2562 acceptus
3393 2493 3482 2545 est
3523 2487 3608 2543 illi
3642 2494 3794 2556 (Act.

2142 2581 2219 2645 χ).
2255 2599 2284 2625 ››
2316 2577 2605 2643 Secundo,
2646 2576 2705 2632 in
2764 2578 2966 2633 ordine
3022 2578 3256 2650 petendi
3313 2577 3794 2634 indiseretionem

2143 2665 2492 2731 habuerunt,
2527 2666 2667 2720 dum
2702 2665 3006 2737 praemium
3038 2671 3172 2722 ante
3205 2666 3502 2732 meritum,
3535 2681 3794 2722 messem

2144 2758 2278 2812 ante
2303 2754 3046 2828 seminationem,requiem
3078 2759 3212 2812 ante
3243 2754 3524 2823 laborem,
3544 2771 3795 2828 regnum

2144 2848 2278 2900 ante
2309 2843 2602 2912 militiam,
2633 2843 2998 2916 triumphum
3031 2848 3166 2900 ante
3214 2843 3480 2918 praelium
3525 2843 3795 2916 postula-

2145 2935 2306 2989 bant

2165 3016 2171 3021 ’
2215 3023 2409 3078 Tertio
2440 3023 2496 3077 in
2531 3039 2591 3079 re
2613 3023 2908 3095 postulata
2937 3023 3415 3079 indiseretionem
3436 3022 3794 3090 habuerunt,

2145 3112 2287 3167 dum
2329 3111 2575 3168 alterum
2605 3113 2675 3168 ad
2709 3112 3004 3168 dexteram
3050 3112 3306 3178 Domini,
3335 3117 3393 3168 et
3438 3111 3689 3168 alterum
3721 3112 3797 3167 ad

2148 3200 2450 3257 sinistram
2482 3217 2787 3258 sessurum
2815 3200 3214 3274 postulabant,
3245 3218 3382 3258 cum
3431 3218 3638 3257 omnes
3677 3201 3801 3257 ele-

2148 3290 2224 3346 cti
2273 3291 2344 3346 ad
2405 3291 2668 3346 dextram
2744 3290 2864 3346 sint
2937 3289 3255 3347 statuendi.
3313 3291 3550 3357 Quarto,
3591 3289 3650 3345 in
3709 3289 3802 3345 ni-

2149 3379 2386 3435 mietate
2464 3378 2628 3452 petiti
2715 3379 3188 3434 indiseretionem
3273 3379 3626 3446 habuerunt,
3697 3379 3800 3451 qui

2147 3470 2383 3522 ceteros
2433 3468 2748 3540 apostolos,
2783 3484 2930 3540 quos
2974 3485 3088 3524 non
3140 3469 3425 3541 preibant
3483 3467 3800 3540 probitate,

2147 3555 2366 3612 honore
2393 3557 2720 3628 praecellere
2767 3557 3140 3630 satagebant;
3184 3557 3337 3630 quod
3389 3562 3447 3612 et
3494 3556 3806 3630 sequentia

2147 3647 2484 3712 ostendunt,
2519 3647 2660 3700 dum
2719 3645 3022 3702 audientes
3069 3647 3292 3715 decem,
3326 3646 3614 3719 indignati
3663 3651 3802 3702 sunt

2146 3734 2218 3789 de
2245 3734 2474 3790 duobus
2507 3735 2807 3790 fratribus.
2833 3735 3068 3802 Quinto,
3093 3735 3152 3790 in
3184 3736 3357 3791 modo
3387 3735 3620 3807 petendi
3641 3733 3800 3791 indi-

2146 3823 2494 3878 seretionem
2525 3823 2880 3894 habuerunt,
2912 3824 3054 3879 dum
3087 3841 3202 3879 non
3236 3840 3336 3896 per
3376 3823 3798 3892 humilitatem,

2145 3913 2244 3968 sed
2279 3929 2381 3984 per
2411 3912 2790 3968 ambitionem
2822 3928 3064 3986 regnum
3116 3911 3346 3970 cmleste
3394 3912 3798 3986 postulabant.

2144 3999 2307 4057 Unde
2336 4005 2392 4056 et
2413 4000 2471 4055 in
2503 4001 2883 4074 sequentibus
2915 4001 3163 4057 audiunt
3195 4019 3208 4058 :
3243 4003 3406 4072 Reges
3426 4004 3680 4072 gentium
3700 4002 3798 4058 do-

2140 4092 2428 4146 minantur
2454 4107 2661 4146 eorum.
2703 4096 2803 4147 Vos
2831 4099 3012 4147 autem
3041 4107 3150 4147 non
3196 4093 3295 4147 sic.
3329 4091 3432 4147 Sed
3477 4094 3578 4164 qui
3619 4093 3803 4163 major

2142 4187 2239 4244 est,
2272 4180 2368 4249 ﬁat
2393 4181 2534 4234 sicut
2553 4180 2782 4251 junior;
2813 4188 2863 4236 et
2913 4182 3011 4253 qui
3042 4195 3341 4253 praecessor
3385 4189 3483 4250 est,
3514 4182 3658 4237 sicut
3707 4182 3806 4254 qui

2142 4270 2440 4324 ministrat.

2214 4357 2330 4412 Nos
2360 4373 2517 4430 ergo,
2553 4357 2761 4413 fratres
2795 4359 2932 4424 mei,
2957 4374 3092 4414 cum
3125 4358 3494 4430 postulamus
3525 4357 3748 4430 aliquid
3773 4375 3808 4415 a

2142 4445 2413 4514 Domino,
2435 4463 2568 4502 cum
2596 4447 2946 4503 discretione
2969 4447 3355 4519 postulemus.
3374 4449 3650 4505 Petamus
3677 4464 3807 4504 con-

383 4536 601 4592 sedeant
628 4553 772 4593 unus
801 4539 882 4593 ad
907 4538 1204 4607 dexteram,
1237 4549 1287 4594 et
1333 4541 1478 4595 alius
1526 4540 1595 4594 ad
1642 4543 1938 4597 sinistrum
1980 4545 2033 4600 in

2151 4535 2418 4602 ﬁdentes,
2454 4553 2568 4591 non
2599 4552 2668 4592 ex
2699 4535 2807 4592 hoc
2840 4537 2995 4609 quod
3028 4553 3239 4594 sumus
3270 4536 3523 4594 ministri
3571 4537 3695 4606 Dei,
3717 4537 3804 4594 vel

385 4643 547 4696 regno
577 4634 691 4682 tuo.
723 4629 847 4683 Haec
881 4628 1109 4696 mulier,
1144 4629 1351 4685 fratres
1381 4629 1740 4700 mei,habuit
1763 4649 2037 4705 magnam

386 4715 582 4782 ﬁdem,
618 4721 672 4770 et
704 4717 1048 4788 prudentem
1081 4717 1378 4789 pietatem.
1415 4718 1612 4774 Fidem
1647 4719 1863 4793 quippe
1912 4739 2035 4778 ma-

384 4819 560 4877 gnam
595 4804 820 4874 habuit,
836 4822 967 4860 cum
999 4805 1164 4861 illum
1198 4824 1372 4880 quem
1407 4807 1466 4863 in
1499 4809 1719 4863 mundo
1742 4811 2037 4881 possidere

387 4892 532 4948 nihil
581 4895 870 4961 cernebat,
905 4912 1098 4967 regem
1145 4895 1485 4952 aeternitatis
1536 4899 1804 4953 credidit.
1837 4900 2035 4956 Fidem

387 4999 662 5053 magnam
695 4983 922 5050 habuit,
956 5001 1087 5039 cum
1123 4986 1172 5039 ei
1206 5003 1319 5040 non
1371 4986 1480 5050 fac,
1515 4987 1614 5042 sed
1666 4987 1758 5042 dic
1807 4992 2036 5044 tantum

387 5070 545 5134 dicit,
572 5071 764 5128 sciens
782 5072 980 5143 procul
1005 5073 1180 5129 dubio
1202 5074 1356 5145 quod
1381 5073 1569 5129 dicere
1593 5073 1690 5130 Dei
1711 5080 1800 5131 est
1828 5076 2033 5146 facere,

389 5184 416 5210 ‹‹
451 5161 728 5232 quoniam
758 5162 880 5233 ipse
911 5160 1071 5229 dixit,
1107 5167 1161 5217 et
1203 5163 1353 5218 facta
1401 5167 1540 5217 sunt
1573 5165 1739 5235 (Psal.
1775 5170 1970 5234 xxx").
2008 5189 2036 5216 ››

391 5249 737 5305 Prudentem
801 5266 1032 5322 quoque
1089 5250 1361 5323 pietatem
1419 5252 1644 5320 habuit,
1707 5271 1832 5326 quze
1901 5253 2036 5311 ﬁliis

389 5355 504 5391 non
539 5353 697 5408 opes,
731 5355 844 5393 non
878 5341 1279 5412 possessiones
1329 5345 1606 5409 terrenas,
1641 5342 1742 5398 sed
1789 5360 2035 5416 regnum

390 5429 672 5482 aeternum
731 5428 1063 5499 postulavit.
1127 5430 1286 5486 Hanc
1345 5434 1593 5486 matrem
1648 5436 1857 5488 nostra:
1921 5449 2038 5487 ma-

389 5513 762 5571 tresfamilias
793 5517 1112 5584 imitentur,
1145 5521 1212 5574 ut
1242 5520 1495 5588 perfecta
1534 5520 1647 5575 ﬁde
1677 5525 1733 5576 et
1764 5521 2038 5594 prudenti

389 5598 620 5673 pietate,
645 5604 778 5662 ﬁliis
817 5605 960 5672 suis,
996 5621 1107 5665 non
1157 5605 1418 5678 divitias,
1452 5626 1568 5666 non
1612 5608 1885 5682 honores,
1918 5627 2032 5667 non

2149 4625 2303 4696 quod
2334 4623 2600 4680 videmur
2620 4624 2842 4697 aliquid
2863 4642 2991 4682 esse
3013 4625 3072 4681 in
3099 4626 3208 4682 hoc
3228 4625 3567 4694 saeculo,sed
3595 4643 3666 4682 ex
3683 4625 3804 4683 sola

2147 4713 2247 4768 Dei
2267 4714 2691 4772 misericordia.
2715 4738 2742 4764 «
2768 4715 2922 4771 Deus
2947 4715 3106 4771 enim
3129 4731 3510 4788 personarum
3535 4719 3806 4788 acceptor

2148 4820 2262 4858 non
2294 4806 2443 4859 esta
2475 4803 2746 4860 Petamus
2776 4803 3063 4872 ordinate,
3088 4810 3150 4860 ut
3183 4803 3405 4862 scilicet
3433 4803 3600 4878 prius
3630 4805 3808 4860 donet

2149 4892 2316 4948 nobis
2347 4893 2533 4949 facere
2563 4893 2840 4948 mandata
2871 4911 2998 4960 sua,
3027 4898 3084 4949 et
3110 4899 3312 4966 postea
3345 4893 3622 4966 consequi
3658 4910 3805 4967 pras-

2149 4982 2266 5036 mia
2296 4999 2423 5036 sua.
2459 4982 2732 5038 Petamus
2757 4983 2935 5039 etiam
2969 4983 3124 5056 quod
3158 4981 3509 5040 conveniens
3559 4988 3651 5038 est
3701 4999 3807 5039 nos

2148 5075 2363 5142 petere,
2379 5075 2435 5126 et
2465 5072 2620 5142 quod
2653 5088 2756 5144 per
2779 5073 3111 5146 Scripturas
3133 5073 3356 5128 scimus
3379 5070 3562 5128 Deum
3587 5071 3808 5128 sanctis

2149 5161 2272 5216 suis
2306 5160 2606 5216 daturum.
2634 5161 2909 5218 Petamus
2941 5163 3261 5228 moderate,
3287 5164 3560 5234 rogantes
3589 5160 3811 5217 scilicet

2147 5251 2302 5322 quod
2337 5266 2442 5304 nos
2464 5249 2639 5305 faciat
2662 5251 2964 5316 Deus,non
2999 5253 3250 5322 majores
3279 5251 3339 5306 in
3365 5267 3543 5324 regno
3569 5249 3808 5318 suo,sed

2145 5339 2232 5394 vel
2265 5338 2527 5395 ultimos.
2548 5339 2823 5395 Petamus
2847 5341 3023 5396 etiam
3047 5358 3162 5396 non
3194 5357 3330 5396 cum
3357 5339 3804 5408 ambitione,sed

2148 5446 2281 5484 cum
2313 5428 2669 5484 humilitate.
2695 5429 2818 5485 Non
2852 5430 3010 5486 enim
3033 5447 3136 5502 per
3156 5429 3672 5496 ambitionem,sed
3707 5445 3806 5502 per

2148 5517 2536 5573 humilitatem
2556 5519 2888 5590 pervenitur
2903 5520 2974 5576 ad
2998 5535 3245 5594 regnum
3269 5518 3804 5586 ccelorum.Tertio,

2147 5608 2340 5665 erudit
2361 5624 2467 5666 nos
2489 5607 3020 5681 Dominus,quibus
3037 5624 3286 5683 regnum
3298 5609 3401 5669 Dei
3422 5608 3500 5667 sit
3517 5609 3806 5677 dandum,
