4002 6078
231 211 388 277 “09

1354 209 1738 273 HOMILUE.
1772 242 1848 253 —-
1879 207 1928 268 Ι.
1977 207 2078 268 DE
2121 204 2518 268 TEMPORE.

3483 217 3642 279 1410

226 346 389 405 tibus
415 349 612 404 autem
642 345 953 412 stutitiam,
996 344 1140 418 ipsis
1169 361 1302 401 vero
1333 345 1550 400 vocatis
1577 343 1796 400 Iudaeis
1829 349 1884 398 et
1915 343 1966 409 Α
1999 357 2183 412 quens
2213 340 2328 396 ait:
2365 365 2391 391 α
2417 340 2716 399 Pallebant
2740 359 2840 398 ora
2861 344 3129 416 jejuniis,
3151 351 3210 402 et
3237 363 3404 404 mens
3425 351 3646 407 deside-

227 435 465 502 Graicis,
499 433 601 491 Dei
629 433 928 502 virtutem,
953 438 1012 490 et
1040 433 1137 490 Dei
1171 425 1516 506 sapientam.
1552 433 1696 490 Nam
1731 431 1884 504 quod

230 525 536 581 infirmum
568 528 656 580 est
685 522 807 593 Dei,
854 522 1061 580 fortius
1103 526 1192 579 est
1241 521 1584 580 hominibus
1612 540 1625 589 ;
1658 526 1714 576 et
1746 520 1887 592 quid

232 613 480 670 stultum
511 616 601 669 est
621 611 745 680 Dei,
770 612 1094 685 sapientius
1115 611 1556 668 esthominibus
1575 612 1620 683 (I
1642 609 1760 666 Cor.
1782 616 1887 676 1).»

230 703 349 760 Vos
376 718 535 777 ergo,
569 702 799 768 fratres,
851 701 1114 773 exemplo
1147 701 1549 774 Redemptoris
1587 699 1768 755 nostri
1804 697 1888 754 di-

235 807 616 860 seamus,non
638 807 741 864 per
763 790 1228 864 superbiam,sed
1245 807 1349 863 per
1368 787 1894 860 humilitatem,per

237 880 582 956 patientiam
613 885 671 936 et
696 896 798 953 per
818 880 1333 936 mansuetudinem
1348 881 1576 936 vincere
1607 878 1892 934 malitiam

240 968 467 1028 mundi.
481 969 790 1026 Discamus
821 986 935 1025 non
962 986 1064 1042 per
1082 968 1484 1039 calliditatem,
1503 969 1604 1024 sed
1625 985 1727 1040 per
1746 965 1893 1022 stul-

243 1058 433 1116 titiam
465 1057 566 1115 Dei
596 1058 823 1114 vincere
853 1057 1203 1131 sapientiam
1226 1058 1447 1114 saeculi.
1469 1056 1726 1114 Stultitia
1745 1054 1900 1112 vide'

243 1153 341 1204 tur
370 1146 507 1203 huic
538 1145 749 1202 saeculo
781 1163 1036 1220 nequam
1069 1147 1437 1220 contemplus
1467 1146 1696 1212 mundi,
1738 1145 1896 1217 abje-

241 1236 360 1294 ctio
390 1235 813 1304 saeculi,omnia
835 1236 1184 1308 relinquere,
1208 1240 1607 1310 paupertatem
1632 1241 1687 1292 et
1706 1234 1900 1289 vilita-

1997 429 2096 484 riis
2128 429 2428 485 mstuabat.
2467 451 2495 478 »
2541 431 2824 488 Honorem
2868 449 3000 490 vero
3047 451 3081 490 a
3110 435 3227 490 Deo
3270 437 3432 492 Patre
3464 437 3646 496 Filius

1997 517 2236 589 accepit,
2255 517 2312 572 in
2345 535 2410 574 eo
2442 519 2594 591 quod
2617 518 2761 593 legis
2782 537 2917 576 eum
2948 527 3004 578 et
3024 523 3440 596 prophetarum
3463 527 3649 582 Domi-

1999 623 2162 674 num,
2199 624 2301 679 per
2326 607 2559 680 Moysen
2593 613 2650 662 et
2681 608 2864 665 Eliam
2898 609 3050 666 inter
3073 629 3220 684 quos
3250 613 3311 669 in
3343 616 3649 687 majestate

1998 696 2157 752 visus
2189 700 2294 764 est,
2331 697 2671 770 designavit.
2709 701 2776 755 Et
2805 699 2862 754 in
2897 699 3005 756 hoc
3037 701 3435 759 testimonium
3467 705 3519 762 ei
3552 705 3653 762 Pa-

1999 789 2088 842 ter
2115 785 2396 840 exhibuit.
2430 786 2592 842 Unde
2625 792 2680 843 et
2712 789 3018 846 subditur:
3056 791 3182 848 Voce
3209 792 3431 865 delapsa
3458 794 3651 868 hujus-

2000 873 2208 931 cemodi
2226 892 2258 928 a
2286 876 2578 946 magniﬁca
2608 877 2863 946 gloriosa,
2897 878 2955 934 id
3005 883 3094 935 est
3141 898 3174 936 a
3205 881 3370 937 Patre
3400 881 3654 956 glorioso

2006 962 2216 1020 Filium
2266 964 2694 1036 magnificante.
2722 968 2888 1032 Qua?
2916 968 3052 1036 Hac,
3088 969 3312 1027 scilicet
3338 973 3429 1028 hic
3455 980 3534 1029 est
3569 975 3656 1030 Fi-

2005 1053 2114 1108 lius
2144 1070 2294 1109 meus
2323 1054 2566 1122 dilectus,
2619 1055 2676 1111 id
2727 1061 2836 1124 est,
2879 1056 2974 1114 hic
3006 1075 3120 1115 non
3152 1059 3323 1128 alius,
3355 1065 3444 1117 est
3475 1061 3656 1119 Filius

2007 1159 2193 1212 meus,
2227 1159 2338 1198 non
2374 1143 2681 1215 adoptivus
2726 1150 2792 1200 ut
2823 1145 2942 1212 alii,
2992 1149 3093 1203 sed
3123 1149 3548 1208 substantialis.
3592 1152 3656 1208 In

2007 1249 2122 1304 quo
2155 1231 2276 1288 solo
2309 1232 2451 1286 mihi
2484 1233 2972 1305 complacui,cum
3009 1236 3066 1292 in
3097 1239 3368 1306 Adam,et
3399 1241 3457 1296 in
3487 1246 3660 1299 caste-

241 1329 362 1382 tem
388 1341 606 1393 amare,
640 1323 956 1381 invisibilia
984 1325 1312 1381 desiderare
1355 1326 1418 1381 Et
1447 1330 1644 1382 tamen
1667 1326 1788 1381 hare
1812 1324 1898 1378 in-
2008 1321 3259 1400 risquantumcunquesanctis,mihialiquid
3274 1329 3658 1402 displicuerit.

244 1413 499 1488 sipienta
529 1413 879 1471 diabolicam
907 1419 963 1470 ct
988 1413 1308 1471 humanam
1331 1415 1510 1472 vincit
1531 1414 1898 1488 sapientiam.
2008 1412 2074 1466 Et
2103 1411 2244 1466 hanc
2274 1427 2468 1479 vocem,
2493 1410 2817 1483 inquit,nos
2847 1414 3156 1472 audivimus
3177 1417 3241 1472 dc
3260 1419 3388 1476 caelo
3407 1421 3660 1487 allatam,

317 1502 597 1576 Sequitur
624 1520 760 1576 pars
781 1503 972 1570 tertia,
1005 1502 1063 1558 in
1097 1503 1545 1577 quaapostolico
1567 1503 1902 1577 prophetico
2011 1517 2134 1556 cum
2178 1516 2412 1555 essemus
2457 1517 2580 1555 cum
2632 1502 2727 1556 illo
2788 1504 2848 1557 in
2893 1512 3072 1560 monte
3123 1516 3328 1563 sancto.
3380 1509 3662 1582 Superius

245 1591 584 1649 testimonio
607 1592 822 1648 astruit
839 1593 1236 1649 veritatem.Et
1261 1595 1422 1666 prius
1443 1593 1756 1666 apostolico
1770 1609 1904 1649 cum
2013 1589 2271 1645 dixerat:
2308 1588 2710 1660 Speculatores
2740 1591 2875 1647 facti
2910 1592 3088 1662 illius,
3121 1593 3216 1650 hic
3245 1597 3408 1666 dicit,
3440 1597 3665 1654 audivi-

246 1682 484 1777 subdit:
512 1681 609 1738 See
633 1682 993 1754 speculatores
1014 1684 1150 1754 facti
1177 1684 1333 1738 illius
1362 1683 1740 1754 magitudinis.
1775 1687 1905 1756 Ipse
1935 1713 1982 1777 Β
2014 1695 2148 1733 mus
2172 1679 2295 1777 asc
2328 1678 2377 1733 si
2411 1678 2596 1777 dicat:
2637 1681 2782 1777 Bene
2821 1681 3046 1740 debetis
3077 1685 3312 1742 credere
3341 1686 3510 1743 nobis
3543 1687 3670 1745 visa

250 1769 388 1828 enin
421 1774 628 1827 Petrus
656 1776 714 1826 et
735 1770 1487 1844 Jacobus,et.loannes,qui
1521 1773 1904 1828 fueruntcum
1938 1766 1980 1777 ”
2015 1772 2071 1822 et
2101 1766 2300 1822 audita
2347 1767 2802 1826 testiﬁcantibus
2849 1771 3033 1827 vobis.
3066 1775 3132 1828 Et
3159 1773 3419 1832 habemus
3455 1775 3666 1849 inquit,

255 1859 505 1916 Domino
526 1859 596 1934 _in
648 1862 868 1931 monte,
901 1860 1134 1932 quando
1177 1861 1632 1933 transfiguratus
1663 1866 1768 1927 est,
1803 1878 1905 1934 po-
2014 1858 2340 1927 ﬂirmiorem
2362 1857 2741 1928 prOpheticum
2767 1863 3281 1928 sermonem.Quem
3304 1864 3449 1920 dicit
3467 1865 3673 1937 ﬁrmio-

255 1952 502 2004 tuerunt
531 1949 603 2004 de
633 1947 776 2004 visis
807 1953 864 2004 et
895 1949 1112 2004 auditis
1139 1965 1338 2004 vrrum
1368 1950 1622 2021 proferre
1654 1951 1911 2006 testimo-
2015 1962 2152 2010 rem,
2186 1944 2242 1998 id
2277 1949 2366 2000 est
2393 1943 2559 2000 valde
2591 1945 2848 2002 firmum.
2881 1947 2983 2003 Vel
3012 1950 3331 2020 ﬁrmiorem,
3356 1953 3412 2009 id
3445 1958 3534 2009 est
3552 1970 3673 2010 ma-

257 2035 422 2094 nium
450 2041 570 2105 ;ut,
592 2037 915 2092 secundum
939 2036 1147 2109 legem,
1166 2037 1333 2093 inore
1350 2038 1600 2094 duorum
1622 2039 1704 2094 vel
1732 2039 1910 2094 trium
2019 2035 2110 2108 gis
2131 2034 2364 2088 firmum
2388 2037 2677 2105 quantum
2701 2036 2772 2091 ad
2795 2036 3050 2104 Judaaos,
3075 2039 3174 2110 qui
3196 2039 3329 2113 plus
3349 2041 3675 2115 acquiesce-

256 2124 684 2194 testimonium,
719 2129 900 2182 staret
931 2143 1102 2183 omne
1131 2127 1372 2182 verbum
1393 2128 1564 2196 (Deut.
1612 2131 1749 2184 xux‘.
1785 2129 1910 2182 'I‘ri-
2020 2125 2164 2179 bant
2194 2122 2528 2178 testimonio
2561 2124 2976 2196 prophetarum
3007 2144 3184 2199 quam
3216 2129 3636 2202 apostolorum.

262 2213 400 2287 plici
417 2214 573 2271 enim
597 2214 668 2271 de
693 2231 872 2272 causa
891 2215 1154 2271 ostdndit
1173 2215 1456 2272 Dominus
1475 2216 1719 2288 gloriam
1744 2234 1912 2272 suam
2093 2210 2368 2283 Sequitur
2397 2228 2532 2282 pars
2553 2217 2779 2283 quarta,
2805 2213 2863 2270 in
2886 2231 3004 2287 qua
3033 2219 3406 2275 commendat
3435 2219 3678 2293 prophe-

262 2303 570 2377 discipulis
599 2303 660 2359 in
689 2307 908 2374 monte,
951 2309 1016 2361 ut
1044 2321 1142 2360 eos
1173 2305 1243 2360 de
1291 2306 1405 2361 fide
1443 2305 1764 2361 divinitatis
1795 2323 1913 2361 suae
2021 2300 2185 2366 tiam,
2210 2305 2266 2355 et
2294 2317 2392 2356 eos
2423 2299 2520 2372 qui
2543 2299 2595 2355 ei
2617 2303 2951 2371 attendunt,
2976 2304 3205 2362 dicens:
3230 2309 3338 2364 Cui
3363 2309 3680 2382 benefacitis

264 2393 582 2464 roboraret,
617 2397 681 2449 ut
708 2411 808 2450 eos
856 2393 915 2449 in
967 2393 1026 2448 in
1059 2411 1161 2466 spe
1193 2395 1674 2450 resurrectionnis
1706 2396 1915 2450 conﬁr-
2024 2389 2370 2446 attendentes.
2415 2390 2477 2444 In
2513 2406 2628 2462 quo
2679 2391 3003 2448 econtrario
3034 2397 3388 2453 condemnat
3425 2414 3524 2454 eos
3555 2397 3679 2471 qui,

266 2486 476 2550 maret,
528 2488 594 2538 ut
639 2499 739 2539 eos
778 2483 849 2538 de
895 2487 1142 2555 utroque
1189 2488 1378 2538 certos
1415 2487 1593 2539 testes
1641 2484 1914 2539 efficeret.
2027 2492 2259 2534 sermon
2277 2477 3044 2550 Sicripturarumattendere
3069 2483 3294 2542 nolunt.
3313 2485 3522 2552 Quales
3544 2491 3685 2544 sunt

267 2571 431 2628 Unde
460 2575 518 2628 et
564 2572 660 2628 hic
699 2573 816 2629 ait:
867 2572 1239 2644 Speculatores
1285 2573 1436 2628 illius
1479 2575 1616 2644 facti
1641 2575 1918 2644 magnitu-
2027 2567 2198 2623 hodie
2233 2567 2397 2622 multi
2432 2568 2608 2623 etiam
2657 2575 2870 2624 sancta:
2923 2570 3188 2628 Ecclesia:
3240 2574 3530 2647 magistri,
3581 2575 3683 2648 qui

266 2659 440 2715 dmis.
465 2660 531 2715 Et
551 2660 720 2731 cujus
751 2659 970 2726 subdit,
1000 2661 1113 2731 fuit
1137 2661 1286 2715 enim
1314 2661 1560 2715 Christus
1591 2661 1860 2731 accipiens
1888 2677 1922 2715 a
2029 2656 2240 2728 spretis
2288 2656 2626 2728 Scripturis,
2679 2657 2994 2715 intendunt
3053 2662 3326 2736 aucupio,
3367 2664 3683 2735 venationi,

267 2751 374 2805 Deo
395 2749 558 2805 Patre
585 2749 841 2806 honorem
869 2757 920 2804 et
949 2749 1206 2818 gloriam,
1245 2747 1488 2820 gloriam
1521 2747 1578 2802 in
1611 2747 1718 2804 hoc
1745 2749 1920 2820 quod,
2031 2745 2193 2812 aleis,
2227 2743 2466 2800 ludicris
2496 2749 2554 2800 et
2602 2745 2788 2818 vanis,
2835 2752 2894 2804 et
2928 2748 3028 2821 qui
3071 2751 3248 2807 etiam
3281 2753 3496 2825 spretis
3527 2753 3688 2810 Scri-

271 2861 300 2889 α
319 2837 496 2894 facies
515 2837 644 2910 ejus
663 2835 891 2894 refulsit
903 2836 1176 2903 sicutsol,
1189 2837 1672 2907 vestimentaejus
1691 2838 1927 2892 fuerunt
2033 2838 2133 2906 ptu
2143 2833 2220 2888 ris
2238 2832 2477 2900 sanctis,
2499 2833 2809 2891 intendunt
2823 2835 3054 2910 legibus
3076 2839 3473 2913 saecularibus,
3493 2843 3690 2900 causis

273 2924 410 2982 alba
439 2926 590 2982 sicut
619 2925 718 2981 nix
771 2925 976 2996 (Matth.
1029 2929 1191 2994 xvu).
1236 2947 1265 2975 »
1309 2925 1379 2980 Et
1425 2925 1532 2981 hoc
1571 2942 1778 2996 parum
1817 2925 1928 2980 fuit
2034 2928 2090 2978 et
2119 2922 2283 2977 vanis
2314 2923 2630 2995 figmentis.
2658 2924 3191 2997 chrehenduntur
3210 2929 3385 2986 etiam
3417 2935 3473 2986 et
3492 2931 3691 3004 plebes

272 3014 335 3071 in
370 3013 532 3080 Filio,
567 3031 702 3070 cum
733 3014 908 3070 etiam
931 3011 1177 3086 quilibet
1205 3013 1393 3070 sancti
1429 3013 1488 3068 in
1520 3013 1728 3085 patria,
1761 3013 1926 3086 plus-

2041 3012 2141 3084 qui
2173 3011 2450 3066 libentius
2471 3011 2720 3068 audiunt
2749 3013 3088 3084 cantilenas,
3113 3017 3366 3076 citharas
3385 3023 3442 3075 et
3469 3019 3691 3078 vanita-

277 3119 454 3177 quam
481 3078 571 3160 sol
603 3101 723 3159 sint
751 3078 1052 3159 radiaturi.
1077 3103 1189 3158 Sed
1207 3107 1433 3158 tantum
1458 3078 1605 3158 ineo
1627 3078 1928 3159 ost-ensum
1961 3078 2003 3146 (ἶ
2042 3078 2131 3156 ίοε
2160 3116 2336 3172 quam
2387 3117 2614 3156 sacram
2663 3101 3044 3174 Scripturam.
3073 3078 3426 3176 'Accedentes,
3478 3108 3690 3182 inquit,

279 3196 338 3246 et
376 3191 681 3259 claritatis,
723 3195 1011 3264 quantum
1073 3192 1345 3247 inﬁrmus
1390 3191 1552 3247 visus
1595 3191 1932 3248 mortalium

281 3279 709 3353 discipulorum
740 3279 1099 3348 mortalium,
1139 3281 1551 3353 quoquomodo
1590 3285 1816 3353 poterat
1847 3281 1933 3338 in-

282 3369 462 3426 sueri.
487 3369 725 3443 Myst'ice
747 3387 880 3427 vero
902 3387 1005 3443 per
1022 3369 1252 3437 faciem,
1268 3369 1592 3426 divinitatis
1616 3370 1821 3426 notitia
1855 3370 1936 3424 in-

281 3457 585 3531 telligitur,
619 3476 746 3532 quae
779 3458 1028 3532 fulgebit
1055 3458 1115 3515 in
1147 3459 1368 3516 sanctis
1390 3459 1542 3515 sicut
1565 3458 1673 3515 sol.
1707 3457 1803 3516 Sol
1825 3459 1939 3516 tria

283 3547 445 3605 facit.
478 3547 764 3612 Desiccat,
790 3547 1106 3619 illuminat,
1139 3547 1424 3604 calefacit.
1460 3547 1675 3604 Notitia
1705 3565 1938 3621 quoque

285 3636 464 3692 divini
489 3637 684 3694 vultus
703 3654 936 3694 omnem
955 3636 1350 3693 terrenitatem
1365 3636 1421 3691 in
1447 3636 1666 3692 sanctis
1691 3637 1936 3693 desicca-

287 3725 375 3782 bit
402 3731 460 3782 et
485 3731 704 3783 exuret.
747 3725 1109 3782 llluminabit
1138 3726 1313 3781 etiam
1347 3727 1426 3782 ita
1457 3743 1578 3793 eos,
1631 3731 1694 3782 ut
1745 3727 1942 3783 omnia

289 3813 514 3870 occulta
571 3818 943 3888 cognoscant.
1011 3815 1322 3870 Calefaciet
1369 3815 1544 3871 etiam
1604 3815 1685 3872 ita
1726 3833 1824 3873 eos
1879 3821 1943 3872 ut

2042 3197 2304 3261 tanquam
2333 3190 2574 3245 lucerna;-
2596 3190 2813 3247 ardenti
2849 3193 2908 3247 in
2939 3194 3240 3265 caliginoso
3271 3196 3404 3254 loco.
3437 3197 3693 3267 Mundus

2043 3278 2399 3352 caliginosus
2442 3283 2530 3333 est
2561 3279 2774 3351 triplici
2825 3263 3090 3353 caligine.
3147 3283 3403 3357 Caligine
3433 3263 3694 3358 peccato.-

2045 3385 2198 3434 rum,
2231 3366 2480 3439 caligine
2529 3366 2890 3439 ignorantiae,
2945 3367 3192 3444 caligine
3243 3372 3510 3430 miseriae.
3544 3375 3696 3431 Scri-

2045 3463 2218 3529 ptura
2243 3473 2376 3512 vero
2404 3473 2572 3512 sacra
2598 3455 2766 3512 nobis
2795 3462 2885 3514 est
2915 3456 3013 3515 lux
3034 3459 3092 3515 in
3115 3460 3224 3518 hoe
3246 3462 3494 3532 mundo;
3519 3479 3698 3536 quam

2046 3549 2377 3617 sequentes,
2399 3544 2685 3602 evitamus
2706 3552 2964 3618 peccata,
2985 3548 3402 3621 ignorantiam,
3427 3555 3484 3608 et
3515 3553 3584 3608 ad
3609 3551 3700 3609 ul—

2045 3635 2256 3690 timum
2301 3633 2620 3690 miseriam.
2655 3637 2724 3691 Et
2754 3636 2873 3692 haec
2921 3636 3159 3694 lucerna
3202 3643 3292 3696 est
3322 3641 3512 3708 nobis,
3553 3642 3696 3698 dum

2047 3740 2256 3780 sumus
2287 3723 2347 3777 in
2378 3723 2485 3779 hoc
2516 3723 2750 3792 saeculo,
2802 3727 3152 3794 necessaria,
3203 3727 3370 3784 donec
3399 3729 3514 3786 dies
3553 3731 3699 3797 dies,

2049 3812 2271 3869 scilicet
2302 3828 2552 3884 magnus
2575 3813 2804 3884 judicii,
2837 3815 2938 3886 qui
2961 3832 3263 3888 vesperam
3296 3835 3410 3874 non
3443 3817 3702 3889 habebit,

289 3919 392 3959 eos
445 3903 503 3958 in
551 3919 748 3959 amere
797 3904 1004 3960 reddat
1052 3903 1357 3970 ferventes,
1423 3908 1489 3959 ut
1536 3910 1754 3976 quanto
1806 3922 1940 3961 eum

2050 3903 2326 3958 illucescat
2356 3902 2415 3956 in
2440 3902 2992 3974 resurrection.quas
3014 3905 3125 3960 erit
3151 3906 3321 3977 quasi
3353 3923 3524 3964 mane
3539 3913 3706 3964 ater-

287 3990 561 4059 viderint,
595 4008 729 4048 eum
761 3992 951 4065 magis
977 3992 1172 4048 videre
1219 3992 1567 4050 desiderent.
1623 3994 1728 4050 Per
1755 3999 1943 4050 vestes

2050 3992 2273 4056 uitatis,
2302 3999 2354 4046 et
2385 3991 2599 4061 lucifer,
2652 3990 2709 4044 id
2742 3995 2829 4046 est
2873 3991 3109 4050 claritas
3139 3994 3358 4062 divina,
3405 3999 3620 4053 oriatur
3647 3999 3709 4054 in

289 4097 426 4137 vero
455 4079 543 4136 vel
590 4097 721 4136 caro
761 4080 995 4146 Christi,
1045 4080 1132 4136 vel
1165 4082 1352 4136 sancti
1399 4080 1826 4156 intelliguntur,
1871 4083 1943 4139 de
2049 4079 2549 4144 cordibusnostris,
2574 4077 3376 4154 excludenspenitusanobis
3397 4085 3707 4160 caliginem

292 4170 514 4244 quibus
563 4170 847 4243 scriptum
877 4175 1003 4227 est:
1037 4193 1065 4222 «
1097 4170 1385 4227 Omnibus
1424 4170 1515 4227 his
1562 4173 1730 4244 quasi
1770 4173 1943 4228 vesti-
2053 4173 2446 4241 peccatorum,
2469 4167 2777 4240 caliginem
2807 4167 3168 4241 ignorantiae,
3186 4173 3497 4247 caliginem
3529 4175 3711 4233 mise-

294 4265 493 4316 mento
549 4258 814 4316 vestieris
873 4260 999 4332 (Isa.
1059 4261 1232 4332 xux).
1293 4281 1322 4309 ››
1397 4261 1523 4316 Hec
1597 4262 1946 4318 vestimenta
2054 4258 2173 4324 riae,
2214 4262 2270 4313 et
2302 4256 2550 4312 revelata
2588 4257 2731 4313 facie
2783 4258 3113 4316 videbimus
3168 4261 3352 4319 Deum
3399 4263 3572 4320 sicuti
3623 4269 3713 4321 est

294 4353 471 4406 erunt
521 4348 657 4405 alba
701 4348 858 4406 sicut
903 4349 1020 4405 nix.
1079 4349 1189 4404 Nix
1233 4349 1302 4404 de
1352 4348 1570 4404 caelesti
1611 4349 1806 4423 pluvia
1845 4368 1948 4423 per
2054 4351 2106 4418 (I
2136 4348 2257 4402 Cor.
2280 4350 2422 4414 xm).
2449 4346 2580 4418 Ipso
2603 4345 2885 4420 largiente
2915 4347 3185 4420 quicum
3218 4349 3383 4408 Patre
3413 4357 3471 4409 et
3491 4353 3714 4426 Spiritu

295 4435 765 4511 magnitudinem
786 4437 1020 4510 frigoris
1047 4437 1469 4521 constringitur
1490 4442 1546 4493 et
1574 4439 1939 4497 candidatur.
1973 4457 2020 4521 υ
2051 4440 2253 4507 sancto
2284 4435 2422 4490 vivit
2450 4439 2508 4490 et
2538 4441 2744 4508 regnat
2771 4435 2924 4492 Deus
2955 4453 3058 4510 per
3085 4439 3284 4496 omnia
3300 4440 3514 4499 secula
3531 4459 3713 4499 sacu-

297 4529 410 4583 Per
439 4525 630 4582 nivem
659 4539 796 4601 ergo
844 4525 1192 4584 castimonia
1239 4520 1601 4600 desighatur,
1650 4545 1776 4601 quae
1833 4547 1948 4588 non
1987 4520 1990 4521 ⁷
2063 4523 2273 4580 lorum.
2303 4525 2507 4580 Amen.

297 4613 553 4672 habetur
618 4614 732 4672 nisi
802 4615 1013 4689 gratia,
1088 4633 1193 4690 per
1254 4615 1750 4688 refrigerationem
1821 4635 1951 4676 car-
2758 4612 3002 4672 XXVIII.

301 4703 432 4773 nis;
491 4719 597 4760 nec
647 4703 807 4760 enim
852 4719 958 4777 per
1021 4705 1271 4778 gratiam
1321 4703 1447 4762 sine
1495 4705 1948 4779 refrigeratione,
2428 4719 2487 4758 IN
2523 4719 3086 4762 TRANSFIGURATIONB
3125 4722 3352 4764 DOMINI.

303 4808 413 4847 nec
443 4808 545 4864 per
581 4791 1081 4865 refrigerationem
1129 4794 1256 4850 sine
1294 4794 1482 4868 gratia
1512 4795 1702 4852 datur.
1747 4796 1957 4853 Errant
2139 4794 2442 4864 Assumpsit
2505 4793 2656 4849 Jesus
2707 4794 2950 4862 Petrum,
3010 4803 3062 4851 et
3134 4795 3393 4855 Iacobum
3445 4807 3499 4856 et
3552 4801 3719 4856 Joan-

303 4896 444 4953 ergo
472 4879 575 4953 qui
619 4880 881 4938 volentes
931 4883 1216 4955 castigare
1263 4900 1475 4955 corpus
1507 4901 1705 4956 suum,
1736 4885 1806 4940 de
1836 4885 1960 4942 sola
2067 4899 2192 4938 nent
2218 4885 2448 4954 fratrem
2476 4883 2610 4954 ejus,
2661 4889 2714 4938 et
2739 4881 2900 4939 duxit
2941 4899 3028 4940 eos
3075 4885 3136 4940 in
3176 4894 3415 4942 montem
3451 4890 3723 4946 excelsum

307 4967 501 5042 gratia
530 4967 658 5026 sine
708 4968 906 5026 labore
954 4971 1157 5026 volunt
1203 4971 1611 5028 castimoniam
1660 4973 1957 5044 obtinere;
2069 4988 2332 5043 seorsum,
2402 4978 2452 5025 et
2521 4972 2943 5042 transﬁguratus
3016 4980 3094 5029 est
3173 4984 3296 5030 ants
3371 4994 3459 5033 eos
3518 4977 3722 5050 (Matth.

308 5057 594 5116 Dominus
623 5059 1041 5117 enimvirtutes
1068 5078 1183 5116 non
1206 5061 1652 5130 dormientibus,
1677 5066 1775 5120 sed
1801 5063 1962 5120 labo-
2072 5061 2228 5132 xvu).
2277 5066 2342 5115 In
2391 5059 2853 5130 praecedentibus
2909 5061 3090 5133 hujus
3151 5064 3466 5138 Evangelii,
3519 5066 3726 5124 fratres

312 5145 583 5204 rantibus
613 5148 900 5206 concedit.
934 5151 1161 5207 Rursus
1181 5151 1515 5223 errant,qui
1531 5169 1633 5224 per
1651 5153 1837 5210 solam
1869 5171 1966 5209 ca-
2076 5151 2210 5217 mei,
2267 5150 2489 5205 dixerat
2540 5149 2822 5206 Dominus
2871 5152 3046 5208 Jesus
3092 5153 3401 5226 discipulis
3439 5153 3563 5212 suis
3618 5155 3728 5212 hu-

311 5235 688 5309 stigstionem
721 5238 914 5296 carnis
933 5239 1259 5296 castitatem
1286 5239 1500 5296 habere
1530 5247 1834 5297 conantur.
1865 5248 1966 5298 ln-
2070 5238 2333 5310 jusmodi
2363 5237 2566 5294 verba:
2601 5261 2630 5289 «
2679 5239 2828 5294 Sunt
2873 5242 2945 5297 de
2993 5239 3089 5297 hic
3135 5243 3429 5300 stantibus
3473 5243 3576 5315 qui
3615 5260 3732 5300 non

313 5322 478 5380 utilis
505 5325 660 5382 enim
693 5331 784 5384 est
813 5327 976 5384 labor
996 5327 1120 5384 sine
1139 5327 1525 5401 gratia.Unde
1546 5329 1675 5404 etin
1699 5330 1972 5386 maeilen-
2081 5328 2404 5400 gustabunt
2432 5332 2703 5394 mortem,
2749 5327 2936 5386 donec
2964 5329 3200 5386 videant
3237 5331 3448 5386 Filium
3480 5331 3737 5388 hominis

313 5412 394 5469 tis
424 5418 482 5469 et
510 5413 745 5488 pallidis
785 5416 978 5473 adhuc
1008 5417 1208 5472 vivunt
1253 5415 1544 5485 incendia,
1596 5418 1710 5474 nisi
1739 5436 1843 5490 per
1870 5420 1972 5478 Dei
2084 5417 2144 5472 in
2177 5433 2352 5490 regno
2403 5432 2509 5472 suo
2549 5418 2734 5485 (Marc.
2765 5424 2917 5490 vm).
2965 5440 2993 5467 »
3041 5417 3150 5482 Qui
3197 5420 3390 5475 auiem
3427 5423 3622 5476 essent
3651 5417 3738 5474 illi

291 5503 568 5578 gratiam
597 5506 1045 5581 restringantur.
1080 5506 1243 5563 Unde
1273 5505 1661 5583 Hieronymus
1691 5508 1762 5566 de
1793 5525 1855 5567 se
1885 5509 1973 5568 lo-
2087 5504 2361 5580 discipuli
2384 5506 2658 5577 ostendit,
2679 5520 2818 5563 cum
2845 5508 3022 5569 satim
3045 5506 3383 5582 subjungit:
3414 5509 3479 5566 Et
3491 5513 3612 5583 post
3628 5503 3742 5564 dies
