4008 6072
338 240 489 303 Mli

1616 240 2015 304 RADULPHI
2055 239 2474 304 ABDENTIS.

3580 242 3746 303 M12

333 390 430 427 suc
467 372 758 444 assumpsit
808 371 1050 438 Petrum,
1099 379 1149 426 et
1190 371 1450 427 Iacobum
1496 380 1547 427 et
1572 373 1837 428 Joannem
1860 374 1980 443 [ra-
2008 375 2063 441 Α
2094 372 2371 444 perﬁcere
2405 371 2661 444 (Phit.n).
2696 371 2857 439 Quod
2909 370 3165 427 sentiens
3208 387 3443 444 sponsa,
3482 371 3553 427 in
3583 372 3745 429 Can-

335 474 469 517 trem
511 464 645 533 ejus,
688 464 796 516 etc.
838 458 1034 515 Voluit
1081 460 1297 533 quippe
1356 461 1639 517 Dominus
1679 462 1982 518 ostendere

334 549 638 622 discipulis
668 548 790 604 suis
821 548 1065 623 gloriam
1108 566 1298 620 suam,
1334 553 1466 604 ante
1498 554 1743 606 mortem
1773 567 1940 606 suam
1966 568 1979 619 ;

333 638 653 711 potentiam
682 655 874 706 suam,
935 642 1066 692 ante
1095 638 1430 709 passionem
1462 655 1627 693 suam
1654 657 1667 707 ;
1700 639 1981 695 honorem

331 744 530 798 suum,
560 732 693 783 ante
717 726 994 798 injuriam
1025 743 1213 782 suam.
1239 727 1304 782 Et
1322 728 1432 784 hoc
1452 727 1667 800 triplici
1692 729 1760 783 de
1782 745 1977 784 causa.

334 816 529 871 Prima
559 821 667 884 est,
703 815 977 888 quoniam
1011 815 1069 871 in
1120 816 1232 871 ﬁde
1265 816 1586 873 divinitatis
1617 822 1672 873 et
1709 818 1979 889 potentiae

330 921 447 960 sua:
479 921 577 961 eos
601 905 1020 971 corroboraret,
1052 909 1116 959 ut
1145 905 1411 961 videlicet
1441 907 1673 978 quando
1720 906 1981 961 viderent

328 1010 462 1049 eum
492 992 632 1066 pati,
683 993 899 1049 scirent
937 994 1089 1066 quod
1140 1011 1254 1049 non
1288 995 1358 1050 de
1389 994 1731 1050 necessitate
1762 999 1980 1067 patere-

328 1086 443 1148 tur,
478 1081 579 1136 sed
626 1081 695 1136 de
743 1080 1056 1136 voluntate.
1102 1081 1371 1137 Secunda
1419 1086 1527 1150 cst,
1577 1086 1867 1153 quatenus
1916 1080 1974 1136 in

326 1171 738 1225 demonstratae
767 1168 962 1242 gloriae
1005 1169 1361 1225 desiderium
1393 1168 1620 1226 animos
1647 1186 1848 1224 eorum
1881 1185 1974 1224 ac-
2034 1228 2041 1237 ,

324 1259 614 1314 cenderet.
651 1258 848 1314 Tertia
890 1264 998 1326 est,
1033 1263 1322 1331 quatenus
1362 1258 1431 1313 de
1474 1257 1597 1314 visa
1645 1257 1829 1330 gloria
1868 1274 1975 1313 sua

323 1364 422 1403 eos
452 1352 571 1403 tam
603 1347 804 1402 firmos
848 1364 1025 1419 quam
1074 1364 1239 1403 veros
1283 1351 1461 1402 testes
1505 1346 1774 1404 efﬁceret.
1816 1346 1975 1403 Unde

321 1437 510 1493 tribus
543 1454 670 1493 eam
702 1436 977 1503 ostendit,
1020 1436 1295 1507 quoniam
1333 1437 1502 1507 juxta
1540 1436 1749 1507 legem,
1785 1438 1844 1491 in
1876 1453 1973 1492 ore

321 1525 573 1581 duorum
620 1523 705 1580 vel
762 1525 941 1579 trium
1002 1525 1265 1589 testium,
1327 1527 1445 1579 stat
1510 1540 1682 1579 omne
1730 1524 1970 1579 verbum

320 1618 503 1686 (Deut.
563 1617 697 1681 xxx).
759 1615 828 1668 Et
884 1614 977 1668 his
1033 1613 1145 1668 sibi
1223 1612 1414 1684 magis
1468 1612 1854 1669 familiaribus
1916 1617 1973 1669 et

2093 461 2225 517 ticis
2254 461 2615 517 canticorum
2638 460 2851 516 clamat
2873 477 3158 533 sponsum
3183 476 3196 516 :
3227 484 3255 512 ‹‹
3277 459 3466 517 Trahe
3491 478 3584 518 me
3603 466 3745 534 post

2091 553 2167 619 te,
2182 566 2488 607 curremus
2507 550 2567 606 in
2581 551 2755 607 odore
2778 553 3214 623 unguentorum
3233 553 3470 607 tuorum
3486 553 3740 622 (Canta).

2092 639 2239 695 Hinc
2261 644 2319 695 et
2339 639 2681 696 Psalmista:
2707 662 2737 690 «
2762 640 2972 696 Beatus
2991 639 3080 695 vir
3099 640 3270 712 cujus
3299 642 3387 696 est
3405 639 3686 697 auxilium
3700 658 3741 697 a

2091 733 2146 784 te
2170 729 2339 801 (Psat,
2367 732 2661 799 Lxxxm).»
2704 727 2929 795 Quare?
2951 728 3097 794 Quia
3124 732 3180 785 te
3209 727 3262 785 ei
3283 729 3495 785 bonam
3525 729 3737 786 volun-

2088 820 2268 873 tatem
2282 818 2626 891 inspirante,
2636 840 2664 869 ‹‹
2677 817 3047 874 assensiones
3060 817 3120 873 in
3134 819 3305 874 corde
3322 835 3429 874 suo
3443 818 3738 889 disposuit

2089 906 2291 979 (ibid),
2330 930 2359 957 ››
2390 911 2680 979 quatenus
2711 905 3088 979 corporaliter
3109 906 3301 962 adhuc
3333 912 3590 973 maneat,
3621 930 3649 956 ει
3668 906 3731 964 in

2086 995 2235 1051 valle
2282 995 2699 1069 lacrymarum,
2747 997 2808 1051 in
2860 995 2985 1052 loco
3012 1013 3187 1068 quem
3232 996 3429 1069 posuit
3457 996 3665 1066 (ibid.).
3693 1017 3725 1050 ι

2084 1085 2155 1140 Et
2177 1102 2280 1157 per
2295 1102 2468 1157 quem
2491 1086 2647 1158 quod
2668 1084 2960 1158 disposuit
2976 1085 3161 1141 facere
3181 1085 3429 1158 poterit?
3451 1106 3479 1137 ι(
3501 1085 3729 1142 Etenim

2086 1173 2519 1230 benedictiones
2549 1173 2872 1246 gratiarum
2908 1173 3073 1229 dabit
3102 1172 3435 1247 legistator;
3460 1172 3629 1229 ibunt
3656 1174 3728 1231 de

2082 1263 2293 1318 virtute
2322 1262 2383 1318 in
2408 1263 2704 1329 virtutem,
2728 1261 3020 1318 videbitur
3048 1263 3202 1320 Deus
3231 1263 3471 1319 deorum
3502 1262 3565 1319 in
3587 1263 3727 1320 Sion

2082 1352 2289 1423 (ibid.).
2323 1375 2350 1403 ››
2386 1351 2536 1409 Ubi?
2560 1357 2625 1407 In
2657 1355 2855 1408 monte
2887 1369 3173 1410 seorsum.
3208 1352 3315 1418 Qui
3345 1351 3501 1407 enim
3532 1368 3724 1408 mere-

2082 1441 2304 1498 buntur
2351 1442 2466 1497 frui
2513 1442 2709 1498 divina
2753 1441 2994 1510 visione,
3040 1441 3519 1499 sublimabuntur
3544 1459 3727 1515 supra

2080 1547 2286 1588 omnes
2319 1532 2615 1605 reprobos.
2646 1531 2825 1587 Juxta
2869 1529 3013 1586 illud
3041 1547 3054 1586 :
3088 1554 3116 1581 «
3150 1531 3220 1586 Et
3260 1529 3725 1587 dominabuntur

2079 1636 2280 1676 eorum
2305 1620 2456 1692 justi
2485 1619 2545 1675 in
2576 1619 2867 1676 matutino
2899 1619 3064 1692 (Psat.
3096 1618 3310 1692 vam),
3338 1641 3366 1670 υ
3400 1623 3459 1674 et
3485 1636 3723 1692 separa-

320 1704 612 1778 perfectis,
672 1707 737 1757 ut
792 1703 1122 1758 ostenderet
1179 1702 1501 1758 divinitatis
1560 1719 1772 1758 arcana
1838 1708 1968 1759 tan-
1997 1748 2045 1815 Β
2079 1709 2299 1765 buntur
2327 1709 2387 1765 in
2418 1714 2698 1765 aeternum
2739 1709 2812 1765 ab
2842 1709 2948 1765 eis.
2982 1708 3146 1765 Unde
3176 1713 3235 1765 et
3263 1709 3548 1781 scriptum
3580 1713 3672 1765 est
3701 1726 3719 1765 :

320 1799 439 1815 ιη...
480 1792 864 1815 ΡᾼμέιέΔ-ἷι---
921 1797 963 1815 ,Α
1004 1792 1272 1815 ..--Ρ.-ι3-
1323 1809 1441 1815 _-_-
1489 1791 1787 1815 _--_-1-_J-
1865 1793 1963 1815 13-1
2119 1799 2164 1815 νη
2208 1796 2241 1815 Il
2289 1801 2299 1815 ι
2399 1798 2409 1809 ⁸
2458 1814 2463 1815 ,
2524 1796 2535 1815 9
2594 1813 2603 1815 Α
2698 1814 2703 1815 ,
2760 1795 2921 1815 ,!j_-1
2954 1795 3182 1815 *1,A,!__A
3217 1795 3315 1815 “-3
3343 1795 3447 1815 ΙΙ--
3492 1799 3644 1815 ¥____s

319 1799 446 1849 tum
480 1792 866 1849 familiaribus
917 1797 973 1848 et
1003 1792 1274 1864 perfectis
1318 1809 1446 1848 esse
1489 1791 1815 1848 revelanda.
1865 1793 1966 1848 Est

318 1888 513 1940 autem
566 1883 687 1939 hac
747 1882 917 1938 lectio
977 1883 1423 1956 quadripartita.
1486 1882 1683 1938 Primo
1749 1881 1964 1955 quippe

318 1973 668 2029 describitur
711 1971 995 2027 Dominus
1047 1975 1163 2027 tres
1225 1970 1543 2044 discipulos
1602 1971 1837 2027 duxisse
1900 1971 1960 2027 in

318 2066 611 2130 montem;
668 2060 945 2128 secundo,
1004 2060 1356 2132 promissam
1407 2058 1688 2115 visionem
1735 2059 1818 2115 eis
1861 2060 1959 2116 de-

316 2155 704 2219 monstrasse;
737 2150 927 2218 tcrtio,
947 2166 1045 2204 cos
1077 2153 1399 2221 prostratos
1427 2147 1698 2215 erexisse,
1728 2153 1955 2220 quarto,

317 2256 388 2295 ne
408 2239 536 2294 viaa
557 2239 667 2294 nisi
693 2243 824 2311 post
847 2238 1334 2294 resurrectionem
1357 2254 1524 2294 suam
1545 2237 1960 2293 revelarentin-

314 2327 598 2383 hibuisse.

384 2415 582 2472 Primo
614 2415 791 2489 igitur
821 2415 1170 2472 describitur
1196 2416 1473 2472 Dominus
1494 2420 1611 2473 tres
1637 2417 1957 2489 discipulos

314 2505 571 2572 duxisse,
604 2522 739 2560 cum
791 2505 1031 2561 dicitur:
1054 2508 1182 2562 Post
1211 2506 1324 2563 dies
1354 2523 1450 2562 sea:
1477 2509 1772 2578 assumpsit
1799 2511 1956 2563 Jesus

311 2596 553 2668 Petram,
567 2603 615 2650 et
635 2596 887 2651 Iacobum
911 2603 961 2650 et
987 2597 1249 2651 Joannem
1281 2599 1531 2668 fratrem,
1579 2600 1688 2653 etc.
1722 2597 1784 2652 In
1817 2613 1952 2668 quo,

313 2683 523 2740 fratres
543 2683 675 2751 mei,
697 2683 891 2739 innuit
914 2684 1081 2740 nobis
1104 2702 1222 2752 sex,
1237 2684 1502 2741 videlicet
1516 2686 1768 2757 quando,
1790 2690 1951 2757 quot,

313 2774 433 2846 qui,
454 2788 669 2845 quonzo
686 2773 767 2840 io,
793 2790 896 2845 per
915 2790 1087 2845 quem
1101 2779 1157 2829 et
1178 2774 1277 2831 ubi
1311 2774 1381 2829 ad
1401 2773 1952 2847 contemplationem

311 2862 516 2919 divinae
562 2860 757 2935 gloriae
809 2862 928 2917 sint
975 2864 1327 2935 perventuri.
1381 2864 1667 2930 Quando?
1703 2865 1828 2920 Post
1856 2881 1953 2920 sea:

309 2953 444 3013 dies.
476 2952 533 3006 id
566 2954 653 3007 est
685 2956 814 3023 post
837 2968 935 3007 sex
957 2956 1155 3007 aetates
1180 2952 1490 3007 mundanae
1511 2952 1638 3006 vitae
1667 2977 1680 3018 ;
1705 2952 1763 3007 in
1786 2957 1951 3009 aetate

309 3041 579 3116 septima,
630 3058 755 3113 qua:
804 3041 1213 3097 defunctorum
1262 3045 1369 3109 est,
1435 3040 1715 3113 incipient
1763 3043 1950 3098 sancti

2075 1822 2101 1848 ‹‹
2119 1796 2381 1853 Tollatur
2397 1796 2614 1869 impius
2644 1814 2715 1852 ne
2735 1795 2929 1852 videat
2947 1795 3192 1869 gloriam
3216 1795 3316 1852 Dei
3339 1795 3468 1865 (Isa.
3489 1799 3667 1866 xxvx).
3690 1818 3719 1846 ι»

2144 1886 2433 1955 Secundo,
2476 1885 2827 1942 describitur
2873 1884 3159 1941 Dominus
3216 1883 3570 1958 promissam
3626 1884 3717 1941 vi-

2072 1974 2295 2031 sionem
2326 1973 2606 2048 apostolis
2637 1974 2947 2046 revelasse,
2978 1990 3113 2029 cum
3143 1973 3395 2029 dicitur:
3439 1976 3506 2030 Et
3535 1982 3718 2030 trans-

2067 2064 2340 2133 ﬁguratus
2368 2073 2445 2120 est
2474 2072 2600 2120 ante
2641 2080 2749 2130 eos,
2781 2067 2891 2120 etc.
2936 2062 3092 2133 Tria,
3143 2062 3351 2119 fratres
3381 2062 3517 2132 mei,
3552 2079 3717 2120 reve.

2070 2151 2265 2208 lantur
2294 2154 2353 2209 in
2385 2153 2492 2209 hac
2517 2152 2734 2209 visione
2763 2150 3065 2225 apostolis,
3084 2151 3352 2208 videlicet
3378 2151 3586 2225 gloria,
3618 2169 3718 2208 au-

2068 2242 2306 2297 ctoritas
2326 2246 2385 2297 et
2406 2246 2545 2298 natu
2555 2259 2617 2297 ra
2637 2241 2832 2296 divina
2842 2241 2983 2297 Jesu
3005 2239 3236 2297 Christi.
3259 2239 3453 2297 Gloria
3472 2241 3711 2315 quippe,

2068 2346 2244 2402 quam
2274 2330 2584 2386 habiturus
2631 2329 2720 2386 vel
2750 2331 2999 2385 daturus
3030 2333 3154 2385 erat
3182 2330 3307 2386 suis
3359 2330 3419 2385 in
3451 2347 3713 2388 resurre-

2065 2419 2256 2476 ctione
2276 2420 2729 2488 demonstratur,
2746 2435 2880 2474 cum
2902 2419 3119 2474 dicitur
3137 2436 3149 2474 :
3177 2419 3615 2490 Transﬁguratus
3632 2427 3712 2475 est

2064 2517 2197 2565 ante
2242 2524 2353 2576 eos,
2402 2517 2454 2565 et
2500 2508 2836 2580 resplenduit
2861 2510 3030 2580 facies
3074 2509 3209 2581 ejus.
3257 2509 3420 2564 Tunc
3464 2509 3699 2581 proprie

2062 2597 2437 2669 tranﬁgurari
2466 2597 2700 2667 dicitur,
2734 2612 2869 2651 cum
2904 2600 3174 2652 manente
3204 2596 3405 2652 eadem
3438 2597 3709 2653 substan-

2062 2687 2166 2754 tia,
2199 2689 2428 2741 tantum
2460 2684 2717 2758 qualitas
2746 2688 2803 2741 et
2832 2689 3022 2741 status
3038 2685 3193 2741 circa
3221 2701 3357 2741 eum
3406 2688 3705 2742 transmu-

2062 2779 2240 2831 tatur.
2272 2774 2486 2831 Volens
2539 2791 2674 2848 ergo
2704 2774 2992 2830 Dominus
3022 2774 3426 2830 demonstrare
3454 2772 3706 2846 gloriam

2062 2863 2526 2931 resurrectionis,
2578 2862 2971 2920 substantiam
3003 2878 3172 2919 suam
3205 2879 3322 2918 non
3354 2866 3566 2931 mutat,
3599 2863 3702 2921 sed

2060 2958 2293 3010 tantum
2324 2970 2386 3009 se
2415 2953 2814 3026 transfigurat,
2846 2951 3100 3008 innuens
3130 2950 3299 3009 nobis
3328 2951 3485 3025 quod
3514 2950 3574 3006 in
3604 2968 3702 3008 re-

2060 3042 2418 3100 surrectione
2438 3041 2772 3098 substantia
2789 3039 3094 3097 hominum
3118 3057 3235 3097 non
3266 3040 3577 3109 auferetur,
3597 3041 3701 3097 sed

268 3129 369 3188 ‘in
403 3130 742 3186 anima/frui
773 3129 957 3203 gloxia
1006 3130 1127 3186 Dei.
1162 3130 1400 3185 Fruitur
1428 3131 1629 3186 eadem
1661 3131 1720 3185 in
1753 3130 1949 3188 anima
1979 3119 2022 3187 C
2060 3136 2294 3189 tantum
2326 3130 2580 3204 qualitas
2612 3130 2955 3199 mutabitur,
2992 3128 3281 3187 malorum
3298 3129 3358 3185 in
3381 3131 3569 3202 pejus,
3591 3130 3702 3187 bo-

307 3224 366 3278 et
394 3237 632 3293 corpore
681 3220 739 3275 in
788 3224 1006 3288 octavo,
1058 3220 1115 3274 id
1160 3224 1249 3275 est
1297 3220 1356 3275 in
1409 3220 1848 3275 resurrectione.
1881 3221 1950 3276 Et

306 3310 462 3368 unde
492 3315 547 3365 et
579 3309 736 3364 hunc
785 3307 976 3364 locum
1028 3308 1365 3364 describens
1416 3308 1565 3365 alius
1594 3308 1950 3381 evangelista

307 3397 479 3454 dicit:
514 3422 540 3448 ‹‹
578 3399 713 3454 Post
743 3402 868 3453 octo
921 3398 1075 3470 (Joan
1108 3441 1120 3452 .
1144 3401 1260 3465 xx),
1284 3420 1311 3445 υ
1353 3397 1661 3453 includens
1692 3398 1946 3470 primum

306 3491 366 3543 et
395 3493 717 3543 extremum
751 3488 926 3542 diem.
963 3487 1149 3551 Quot?
1187 3492 1305 3541 tres
1336 3490 1585 3553 tantum,
1624 3487 1682 3541 id
1713 3490 1801 3543 est
1830 3492 1947 3543 tres

306 3576 540 3631 ordines
598 3579 810 3630 sanctae
868 3573 1156 3642 Ecclesia,
1197 3574 1421 3630 scilicet
1476 3577 1944 3648 conjugatorum,

304 3663 729 3720 continentium
805 3668 861 3718 et
923 3663 1235 3736 virginum.
1308 3664 1407 3736 qui
1457 3665 1626 3735 juxta
1682 3665 1945 3720 ordinem

305 3770 480 3808 suum
513 3756 665 3808 recte
694 3752 916 3807 vivunt.
973 3751 1287 3807 Fornicarii
1319 3753 1534 3824 quippe
1565 3757 1622 3808 et
1671 3753 1943 3823 adulteri,

304 3841 537 3909 mmchi,
572 3840 881 3897 Sodomitas
914 3839 1219 3912 caeterique
1250 3840 1455 3912 polluti
1482 3842 1551 3896 ad
1594 3841 1799 3898 divinae
1830 3842 1947 3915 glo-

304 3930 400 3986 ria:
451 3929 733 3986 visionem
783 3927 1121 3984 nullatenus
1187 3933 1327 3984 sunt
1373 3930 1693 4001 pervecturi
1748 3932 1793 4003 (Ι
1822 3932 1941 3987 Cor.

299 4037 395 4091 v1;
458 4020 483 4075 I
544 4021 677 4075 Tim.
740 4022 802 4088 1).
883 4018 1038 4085 Qui?
1116 4018 1317 4074 Simon
1377 4018 1602 4088 Petrus,
1662 4020 1940 4089 Jacobus,

300 4108 577 4175 Joannes,
602 4108 661 4163 id
685 4112 774 4164 est
805 4107 1140 4163 obedientes
1165 4106 1437 4163 vitiorum
1476 4108 1945 4181 supplantatores

301 4204 357 4253 et
389 4196 651 4271 gratiosi.
685 4196 791 4262 Qui
838 4195 995 4251 enim
1043 4196 1157 4252 Deo
1200 4200 1257 4252 et
1286 4198 1610 4270 majoribus
1655 4199 1779 4255 suis
1826 4216 1941 4255 non

299 4285 602 4352 obediunt,
652 4285 867 4358 quique
897 4284 1035 4339 vitia
1065 4285 1338 4341 certando
1366 4302 1480 4341 non
1510 4287 1776 4356 vincunt,
1809 4287 1940 4360 qui-

302 4392 415 4449 que
445 4393 479 4431 a
508 4374 693 4449 gratia
724 4373 823 4429 Dei
854 4374 1018 4429 vacui
1043 4378 1199 4442 sunt,
1216 4375 1284 4430 ad
1311 4374 1516 4430 divinae
1537 4374 1733 4448 gloria:
1762 4377 1942 4433 visio-

2058 3239 2264 3276 norum
2298 3222 2356 3276 in
2390 3220 2600 3276 melius
2643 3220 2806 3286 Quod
2827 3219 3159 3292 expressius
3189 3219 3537 3286 ostenditur,
3562 3235 3700 3275 cum

2058 3310 2370 3367 subditur:
2403 3311 2466 3365 Et
2509 3308 2847 3380 resplenduit
2873 3310 3047 3381 facies
3074 3310 3193 3380 ejus
3217 3310 3361 3364 sicut
3385 3308 3487 3377 sol,
3537 3310 3702 3365 vesti-

2054 3408 2235 3456 menta
2268 3408 2451 3455 autem
2480 3399 2598 3470 ejus
2634 3400 2783 3470 facta
2811 3405 2940 3453 sunt
2967 3398 3096 3453 alba
3122 3400 3268 3454 sicut
3293 3399 3417 3467 nix,
3449 3401 3703 3455 testante

2055 3489 2195 3547 alibi
2227 3487 2497 3544 Domino.
2531 3510 2558 3537 ‹‹
2596 3486 2926 3559 Fulgebunt
2949 3487 3100 3558 justi
3131 3486 3284 3544 sicut
3313 3485 3398 3543 sol
3430 3486 3490 3542 in
3523 3503 3702 3561 regno

2056 3578 2332 3633 caelorum
2352 3577 2559 3645 (Matth.
2593 3578 2735 3645 xm).
2771 3598 2800 3625 ››
2823 3574 3006 3631 Multo
3029 3577 3217 3648 major
3243 3592 3380 3649 ergo
3408 3579 3501 3632 est
3517 3574 3704 3649 gloria

2054 3666 2288 3735 Christi,
2306 3670 2363 3722 et
2382 3665 2556 3722 etiam
2579 3669 2915 3721 sanctorum
2936 3663 3256 3722 multorum
3281 3670 3369 3734 (ut
3384 3665 3701 3734 credimus)

2054 3772 2229 3827 quam
2284 3752 2446 3810 solis.
2495 3753 2606 3809 Sed
2639 3752 2688 3809 si
2737 3752 2954 3810 clarius
3000 3752 3332 3826 exemplum
3359 3752 3697 3810 invenisset.

2052 3843 2199 3900 illud
2227 3843 2540 3916 posuisset.
2560 3842 2672 3899 Sed
2701 3858 2830 3911 nec,
2852 3842 3029 3898 etiam
3061 3842 3348 3900 Dominus
3378 3843 3573 3911 Jesus,
3605 3859 3699 3899 os-

2052 3933 2240 3989 tendit
2267 3931 2516 4004 gloriam
2545 3930 2632 3986 vel
2659 3948 2826 3987 suam
2858 3930 2946 3986 vel
2977 3934 3334 4000 sanctorum,
3366 3929 3479 3988 nisi
3510 3948 3699 4004 quan-

2053 4025 2180 4077 tum
2214 4020 2451 4075 infirma
2482 4017 2905 4091 discipulorum
2938 4018 3092 4074 acies
3111 4017 3206 4074 hic
3229 4023 3454 4091 poterat
3479 4018 3701 4091 aliquo-

2052 4111 2225 4167 modo
2276 4108 2509 4165 intueri.
2559 4108 2723 4164 Unde
2770 4111 2829 4163 ct
2875 4107 3223 4164 vestimenta
3268 4109 3397 4178 ejus
3446 4108 3699 4163 candida

2052 4199 2207 4255 sicut
2236 4198 2426 4254 nivem
2459 4197 2900 4268 demonstravit,
2933 4213 3068 4252 eum
3098 4194 3249 4252 stola
3264 4196 3442 4253 beata:
3465 4195 3700 4253 immor-

2048 4286 2293 4344 talitatis
2323 4286 2533 4356 induti,
2564 4286 2826 4341 vestibus
2859 4302 2973 4341 non
3022 4284 3324 4358 indigeant
3351 4283 3573 4353 vestiri,
3606 4288 3698 4341 ut.

2049 4380 2208 4450 potet
2230 4376 2330 4449 qui
2350 4377 2422 4432 de
2444 4378 2647 4432 cetero
2668 4391 2775 4431 nec
2792 4373 2977 4447 frigus
2998 4391 3103 4431 nec
3125 4374 3408 4446 pudorem
3430 4373 3550 4430 sint
3573 4390 3699 4447 per-

306 4482 438 4520 nem
475 4465 774 4538 pervenire
805 4482 918 4519 non
962 4469 1228 4536 possunt.
1253 4465 1591 4529 Quomodo?
1620 4467 1942 4523 ascenden-
1970 4491 2017 4556 D
2050 4466 2298 4539 pessuri.
2324 4465 2435 4521 Sed
2459 4481 2561 4536 per
2578 4463 2808 4535 faciem,
2824 4463 3083 4518 animam
3103 4480 3118 4531 ;
3140 4479 3242 4535 per
3256 4461 3697 4530 vestimentum,

298 4553 392 4622 do,
424 4552 742 4609 laborando
773 4558 830 4608 et
859 4553 930 4608 de
958 4554 1168 4609 virtute
1214 4553 1269 4607 in
1313 4552 1587 4609 virtutem
1636 4555 1939 4625 proficien-

296 4642 389 4697 do.
419 4643 525 4708 Qui
556 4642 711 4697 enim
738 4642 796 4696 in
820 4641 945 4697 imo‘
960 4640 1325 4713 voluptatum
1348 4642 1740 4715 vitiorumque
1758 4661 1939 4700 rema-

295 4735 454 4799 nent,
500 4748 874 4803 nequaquam
925 4730 998 4785 ad
1029 4730 1130 4785 Dei
1163 4730 1714 4803 contemplationem
1747 4749 1937 4805 perve-

294 4819 420 4874 nire
448 4819 660 4887 valent,
696 4820 797 4875 sed
831 4819 1025 4891 potius
1077 4820 1499 4876 subvortuntur
1548 4825 1605 4877 et
1652 4822 1934 4878 damnan-

284 4898 408 4963 tur.
495 4908 657 4964 Unde
733 4914 790 4965 et
861 4910 985 4975 Lot,
1058 4910 1501 4966 subversionem
1570 4911 1936 4967 Sodomiticaa

289 4995 611 5070 voluptatts
671 4996 1027 5070 luxurizeque
1082 5000 1350 5071 fugienti,
1412 4998 1665 5072 angulus
1724 5017 1937 5056 consu-

292 5082 421 5153 luit,
486 5085 722 5141 dicens:
761 5107 789 5135 «
844 5086 959 5142 Nec
1014 5089 1303 5144 manseris
1355 5087 1468 5156 hic,
1531 5105 1637 5144 nec
1693 5088 1753 5144 in
1812 5106 1937 5146 om-

297 5172 356 5226 ni
405 5172 889 5245 circumregionc,
958 5176 1058 5230 sed
1111 5175 1168 5230 in
1221 5180 1418 5249 monte
1468 5175 1693 5233 salvum
1743 5182 1798 5234 te
1848 5179 1937 5235 fac

294 5258 443 5334 (Gen.
460 5264 597 5329 xxx).
623 5283 650 5308 ››
666 5260 773 5316 Per
793 5263 1006 5333 quem?
1028 5264 1133 5319 Per
1153 5264 1466 5321 Christum.
1491 5265 1700 5322 Nullus
1725 5268 1939 5341 quippe

290 5348 515 5404 viribus
545 5348 628 5404 vel
664 5349 888 5405 meritis
921 5352 1044 5408 suis
1076 5354 1389 5410 ascendere
1420 5353 1594 5424 valet,
1628 5356 1744 5412 nisi
1766 5357 1940 5414 fuerit

293 5442 634 5511 assumptus
655 5455 759 5511 per
779 5439 1077 5498 electionis
1098 5442 1366 5516 gratiam,
1389 5448 1445 5498 et
1466 5444 1678 5502 ductus
1690 5463 1793 5519 per
1808 5464 1938 5520 gra-

289 5525 436 5590 tiam
490 5534 897 5605 cooperantem
950 5532 1022 5592 ab
1055 5546 1121 5590 eo
1153 5532 1254 5609 qui
1285 5528 1445 5592 solus
1476 5532 1578 5591 dat
1621 5539 1680 5594 et
1709 5535 1852 5596 velle
1884 5540 1941 5596 et

2050 4570 2260 4627 corpus
2294 4551 2637 4625 designavit.
2671 4550 3089 4608 Convenienter
3107 4551 3324 4625 quippe
3344 4550 3543 4608 anima
3573 4568 3699 4624 qua

2048 4645 2121 4700 ad
2150 4642 2468 4715 imaginem
2491 4644 2549 4696 et
2569 4639 3016 4697 similitudinem
3038 4639 3139 4696 Dei
3170 4644 3366 4697 creata
3386 4644 3495 4711 est,
3521 4640 3700 4697 facies

2047 4731 2279 4790 Domini
2310 4730 2540 4800 dicitur,
2563 4728 2842 4803 quoniam
2865 4746 2970 4802 pee
3002 4745 3131 4785 eam
3163 4728 3451 4786 Dominus
3471 4746 3506 4784 a
3528 4729 3699 4786 nobis

2045 4825 2102 4878 et
2133 4820 2191 4876 in
2210 4819 2380 4875 nobis
2396 4819 2784 4892 cognoscitur.
2801 4819 2964 4875 Unde
2979 4818 3322 4875 Psalmista:
3353 4841 3376 4870 ι
3400 4817 3531 4875 Tibi
3551 4817 3701 4875 dixit

2046 4928 2144 4967 cor
2177 4926 2371 4965 meum
2397 4924 2410 4964 :
2448 4907 2767 4979 Exquisivit
2791 4911 2846 4963 ts
2878 4908 3056 4964 facies
3081 4925 3240 4981 mea,
3271 4907 3478 4965 faciem
3507 4911 3696 4980 tuam,

2045 4998 2309 5066 Domine,
2340 4996 2634 5069 requiram
2667 4998 2838 5069 (Psat.
2871 4997 3043 5069 xxvx).
3072 5019 3100 5047 ››
3132 4997 3418 5064 Quoniam
3443 4997 3602 5054 enim
3623 4998 3698 5053 si-

2046 5086 2211 5144 milia
2225 5084 2519 5142 similibus
2531 5085 2809 5158 gaudent,
2824 5085 3002 5143 facies
3018 5086 3227 5142 anima
3242 5091 3455 5144 nostrai
3466 5085 3695 5153 ,faciem

2047 5176 2254 5243 Dei,ad
2283 5174 2452 5246 cujus
2501 5172 2818 5247 imaginem
2862 5178 3057 5231 creata
3102 5179 3211 5245 est,
3254 5191 3486 5247 semper
3527 5174 3698 5232 debet

2047 5252 2394 5322 desiderare.
2433 5262 2629 5320 Facies
2681 5261 2863 5335 igitur
2903 5264 3075 5319 Jesus
3106 5263 3345 5334 Christi,
3395 5263 3485 5320 vel
3513 5263 3694 5320 etiam

2046 5358 2404 5422 sanctorum,
2438 5352 2498 5408 in
2530 5351 2956 5409 resurrectione
2976 5352 3285 5426 fulgebunt
3315 5353 3471 5410 sicut
3500 5351 3610 5421 sol,
3634 5352 3693 5409 id

2048 5448 2137 5502 est
2163 5448 2447 5515 tanquam
2500 5441 2675 5509 Deus,
2724 5458 2841 5498 non
2874 5445 3163 5514 quantum
3202 5442 3379 5512 Deus,
3412 5440 3696 5514 quoniam

2048 5533 2246 5595 anima
2273 5530 2741 5608 uniuscujusque
2770 5530 2832 5590 in
2862 5530 3345 5609 ressurrectipne,
3367 5532 3541 5610 juxta
3566 5546 3694 5591 mo-
