4002 6078
207 193 368 298 ius

1344 231 1714 296 HOMILLE.
1747 265 1825 276 -—
1852 231 1900 294 Ι.
1949 231 2051 293 DE
2093 231 2493 296 TEMPORE.

3459 235 3616 298 MM

205 371 350 426 dum
381 384 580 436 suum,
610 366 720 423 erit
761 366 986 422 munda
1037 367 1188 422 sicut
1237 366 1390 422 Deus
1441 367 1698 422 mundus
1749 371 1855 434 est,
1886 369 1942 433 Α
1973 371 2188 439 peteret
2221 366 2535 434 nesciebat,
2564 366 2665 439 qui
2685 370 2820 422 ante
2841 365 3087 422 humani
3109 367 3340 440 generis
3362 385 3464 440 per
3487 386 3616 425 san-

206 462 365 515 recta
391 457 544 513 sicut
572 457 726 512 Deus
757 463 950 512 rectus
981 459 1088 522 est,
1122 459 1328 511 sancta
1357 455 1509 510 sicut
1541 461 1690 512 Deus
1723 473 1858 511 san-

207 550 341 602 ctus
371 550 480 614 est,
513 545 725 601 ardens
755 544 908 600 sicut
936 544 1093 600 Deus
1122 545 1336 600 ardens
1367 550 1476 600 est.
1500 544 1861 600 Vestimenta

205 652 364 704 vero,
397 633 455 689 id
485 638 575 690 est
602 650 864 706 corpora,
895 636 1070 688 erunt
1098 634 1349 690 candida
1397 633 1550 689 sicut
1600 634 1718 688 nix.
1753 633 1860 688 Nix

207 724 284 778 de
313 720 532 778 caelesti
562 720 759 794 pluvia
786 737 889 792 per
926 719 1160 794 frigoris
1210 721 1676 795 magnitudinem
1722 738 1857 777 con-

209 810 524 883 stringitur
552 813 609 866 et
636 810 1116 866 candidatur.Per
1136 809 1326 867 nivem
1349 810 1861 883 ergo,castimonia

211 899 736 972 significaturque:
769 917 885 955 non
905 899 1019 955 nisi
1032 901 1102 956 de
1115 899 1332 956 caelesti
1353 900 1541 972 gratia
1555 917 1656 972 per
1667 899 1858 955 carnis

209 987 713 1062 refrigerationem
753 993 811 1045 et
863 988 1302 1062 castigationem
1351 989 1664 1045 obtinetur.
1699 988 1862 1044 Unde

208 1078 433 1151 pariter
463 1083 678 1146 errant,
710 1078 798 1134 vel
830 1078 930 1150 qui
963 1078 1090 1134 sine
1122 1078 1222 1134 Dei
1251 1078 1461 1151 gratia,
1481 1077 1571 1133 vel
1603 1077 1702 1150 qui
1734 1077 1860 1133 sine

208 1167 408 1223 carnis
437 1167 1053 1240 castigatione,putant
1082 1183 1145 1222 se
1174 1167 1583 1223 castimoniam
1615 1164 1861 1238 adipisci

204 1272 404 1328 posse.
441 1258 692 1328 Corpora
719 1255 897 1328 igitur
944 1260 1282 1311 sanctorum
1333 1256 1390 1311 in
1437 1255 1861 1311 resurrectione

206 1349 386 1401 erunt
414 1343 566 1400 sicut
593 1345 693 1399 nix
721 1343 1054 1414 candida,id
1071 1349 1161 1401 est
1186 1345 1452 1401 castitate
1469 1343 1858 1417 Splendentia,

211 1433 493 1506 quoniam
525 1433 594 1489 de
634 1437 838 1490 caetero
869 1451 986 1490 non
1035 1434 1276 1500 nubent,
1309 1449 1498 1506 neque
1543 1433 1859 1499 nubentur,

209 1523 316 1579 sed
347 1525 519 1578 erunt
545 1522 800 1595 virgines
830 1525 888 1579 et
917 1523 1061 1579 casti
1094 1523 1247 1580 sicut
1275 1522 1464 1596 angeli
1498 1521 1598 1578 Dei
1630 1522 1690 1577 in
1722 1520 1862 1577 coelo

211 1611 436 1681 (Matth.
469 1610 627 1684 xxn).
660 1611 989 1668 Auctoritas
1018 1629 1152 1668 vero
1183 1612 1321 1668 Jesu
1367 1611 1576 1668 Christi
1621 1611 1864 1666 demon-

213 1703 438 1755 stratur
467 1716 600 1755 cum
633 1699 848 1755 dicitur
879 1717 891 1754 :
927 1702 992 1755 Et
1034 1708 1410 1772 apparuerunt
1455 1702 1535 1756 eis
1583 1701 1786 1772 Moyses
1814 1706 1867 1756 et

213 1789 369 1844 Elius
397 1805 521 1844 cum
543 1805 603 1845 eo
635 1789 924 1861 loquentes.
956 1793 1021 1844 In
1055 1789 1163 1844 hoc
1194 1789 1408 1862 quippe
1446 1788 1865 1844 demonstravit

218 1878 574 1950 Redemptor
602 1881 801 1934 noster
831 1895 892 1934 se
921 1894 1050 1934 esse
1079 1878 1394 1934 Dominum
1426 1878 1572 1951 legis
1623 1882 1681 1934 et
1725 1895 1862 1950 pro-

215 1965 867 2039 phetarum,Dominum
898 1966 1159 2022 vivorum
1194 1972 1250 2022 et
1281 1966 1865 2035 mortuorum,Domi-

217 2073 362 2112 num
389 2054 517 2112 caeli
547 2060 605 2112 et
635 2059 820 2112 terra).
856 2057 1028 2113 Porro
1069 2055 1384 2112 Dominum
1433 2056 1578 2129 legis
1629 2060 1685 2110 et
1733 2072 1862 2126 pro-

215 2145 524 2217 phetarum
550 2161 610 2200 se
632 2160 760 2200 esse
780 2145 1055 2211 ostendit,
1081 2161 1215 2200 cum
1246 2144 1634 2218 legislatorem
1661 2149 1716 2199 et
1739 2161 1866 2216 pro-

216 2235 530 2306 phetarum
561 2233 863 2300 eximium,
897 2234 1132 2305 quando
1163 2237 1220 2288 et
1249 2233 1345 2288 ubi
1380 2233 1580 2300 voluit,
1625 2233 1733 2288 sibi
1769 2250 1860 2288 as—

215 2322 492 2379 sistentes
523 2322 959 2378 demonstravit.
998 2323 1310 2378 Dominum
1338 2323 1598 2378 vivorum
1623 2327 1680 2376 et
1711 2339 1862 2377 mor-

215 2416 454 2469 tuorum
479 2427 540 2468 se
561 2429 688 2468 esse
709 2411 983 2480 ostendit,
1012 2412 1248 2483 quando
1274 2415 1570 2467 mortuum
1604 2411 1859 2483 Moysen,

217 2508 274 2558 et
305 2501 488 2557 Eliam
520 2502 578 2556 in
628 2501 900 2574 paradiso
944 2501 1249 2568 viventem,
1284 2501 1516 2574 quando
1547 2506 1603 2556 et
1634 2500 1733 2555 ubi
1764 2517 1860 2555 vo-

215 2590 346 2659 luit,
373 2590 482 2646 sibi
508 2592 850 2646 assistentes
871 2593 927 2644 et
947 2587 1341 2661 colloquentes
1363 2587 1646 2642 exhibuit.
1667 2586 1861 2642 Domi-

218 2696 363 2735 num
395 2678 521 2734 cali
551 2683 608 2734 et
635 2684 800 2734 terra:
831 2694 894 2734 se
924 2694 1053 2734 esse
1083 2678 1466 2744 demonstrat,
1490 2693 1624 2731 cum
1655 2676 1737 2731 sic
1761 2693 1862 2747 po-

214 2767 486 2824 testative
517 2767 634 2824 illis
664 2767 988 2839 imperavit,
1021 2766 1177 2839 quod
1208 2766 1406 2822 statim
1428 2770 1582 2820 terra
1603 2765 1860 2838 Moysen,

219 2862 279 2914 et
311 2855 522 2912 caelum
555 2856 739 2912 Eliam
763 2856 842 2912 ibi
878 2855 1266 2928 praesentavit.
1294 2853 1502 2921 Quales
1533 2858 1727 2909 autem
1757 2853 1863 2909 visi

221 2950 382 3014 sunt,
409 2950 466 3000 et
496 2945 636 3017 quid
669 2962 803 3001 cum
836 2961 902 3000 eo
930 2944 1108 3000 locuti
1143 2947 1300 3010 sunt,
1317 2944 1504 2999 Lucas
1531 2941 1766 3014 exponit
1785 2942 1866 2996 di-

225 3051 366 3090 cens
399 3051 412 3088 :
450 3056 478 3084 «
507 3033 630 3089 Visi
662 3039 802 3090 sunt
832 3033 889 3088 in
914 3033 1240 3104 majestate,
1274 3031 1532 3086 dicentes
1562 3047 1861 3086 excessum

224 3139 401 3194 quem
432 3120 832 3194 completurus
862 3127 987 3178 erat
1016 3121 1076 3176 in
1126 3119 1484 3178 Hierusalem
1515 3120 1666 3189 (Luc.
1700 3120 1799 3187 lx).
1835 3140 1863 3168 »
1895 3108 1938 3174 C

223 3211 378 3267 Sane
398 3209 458 3266 in
482 3211 590 3267 hoc
611 3212 761 3283 quod
795 3211 1080 3266 Dominus
1108 3209 1501 3282 legislatorem
1532 3213 1590 3263 et
1619 3207 1867 3280 prophe-

224 3305 419 3357 tarum
452 3300 752 3369 eximium,
785 3315 986 3356 secum
1018 3300 1076 3355 in
1112 3298 1437 3370 majestatis
1467 3297 1652 3370 gloria
1680 3301 1867 3353 osten-

223 3389 330 3458 dit,
367 3390 730 3446 demonstrat
758 3405 819 3445 se
851 3387 1184 3461 spirituales
1226 3387 1372 3459 legis
1415 3391 1781 3443 exsecutores
1812 3391 1869 3440 et

223 3477 644 3552 prophetarum
667 3495 863 3534 secum
888 3478 946 3532 in
969 3477 1154 3551 gloria
1178 3476 1660 3549 gloriﬁcaturum.
1679 3475 1740 3530 ln
1758 3475 1867 3532 hoc

218 3584 356 3624 vero
379 3569 530 3640 quod
557 3584 880 3634 excessum,
905 3583 1077 3639 quem
1101 3565 1501 3637 completurus
1521 3569 1644 3620 erat
1667 3564 1867 3637 loque-

220 3657 458 3726 bantur,
493 3662 688 3728 aperte
719 3657 1155 3712 demonstratur
1184 3655 1336 3727 quod
1368 3653 1460 3709 lex
1489 3659 1544 3710 et
1575 3654 1866 3726 prophetae

223 3745 656 3802 consentientes
682 3745 1236 3818 praenuntiaverunt,
1269 3748 1325 3799 et
1367 3742 1426 3797 in
1477 3761 1543 3799 eo
1587 3743 1870 3798 veraciter

222 3833 526 3907 adimpleti
552 3839 709 3891 sunt.
747 3835 920 3889 Porro
971 3832 1291 3889 delectatus
1333 3836 1540 3888 Petrus
1588 3833 1648 3887 in
1690 3831 1866 3887 divini

222 3923 555 3996 splendoris
571 3929 629 3980 et
644 3922 841 3996 gloria
855 3921 1362 3995 contemplatione,
1383 3921 1528 3976 dixit
1546 3922 1618 3976 ad
1632 3921 1662 3977 .l
1669 3938 1834 3978 esum
1852 3938 1864 3976 :

221 4019 435 4070 Bonum
464 4021 542 4069 est
567 4029 664 4068 nos
694 4012 784 4068 hic
811 4029 941 4068 esse.
977 4011 1088 4066 Sed
1139 4026 1271 4066 cum
1304 4015 1510 4066 Petrus
1540 4008 1598 4064 in
1631 4012 1867 4066 umbra-

220 4101 346 4158 tilis
376 4101 682 4173 brevisque
725 4100 919 4173 gloriae
961 4100 1201 4167 visione,
1235 4099 1521 4171 tantisper
1549 4098 1784 4172 gavisus
1813 4102 1870 4156 et

221 4191 544 4247 delectatus
575 4190 671 4257 sit,
705 4194 770 4245 ut
811 4206 1042 4261 semper
1085 4189 1162 4244 ibi
1193 4187 1364 4244 vellet
1394 4204 1646 4254 manere,
1681 4204 1866 4260 quan-

221 4285 353 4337 tum
386 4280 627 4353 putatis,
662 4279 868 4334 fratres
918 4278 1052 4344 mei,
1080 4276 1384 4350 gaudium,
1416 4281 1753 4349 quantaque
1779 4277 1868 4332 di-

219 4369 394 4426 lectio
416 4369 528 4426 erit
549 4369 608 4424 in
631 4368 732 4424 illa
747 4384 882 4424 vera
901 4371 1134 4435 aeterna,
1159 4367 1442 4438 beateque
1458 4365 1644 4439 gloria
1659 4366 1866 4421 divinae

219 4457 488 4527 visionis,
525 4480 552 4508 ‹‹
584 4457 644 4513 in
681 4473 858 4529 quam
891 4455 1082 4529 angeli
1109 4472 1342 4528 semper
1371 4455 1705 4510 desiderant
1734 4472 1865 4527 pro-
1899 4480 1943 4544 Β

219 4546 445 4620 spicere
477 4547 519 4620 (ι
546 4549 693 4603 Petr.
726 4550 786 4614 ι).
821 4569 850 4595 ››
881 4546 943 4600 Si
969 4547 1070 4612 vis,
1105 4545 1317 4617 inquit,
1337 4546 1607 4616 faciamus
1639 4545 1726 4599 hic
1755 4546 1864 4599 tria

219 4637 594 4702 tabernacula,
627 4637 731 4692 tibi
755 4653 948 4704 unum,
981 4635 1154 4707 Moysi
1179 4651 1372 4700 unum,
1400 4641 1452 4688 et
1476 4634 1627 4690 Elia?
1669 4650 1862 4688 unum.

219 4731 367 4785 Cum
401 4727 604 4784 Petrus
635 4726 825 4782 adhuc
857 4725 915 4780 in
946 4741 1118 4780 carne
1171 4723 1396 4796 positus
1443 4722 1503 4778 in
1534 4722 1865 4779 ostensione

221 4815 560 4872 umbratilis
590 4820 648 4871 et
689 4814 845 4870 brevi
891 4813 1109 4888 gloriae,
1143 4813 1378 4887 Moysen
1410 4816 1467 4868 et
1496 4811 1682 4867 Eliam
1714 4829 1864 4868 nun-

221 4922 400 4979 quam
425 4903 680 4976 amplius
700 4904 855 4960 visos
875 4901 1226 4976 cognoverit,
1251 4919 1429 4974 quam
1463 4906 1662 4973 aperta
1692 4906 1864 4974 puta-

219 4995 319 5060 tis,
353 4995 560 5049 fratres
591 4993 726 5060 mei,
759 4992 967 5048 notitia
995 4993 1104 5048 erit
1133 4990 1418 5058 omnium,
1449 4991 1506 5044 in
1529 4990 1629 5046 illa
1656 5008 1790 5047 vera
1810 4996 1866 5046 et

221 5089 438 5138 eterna
468 5081 824 5138 beatitudine
843 5081 872 5136 ?
901 5081 1185 5136 Ceterum
1218 5080 1418 5145 etiam,
1439 5079 1716 5151 petitione
1737 5096 1866 5135 con-

219 5171 640 5229 struendorum
659 5169 1168 5226 tabernaculorum
1194 5169 1397 5225 Petrus
1409 5168 1864 5240 errat,quoniam

220 5279 289 5318 ex
318 5261 514 5318 subito
547 5260 845 5334 nimioque
892 5260 1104 5334 gaudio
1147 5259 1543 5331 perturbatus,
1575 5263 1721 5314 teste
1751 5257 1863 5313 alio

219 5350 601 5424 evangelista,
622 5351 763 5423 quid
813 5353 1032 5422 peteret
1077 5347 1370 5404 nesciebat
1400 5351 1550 5415 (Luc.
1585 5348 1681 5420 1x).
1717 5347 1863 5414 Quid

218 5444 460 5513 peteret,
493 5439 787 5497 nesciebat
817 5437 916 5510 qui
961 5438 1021 5492 in
1071 5441 1287 5492 aeterna
1331 5434 1709 5503 beatitudine,
1765 5435 1865 5494 ubi

217 5527 385 5590 nulla
412 5528 786 5607 intemperies
814 5531 923 5598 est,
940 5524 1317 5586 tabernacula
1345 5525 1864 5602 postulabat.Quid

1967 457 2206 530 guinem
2237 457 2376 512 Jesu
2410 455 2623 512 Christi
2656 455 3142 528 redemptionem,
3177 459 3235 511 et
3266 461 3400 512 ante
3431 457 3613 512 Evan-

1967 545 2098 616 gelii
2134 545 2625 618 praedicationem,
2659 543 2908 617 gloriam
2949 544 3308 616 postulabat.
3343 545 3487 611 Quid
3518 563 3613 617 pe-

1967 639 2115 690 teret
2145 634 2459 705 nesciebat,
2495 634 2595 706 qui
2627 634 2684 688 in
2737 633 3170 689 constructione
3215 635 3614 691 tabernaculo-

1969 741 2121 790 rum,
2147 723 2392 779 Domino
2416 739 2611 779 servos
2636 723 2998 794 adaequabat.
3026 723 3086 777 In
3111 722 3219 778 hoc
3250 728 3446 779 tamen
3471 724 3616 780 bene

1969 812 2252 884 sapiebat,
2288 813 2442 884 quod
2476 829 2608 866 cum
2641 811 2886 866 Domino
2931 828 3162 883 semper
3209 829 3336 868 esse
3385 813 3615 868 deside-

1969 902 2157 967 rabat,
2189 906 2244 956 et
2273 901 2424 972 quod
2462 900 2722 955 divinam
2772 899 3129 954 voluntatem
3163 918 3280 956 suae
3314 918 3616 973 praepone-

1968 991 2087 1057 bat,
2123 1007 2254 1044 cum
2288 989 2433 1043 dixit
2467 1005 2479 1043 :
2514 989 2576 1044 Si
2606 991 2705 1055 vis,
2737 991 3028 1060 faciamus.
3061 989 3141 1044 Ac
3172 988 3220 1044 si
3254 989 3411 1044 dicat
3443 1007 3454 1043 ε
3491 991 3616 1046 Non

1971 1096 2102 1134 mea
2129 1077 2425 1149 voluntas,
2448 1079 2548 1133 sed
2572 1083 2673 1132 tua
2697 1078 2812 1132 tiat.
2845 1079 3026 1143 Quem
3051 1094 3155 1132 nos
3178 1077 3614 1144 imitantes,fra-

1970 1171 2089 1222 tres
2114 1167 2486 1238 moi,semper
2511 1183 2643 1220 cum
2668 1165 2914 1221 Domino
2938 1183 3171 1222 manere
3192 1166 3614 1240 desideremus,

1971 1273 2202 1328 semper
2231 1256 2290 1310 in
2323 1255 2703 1328 petitionibus
2734 1255 2952 1310 nostris
2973 1254 3228 1310 divinam
3256 1255 3615 1313 voluntatem

1971 1350 2181 1401 nostrae
2212 1361 2636 1417 praeponemus.
2671 1344 2876 1398 Divina
2915 1361 3048 1398 vero
3098 1349 3307 1400 natura
3335 1344 3618 1401 reveletur

1971 1452 2103 1491 cum
2137 1435 2412 1491 subditur
2447 1451 2458 1488 :
2495 1434 2682 1489 Adhuc
2709 1449 2768 1489 eo
2800 1434 3068 1503 loquente,
3097 1451 3212 1490 ecce
3239 1435 3406 1490 nubes
3437 1435 3618 1490 lucida

1969 1525 2312 1581 obumbravit
2341 1541 2462 1590 eos;
2495 1531 2545 1582 et
2573 1539 2688 1579 ecce
2721 1539 2821 1578 v0.1:
2849 1522 2913 1577 de
2950 1523 3092 1578 nube
3119 1523 3324 1594 dicens,
3347 1528 3455 1580 etc.
3489 1525 3618 1580 Sive

1970 1613 2080 1669 hoc
2111 1630 2451 1685 pronomen,
2484 1629 2592 1678 eos,
2624 1612 2908 1666 referatur
2937 1612 3008 1666 ad
3055 1613 3290 1685 Moysen
3321 1618 3377 1668 et
3407 1612 3614 1682 Eliam,

1978 1703 2096 1759 sive
2126 1703 2198 1758 ad
2229 1703 2486 1766 Petrum,
2515 1706 2572 1757 et
2599 1701 2907 1768 Jacobum,
2931 1706 2989 1756 et
3018 1701 3324 1770 Joannem,
3349 1702 3504 1758 idem
3527 1709 3618 1759 est

1979 1809 2209 1858 sensus,
2243 1790 2522 1863 quoniam
2569 1790 2802 1861 utrique
2853 1791 3184 1845 obumbrati
3236 1796 3392 1846 sunt.
3429 1792 3514 1848 Illi
3546 1809 3618 1849 ne

1970 1881 2306 1936 viderentur
2333 1880 2404 1935 ab
2438 1879 2565 1935 istis
2595 1896 2608 1947 ;
2633 1883 2688 1934 et
2721 1879 2816 1934 isti
2851 1895 2921 1934 ne
2946 1879 3210 1935 viderent
3237 1896 3356 1936 eos.
3393 1883 3616 1947 Quare?

1972 1975 2037 2025 ut
2067 1969 2197 2025 istis
2228 1975 2451 2024 certum
2480 1972 2634 2023 esset
2664 1969 2818 2040 quod
2851 1969 3076 2039 Jesum,
3113 1969 3213 2040 qui
3243 1968 3405 2025 solus
3436 1987 3614 2044 appa-

1972 2059 2156 2127 rebat,
2189 2075 2296 2113 vox
2321 2057 2508 2112 Patris
2537 2057 2607 2112 de
2640 2057 2794 2112 nube
2823 2057 3228 2113 testimonium
3263 2059 3612 2131 perhiberet.

1972 2148 2115 2203 Ecce
2161 2145 2503 2220 mysterium
2554 2145 2876 2201 Trinitatis.
2913 2146 3093 2202 Filius
3140 2148 3612 2220 transfiguratur,

1973 2236 2226 2308 Spiritus
2258 2239 2496 2290 sanctus
2529 2250 2631 2306 per
2660 2234 2875 2290 nubem
2917 2251 3048 2290 eum
3082 2236 3153 2290 ab
3184 2235 3313 2292 aliis
3344 2237 3612 2305 secernit,

1973 2325 2140 2379 Pater
2170 2341 2272 2396 per
2299 2341 2497 2380 vocem
2529 2325 2801 2379 eumdem
2832 2325 3106 2380 ostendit.
3141 2321 3304 2380 Sicut
3333 2325 3487 2381 enim
3519 2327 3616 2381 ba-

1973 2413 2186 2486 ptizato
2211 2413 2476 2480 Domino,
2506 2417 2675 2468 Pater
2705 2413 2763 2468 in
2795 2430 2950 2481 voce,
2987 2413 3240 2486 Spiritus
3270 2418 3528 2482 sanctus,
3554 2415 3613 2470 in

1972 2501 2655 2558 columbatestimonium
2671 2501 3112 2572 perhibuerunt,
3128 2502 3210 2558 sic
3223 2503 3410 2558 eidem
3424 2509 3616 2561 trans-

1971 2593 2219 2664 ﬁgurato
2253 2591 2420 2646 Pater
2449 2590 2720 2646 similiter
2749 2591 2806 2646 in
2837 2608 2995 2656 voce,
3032 2591 3283 2663 Spiritus
3315 2610 3444 2648 vero
3481 2611 3613 2648 san-

1972 2685 2099 2736 ctus
2125 2681 2182 2734 in
2213 2682 2365 2735 nube
2395 2679 2590 2735 lucida
2617 2679 3018 2735 testimonium
3049 2680 3202 2736 fecit.
3237 2682 3388 2738 Bene
3417 2689 3615 2740 autem

1973 2787 2150 2841 super
2198 2770 2558 2842 baptizatum
2604 2769 2917 2824 Dominum
2969 2769 3221 2842 Spiritus
3271 2778 3512 2829 sanctus
3555 2774 3614 2829 in

1974 2859 2247 2915 columba
2306 2858 2597 2930 apparuit,
2657 2859 2891 2929 quando
2948 2859 3162 2915 Christi
3221 2860 3612 2918 innocentiam

1974 2947 2526 3019 simplicitatemque
2572 2948 3028 3016 demonstrabat,
3060 2965 3160 3020 per
3209 2967 3384 3022 quam
3439 2956 3496 3006 et
3542 2953 3611 3008 ad

1975 3054 2154 3109 quam
2185 3036 2449 3092 Christus
2481 3035 2748 3091 homines
2775 3053 2877 3108 per
2893 3035 3252 3108 baptismum
3274 3038 3611 3096 advocabat.

1978 3127 2128 3181 Bene
2158 3143 2290 3180 vero
2322 3142 2498 3196 super
2525 3124 3004 3196 transfiguratum
3036 3125 3096 3180 in
3127 3127 3280 3182 nube
3325 3128 3613 3199 apparuit,

1976 3214 2253 3286 quoniam
2303 3230 2438 3268 cum
2488 3213 2679 3268 solum
2729 3230 2856 3269 esse
2901 3213 2962 3269 in
2993 3212 3107 3268 alia
3132 3213 3249 3269 vita
3276 3216 3529 3288 tegimen
3561 3222 3618 3274 et

1976 3303 2174 3359 lumen
2206 3307 2541 3358 sanctorum
2590 3303 3052 3373 demonstrabat,
3082 3303 3613 3378 tabernaculorum,

1977 3409 2103 3464 qua:
2159 3393 2360 3448 Petrus
2419 3391 2770 3463 postulabat,
2817 3397 2874 3447 et
2921 3390 3062 3447 solis
3115 3409 3224 3448 usu
3277 3393 3509 3465 pariter,
3553 3399 3618 3450 ut

1975 3481 2230 3537 Joannes
2253 3481 2310 3533 in
2331 3477 2674 3551 Apocalypsi
2701 3477 2986 3551 perhibet,
3011 3485 3291 3535 cessante.
3323 3503 3342 3528 α
3371 3481 3438 3535 Et
3468 3485 3614 3536 tem-

1979 3569 2160 3642 plum,
2182 3569 2524 3641 inquit,non
2549 3566 2666 3622 vidi
2692 3567 2751 3622 in
2774 3583 2869 3622 ea:
2898 3572 3046 3622 Deus
3067 3567 3224 3622 enim
3249 3571 3617 3642 omnipotens

1976 3657 2259 3729 templum
2279 3656 2438 3712 illius
2454 3660 2562 3721 est,
2585 3656 2964 3728 etAgnus.Et
2994 3655 3197 3712 civitas
3229 3656 3327 3711 illa
3350 3675 3463 3714 non
3490 3664 3620 3733 eget

1977 3746 2097 3802 sole
2126 3752 2181 3802 et
2211 3745 2387 3813 luna;
2421 3762 2556 3800 nam
2590 3743 2824 3799 claritas
2855 3743 2956 3799 Dei
3001 3744 3295 3808 illuminat
3347 3745 3529 3816 illam,
3563 3753 3620 3804 et

1977 3834 2213 3892 lucerna
2235 3835 2363 3904 ejus
2383 3837 2470 3889 est
2491 3835 2691 3905 Agnus
2704 3834 2882 3904 (Apoc.
2907 3835 3079 3902 xxv.»
3102 3834 3231 3889 Ecce
3259 3851 3382 3900 vox,
3404 3836 3615 3908 inquit,

1975 3923 2039 3980 de
2067 3925 2210 3980 uube
2237 3923 2436 3979 dicens.
2466 3925 2565 3978 Hic
2593 3926 2652 3978 et
2682 3939 2796 3977 non
2829 3921 2996 3984 alius,
3022 3930 3099 3976 est
3129 3923 3414 3978 naturalis
3444 3926 3618 3981 Fili-us

1975 4029 2127 4067 meus
2145 4011 2392 4078 dilectus,
2419 4010 2638 4066 scilicet
2659 4009 2716 4063 in
2740 4026 2854 4081 quo
2878 4009 3023 4064 nihil
3046 4014 3134 4064 est
3155 4009 3268 4066 nisi
3297 4011 3614 4084 diligibile;

1977 4103 2038 4157 in
2067 4117 2190 4173 quo,
2211 4100 2267 4155 id
2299 4104 2409 4166 est,
2427 4098 2485 4154 in
2508 4100 2678 4170 cujus
2709 4097 3101 4172 generatione,
3121 4100 3425 4171 complacui
3442 4103 3614 4170 mihi;

1977 4190 2074 4262 qui
2101 4188 2160 4244 in
2193 4188 2535 4244 formatione
2566 4187 2825 4242 hominis
2855 4188 3152 4258 quondam
3186 4189 3616 4259 quodammodo

1977 4277 2121 4333 mihi
2143 4277 2436 4350 displicui,
2469 4293 2604 4332 cum
2628 4275 3035 4348 multiplicatis
3057 4276 3361 4332 hominum
3385 4278 3618 4333 sceleri-

1976 4367 2086 4423 bus
2108 4367 2221 4422 dixi
2250 4383 2262 4422 :
2288 4389 2315 4416 «
2339 4365 2582 4421 Pmnitet
2604 4382 2696 4420 me
2719 4365 2923 4420 fecisse
2952 4365 3250 4420 hominem
3274 4365 3422 4437 (Gen.
3453 4370 3551 4434 vn).
3587 4389 3615 4416 ››

1977 4457 2177 4528 Ipsum,
2227 4455 2438 4528 inquit,
2490 4455 2693 4510 audite.
2747 4454 2920 4520 Quasi
2982 4453 3240 4510 diceret:
3277 4455 3380 4510 Hic
3427 4461 3518 4514 est
3547 4457 3618 4511 de

1975 4563 2090 4618 quo
2118 4545 2346 4618 Moyses
2373 4543 2453 4599 ait
2485 4560 2498 4598 :
2544 4567 2572 4593 «
2609 4543 2953 4614 Prophetam
3003 4543 3312 4598 suscitahit
3362 4544 3514 4599 Deus
3546 4544 3617 4600 de

1977 4635 2255 4692 fratribus
2291 4633 2518 4702 vestris,
2551 4633 2746 4705 ipsum
2806 4637 3088 4704 tanquam
3139 4649 3232 4687 me
3279 4633 3527 4689 audietis
3557 4632 3617 4689 in

1977 4723 2250 4780 omnibus
2280 4741 2404 4796 quae
2453 4721 2686 4778 locutus
2735 4722 2909 4777 fuerit
2948 4722 3132 4777 vobis.
3166 4723 3234 4776 Et
3262 4723 3462 4778 anima
3489 4740 3616 4794 qua:

1977 4830 2093 4870 non
2125 4813 2375 4868 audierit
2403 4828 2559 4882 eum,
2590 4811 2676 4867 vel
2709 4811 2768 4865 in
2803 4827 2885 4878 se,
2918 4810 3004 4866 vel
3036 4811 3096 4866 in
3129 4810 3252 4867 suis
3285 4812 3617 4882 praedicato-

1977 4903 2163 4968 ribus,
2194 4901 2405 4975 peribit
2434 4901 2504 4956 de
2537 4899 2748 4974 pepulo
2780 4917 2886 4955 suo
2917 4901 3090 4972 (Deut.
3123 4902 3297 4973 xvm).
3329 4922 3357 4952 »

2049 4992 2324 5064 Sequitur
2353 5008 2489 5062 pars
2515 4989 2706 5056 tertia,
2737 4988 2795 5044 in
2830 5007 2946 5062 qua
2985 4989 3266 5045 Dominus
3300 4995 3618 5062 prostratos

1977 5081 2297 5152 discipulos
2327 5079 2529 5152 erigit:
2554 5082 2692 5136 Nam
2721 5095 2844 5134 cum
2873 5078 3127 5134 audirent
3155 5079 3416 5151 discipuli
3443 5096 3622 5135 vocem

1974 5169 2495 5242 patris,ceciderunt
2527 5170 2580 5224 in
2614 5170 2812 5240 faciem
2839 5185 3018 5235 suam,
3043 5177 3092 5224 et
3121 5171 3424 5224 timuerunt
3445 5168 3617 5223 valde.

1978 5258 2128 5313 Ordo
2161 5262 2568 5330 praeposterus.
2603 5258 2684 5312 Ex
2732 5257 3028 5313 auditione
3077 5257 3293 5330 quippe
3342 5257 3500 5312 vocis
3546 5257 3623 5312 ti-

1979 5351 2276 5415 muerunt,
2307 5349 2365 5401 et
2395 5364 2463 5402 ex
2493 5347 2702 5402 timore
2730 5345 3208 5403 ceciderunt.Ubi
3240 5346 3395 5402 enim
3428 5344 3626 5400 divina

1979 5436 2322 5508 magnitudo
2344 5435 2924 5507 panditur,humana
2953 5436 3264 5491 inﬁrmitas
3294 5432 3628 5490 concutitur

1979 5531 2038 5586 et
2058 5523 2472 5602 prosternitur.
2497 5527 2606 5587 Sed
2630 5525 2661 5584 J
2668 5541 2806 5585 esus
2835 5526 3104 5587 humane
3134 5520 3466 5602 fragilitatis
3482 5535 3632 5578 sem-
