4002 6078
439 233 599 296 “is

1659 265 1664 268 -
1721 229 2119 295 RADULPHI
2164 232 2578 298 ARDENTIS.

3687 233 3848 300 ωδ

437 386 544 442 per
585 366 935 433 sublevator,
969 363 1209 433 accedit,
1242 364 1453 437 tangit,
1485 364 1674 437 erigit,
1707 369 1765 420 et
1813 363 2075 421 consola-
2109 370 2162 436 Α
2197 367 2292 438 lx),
2317 367 2504 423 etc.1n
2539 367 2648 422 hac
2678 366 2944 437 lectione,
2970 368 3178 423 fratres
3209 366 3344 436 mei,
3367 367 3633 426 hortatur
3658 369 3845 441 Apos-

435 465 532 512 tur
580 472 700 513 eos.
733 455 988 511 Levantes
1040 459 1222 510 autem
1273 454 1452 510 oculos
1498 455 1772 509 neminem
1828 453 2082 510 viderunt

434 548 547 602 nisi
573 546 751 602 solum
778 544 979 600 Iesum.
1003 543 1084 598 Ex
1104 559 1220 615 quo
1261 547 1484 598 certum
1516 542 1852 598 habuerunt
1879 559 2078 598 vocem

435 636 508 692 de
539 634 693 690 nube
722 632 915 689 solum
947 631 1151 688 Jesum
1200 631 1654 697 demonstrasse,
1688 635 1744 686 et
1774 631 1824 687 ei
1857 631 1964 688 soli
1997 638 2078 687 te-

436 722 786 780 stimonium
817 720 1202 794 perhibuisse.
1234 719 1408 776 Porro
1439 721 1593 792 quod
1624 726 1764 776 tunc
1794 721 2079 789 contingit

435 811 737 886 apostolis,
761 809 1040 883 quotidie,
1072 809 1280 865 fratres
1312 809 1446 876 mei,
1480 810 1766 882 contingit
1795 809 1853 864 in
1886 810 2074 866 nobis.

433 907 576 958 Cum
617 901 771 958 enim
823 899 881 953 in
930 897 1420 970 contemplatione
1469 899 1540 954 ab
1581 897 1961 971 inspiratione
1988 898 2075 954 vel

431 990 677 1048 lectione
731 987 928 1044 divina
985 1004 1082 1043 ore
1140 985 1354 1052 cordis,
1389 987 1488 1043 Dei
1547 987 1823 1042 audimus
1882 991 2080 1060 polen-

427 1079 573 1136 tiam
590 1083 647 1135 et
673 1076 1163 1149 magnitudinem,
1187 1082 1396 1132 nostra:
1421 1075 1752 1148 fragilitatis
1783 1077 2078 1131 conscien-

427 1169 512 1224 tia
541 1167 708 1224 timet
732 1170 791 1222 et
821 1164 1165 1230 concitatur,
1197 1169 1254 1220 et
1281 1164 1342 1219 in
1366 1165 1595 1230 faciem,
1629 1165 1686 1220 id
1717 1170 1807 1221 est
1839 1165 1898 1220 in
1933 1165 2078 1220 noti-

430 1257 572 1314 tiam
597 1255 842 1330 proprisa
863 1253 1226 1310 infirmitatis
1256 1253 1606 1308 humiliatur
1630 1271 1643 1321 ;
1669 1254 1767 1309 sed
1787 1271 1858 1309 ne
1888 1271 2073 1326 usque

426 1347 486 1402 in
543 1345 1010 1418 desperationem
1072 1342 1399 1414 dejiciatur,
1458 1343 1624 1399 adest
1680 1343 1854 1398 Jesus
1902 1342 2074 1398 solita

426 1435 737 1492 clementia
767 1452 894 1496 sua,
916 1438 972 1488 et
1003 1432 1224 1488 accedit
1253 1432 1421 1488 nobis
1449 1431 2075 1504 compatiendo,tangit

426 1542 553 1593 nos,
587 1524 837 1598 gratiam
871 1541 1039 1578 suam
1075 1521 1242 1577 nobis
1270 1521 1637 1587 conferendo,
1658 1519 1828 1592 erigit
1860 1537 1966 1575 nos
1998 1521 2069 1575 ad

423 1613 682 1670 caelestia
710 1611 1066 1668 desiderium
1098 1615 1364 1666 nostrum
1398 1609 1723 1682 dirigendo,
1737 1608 2072 1664 consolatur

423 1721 553 1771 nos,
585 1702 860 1759 fiduciam
909 1700 999 1756 sui
1049 1699 1268 1756 amoris
1310 1699 1479 1755 nobis
1520 1699 1868 1771 praestando,
1903 1702 1967 1752 ut
1995 1697 2071 1754 le-

421 1797 626 1849 vantes
665 1790 865 1847 oculos
915 1793 1145 1845 nostros
1192 1805 1308 1844 non
1363 1787 1665 1842 videamus
1714 1786 1826 1841 nisi
1876 1786 2066 1842 solum

419 1882 646 1948 Jesum,
689 1879 750 1936 id
795 1884 884 1936 est
935 1879 1119 1934 aciem
1165 1880 1373 1933 nostra
1428 1875 1937 1948 contemplationis
1993 1876 2063 1931 ad

420 1971 605 2028 Deum
634 1969 914 2035 levantes,
944 1984 1060 2023 non
1109 1966 1411 2021 videamus
1460 1965 1517 2020 in
1549 1981 1614 2020 eo
1647 1964 1756 2019 nisi
1794 1965 2066 2020 salvatio-

420 2077 555 2116 nem
613 2076 731 2131 qua
785 2057 947 2130 cupit
1003 2072 1208 2111 omnes
1267 2054 1537 2110 homines
1595 2053 1785 2109 salvos
1839 2053 1963 2109 fieri
2022 2054 2070 2124 (I

423 2151 557 2207 Tim.
595 2153 677 2218 ιι).
714 2147 873 2204 Unde
903 2162 1038 2202 eum
1074 2144 1261 2217 magis
1309 2143 1550 2216 diligere
1599 2160 1777 2215 quam
1828 2143 2064 2198 horrere

419 2239 723 2296 debemus.

489 2326 768 2400 Sequitur
788 2341 922 2398 pars
942 2322 1235 2395 quarta,in
1257 2339 1373 2393 qua
1397 2321 1680 2376 Dominus
1703 2320 1926 2375 inhibet
1945 2320 2061 2374 dis-

413 2415 630 2489 cipulis
661 2431 732 2470 ne
760 2414 1036 2486 cuiquam
1068 2411 1192 2467 visa
1235 2411 1346 2466 nisi
1397 2414 1527 2482 post
1575 2409 2057 2465 resurrectionem

414 2521 584 2562 suam
615 2501 887 2570 revolent,
920 2501 1158 2557 dicens:
1189 2501 1408 2556 Nemini
1461 2499 1715 2554 deseritis
1769 2500 2054 2565 visionem,

411 2594 580 2651 donec
634 2594 811 2650 Filius
865 2591 1103 2657 hominis
1134 2607 1167 2644 a
1197 2591 1425 2645 mortuis
1481 2596 1745 2659 resurgat.
1780 2588 1849 2642 Et
1879 2604 2058 2659 quare

411 2682 668 2740 boc?0b
701 2686 819 2737 tres
848 2697 1078 2736 causas.
1114 2677 1307 2734 Prima
1335 2682 1442 2744 est,
1477 2694 1569 2743 ne,
1602 2676 1650 2732 si
1684 2675 1896 2731 Christi
1918 2676 2058 2730 divi-

411 2789 487 2828 na
510 2771 771 2845 potentia
791 2773 847 2826 et
861 2768 1047 2843 gloria
1061 2767 1250 2842 palam
1269 2765 1546 2823 omnibus
1559 2766 2052 2832 manifestaretur,

409 2861 607 2936 passio
627 2861 756 2932 ejus
788 2863 1104 2930 nostraque
1135 2854 1456 2927 redemptio
1485 2853 1886 2926 impediretur,
1909 2858 2055 2909 teste

408 2949 565 3008 enim
587 2947 882 3022 Apostolo,
911 2946 956 3003 si
979 2945 1269 3020 principes
1297 2943 1722 3017 cognovissent,
1749 2960 2052 3014 nunquam

405 3039 719 3096 Dominum
751 3037 947 3110 gloriae
977 3035 1404 3091 cruciﬁxissent
1433 3035 1480 3101 (1
1511 3034 1631 3089 Cor.
1668 3037 1750 3100 Il).
1785 3032 2054 3088 Secunda

2191 457 2346 512 tolus
2359 455 2688 512 Corinthios
2702 456 2773 512 ad
2791 456 3045 512 dandam
3059 455 3489 526 eleemosynam
3507 458 3724 514 sanctis
3735 457 3839 530 qui

2189 550 2354 602 erant
2385 546 2442 600 in
2475 545 3106 618 Jerusalem,qui,cum
3139 545 3339 601 omnia
3365 563 3477 601 sua
3505 546 3839 618 posuissent

2188 635 2261 690 ad
2295 635 2471 707 pedes
2501 633 2898 707 apostolorum
2915 639 3052 704 (Aet.
3072 637 3150 702 Iv)
3173 623 3532 707 indigebant.
3556 639 3696 691 Cum
3727 653 3832 692 au-

2187 727 2303 778 tem
2336 741 2435 779 eos
2465 724 2754 792 hortatur,
2770 740 2878 779 nos
2907 740 3160 795 quoque,
3181 723 3385 779 fratres
3417 723 3835 790 mei,hortatur

2188 812 2256 866 ad
2292 811 2720 886 eleemosynam
2758 811 3046 884 precipue
3093 811 3264 867 bonis
3311 812 3638 886 egentibus.
3668 813 3832 870 Unde

2185 899 2342 956 idem
2375 900 2514 957 alibi
2547 901 2685 956 dicit
2717 918 2728 955 :
2763 899 2955 956 Facite
2985 923 3012 950 «
3047 901 3269 956 bonum
3299 901 3372 956 ad
3405 918 3629 970 omnes,
3647 902 3828 959 maxi-

2186 1006 2279 1044 me
2310 995 2503 1046 autem
2537 990 2607 1045 ad
2641 988 2995 1045 domesticos
3025 989 3159 1045 fidei
3187 989 3330 1058 (Gat.
3359 994 3460 1058 v1).
3495 1012 3524 1039 »
3556 991 3706 1047 Sunt
3734 1008 3830 1048 au-

2183 1084 2301 1134 tem
2329 1079 2508 1150 hujus
2539 1077 2804 1134 lectionis
2835 1081 3090 1150 quatuor
3117 1078 3538 1150 partes.Primo
3565 1078 3722 1135 enim
3743 1097 3830 1136 os-

2183 1168 2370 1224 tendit
2399 1167 2472 1223 ab
2505 1184 2682 1239 quam
2714 1184 2951 1223 causam
2975 1167 3294 1224 debeamus
3306 1167 3734 1240 eleemosynam
3753 1170 3828 1224 fa-

2183 1274 2311 1313 cere
2356 1255 2535 1329 large.
2587 1257 2875 1323 Secundo,
2928 1257 3256 1329 quomodo;
3290 1256 3484 1324 tertio,
3515 1273 3632 1329 quo
3677 1258 3823 1326 ﬁne;

2182 1351 2535 1418 quarto,qua
2563 1346 2778 1401 fiducia
2805 1361 2933 1401 eam
2961 1345 3279 1402 debeamus
3307 1346 3544 1402 donare.
3565 1345 3822 1403 Primum

2181 1434 2362 1508 igitur
2389 1436 2463 1491 ob
2495 1451 2672 1507 quam
2703 1451 2945 1491 causam
2976 1435 3297 1491 debeamus
3325 1433 3483 1508 large
3513 1435 3700 1491 facere
3715 1433 3826 1492 ele-

2181 1541 2544 1597 emosynam,
2573 1523 2828 1580 ostendit
2858 1540 2991 1578 cum
3025 1523 3185 1580 dicit.
3220 1523 3328 1591 Qui
3363 1540 3528 1596 parce
3570 1525 3822 1590 seminat,

2177 1631 2338 1686 parce
2368 1622 2419 1670 et
2441 1621 2618 1679 metet,
2651 1621 2702 1669 et
2732 1615 2828 1685 qui
2863 1615 3098 1669 seminat
3147 1615 3203 1668 in
3249 1613 3730 1682 benedictionibus,
3759 1614 3823 1671 de

2181 1703 2638 1759 benedictionibus
2667 1710 2717 1758 et
2745 1710 2922 1758 metet.
2955 1704 3033 1758 Ac
3064 1701 3112 1757 si
3160 1705 3356 1774 aperte
3404 1701 3560 1758 dicat
3592 1719 3606 1758 :
3641 1703 3822 1776 Large

2179 1793 2483 1860 seminata,
2518 1791 2655 1863 quia
2699 1791 3024 1847 secundum
3073 1791 3228 1863 quod
3277 1789 3490 1862 aliquis
3541 1792 3813 1861 seminat,

2177 1882 2486 1948 metct.Qui
2529 1881 2675 1936 nihil
2705 1881 2978 1950 seminat,
3012 1879 3158 1935 nihil
3189 1883 3398 1949 metet;
3432 1884 3489 1936 et
3517 1881 3616 1953 qui
3649 1899 3821 1954 patec

2175 1969 2443 2034 seminat,
2479 1985 2649 2040 parce
2679 1973 2737 2024 et
2766 1973 2962 2034 metet,
2995 1972 3053 2024 et
3081 1968 3181 2040 qui
3215 1967 3465 2024 seminat
3496 1968 3554 2024 in
3587 1969 3820 2027 benedi-

2173 2058 2550 2124 etionibus,id
2581 2063 2669 2113 est
2695 2059 2752 2112 in
2787 2057 3248 2130 largitatibus,de
3267 2057 3640 2130 largitatibus
3661 2059 3820 2131 large

2173 2153 2369 2203 metet.
2413 2149 2592 2202 Vocat
2639 2152 2834 2202 autem
2885 2146 3409 2214 benedictionibus,
3458 2147 3813 2221 largitatem,

2171 2238 2450 2309 quoniam
2483 2253 2662 2292 causa
2685 2240 2772 2292 est
2805 2235 3818 2308 benedicendi.Vocatquoquedato—

2170 2343 2290 2381 rem
2341 2325 2718 2397 eleemosynae
2769 2324 3182 2396 metaphorice,
3217 2324 3626 2382 seminantem.
3661 2327 3816 2394 Quo-

2171 2414 2327 2469 niam
2360 2415 2513 2470 sicut
2542 2415 2864 2470 seminator
2893 2414 3115 2486 spargit
3144 2414 3202 2468 in
3216 2413 3714 2476 hiememodicum
3733 2432 3818 2472 se-

2168 2520 2299 2558 men
2331 2505 2388 2558 in
2423 2508 2657 2568 terram,
2693 2509 2750 2558 et
2778 2503 2838 2557 in
2869 2507 3033 2558 etate
3062 2504 3288 2574 copiam
3329 2502 3550 2575 colligit
3577 2505 3814 2570 messis,

2166 2592 2247 2646 ita
2269 2593 2436 2647 dator
2463 2592 2841 2664 eleemosynze
2876 2590 3170 2646 modicum
3220 2590 3322 2647 dat
3359 2592 3415 2647 in
3449 2591 3558 2648 hac
3587 2593 3726 2661 vita,
3760 2599 3817 2648 et

2165 2687 2440 2738 aeternam
2455 2681 2873 2737 beatitudinem
2888 2680 3194 2752 recipietin
3209 2680 3541 2737 futura.Sed
3555 2681 3820 2740 animum

2163 2772 2530 2838 vertendum,
2565 2771 2774 2826 fratres
2818 2769 2952 2837 mei,
2985 2770 3140 2841 quod
3170 2769 3423 2842 parcitas
3450 2769 3539 2826 vel
3569 2769 3816 2844 largitas

2163 2859 2593 2933 eleemosynam
2625 2859 3016 2926 faciendi,non
3037 2859 3285 2914 refertur
3303 2860 3374 2914 ad
3393 2859 3811 2929 substantiam;

2163 2948 2310 3006 alias
2340 2947 2650 3004 miserrimi
2684 2953 2879 3003 essent
2909 2964 3430 3020 pauperes,parum
3459 2947 3547 3004 vel
3577 2947 3725 3004 nihil
3754 2949 3813 3006 in

2163 3037 2592 3110 eleemosynam
2625 3038 2764 3092 dare
2793 3036 3356 3108 valentes,quoniam
3373 3035 3432 3092 in
3452 3036 3564 3094 alia
3583 3038 3704 3092 vita
3717 3055 3816 3110 pa-

403 3132 511 3195 est,
527 3145 600 3184 ne
621 3126 670 3184 si
697 3125 1133 3198 transliguratio
1151 3123 1380 3178 Domini
1413 3121 1688 3177 omnibus
1719 3122 2051 3176 manifesta-
2080 3115 2123 3180 C
2160 3145 2290 3182 rum
2324 3126 2409 3182 vel
2442 3126 2584 3181 nihil
2616 3130 2812 3182 essent
2842 3125 3226 3197 recepturi.Et
3255 3125 3575 3182 beatissimi
3608 3133 3814 3183 essent

403 3221 582 3285 retur,
603 3234 715 3272 non
748 3214 1087 3280 verum,sed
1121 3211 1557 3284 phantasticum
1591 3227 1802 3283 corpus
1835 3211 2047 3265 habere

402 3310 726 3380 putaretur.
760 3306 941 3376 Cujus
997 3300 1258 3374 corporis
1313 3299 1547 3366 veritas,
1581 3306 1894 3372 postquam
1945 3315 2048 3371 per

400 3395 735 3468 passionem
768 3394 1012 3465 probata
1042 3391 1170 3457 fuit,
1198 3389 1341 3444 nihil
1364 3389 1639 3460 deinceps
1665 3390 2046 3462 transfigura-

401 3482 620 3539 tionem
651 3483 780 3552 eius
811 3479 1114 3553 impedivit
1143 3477 1464 3550 praedicari.
1489 3477 1683 3532 Tertia
1706 3481 1814 3546 est,
1848 3480 1914 3530 ut
1940 3476 2044 3530 da-

399 3575 487 3627 ret
507 3570 778 3626 fidelibus
809 3569 934 3624 suis
956 3565 1313 3640 exemplum,
1333 3571 1622 3638 quatenus
1642 3566 1690 3622 si
1708 3565 1850 3638 quid
1867 3564 2044 3620 virtu-

397 3659 474 3716 tis
508 3663 565 3715 et
595 3657 790 3731 gloriae
822 3657 880 3712 in
915 3673 976 3712 se
1009 3656 1310 3724 haberent,
1346 3671 1648 3726 nunquam
1681 3654 1738 3708 in
1788 3653 1906 3709 vita
1935 3670 2044 3709 sua

400 3747 726 3821 quidquam
753 3745 1113 3802 manifestari
1135 3743 1364 3800 vellent.
1389 3743 1501 3798 Sed
1523 3748 1577 3798 et
1600 3744 1647 3798 si
1671 3743 1765 3798 cui
1790 3744 1933 3798 forte
1965 3744 2046 3798 fa-

400 3836 718 3893 miliarium
743 3840 947 3892 notum
971 3835 1149 3900 ﬁeret,
1175 3833 1249 3888 ab
1270 3851 1335 3889 eo
1356 3831 1747 3905 exigerent,ne
1765 3848 1826 3887 se
1847 3832 2040 3888 viven-

395 3926 555 3982 tibus
582 3925 681 3982 alii
712 3923 1070 3992 revelarent;
1105 3922 1258 3978 sicut
1287 3921 1536 3994 legimus
1565 3922 1801 3977 beatum
1834 3922 2040 3978 fecisse

395 4014 720 4082 Nicolaum,
756 4014 912 4070 sicut
940 4012 1097 4068 enim
1129 4017 1336 4067 ventus
1369 4012 1552 4067 borean
1585 4009 1755 4066 ﬂores
1788 4011 1923 4078 urit,
1959 4011 2041 4066 ita

395 4103 672 4160 flosculos
691 4103 996 4169 virtutum,
1021 4118 1223 4157 rumor
1241 4106 1297 4156 et
1321 4101 1479 4156 favor
1507 4100 2040 4172 popularis.Quam-

389 4192 479 4249 vis
499 4193 657 4248 enim
676 4191 902 4248 laudari
925 4191 1360 4259 erubescamus,
1383 4194 1440 4246 et
1461 4190 1732 4263 indignos
1755 4207 1863 4246 nos
1888 4189 2040 4246 dica-

391 4297 546 4350 mus,
567 4285 762 4338 tamen
796 4281 1012 4348 anima,
1033 4297 1160 4353 quae
1191 4278 1532 4335 naturaliter
1555 4279 1645 4335 sui
1663 4281 1910 4335 amatrix
1926 4282 2032 4346 est,

389 4370 462 4428 ad
494 4368 700 4428 laudes
732 4370 890 4426 intus
921 4369 1169 4436 laetatur,
1203 4373 1262 4424 et
1294 4368 1405 4426 sibi
1436 4368 1643 4440 incipit
1691 4369 1935 4442 placere.
1969 4372 2036 4427 Et

386 4465 606 4532 quanto
638 4460 828 4533 magis
873 4476 978 4516 nos
1027 4457 1318 4514 nobismet
1366 4458 1685 4530 placemus,
1717 4463 1880 4514 tanto
1907 4475 2028 4515 ma-
2059 4482 2107 4546 Β

385 4547 477 4622 gis
502 4550 612 4605 Deo
635 4548 1036 4622 displicemus.
1061 4548 1387 4620 Propterea,
1410 4548 1617 4604 fratres
1635 4547 1766 4612 mei,
1781 4547 2026 4620 gloriam

383 4641 440 4693 et
461 4635 693 4694 laudem
717 4638 1038 4694 humanam
1065 4653 1297 4709 semper
1328 4637 1646 4709 fugiamus,
1665 4636 2029 4704 thesaurum,

383 4724 634 4799 gloriam
666 4732 724 4784 et
750 4726 1107 4784 desiderium
1158 4731 1423 4782 nostrum
1475 4727 1546 4781 ad
1592 4725 1768 4782 caalos
1797 4727 2030 4799 penitus

380 4817 831 4884 transferamus,
865 4834 972 4873 nos
1015 4815 1110 4871 hic
1141 4816 1456 4883 contemni,
1489 4814 1662 4886 dejici
1693 4820 1750 4871 et
1779 4816 2031 4889 opprimi

380 4909 619 4978 propter
639 4905 932 4961 Christum
958 4905 1294 4977 diligamus,
1314 4909 1379 4960 ut
1400 4904 1457 4960 in
1482 4903 1592 4960 alia
1613 4904 1728 4960 vita
1746 4906 1817 4961 ab
1840 4922 1904 4961 eo
1927 4905 2029 4962 ho-

385 4992 603 5059 norari,
656 4991 961 5049 sublimari
1021 4996 1077 5047 et
1131 4990 1442 5064 gloriﬁcari
1502 5007 1870 5060 mereamur;
1902 4992 2029 5065 ipso

379 5085 695 5154 praestante
727 5079 826 5152 qui
857 5096 992 5136 cum
1026 5085 1194 5136 Patre
1225 5085 1282 5135 et
1318 5079 1534 5152 Spiritu
1570 5085 1770 5136 sancto
1801 5081 1941 5138 vivit
1973 5085 2029 5137 et

377 5173 583 5242 regnat
615 5174 786 5238 Deus,
822 5185 924 5242 per
949 5169 1147 5225 omnia
1178 5169 1389 5226 saecula
1419 5169 1787 5226 saeculorum.
1819 5173 2022 5228 Amen.

1106 5275 1292 5331 XXIX.

733 5365 789 5404 IN
829 5363 1102 5404 PASSIONE
1140 5364 1301 5403 BEATI
1342 5363 1665 5404 LAURENTII.

445 5435 554 5502 Qui
575 5452 740 5506 parce
767 5437 1023 5502 seminat,
1047 5451 1210 5508 parce
1239 5444 1292 5491 et
1318 5444 1498 5494 metet.
1518 5439 1581 5492 Et
1599 5440 1698 5510 qui
1712 5439 1945 5494 seminat
1965 5441 2022 5493 in

368 5521 848 5598 benedictionibus,
882 5523 949 5584 da
1001 5523 1468 5586 benedictionibus
1523 5535 1576 5584 et
1633 5535 1792 5584 metet
1821 5528 1892 5602 (II
1917 5531 2024 5586 Cor

2156 3215 2488 3281 divites,hic
2521 3213 2777 3286 plurima
2793 3213 3806 3287 pauperibustribuentes,quoniam

2157 3305 2214 3359 in
2257 3303 2371 3360 alia
2409 3303 2526 3358 vita
2567 3303 2880 3375 plurimam
2923 3302 3246 3358 mercedem
3279 3305 3476 3358 essent
3519 3301 3804 3358 habituri.

2154 3393 2278 3448 Non
2310 3410 2446 3466 ergo
2479 3393 2725 3447 refertur
2737 3392 2806 3446 ad
2822 3391 3236 3457 substantiam,
3251 3391 3350 3446 sed
3366 3390 3560 3463 potius
3576 3391 3648 3447 ad
3661 3390 3806 3450 cha-

2153 3481 2384 3538 ritatem
2417 3487 2474 3537 et
2504 3482 2574 3537 ad
2608 3480 3213 3553 possibilitatem.Non
3244 3480 3680 3553 pensatquippe
3697 3481 3808 3538 Do-

2153 3572 2351 3627 minus
2381 3575 2669 3644 quantum
2700 3570 3014 3636 tribuatur,
3046 3569 3148 3625 sed
3177 3585 3245 3624 ex
3274 3573 3496 3640 quanta
3517 3569 3807 3628 charitate

2152 3665 2208 3714 et
2239 3659 2646 3732 possibilitate.
2667 3659 2829 3714 Unde
2852 3657 3136 3714 Dominus
3167 3657 3402 3714 viduam
3433 3658 3548 3714 duo
3571 3658 3807 3715 minuta

2152 3749 2210 3803 in
2243 3748 2640 3821 gazophilacio
2672 3748 3007 3803 offerentem
3039 3746 3183 3802 dicit
3214 3746 3344 3818 plus
3382 3747 3661 3804 omnibus
3691 3749 3806 3806 ob-

2150 3837 2664 3909 tulisse;quoniam
2696 3835 2778 3891 illi
2810 3854 2879 3892 ex
2907 3835 3270 3892 abundantia
3299 3835 3518 3909 aliqua;
3537 3836 3637 3892 illa
3663 3854 3806 3894 vero

2151 3926 2435 4000 quidquid
2468 3926 2677 3982 habuit
2707 3925 2922 3982 obtulit
2951 3926 3137 3993 (Marc.
3170 3942 3281 3991 xu;
3318 3927 3442 3982 Luc.
3465 3929 3608 3994 xxx).
3642 3925 3808 3983 Unde

2148 4020 2203 4071 et
2234 4021 2392 4088 patet
2423 4016 2577 4087 quod
2610 4032 2679 4070 ex
2709 4015 2919 4085 majori
2948 4014 3230 4070 charitate
3251 4014 3361 4071 hoc
3385 4014 3806 4072 fecit.Multum

2147 4105 2562 4180 igitur,fratres
2594 4103 2990 4171 mei,seminat
3019 4102 3118 4176 qui
3155 4103 3298 4159 illud
3323 4104 3619 4160 modicum
3637 4105 3803 4177 quod

2147 4195 2322 4251 habet
2353 4199 2542 4250 totum
2573 4210 2676 4266 pro
2707 4192 2820 4248 Deo
2853 4197 3073 4266 erogat.
3109 4191 3360 4250 Multum
3385 4192 3809 4266 seminat,qui,

2147 4300 2278 4340 cum
2314 4283 2446 4356 plus
2477 4299 2594 4338 non
2627 4281 3089 4353 possit,verbum
3121 4280 3496 4338 correctionis
3511 4284 3568 4337 et
3589 4279 3808 4337 salutis

2145 4371 2630 4428 tribuit.Multum
2663 4369 3211 4442 seminat.qui,cum
3236 4369 3478 4443 patienti
3510 4387 3629 4427 non
3660 4386 3808 4443 pos-

2145 4461 2222 4517 sit
2251 4462 2388 4517 dare
2420 4478 2564 4526 rem,
2597 4461 2697 4516 dat
2727 4458 2813 4516 vel
2845 4459 3151 4516 charitatis
3196 4459 3665 4532 eompassionem
3691 4477 3708 4528 ;
3745 4464 3806 4517 et

2137 4556 2390 4616 econtra,
2433 4550 2594 4605 dives
2643 4549 2878 4621 aliquis,
2909 4566 3043 4604 cum
3091 4547 3359 4606 videatur
3409 4566 3515 4621 pro
3560 4549 3802 4605 Christo

2141 4639 2328 4696 multa
2359 4640 2518 4710 dare,
2546 4643 2741 4694 tamen
2773 4655 2958 4710 pauca
2989 4639 3186 4704 donat,
3219 4638 3361 4710 quia
3389 4655 3457 4696 ex
3509 4637 3672 4694 nulla
3707 4637 3805 4695 vel

2139 4727 2340 4801 tepida
2369 4727 2840 4793 charitate.0uod
2874 4727 3009 4783 inde
3040 4731 3201 4799 patet
3231 4726 3611 4799 quoniam,ad
3633 4742 3802 4782 com-

2141 4817 2502 4890 parationem
2533 4833 2734 4872 eorum
2768 4833 2895 4888 qua
2927 4816 3407 4888 possidet,pauca
3429 4815 3798 4888 prebet.Sed

2139 4913 2194 4962 et
2226 4906 2370 4962 illud
2403 4907 2708 4962 sciendum
2739 4909 2828 4961 est
2857 4905 3134 4977 quoniam
3167 4906 3410 4977 praemia
3437 4908 3803 4960 aeternume-

2139 4995 2268 5050 ritis
2301 4995 2515 5051 nostris
2548 4994 3100 5050 commensurahilia
3132 5011 3246 5050 non
3281 4998 3474 5061 erunt,
3506 4993 3798 5066 quoniam

2139 5083 2346 5141 merita
2376 5086 2576 5139 nostra
2604 5082 2767 5137 nulla
2788 5081 2876 5137 vel
2908 5082 3154 5140 minima
3180 5089 3340 5154 sunt,
3367 5082 3609 5156 premis
3654 5099 3799 5138 vero

2135 5173 2427 5229 immensa
2458 5171 2822 5226 erunt.Unde
2852 5171 3136 5227 Dominus
3167 5172 3226 5226 in
3254 5170 3622 5243 Evangeliozu
3654 5170 3795 5226 Ser-

2133 5280 2200 5318 ve
2225 5264 2375 5318 bone
2406 5265 2463 5316 et
2492 5259 2849 5331 ﬂdelis,quia
2879 5277 3054 5332 super
3082 5277 3268 5333 pauca
3288 5259 3454 5316 fuisti
3467 5259 3791 5324 ﬂdelis,su-

2133 5369 2240 5424 pra
2268 5350 2510 5406 multate
2531 5349 2908 5406 constitutam
2920 5350 3326 5420 (Matth.xxv).»
3352 5347 3713 5421 Nullusergo
3725 5346 3790 5402 in

2132 5441 2328 5496 futuro
2352 5439 2562 5496 saeculo
2593 5455 2764 5510 parce
2796 5438 3282 5510 metet,quoniam
3314 5435 3790 5510 quislibetmini-

2131 5546 2266 5587 mus
2299 5533 2539 5588 sanctus
2569 5527 2931 5586 sufﬁcienter
2959 5527 3019 5584 in
3061 5528 3259 5586 futuro
3290 5525 3635 5586 abundabit.
3669 5525 3792 5584 Sed
