4002 6078
151 213 302 273 1421

1273 211 1652 274 HOMILUE.
1682 244 1760 257 --
1795 211 1844 274 Ι.
1891 214 1993 274 DE
2036 214 2436 278 TEMPOBE.

3406 223 3563 284 1422

146 345 260 400 Sed
311 348 377 400 ut
423 359 540 399 non
585 343 662 398 sit
710 341 923 410 inanis,
979 343 1078 415 qui
1130 342 1400 412 celebrat,
1453 345 1731 402 imitetur.
1771 372 1796 394 η
1825 347 1879 414 Α
1913 351 1998 402 tes
2028 347 2227 404 omnia
2256 349 2559 405 mundana
2583 350 2779 406 studia
2803 349 3048 421 experiri
3073 349 3228 418 facit,
3251 355 3308 406 et
3333 369 3450 409 non
3480 355 3566 411 in-

335 538 395 578 ΙΝ
433 537 837 577 ΑΞΒΠΜΡἸἹΟΝΒ
875 532 1066 576 REATE
1104 539 1307 578 ΜΑΒῙᾸΞ
1343 541 1611 580 VIRGINIS.

213 612 277 668 In
300 611 554 666 omnibus
584 613 826 682 requiem
869 612 1123 683 quaesivi,
1157 620 1209 667 et
1241 614 1303 667 in
1333 612 1651 669 haereditate
1693 617 1800 670 Do-

135 702 286 754 mini
316 701 570 756 morabor
598 701 784 776 (Eccli.
815 700 986 772 xxxv),
1032 705 1141 756 etc.
1188 701 1317 756 Haec
1363 702 1558 770 verba,
1591 703 1798 760 fratres

135 787 676 854 charissimi,verba
699 793 836 844 sunt
859 789 1182 862 sapientiae,
1200 807 1313 845 non
1339 792 1646 846 mundanae
1670 810 1796 864 quae

133 876 380 933 inimica
400 881 489 932 est
511 877 650 943 Deo,
675 878 775 932 sed
803 877 1102 949 sapientiae
1127 895 1254 950 quae
1283 896 1352 934 ex
1383 897 1478 935 ore
1508 879 1794 937 Altissimi

133 966 376 1038 prodiit,
411 965 634 1022 scilicet
665 965 897 1022 Domini
929 967 1114 1022 nostri
1151 968 1290 1024 Jesu
1322 968 1556 1036 Christi,
1589 969 1646 1024 in
1680 987 1794 1042 quo

133 1059 194 1110 et
223 1071 328 1127 per
347 1071 520 1126 quem
560 1056 706 1111 Deus
727 1054 928 1110 omnia
949 1055 1084 1110 fecit
1104 1061 1160 1111 et
1186 1056 1403 1113 refecit.
1421 1057 1601 1128 Cujus
1620 1060 1796 1115 verba

132 1143 297 1200 omni
321 1143 592 1199 aviditate
613 1143 908 1217 suscipere
927 1144 1229 1213 debemus,
1247 1144 1495 1202 scientes
1513 1147 1791 1218 quoniam

129 1233 290 1306 quod
320 1231 601 1304 loquitur,
633 1231 896 1305 loquitur
935 1232 1102 1288 nobis
1153 1237 1210 1288 et
1260 1249 1363 1306 pro
1416 1234 1606 1290 nobis.
1641 1235 1792 1290 Dicit

128 1325 332 1378 autem
365 1325 638 1394 quatuor.
667 1320 879 1389 Primo,
904 1321 1045 1376 dicit
1072 1339 1133 1378 se
1167 1321 1428 1394 requiem
1453 1323 1790 1395 quaesivisse

128 1415 192 1467 et
220 1409 659 1483 elegisse,quod
686 1411 1221 1477 demonstrat,cum
1255 1410 1418 1481 dicit,
1448 1414 1509 1466 in
1537 1415 1789 1468 omnibus

124 1503 378 1573 requiem
407 1501 662 1571 quwsivi,
693 1508 745 1556 et
776 1502 834 1555 in
881 1500 1202 1556 ha’reditate
1247 1502 1466 1556 Domini
1510 1503 1783 1558 morabor.

125 1589 244 1646 Sed
277 1587 417 1662 quid
449 1594 557 1656 est,
584 1589 828 1645 Domine
858 1589 939 1644 mi
985 1590 1122 1645 Jesu
1157 1589 1424 1645 Christe?
1449 1591 1534 1645 Tu
1568 1607 1629 1646 es
1660 1590 1790 1662 ipsa

124 1679 384 1752 requies,
405 1683 462 1734 et
491 1677 828 1750 quicunque
874 1678 1205 1751 requiescit,
1241 1695 1342 1750 per
1371 1684 1426 1734 te
1455 1679 1784 1750 requiescit.

124 1769 295 1824 Unde
325 1769 500 1824 etiam
548 1767 672 1837 ipse
701 1766 920 1823 clamas
955 1783 1022 1822 :«
1053 1767 1256 1824 Venite
1307 1768 1374 1822 ad
1428 1784 1542 1834 me,
1577 1785 1782 1824 omnes

122 1858 230 1932 qui
261 1857 539 1914 laboratis
581 1861 639 1912 et
684 1855 903 1912 onerati
937 1856 1098 1929 estis,
1131 1862 1186 1912 et
1217 1873 1322 1930 ego
1372 1858 1629 1913 reﬁciam
1679 1876 1780 1915 vos

119 1947 330 2016 (Matth.
362 1946 518 2018 1(1),»
557 1944 615 2000 id
647 1949 755 2011 est,
806 1944 1169 2017 requiescere
1219 1946 1451 2001 faciam.
1479 1948 1779 2012 Quomodo

121 2053 264 2108 ergo
293 2041 354 2092 tu
386 2035 531 2108 ipse,
559 2050 693 2090 cum
725 2033 806 2090 sis
840 2034 1088 2106 requies,
1123 2034 1383 2107 requiem
1418 2035 1780 2107 quaasivisti?

120 2127 237 2183 Sed
272 2123 392 2180 scio
420 2125 575 2196 quod
608 2140 736 2193 nos,
769 2122 827 2178 in
869 2123 962 2179 his
993 2140 1120 2195 quae
1153 2123 1322 2179 nobis
1366 2126 1780 2180 concordantia

116 2221 177 2272 et
211 2214 503 2288 placentia
532 2218 689 2278 sunt,
725 2212 984 2284 requiem
1031 2213 1348 2280 habemus;
1382 2213 1440 2267 in
1473 2213 1590 2268 illis
1619 2231 1774 2286 vero,

117 2323 254 2378 quin
286 2304 456 2359 nobis
503 2301 792 2357 contraria
825 2307 883 2356 et
912 2302 1282 2372 displicentia
1321 2307 1477 2366 sunt.
1514 2305 1774 2374 requiem

115 2394 339 2450 habere
397 2409 510 2446 non
562 2389 842 2445 valemus.
876 2391 964 2444 Tu
1014 2407 1267 2462 quoque,
1319 2391 1582 2460 Domine,
1639 2410 1769 2447 cum

114 2500 300 2558 penes
344 2486 400 2536 te
435 2478 689 2552 requiem
743 2495 975 2551 semper
1003 2484 1058 2534 et
1088 2495 1289 2550 pacem
1341 2480 1578 2546 habeas,
1615 2483 1772 2553 apud

113 2572 255 2628 illos
277 2575 474 2626 tamen
492 2569 593 2641 qui
614 2585 718 2640 per
737 2567 1176 2622 immunditiam
1196 2573 1252 2624 et
1273 2568 1639 2640 iniquitatem
1664 2569 1771 2625 tibi

114 2660 444 2718 dissimiles
465 2665 521 2715 et
541 2656 916 2730 displicentes
947 2661 1106 2722 sunt,
1134 2658 1394 2728 requiem
1420 2675 1534 2713 non
1568 2657 1768 2726 habes,

113 2769 229 2808 nec
260 2749 344 2806 illi
378 2747 650 2806 similiter
691 2747 845 2819 apud
890 2749 966 2802 te.
996 2746 1163 2818 Apud
1194 2763 1327 2802 vero
1358 2745 1511 2814 illos,
1535 2746 1636 2819 qui
1669 2765 1772 2820 per

115 2839 478 2898 munditiam
495 2842 550 2895 et
557 2835 852 2909 justitiam
872 2834 976 2890 tibi
997 2835 1219 2892 similes
1232 2839 1287 2890 et
1304 2835 1596 2908 placentes
1609 2841 1766 2904 sunt,

20 2939 22 2942 ’
115 2930 384 3004 requiem
416 2927 617 2994 habes,
654 2930 712 2981 et
756 2926 840 2982 illi
891 2925 1164 2981 similiter
1210 2927 1365 2999 apud
1414 2931 1488 2982 te.
1521 2927 1682 2983 Unde
1713 2933 1768 2983 et

1911 435 2206 491 venientes
2229 437 2288 491 in
2320 437 2404 493 eis
2434 438 2714 510 requiem,
2743 438 2882 494 facit
2919 455 3017 495 eos
3058 439 3129 494 ad
3164 438 3563 498 haereditatem

1910 524 2140 580 Domini
2171 526 2420 582 transire
2451 533 2507 582 et
2537 527 2615 582 ibi
2648 527 2884 584 morari.

1983 614 2251 670 Secunda
2280 632 2416 687 pars
2449 615 2735 688 sequitur,
2761 615 2819 671 in
2851 633 2969 688 qua
3007 617 3298 689 sapientia
3326 618 3428 675 Dei
3459 621 3564 676 Pa-

1908 700 2015 756 tris
2045 703 2300 758 ostendit
2338 703 2534 776 ipsum
2577 704 2804 759 Patrem
2846 703 3214 772 mandatum,
3242 710 3298 762 et
3325 722 3564 764 consen-

1909 807 2042 846 sum
2093 791 2204 846 sibi
2261 791 2320 846 in
2379 793 2716 848 haereditate
2773 793 2921 864 ejus,
2948 809 3082 848 cum
3138 794 3380 850 subdit:
3417 798 3562 853 Tunc

1900 882 2163 952 pra’cepit
2190 889 2241 936 et
2269 882 2416 938 dixit
2441 884 2585 938 mihi
2615 882 2835 938 Creator
2864 884 3131 949 omnium,
3165 883 3470 954 subaudis,
3493 890 3558 942 ut

1904 968 2080 1024 etiam
2114 986 2374 1026 morarer
2403 971 2462 1026 in
2494 971 2830 1028 haereditate
2859 973 3007 1042 ejus.
3034 975 3175 1027 Cum
3199 972 3368 1028 Pater
3395 977 3451 1029 et
3472 975 3558 1030 Fi-

1903 1055 2018 1112 lius
2049 1057 2167 1112 sint
2214 1059 2476 1129 ejusdem
2510 1061 2874 1128 substantia,
2909 1060 3192 1129 essentia,
3241 1062 3554 1119 auctorita-

1902 1144 2332 1211 tis,voluntatis
2362 1152 2418 1203 et
2449 1149 2746 1221 potentiae;
2780 1154 2976 1205 tamen
3007 1149 3189 1205 Filius
3211 1166 3442 1223 semper
3471 1169 3558 1208 re-

1903 1234 2324 1306 spiciens,tum
2355 1237 2424 1291 ad
2457 1237 2565 1292 hoc
2598 1238 2753 1309 quod
2802 1238 2929 1309 ipse
2969 1255 3037 1293 ex
3081 1237 3247 1294 Patre
3277 1243 3384 1307 est,
3419 1257 3555 1297 cum

1903 1323 2070 1380 Pater
2098 1341 2164 1380 ex
2196 1324 2354 1380 nullo
2389 1325 2482 1393 sit,
2518 1330 2644 1381 tum
2677 1326 2748 1382 ad
2781 1326 2889 1382 hoc
2920 1326 3076 1399 quod
3109 1329 3435 1384 secundum
3467 1347 3557 1386 as-

1901 1417 2199 1485 sumptam
2241 1414 2670 1470 humanitatem
2719 1415 3048 1471 minoratus
3093 1419 3200 1484 est,
3225 1415 3368 1473 dicit
3414 1419 3556 1491 quia

1901 1524 1929 1551 «
1955 1518 2070 1557 non
2094 1503 2224 1558 veni
2246 1505 2432 1560 facere
2454 1503 2812 1560 voluntatem
2834 1520 3048 1574 meam,
3070 1503 3170 1559 sed
3193 1503 3551 1564 voluntatem

1900 1589 2085 1646 Patris
2116 1592 2229 1647 mei
2263 1592 2363 1664 qui
2394 1592 2556 1648 misit
2585 1610 2678 1649 me
2707 1596 2885 1662 (Joan.
2908 1595 3054 1662 v1).»
3081 1593 3147 1648 Et
3167 1591 3307 1665 quia
3327 1617 3356 1645 «
3383 1595 3553 1652 Pater

1899 1681 2087 1751 major
2108 1698 2198 1736 me
2230 1687 2340 1748 est,
2365 1687 2422 1738 et
2452 1682 2605 1738 sicut
2633 1683 2977 1738 mandatum
3001 1683 3161 1738 dedit
3190 1683 3336 1738 mihi
3357 1687 3546 1754 Pater,

1894 1768 1978 1824 sic
2009 1769 2158 1825 faeio
2179 1771 2360 1842 (Joan.
2387 1775 2945 1840 x1v).»Consensum
2970 1788 3104 1828 vero
3134 1788 3270 1828 cum
3301 1773 3547 1845 subjun-

1890 1857 1976 1930 git
2000 1875 2012 1912 :
2038 1859 2103 1913 Et
2132 1861 2230 1930 qui
2248 1862 2455 1916 creavit
2473 1877 2578 1927 me,
2603 1860 2659 1916 id
2683 1865 2771 1917 est
2791 1861 2995 1933 genuit
3014 1877 3126 1927 me,
3147 1860 3235 1916 vel
3262 1866 3436 1932 certe,
3460 1879 3547 1920 se-

1890 1947 2152 2002 cundum
2200 1948 2628 2005 humanitatem
2663 1954 3028 2022 assumptam
3062 1951 3296 2017 creavit,
3327 1953 3546 2024 requie-

1888 2038 1968 2091 vit
1995 2037 2055 2091 in
2085 2039 2434 2093 tabernaculo
2463 2055 2600 2094 meo.
2627 2041 2768 2095 Cum
2805 2039 2961 2094 enim
2988 2039 3143 2094 Deus
3171 2039 3357 2112 Pater,
3387 2044 3447 2097 et
3475 2057 3544 2098 ex

1889 2142 1955 2180 eo
1979 2126 2176 2197 genita
2197 2126 2508 2198 sapientia,
2532 2128 2641 2182 fuit
2662 2145 2891 2199 semper
2915 2128 3180 2199 ejusdem
3201 2129 3464 2185 essentia:
3485 2135 3543 2186 et

1887 2214 2226 2280 voluntatis,
2257 2215 2314 2269 in
2359 2232 2709 2288 quocunque
2759 2217 3070 2288 requiescit
3101 2217 3200 2273 Dei
3231 2218 3540 2290 sapientia,

1886 2308 1941 2356 et
1965 2303 2117 2358 Deus
2148 2305 2331 2359 Pater.
2355 2305 2518 2359 Unde
2549 2310 2606 2360 et
2634 2306 2835 2361 eadem
2871 2305 3158 2376 sapientia
3189 2305 3248 2360 in
3278 2307 3542 2379 Evange-

1888 2391 1962 2447 lio
1991 2392 2130 2447 dicit
2155 2411 2202 2447 ;‹‹
2229 2393 2288 2448 Si
2321 2393 2454 2465 quis
2481 2392 2673 2466 diligit
2703 2412 2816 2461 me,
2841 2411 3170 2449 sermonem
3203 2411 3400 2451 meum
3426 2413 3548 2452 ser-

1884 2481 2061 2550 vabit,
2087 2487 2146 2536 et
2176 2482 2343 2537 Pater
2372 2500 2539 2538 meus
2571 2483 2774 2556 diliget
2806 2500 2962 2550 eum,
2990 2488 3046 2539 et
3075 2484 3148 2538 ad
3180 2501 3314 2540 cum
3345 2485 3542 2541 venie-

1884 2586 2036 2637 mus,
2053 2576 2108 2626 et
2130 2571 2493 2626 mansionem
2518 2573 2671 2644 apud
2697 2589 2831 2628 eum
2854 2571 3134 2629 faciemus
3155 2573 3340 2644 (Joan.
3357 2577 3532 2643 xm.»

1881 2663 2059 2715 Porro
2083 2660 2526 2716 tabernaculum
2555 2677 2730 2716 suum
2753 2670 2938 2728 vocat,
2961 2660 3048 2716 vel
3080 2661 3275 2733 ipsum
3301 2678 3534 2719 assum-

1881 2751 2045 2820 ptum
2081 2749 2375 2804 hominem
2408 2749 2466 2803 in
2489 2766 2605 2820 quo
2631 2749 2859 2805 habitat
2887 2749 3186 2822 plenitudo
3209 2749 3534 2809 divinitatis

1878 2836 2281 2909 corporaliter;
2302 2837 2390 2893 vel
2407 2838 2584 2894 etiam
2604 2838 3071 2894 sacratissimum
3091 2843 3326 2895 uternm
3347 2839 3529 2897 beatae

1876 2925 2153 2998 Virginis,
2177 2926 2234 2980 in
2269 2943 2383 2998 quo
2429 2926 2523 2982 Dei
2572 2926 2858 2998 sapientia
2909 2928 3235 2983 secundum
3289 2945 3527 2985 carnem

113 3019 317 3079 dixisti
344 3037 392 3074 τα
419 3019 606 3090 Super
630 3032 802 3088 quem
833 3014 1156 3087 requiescet
1177 3015 1417 3086 spiritus
1440 3032 1625 3084 meus,
1651 3016 1765 3072 nisi
1814 3087 1839 3090 Α
1874 3013 2174 3081 habitavit,
2212 3015 2322 3070 Sed
2356 3019 2412 3071 et
2441 3019 2562 3070 tam
2594 3016 2748 3071 Deus
2778 3017 2948 3071 Pater
2975 3032 3154 3088 quam
3185 3017 3312 3088 ejus
3344 3015 3525 3074 Filius

111 3127 298 3183 super
323 3087 610 3164 humilem
650 3087 715 3162 et
757 3109 1152 3168 mansuetum,
1183 3109 1238 3160 et
1267 3108 1609 3160 trementem
1643 3122 1764 3161 ser-
1799 3087 1841 3154 C
1881 3104 1943 3158 in
1973 3121 2040 3159 ea
2070 3108 2125 3160 et
2156 3121 2260 3176 per
2302 3104 2638 3172 essentiam,
2665 3109 2723 3160 et
2751 3122 2854 3176 per
2900 3104 3220 3178 gratiarum
3269 3105 3524 3178 plenitu-

111 3215 324 3256 mones
381 3195 642 3251 meos?»
674 3195 804 3262 (Isa.
849 3197 1021 3262 LXVI.)
1067 3193 1168 3248 Hic
1215 3210 1447 3265 quoque
1504 3194 1764 3250 ostendis

108 3289 274 3362 apud
316 3302 488 3359 quem
537 3283 796 3355 requiem
846 3281 1050 3356 eligas,
1079 3298 1212 3337 cum
1261 3282 1592 3355 subjungis,
1625 3285 1760 3338 etin

108 3376 436 3436 haereditate
483 3374 711 3430 Domini
753 3372 1026 3428 morabor.
1074 3373 1248 3427 Porro
1297 3371 1606 3427 haereditas
1659 3374 1764 3428 Do-

107 3466 264 3525 mini
297 3465 571 3520 dicuntur
599 3462 658 3517 hi
690 3477 838 3534 quos
869 3461 1020 3517 Deus
1052 3460 1214 3534 regni
1243 3461 1335 3516 sui
1367 3460 1644 3529 haeredes,
1681 3461 1767 3516 Fi-

109 3558 299 3628 liique
321 3554 409 3609 sui
433 3551 761 3608 coheredes
777 3550 968 3622 elegit,
986 3550 1106 3622 qui,
1122 3548 1470 3620 contemptis
1491 3550 1766 3607 omnibus

110 3641 493 3709 transitoriis,
527 3639 718 3697 solum
773 3642 947 3695 Deum
979 3639 1039 3694 in
1071 3639 1471 3694 hzereditatem
1503 3639 1613 3694 sibi
1663 3639 1766 3695 eli-

110 3732 558 3809 gunt,dicentes
595 3746 728 3784 cum
763 3728 1081 3800 Propheta:
1110 3749 1140 3807 te
1160 3727 1443 3784 Dominus
1478 3746 1612 3800 pars
1655 3729 1767 3783 hie-

113 3821 383 3881 reditatis
414 3818 742 3890 mem(Psal.
767 3821 880 3886 xv),
915 3840 942 3866 »
964 3817 1017 3872 id
1053 3822 1160 3887 est,
1186 3834 1321 3890 pars
1366 3825 1422 3872 et
1461 3816 1768 3873 hzereditas

111 3930 268 3970 mea.
290 3910 435 3966 Hinc
457 3912 545 3965 est
565 3907 720 3980 quod
743 3907 909 3962 beata
927 3911 983 3962 et
997 3907 1343 3963 venerabilis
1359 3907 1535 3980 Virgo
1560 3906 1764 3972 Maria,

111 4004 291 4074 cujus
321 3999 494 4056 hodie
537 3995 1012 4068 Assumptionem
1057 3995 1443 4063 celebramus,
1466 3995 1607 4068 quia
1652 4012 1766 4068 pres

113 4089 368 4157 cunctis,
393 4087 491 4160 qui
541 4087 615 4142 ab
663 4085 832 4142 initio
883 4102 1072 4158 usque
1103 4085 1162 4140 in
1197 4085 1371 4140 ﬁnem
1415 4085 1654 4140 fuerunt
1680 4084 1766 4140 vel

114 4178 300 4236 futuri
323 4181 482 4248 sunt,
497 4175 813 4232 Dominum
836 4175 896 4230 in
919 4173 1594 4241 munditia,humilitate,
1610 4191 1770 4229 man-

114 4267 453 4333 suetudine,
486 4264 880 4337 simplicitate,
915 4262 1241 4330 sanctitate,
1275 4263 1612 4334 caeterisque
1651 4263 1767 4318 vir-

112 4357 346 4414 tutibus
377 4354 566 4427 magis
599 4352 826 4410 studuit
853 4352 1091 4417 imitari,
1115 4351 1463 4423 Dominique
1494 4351 1616 4406 fieri
1647 4351 1767 4406 has-

1875 3193 2071 3248 dinem
2104 3193 2407 3264 requievit.
2436 3193 2546 3248 Sed
2571 3196 2626 3248 et
2652 3193 3063 3266 unusquisque
3091 3198 3380 3262 nostrum,
3406 3195 3522 3252 fra-

1875 3286 1992 3336 tres
2024 3282 2158 3346 mei,
2185 3281 2231 3337 si
2257 3299 2490 3338 omnem
2516 3283 2934 3354 spurcitiarum
2960 3282 3152 3339 labem
3175 3301 3208 3339 a
3228 3284 3397 3340 nobis
3426 3283 3526 3340 eli-

1875 3370 2196 3437 minamus,
2215 3370 2262 3425 si
2296 3387 2402 3425 nos
2426 3370 2740 3426 virtutibus
2769 3375 2826 3426 et
2849 3371 3020 3427 bonis
3053 3370 3326 3443 operibus
3357 3389 3525 3429 exor-

1876 3459 2169 3525 namus,si
2206 3476 2306 3532 per
2327 3476 2519 3514 veram
2544 3459 2886 3515 charitatem
2915 3460 3100 3515 Deum
3132 3460 3194 3516 in
3224 3461 3394 3518 nobis
3416 3461 3520 3518 ha-

1876 3550 2102 3612 bemus,
2140 3547 2337 3619 procul
2371 3548 2545 3602 dubio
2587 3549 2686 3604 Dei
2721 3549 2906 3605 Patris
2945 3550 3190 3621 ejusque
3220 3549 3517 3622 sapientiae

1875 3637 2318 3692 tabernaculum
2341 3642 2397 3691 et
2419 3637 2703 3709 templum
2732 3637 3206 3703 sumus,dicente
3225 3639 3522 3710 Apostolo.

1877 3724 2240 3798 «Templum
2273 3725 2372 3782 Dei
2409 3730 2679 3781 sanctum
2713 3730 2821 3793 est,
2854 3727 3009 3798 quod
3041 3727 3183 3782 estis
3212 3744 3316 3784 vos
3338 3729 3384 3800 (Ι
3404 3729 3529 3786 Cor.

1876 3815 1982 3886 v1);
2013 3838 2037 3863 ››
2063 3820 2119 3871 et
2147 3814 2284 3870 alibi
2314 3832 2326 3870 :
2351 3838 2380 3864 «
2405 3815 2653 3872 Nescitis
2685 3814 2825 3888 quia
2867 3815 3132 3872 membra
3160 3820 3352 3872 vestra
3380 3821 3532 3873 tem-

1875 3903 2038 3976 plum
2071 3909 2208 3959 sunt
2239 3903 2490 3977 Spiritus
2520 3904 2746 3960 sancti?
2775 3905 2834 3959 Si
2877 3904 3010 3976 quis
3041 3905 3198 3960 enim
3231 3904 3532 3963 violaverit

1876 3992 2162 4065 templum
2190 3993 2436 4060 Domini,
2465 3993 2763 4064 disperdet
2785 3993 2952 4049 illum
2977 3994 3130 4050 Deus
3153 3996 3203 4063 (Ι
3217 3997 3340 4052 Cor.
3366 3995 3472 4068 In).
3500 4017 3530 4046 ››

1875 4081 2185 4153 Templum
2218 4081 2317 4137 Dei
2347 4080 2543 4147 violat,
2565 4082 2664 4152 qui
2696 4097 2800 4153 per
2828 4086 3030 4155 turpes
3061 4087 3117 4139 et
3147 4083 3334 4140 malas
3364 4083 3528 4157 cogi-

1873 4170 2144 4241 tationes,
2165 4174 2223 4225 et
2269 4187 2372 4242 per
2420 4171 2724 4242 reprobam
2755 4171 2958 4238 vitam,
2994 4189 3028 4227 a
3057 4189 3118 4228 se
3149 4173 3250 4228 Dei
3297 4173 3528 4246 sapien-

1875 4261 2018 4316 tiam
2052 4257 2378 4331 prolongat.
2406 4258 2704 4330 Scriptum
2727 4263 2818 4314 est
2838 4259 2994 4315 enim
3021 4277 3069 4316 ;‹‹
3095 4260 3158 4316 In
3182 4259 3529 4318 malevolam

1877 4351 2137 4406 animam
2189 4365 2305 4404 non
2351 4347 2614 4404 introibit
2644 4348 2954 4420 sapientia,
2981 4366 3088 4406 nec
3134 4349 3424 4407 habitabit
3469 4349 3529 4406 in

114 4446 336 4502 reditas
367 4443 642 4500 omnibus
685 4441 876 4498 modis
924 4439 1299 4508 desideravit;
1334 4440 1461 4496 ideo
1491 4457 1620 4496 eam
1651 4440 1764 4496 Do—
1799 4461 1846 4524 Ι)
1879 4455 2117 4511 corpore
2147 4437 2382 4493 subdito
2406 4437 2659 4510 peccatis
2681 4438 2829 4510 (Sap.
2858 4442 2921 4507 ι).
2947 4438 3225 4510 Sequitur
3255 4455 3392 4510 pars
3423 4443 3532 4496 ter-

116 4535 319 4592 minus
353 4534 422 4588 de
471 4548 715 4587 numero
756 4531 1162 4585 universorum
1196 4529 1295 4601 qui
1347 4534 1485 4585 sunt
1513 4529 1600 4585 vel
1641 4531 1769 4586 fue-

115 4619 380 4690 runt,vel
406 4619 582 4676 futuri
612 4622 770 4685 sunt,
807 4617 1181 4690 singulariter
1211 4617 1403 4689 elegit.
1425 4617 1483 4672 In
1512 4634 1626 4689 qua
1655 4635 1771 4672 non

115 4717 350 4768 tantum
375 4708 778 4782 spiritualiter,
797 4707 894 4763 sed
919 4705 1090 4761 etiam
1115 4706 1430 4761 carnaliter
1450 4707 1773 4778 requiesee-

116 4806 226 4868 ret,
254 4803 311 4856 et
332 4799 656 4855 secundum
684 4801 1049 4868 assumptam
1084 4795 1510 4850 humanitatem
1546 4796 1772 4851 habita-

117 4888 646 4956 ret,confoveretur
665 4889 720 4942 et
740 4889 1046 4942 cresceret.
1067 4883 1177 4939 Sed
1203 4889 1259 4940 et
1281 4885 1340 4939 in
1365 4883 1551 4952 nobis,
1569 4885 1774 4940 fratres

117 4976 479 5043 charissimi,
508 4976 556 5032 si
588 4974 712 5031 vias
743 4972 974 5032 Domini
1021 4973 1205 5028 nostri
1254 4973 1394 5028 Jesu
1429 4973 1640 5028 Christi
1673 4989 1776 5044 pro

119 5066 364 5124 modulo
393 5070 593 5123 nostso
624 5064 808 5121 secuti
841 5063 1152 5130 fuerimus;
1181 5061 1228 5117 si
1253 5061 1480 5127 mundi,
1507 5061 1554 5116 si
1589 5061 1778 5117 humi-

119 5157 226 5224 les,
255 5156 302 5211 si
336 5154 650 5223 mansueti,
676 5154 724 5210 si
749 5152 960 5219 sancti,
986 5151 1036 5208 si
1059 5151 1230 5223 justi,
1258 5151 1410 5207 sicut
1438 5151 1776 5223 ipsejustus

119 5252 233 5312 est,
264 5244 570 5313 fuerimus,
608 5242 806 5317 procul
841 5241 1018 5298 dubio
1050 5241 1109 5296 in
1141 5239 1311 5296 nobis
1341 5239 1651 5307 habitabit,
1687 5257 1775 5295 re-

120 5336 386 5408 quiescet
426 5338 484 5390 et
531 5329 1035 5406 complacebit,vel
1067 5334 1219 5386 certe
1251 5329 1446 5385 divina
1491 5328 1779 5401 sapientia

121 5425 268 5480 dicit
296 5441 358 5479 se
389 5423 449 5478 in
482 5421 757 5479 omnibus
789 5419 1053 5493 requiem
1084 5418 1444 5490 quaesivisse,
1468 5423 1524 5474 et
1547 5422 1776 5474 tantum

122 5513 185 5575 in
215 5512 556 5576 haereditate
583 5510 815 5576 Domini
835 5508 1072 5582 morari,
1096 5506 1235 5588 quia
1259 5507 1527 5568 homines
1553 5507 1782 5585 sapien-

1878 4529 1979 4596 tia,
2012 4527 2071 4582 in
2104 4544 2222 4598 qua
2250 4525 2559 4598 exponitur
2606 4526 2666 4580 in
2712 4526 2928 4598 quibus
2975 4525 3077 4582 Dei
3127 4526 3416 4599 sapientia
3442 4543 3531 4584 re-

1883 4617 2164 4690 quiescat,
2189 4632 2324 4671 cum
2348 4614 2732 4687 subjungitur
2755 4633 2766 4670 :
2791 4617 2855 4670 Et
2884 4615 3029 4670 dixit
3054 4617 3197 4671 mihi
3225 4635 3244 4670 :
3272 4615 3336 4672 In
3361 4619 3532 4674 Jacob

1883 4707 2154 4770 inhabita,
2187 4714 2238 4760 et
2285 4707 2345 4760 in
2397 4705 2563 4759 Israel
2603 4703 2947 4770 haereditare,
2981 4713 3032 4759 et
3078 4707 3139 4760 in
3185 4705 3369 4761 electis
3399 4706 3535 4761 mei:

1882 4797 2035 4850 mitte
2064 4794 2292 4849 radices.
2323 4791 2611 4847 Voluntas
2659 4791 2758 4847 Dei
2790 4791 2976 4848 Patris
3009 4797 3098 4847 est
3145 4797 3211 4846 ut
3259 4793 3386 4862 ejus
3435 4810 3534 4849 sa-

1884 4883 2102 4955 pientia
2133 4883 2354 4937 habitet
2384 4881 2442 4934 in
2471 4881 2672 4947 Jacob,
2694 4880 2753 4934 id
2776 4885 2864 4936 est
2896 4881 2952 4935 in
2985 4880 3373 4938 luctatoribus
3403 4898 3536 4938 con-

1885 4977 1975 5027 tra
2003 4971 2160 5037 vitia,
2185 4969 2483 5026 haereditet
2503 4968 2562 5024 in
2596 4967 2794 5036 Israel,
2815 4968 2874 5024 id
2905 4972 2992 5025 est
3021 4969 3080 5025 in
3113 4970 3362 5026 fortibus
3394 4987 3536 5026 con-

1888 5067 1980 5117 tra
2001 5061 2161 5129 vitia,
2181 5061 2378 5116 mittat
2399 5059 2645 5129 radices,
2667 5062 2896 5113 tantum
2921 5059 2978 5114 in
3001 5057 3222 5115 electis.
3242 5059 3539 5117 Multoties

1885 5151 2102 5222 quippe
2129 5154 2187 5204 et
2212 5149 2525 5204 luctatores
2544 5147 2702 5202 vitiis
2733 5148 3148 5216 succumbunt,
3164 5152 3222 5204 et
3245 5148 3421 5205 fortes
3442 5164 3538 5205 ca-

1887 5240 2054 5306 dunt,
2069 5243 2124 5294 et
2147 5239 2245 5294 Dei
2284 5235 2798 5308 sapientiamque
2827 5237 3136 5293 videbatur
3165 5236 3223 5292 in
3256 5237 3340 5294 eis
3369 5236 3543 5293 habi-

1887 5332 2008 5384 tare
2027 5326 2114 5382 vel
2147 5325 2506 5395 haereditare,
2527 5324 2795 5397 perdunt.
2825 5325 2936 5382 Sed
2968 5323 3136 5382 electi
3169 5325 3299 5395 soli,
3324 5325 3384 5380 in
3406 5325 3544 5396 qui-

1887 5417 2000 5472 bus
2022 5414 2219 5471 divina
2247 5413 2537 5486 sapientia
2565 5412 2732 5469 misit
2762 5415 3011 5480 radices,
3035 5431 3164 5471 eam
3186 5431 3304 5470 non
3325 5412 3543 5468 admit-

1889 5510 2042 5568 tunt.
2061 5505 2128 5564 Et
2154 5507 2254 5578 sic,
2287 5503 2504 5583 inquit,
2528 5506 2588 5564 in
2616 5502 2771 5576 Sion,
2812 5503 2874 5563 id
2905 5507 2996 5566 est
3040 5502 3102 5565 in
3148 5497 3547 5581 speculativie,
