4002 6078
424 300 581 363 1423

1702 300 1805 360 BA
1816 294 2101 361 DULPHI
2142 292 2557 358 ARDENTIS.

3669 293 3831 365 ιω

419 438 643 508 ﬁrmata
668 449 809 500 sum,
834 430 935 504 qui
984 430 1209 488 scilicet
1238 431 1522 505 optimam
1564 434 1789 504 partem
1819 428 1931 487 sibi
1960 426 2069 485 ele-
2093 428 2151 497 Α
2180 426 2597 500 accipitur.Per
2616 425 2955 498 Cades,que
2981 424 3302 483 mandatum
3325 426 3415 482 vel
3437 434 3628 484 sancta
3651 427 3835 484 inter.

420 526 653 597 gerunt,
683 538 811 594 qua:
862 537 980 577 non
1029 521 1325 576 auferetur
1373 521 1445 577 ab
1494 520 1578 576 eis
1609 521 1761 588 (Luc.
1792 523 1869 589 χ).
1901 520 1967 574 Et
2010 519 2071 573 in

419 612 657 676 civitate,
689 610 748 665 id
780 614 870 666 est
913 609 973 664 in
1005 608 1449 682 congregatione
1481 612 1839 677 sanctorum,
1862 608 2069 663 sancti-

420 701 583 772 ficata
611 699 874 754 similiter
898 698 1161 769 requievi.
1186 719 1213 746 «
1236 696 1343 753 Ubi
1365 696 1519 752 enim
1545 697 1661 752 duo
1682 696 1768 752 vel
1794 700 1912 752 tres
1932 710 2069 750 con-

421 788 645 863 gregati
684 790 826 843 sunt
854 787 913 841 in
944 785 1179 841 nomine
1209 802 1360 851 meo,
1390 801 1495 858 ego
1536 784 1595 840 in
1645 784 1837 841 medio
1866 799 2070 840 eorum

423 895 558 937 sum
578 877 785 955 (Matth.
810 878 995 942 xvm).
1024 896 1052 924 ››
1072 875 1137 930 Et
1181 876 1242 929 in
1287 875 1629 931 Hierusalem
1669 881 1898 946 potestas
1925 889 2068 941 mea,

422 966 481 1023 id
512 971 602 1023 est
628 965 687 1019 in
717 962 996 1037 paciﬁcis.
1020 963 1281 1020 Potestas
1310 962 1467 1019 enim
1512 962 1717 1018 divine
1749 960 2069 1033 sapientia,

424 1056 712 1129 praecipue
768 1054 829 1109 in
885 1052 1181 1125 paciﬁcis,
1231 1051 1333 1124 qui
1390 1051 1495 1107 ﬁlii
1554 1051 1653 1108 Dei
1710 1051 2074 1106 vocabuntur

424 1144 630 1217 (Matth.
658 1143 736 1216 v),
761 1145 1021 1214 apparet,
1038 1140 1318 1213 quoniam
1344 1157 1547 1196 omnes
1569 1138 1932 1195 inordinatos
1953 1154 2073 1194 mo-

423 1237 519 1289 tus
548 1249 665 1289 non
696 1230 888 1288 solum
920 1230 976 1286 in
1010 1247 1093 1297 se,
1122 1230 1224 1286 sed
1258 1230 1433 1286 etiam
1466 1229 1526 1285 in
1557 1228 1690 1285 aliis
1721 1228 1947 1284 sedant.
1971 1225 2069 1282 Di-

2177 521 2461 589 pretatur,
2489 516 2834 572 mandatum
2873 515 2970 571 Dei
3022 514 3387 588 intelligitur.
3413 514 3518 571 Per
3565 514 3823 588 palmam

2176 621 2330 674 vero,
2355 622 2481 678 quis
2511 603 2745 678 gracilis
2775 608 2863 661 est
2891 604 3045 660 circa
3074 604 3349 670 radicem,
3370 608 3428 660 et
3456 605 3710 678 desuper
3736 606 3823 661 di-

2176 693 2397 750 latatur
2424 711 2559 750 cum
2597 693 2787 767 gratia
2828 693 3101 750 foliorum
3149 710 3382 766 semper
3429 693 3740 751 virentium
3770 700 3827 752 et

2179 784 2448 841 suavium
2481 798 2811 856 pomorum,
2835 782 3110 849 charitas,
3130 799 3259 855 qua:
3294 783 3366 839 ab
3396 789 3647 857 angusto
3680 784 3823 841 inci-

2179 873 2285 945 pit,
2306 878 2363 928 et
2382 879 2583 945 postea
2604 889 2789 944 usque
2810 871 2881 926 ad
2906 871 3175 928 inimicos
3195 870 3493 937 dilatatur,
3517 878 3577 930 et
3596 890 3826 946 semper

2176 961 2326 1018 viret
2348 967 2405 1017 et
2425 960 2754 1027 fructiﬁcat,
2770 959 3155 1033 signiﬁcatur.
3176 959 3382 1017 Divina
3402 960 3584 1033 igitur
3603 962 3825 1035 sapieno

2179 1050 2261 1106 tia
2300 1052 2461 1123 quasi
2487 1049 2678 1105 cedrus
2710 1051 2771 1104 in
2802 1050 3027 1116 Libano,
3050 1051 3220 1122 quasi
3245 1066 3531 1121 cypressus
3561 1054 3623 1106 in
3652 1060 3825 1110 monte

2177 1138 2330 1206 Sion,
2359 1140 2519 1212 quasi
2542 1139 2730 1211 palma
2760 1140 2821 1193 in
2849 1136 3020 1196 Gades
3063 1137 3368 1204 exaltatur,
3390 1139 3534 1195 dum
3565 1157 3673 1212 per
3697 1157 3823 1199 eam

2178 1228 2367 1286 sancti
2423 1228 2482 1283 in
2540 1226 2876 1284 innocentia
2928 1226 3121 1295 ﬁdem,
3157 1226 3216 1282 in
3272 1228 3825 1301 contemplationem

2177 1334 2363 1390 spem,
2392 1317 2449 1372 in
2482 1317 2758 1372 mandato
2786 1314 3128 1372 charitatem
3154 1316 3551 1389 observantes,
3573 1319 3827 1377 exaltan~

2177 1411 2293 1462 tur.
2317 1408 2389 1462 Se
2417 1423 2551 1462 vero
2583 1405 2908 1478 speciosam
2938 1405 3198 1462 ostendit
3225 1422 3361 1461 cum
3392 1407 3599 1464 subdit
3623 1425 3637 1463 :
3663 1410 3828 1478 Quasi

419 1322 554 1379 vina
573 1322 790 1395 quippe
812 1320 1103 1392 sapientia
1132 1319 1373 1391 paciﬁca
1392 1323 1502 1386 est,
1524 1315 1736 1372 similis
1756 1333 1920 1388 aquae
1942 1332 2071 1387 pro-

419 1412 635 1468 funde.
667 1406 975 1465 Saecularis
1022 1424 1156 1463 vero
1195 1406 1453 1479 litigiosa
1481 1410 1591 1470 cst.
1640 1403 1854 1462 similis
1902 1420 2067 1477 aqua:

417 1499 580 1557 tenui
612 1502 669 1555 et
696 1495 963 1571 garrulae.
988 1497 1053 1553 Et
1084 1496 1333 1552 radican
1362 1497 1423 1552 in
1447 1495 1647 1568 populo
1687 1494 2066 1565 honoriﬁoato,
2171 1496 2442 1568 plantatio
2468 1509 2608 1552 rosae
2638 1496 2699 1549 in
2725 1494 2957 1551 Jericho.
2986 1493 3153 1561 Quasi
3170 1495 3315 1550 oliva
3334 1499 3575 1567 speciosa
3602 1499 3665 1554 in
3691 1514 3826 1556 cane

420 1588 515 1647 cui
546 1588 689 1645 dicit
713 1585 1034 1642 Dominus.
1060 1608 1089 1636 ‹‹
1114 1586 1203 1641 Tu
1233 1601 1295 1642 es
1334 1582 1588 1657 populus
1638 1598 1827 1649 meus,
1859 1588 1916 1640 et
1961 1598 2068 1654 ego
2173 1586 2279 1657 pis,
2303 1593 2355 1641 et
2383 1585 2543 1658 quasi
2575 1584 2832 1657 platanus
2876 1583 3120 1640 exaltata
3164 1600 3290 1640 sum
3320 1584 3489 1656 juxta
3531 1601 3740 1658 aquam
3767 1589 3827 1645 in

419 1679 575 1736 Deus
596 1682 791 1732 tuus.»
811 1673 977 1740 Quod
1004 1690 1298 1747 exponens
1327 1672 1529 1729 subdit
1554 1673 1650 1728 :Et
1678 1674 1737 1728 in
1762 1679 1943 1745 partes
1969 1670 2070 1727 Dei
2172 1675 2389 1748 plateis.
2418 1674 2592 1730 Porro
2639 1671 2872 1729 Jericho
2902 1671 3034 1729 odor
3058 1671 3146 1728 vel
3198 1672 3335 1728 luna
3384 1672 3825 1746 interpretatur.

417 1768 530 1824 mei
556 1765 840 1822 luereditas
873 1764 1047 1831 illius,
1088 1763 1147 1819 id
1179 1767 1287 1831 est,
1313 1763 1370 1818 in
1415 1762 1513 1818 illo
1556 1760 1771 1834 populo
1816 1759 2068 1817 radicavi
2100 1798 2145 1839 η
2176 1764 2284 1819 Per
2304 1762 2724 1836 plantationem
2767 1777 2910 1818 rosea
2942 1760 3001 1817 in
3031 1760 3284 1827 Jericho,
3304 1778 3520 1819 corona
3559 1765 3825 1839 martyrii

422 1873 598 1929 quem
628 1854 803 1927 elegit
829 1854 985 1909 Deus
1014 1852 1075 1908 in
1107 1856 1352 1924 partem,
1376 1856 1433 1907 et
1461 1851 1561 1924 qui
1593 1851 1778 1907 Deum
1809 1849 1982 1923 elegit
2010 1848 2069 1904 in
2100 1848 2146 1864 ¹’
2179 1852 2538 1925 designatur.
2584 1850 2690 1906 Per
2737 1849 2969 1919 olivam,
2992 1851 3164 1922 cujus
3214 1849 3407 1924 liquor
3454 1859 3839 1926 superenatat

423 1945 841 2002 hereditatem.
876 1945 941 1998 Et
988 1944 1048 1998 in
1090 1942 1434 2014 plenitudine
1478 1948 1792 1997 sanctorum
1837 1939 2071 1996 dolentia
2179 1942 2455 1998 omnibus
2486 1939 2835 2012 liquoribus,
2864 1939 3417 2012 misericordiaque:
3441 1943 3838 2014 superexaltat

420 2053 562 2093 mea.
587 2034 696 2092 Ubi
719 2033 879 2089 enim
899 2033 1090 2104 major
1114 2031 1525 2096 sanctimonia,
1551 2029 1631 2086 ibi
1658 2030 1854 2085 divina
1884 2026 2072 2101 magis
2171 2030 2487 2102 judicium,
2523 2028 2829 2101 accipitur.
2849 2029 2957 2084 Per
2979 2027 3305 2101 platanum,
3330 2030 3415 2086 sic
3441 2031 3661 2089 dictam
3688 2049 3725 2089 a
3755 2032 3837 2091 la~

421 2124 703 2181 invitatur
729 2126 786 2177 et
810 2121 1104 2176 detinetur
1132 2117 1442 2191 sapientia.
1464 2123 1605 2173 Cum
1634 2121 1829 2172 autem
1856 2116 1913 2170 in
1944 2132 2072 2171 om-

422 2213 598 2271 nibus
627 2211 720 2267 his
750 2210 948 2265 divina
989 2209 1319 2280 requiescat
1359 2204 1665 2278 sapientia,
1698 2203 1985 2278 praecipue
2016 2207 2075 2259 et

422 2300 797 2375 singulariter
827 2297 1143 2370 requiescit
1185 2297 1245 2351 in
1289 2295 1489 2352 Maria.
1526 2295 1656 2367 Ipsa
1687 2293 1844 2349 enim
1876 2290 2078 2349 omnia

419 2391 562 2458 hac,
596 2393 654 2445 et
682 2387 999 2460 plusquam
1041 2385 1164 2441 haec
1217 2384 1415 2440 habet.
1452 2383 1593 2450 Quis
1623 2382 1781 2438 enim
1830 2380 1914 2437 sic
1963 2381 2077 2438 fuit

417 2479 618 2545 Jacob,
644 2476 701 2532 id
733 2480 823 2531 est
870 2474 1123 2531 luctator
1152 2477 1354 2529 contra
1381 2472 1540 2537 vitia,
1570 2476 1635 2527 ut
1682 2468 1902 2526 Maria?
1935 2469 2075 2535 Quis

420 2568 531 2624 fuit
560 2566 645 2623 sic
674 2564 919 2629 electus,
950 2563 1068 2618 imo
1098 2561 1405 2634 prmlectus
1436 2564 1500 2615 ut
1529 2559 1750 2615 Maria?
1779 2557 1918 2623 Quis
1969 2557 2078 2613 fuit

419 2656 502 2715 sic
533 2656 693 2720 Sion,
717 2654 776 2710 id
807 2657 897 2710 est
932 2650 1345 2724 speculativus,
1371 2654 1434 2705 ut
1465 2647 1684 2703 Maria?
1705 2649 1838 2713 Quae
1871 2648 2076 2703 civitas

419 2746 504 2804 sic
526 2744 636 2800 fuit
655 2742 1042 2809 sanctiﬁcata,
1069 2744 1137 2796 ut
1166 2738 1367 2796 civitas
1392 2743 1448 2795 et
1480 2736 1803 2793 claustrum
1825 2736 1925 2793 Dei
1948 2736 2075 2792 Ma-

422 2834 547 2892 ria?
572 2832 714 2900 Quis
746 2830 857 2886 fuit
886 2828 971 2887 sic
1021 2828 1403 2897 Hierusalem,
1437 2827 1494 2882 id
1526 2830 1630 2881 est
1677 2824 1977 2898 paciﬁcus,
2012 2829 2077 2882 ut

423 2920 731 2979 mediatrix
751 2919 851 2975 Dei
881 2923 941 2975 et
965 2917 1270 2976 hominum
1302 2916 1503 2972 Maria.
1529 2914 1670 2981 Quis
1694 2914 1803 2971 fuit
1822 2913 2077 2986 populus

424 3011 508 3069 sic
537 3008 977 3077 honoriﬁcatus,
1003 3012 1069 3064 ut
1100 3024 1235 3079 pars
1264 3004 1352 3061 vel
1384 3003 1692 3061 htcreditas
1722 3002 1844 3072 Dei,
1868 3007 1933 3059 ut
1952 3002 2074 3058 sin-

424 3100 646 3177 gularis
678 3097 782 3155 Dei
813 3098 995 3154 Mater
1025 3101 1081 3153 et
1111 3096 1307 3168 \‘irgo,
1329 3098 1387 3150 et
1416 3093 1619 3166 regina
1648 3091 1928 3149 cmlorum
1960 3092 2078 3148 Ma-

2181 2120 2430 2176 titudine
2460 2117 2752 2184 foliorum,
2777 2121 2833 2172 et
2857 2116 2999 2189 quia
3027 2118 3227 2189 patuia
3257 2124 3317 2173 et
3344 2118 3546 2192 ampla
3572 2125 3687 2191 est,
3711 2138 3841 2194 quo

2182 2209 2445 2265 nascitur
2464 2208 2633 2279 juxta
2665 2223 2882 2278 aquam
2931 2205 2991 2261 in
3034 2206 3263 2278 plateis,
3286 2208 3839 2281 magnanimitatem

2182 2297 2494 2371 signiﬁcat,
2511 2313 2638 2368 quae
2651 2296 2822 2366 juxta
2842 2295 3187 2351 mandatum
3210 2296 3419 2353 divina:
3444 2297 3769 2369 sapientia,
3783 2303 3842 2357 et

2182 2386 2491 2444 latitudine
2510 2384 2833 2452 charitatis,
2857 2383 3038 2440 animi
3066 2384 3458 2457 amplitudine
3478 2391 3732 2443 cunctos
3754 2403 3841 2445 re.

2184 2475 2346 2549 cipit,
2377 2474 2630 2547 protegit
2666 2472 3011 2545 cunctisque
3064 2474 3375 2530 benefacit.
3409 2474 3616 2531 Divina
3663 2476 3844 2548 igitur

2184 2562 2470 2637 sapientia
2490 2567 2578 2619 est
2598 2561 2863 2635 speciosa
2880 2564 3040 2634 quasi
3055 2562 3329 2635 plantatio
3348 2579 3490 2621 rosa.-
3520 2566 3577 2619 in
3598 2565 3835 2632 Iericho,

2182 2663 2234 2710 et
2261 2655 2422 2725 quasi
2463 2653 2607 2708 oliva
2647 2654 2889 2724 speciosa
2930 2653 2991 2707 in
3038 2655 3267 2725 campis,
3298 2660 3348 2708 et
3377 2655 3538 2725 quasi
3575 2654 3839 2725 platanus

2182 2743 2443 2811 exaltata,
2464 2742 2629 2813 juxta
2660 2757 2862 2813 aquam
2893 2742 2953 2796 in
2987 2742 3207 2812 plateis,
3231 2740 3511 2814 quoniam
3542 2745 3835 2815 quosdam

2183 2833 2359 2889 odore
2405 2829 2693 2887 bonorum
2725 2846 2968 2901 operum
3015 2830 3188 2886 etiam
3244 2831 3522 2904 martynio
3568 2844 3834 2900 coronat,

2184 2921 2329 2978 alios
2358 2920 2417 2975 in
2449 2935 2654 2991 campo
2698 2918 2878 2990 hujus
2907 2919 3054 2986 vitae,
3086 2918 3302 2976 virtute
3332 2920 3752 2978 misericordia
3780 2926 3839 2981 et

2182 3007 2607 3083 compassionis
2659 3009 2913 3075 decorat,
2953 3008 3098 3066 alios
3143 3009 3454 3066 latitudine
3501 3010 3836 3080 charitatis,

2183 3098 2587 3173 magnitudine
2626 3097 3044 3169 benefaciendi,
3078 3097 3255 3155 latius
3300 3098 3574 3157 illustrat.
3599 3101 3676 3157 Se
3702 3116 3837 3159 vero

423 3168 547 3248 ria?
563 3189 704 3257 Quis
725 3186 930 3244 habuit
953 3190 1178 3242 tantam
1195 3182 1597 3241 sanctimoniae
1618 3180 2066 3255 plenitudinem,
2100 3168 2143 3235 C
2180 3168 2313 3247 eos;
2356 3187 2707 3245 odoriferam
2754 3186 3029 3254 ostendit,
3052 3203 3188 3243 cum
3218 3188 3363 3244 dicit
3393 3205 3406 3245 ;
3439 3188 3593 3246 δέεαι
3638 3193 3841 3247 cinno.

423 3284 707 3352 quantam
737 3274 962 3332 Maria?
991 3272 1378 3347 Singulariter
1405 3272 1585 3345 igitur
1609 3275 1666 3327 et
1700 3269 2070 3344 superexcel-

420 3368 608 3425 lenter
636 3365 741 3423 Dei
770 3363 1058 3437 sapientia
1087 3361 1371 3435 requievit
1401 3362 1459 3417 in
1493 3360 1693 3417 Maria.

488 3455 764 3529 Sequitur
793 3470 929 3525 pars
980 3457 1207 3525 quarta,
1241 3451 1300 3505 in
1333 3467 1451 3522 qua
1496 3448 1783 3521 sapientia
1813 3449 2070 3506 ostendit

419 3544 612 3619 qualis
643 3545 773 3616 ipsa
795 3542 907 3598 sit:
933 3541 1075 3597 dicit
1104 3557 1166 3597 se
1197 3557 1325 3596 esse
1353 3537 1688 3604 exaltatum,
1711 3555 1773 3594 se
1795 3555 1923 3595 esse
1946 3555 2070 3611 spe-

416 3634 658 3701 ciosam,
677 3649 740 3687 se
761 3648 889 3687 esse
911 3630 1283 3686 odoriferam.
1300 3628 1374 3683 Se
1398 3643 1525 3683 esse
1547 3626 1857 3683 exaltatam
1880 3633 2071 3683 osten-

416 3723 523 3791 dit,
549 3738 684 3777 cum
714 3720 952 3776 subdit:
979 3719 1145 3787 Quasi
1174 3718 1363 3773 cedrus
1391 3717 1633 3773 exaltuta
1660 3733 1782 3771 sum
1812 3718 1873 3771 in
1906 3717 2069 3771 Liba-

416 3828 509 3868 no.
540 3810 654 3866 Sed
675 3826 810 3865 cum
832 3807 1029 3864 divina
1049 3806 1338 3879 sapientia
1362 3822 1477 3861 non
1511 3804 1696 3877 possit
1725 3821 1854 3860 esse
1884 3805 2072 3875 major

417 3899 508 3957 vel
528 3898 700 3956 altior
719 3915 895 3971 quam
928 3913 1157 3969 semper
1178 3894 1369 3963 fuerit,
1385 3894 1677 3966 quomodo
1699 3893 1841 3949 dicit
1861 3910 1923 3950 se
1944 3910 2073 3951 esse

421 3988 770 4047 exaltatam?
801 3987 926 4042 Non
957 3984 1098 4057 quia
1140 3985 1200 4040 in
1245 4001 1327 4052 se,
1354 3984 1454 4040 sed
1498 3983 1637 4055 quia
1668 3982 1727 4038 in
1758 3982 1903 4048 suis,
1928 3984 2073 4038 dum

424 4096 524 4135 eos
551 4076 787 4144 exaltat,
809 4074 1113 4132 exaltatur.
1138 4073 1342 4129 Divina
1370 4071 1586 4146 quippe
1618 4070 1906 4143 sapientia
1936 4071 2076 4128 facit

428 4168 582 4241 quod
632 4166 838 4235 sancti,
873 4184 909 4222 a
947 4164 1103 4220 vitiis
1154 4167 1481 4236 surgentes,
1521 4161 1582 4217 in
1632 4161 1747 4217 alto
1792 4161 2075 4218 virtutum

426 4273 489 4313 se
519 4255 825 4322 collocant,
850 4258 907 4310 et
927 4254 1082 4326 quod
1112 4253 1397 4308 virtutum
1427 4250 1649 4319 virtuti,
1678 4250 1897 4305 bonum
1924 4250 2076 4308 bono

425 4343 822 4401 accumulant.
858 4344 927 4399 Et
956 4342 1065 4399 hoc
1116 4345 1206 4398 est
1252 4340 1410 4413 quod
1452 4339 1592 4395 dicit
1624 4355 1638 4394 :
1673 4340 1843 4407 Quasi
1887 4339 2078 4397 cedrus

420 4434 663 4491 excitata
690 4449 813 4487 sum
845 4434 901 4487 in
944 4432 1179 4499 Libano.
1212 4437 1262 4485 et
1292 4429 1453 4500 quasi
1496 4443 1779 4499 cypressus
1811 4428 1868 4481 in
1900 4436 2081 4484 monte

2176 3295 2417 3335 momum
2471 3285 2525 3333 et
2583 3276 2888 3332 balsamum
2944 3278 3333 3345 aromatizans,
3394 3277 3614 3334 odorem
3666 3279 3841 3349 dedi,-

2178 3369 2338 3441 quasi
2377 3366 2606 3439 myrrha
2659 3365 2844 3433 electa,
2876 3364 3001 3420 dedi
3054 3367 3380 3423 suavitatem
3434 3366 3641 3423 odoris.
3676 3369 3841 3426 Sane

2178 3474 2281 3530 per
2309 3455 2772 3525 cinnamomum,
2802 3453 2960 3525 quod
3011 3458 3101 3510 est
3151 3454 3343 3511 brevis
3392 3455 3600 3523 frutex,
3646 3456 3843 3515 colore

2176 3544 2457 3617 subnigro
2476 3541 2564 3598 vel
2586 3541 2907 3607 cinereo,et
2938 3542 3206 3608 fractum,
3231 3542 3659 3616 spiramentum
3695 3546 3843 3603 visi-

2178 3634 2293 3691 bile
2309 3631 2524 3689 emittit
2544 3630 2602 3687 in
2622 3631 2860 3687 modum
2881 3630 3104 3686 nebula
3120 3631 3204 3687 vel
3223 3631 3500 3704 pulveris,
3518 3632 3599 3690 hu
3612 3633 3841 3692 milites

2180 3722 2701 3796 signiﬁcatur,quze
2723 3736 2787 3775 se
2809 3718 2978 3791 quasi
3005 3720 3236 3775 brevem
3258 3726 3315 3778 et
3338 3720 3511 3778 vilem
3534 3723 3836 3795 dejiciens,

2180 3812 2355 3869 etiam
2387 3810 2524 3866 lassa
2553 3811 2742 3882 magis
2771 3806 3138 3876 humiliatur,
3164 3814 3223 3865 et
3251 3810 3423 3883 quasi
3455 3811 3685 3869 visibile
3717 3813 3839 3886 spi-

2181 3904 2512 3958 ramentum
2534 3899 2669 3954 boni
2695 3896 2948 3963 dicti,vél
2972 3897 3130 3966 facti,
3149 3899 3275 3956 suis
3295 3899 3604 3957 lusoribus
3623 3902 3835 3958 reddit.

2185 3992 2287 4048 Per
2316 3988 2647 4046 balsamum
2680 3987 3005 4058 vero,quod
3054 3987 3286 4045 duobus
3333 3987 3549 4045 cubitis
3593 3990 3834 4058 eminet,

2184 4079 2339 4137 foliis
2370 4078 2520 4135 albis
2549 4081 2606 4132 et
2635 4092 2866 4148 semper
2914 4077 3310 4145 manentibus,
3338 4083 3395 4134 et
3441 4078 3647 4135 laesum
3696 4096 3838 4138 cum

2185 4172 2355 4225 acuto
2389 4166 2597 4240 lapide,
2629 4165 2846 4222 emittit
2889 4168 3087 4238 guttas
3116 4167 3312 4225 odoris
3350 4168 3651 4241 precipui,
3679 4171 3844 4227 beni-

2186 4257 2381 4331 gnitas
2410 4254 2801 4329 signiﬁcatur;
2844 4270 2972 4326 quas
3023 4270 3255 4328 semper
3300 4257 3503 4314 albens
3531 4264 3591 4315 et
3619 4259 3841 4327 virens,

2187 4346 2363 4402 etiam
2389 4344 2528 4401 laesa
2556 4343 2861 4400 laesoribus
2880 4344 3132 4416 gratiam
3154 4345 3567 4403 beneﬁciorum
3597 4348 3847 4405 reddere

2188 4434 2368 4490 novit.
2394 4433 2499 4490 Per
2530 4431 2825 4506 myrrham
2847 4431 3024 4488 etiam
3045 4450 3174 4505 qua:
3206 4451 3407 4491 amara
3426 4440 3537 4505 est,
3562 4441 3620 4492 et
3639 4452 3847 4510 corpo-

419 4523 574 4579 Sion.
608 4522 781 4590 Quasi
801 4521 995 4593 palma
1025 4520 1270 4575 exaltata
1311 4534 1431 4572 sum
1464 4517 1525 4571 in
1555 4515 1740 4572 Gades.
1766 4519 1875 4570 Per
1904 4516 2073 4573 Liba-
2102 4540 2150 4603 Ι)
2189 4539 2253 4579 ra
2283 4523 2619 4594 incorrupta
2649 4524 2972 4588 conservat,
2998 4521 3348 4579 castimonia
3373 4528 3433 4579 et
3462 4525 3847 4584 mortiﬁcatio

419 4610 702 4681 num,qui
731 4610 1044 4666 candidatio
1085 4608 1522 4680 interpretatur,
1547 4606 1767 4660 candor
1795 4604 2073 4662 innocen-

417 4700 495 4756 tis
522 4699 652 4755 vitae
691 4697 1079 4772 signiﬁcatur.
1111 4696 1220 4753 Per
1262 4694 1504 4750 cedrum
1547 4709 1704 4759 vero,
1730 4693 1901 4765 cujus
1931 4694 2076 4751 odor

416 4789 581 4862 fugat
608 4791 936 4860 serpentes,
961 4786 1190 4842 dicente
1221 4788 1391 4857 poeta
1425 4799 1437 4838 :

603 4895 751 4943 Disce
778 4893 1049 4942 odoratam
1076 4890 1293 4940 stabuli:
1320 4889 1596 4939 accendere
1624 4888 1858 4945 cedrum,

1056 4956 1238 5019 (Vina,
1272 4954 1454 5018 Georg.
1484 4952 1575 5002 lib.
1607 4966 1677 5012 ιιι,
1707 4966 1845 5002 vers.
1877 4954 2007 5016 414.)

412 5059 471 5111 et
500 5056 672 5126 cujus
703 5054 899 5110 resina
938 5053 1121 5110 libros
1152 5072 1185 5109 a
1216 5051 1389 5107 tineis
1419 5054 1477 5107 et
1512 5052 1803 5106 vetustate
1834 5067 2071 5107 conser-

410 5150 527 5212 vat,
553 5144 697 5200 ﬁdes
720 5142 1026 5214 accipitur,
1049 5144 1222 5213 cujus
1253 5139 1642 5213 intelligentia
1662 5140 1826 5212 fugat
1845 5140 2062 5197 haereti-

411 5236 604 5298 cos,et
625 5248 865 5287 sensum
892 5232 1328 5303 Scripturarum
1361 5246 1396 5285 a
1424 5227 1797 5300 corruptione
1827 5245 2064 5285 conser-

407 5324 524 5378 vat.
547 5320 655 5375 Per
675 5318 813 5375 Sion
845 5318 1090 5375 altitudo
1115 5316 1533 5391 speculationis
1562 5315 1933 5389 intelligitur.
1960 5318 2065 5374 Per

410 5422 754 5483 cypressum
783 5424 917 5465 vero
956 5425 1084 5480 qua
1114 5407 1406 5464 odorifera
1447 5411 1554 5474 est,
1590 5404 1751 5462 nullo
1802 5405 2061 5479 impulsu

410 5494 690 5552 amittens
712 5496 1167 5566 comam,solida
1195 5501 1251 5552 et
1280 5496 1440 5553 oneri
1471 5495 1674 5551 cedere
1704 5494 1923 5563 nescia,
1947 5496 2060 5552 for-

409 5582 600 5645 titudo
618 5585 745 5662 spei
765 5591 989 5648 aeterne
1011 5586 1313 5646 odorantis
1343 5590 1403 5645 et
1431 5583 1693 5658 superari
1724 5584 2060 5657 nescientis,

2187 4610 2514 4669 carnalium
2550 4609 2976 4666 desideriorum
3007 4610 3436 4682 signiﬁcantur,
3465 4631 3595 4686 quas
3625 4630 3843 4688 corpus

2184 4704 2240 4756 et
2269 4698 2525 4756 animam
2557 4714 2591 4753 a
2619 4698 2778 4753 vitiis
2806 4703 3153 4755 conservant
3184 4699 3605 4774 incorruptam.
3633 4702 3841 4760 Divina

2181 4790 2360 4863 igitur
2381 4787 2670 4861 sapientia
2698 4791 2787 4843 est
2805 4787 3097 4845 odorifera
3126 4787 3278 4845 sicut
3306 4789 3753 4849 cinnamomum
3784 4795 3841 4851 et

2182 4876 2512 4934 balsamum
2537 4879 2595 4931 et
2619 4874 2871 4948 myrrha,
2886 4876 3166 4947 quoniam
3195 4882 3430 4934 sanctos
3459 4895 3601 4936 suos
3622 4879 3839 4939 virtute

2181 4964 2557 5030 humilitatis,
2579 4963 2959 5037 benignitatis
2989 4969 3048 5021 et
3076 4965 3362 5023 castitatis
3393 4966 3655 5024 redolere
3676 4967 3835 5026 facit.

2253 5054 2319 5109 Et
2346 5053 2418 5119 si,
2450 5054 2658 5108 fratres
2688 5052 2823 5120 mei,
2855 5052 3144 5124 sapientia
3174 5054 3275 5110 Dei
3306 5054 3516 5123 Patris,
3543 5056 3837 5114 Dominus

2175 5147 2372 5199 noster
2411 5142 2584 5199 Jesus
2612 5140 2902 5209 Christus,
2932 5141 3016 5198 sic
3062 5142 3301 5210 exaltat,
3337 5144 3422 5200 sic
3452 5145 3713 5214 decorat,
3749 5145 3837 5204 sic

2174 5229 2433 5288 redolere
2464 5230 2602 5286 facit
2650 5233 2885 5286 caeteros
2916 5234 3173 5299 sanctos,
3198 5236 3417 5305 quanto
3467 5233 3658 5307 magis
3688 5233 3838 5292 dile-

2173 5319 2497 5376 ctissimam
2519 5323 2574 5376 et
2595 5317 2952 5391 singularem
2976 5324 3224 5379 matrem
3247 5322 3460 5378 suam?
3490 5322 3564 5379 Et
3591 5323 3840 5379 manda-

2172 5412 2297 5466 tum
2327 5408 2483 5480 quod
2505 5407 2575 5463 de
2604 5406 3087 5466 honoriﬁcatione
3116 5410 3303 5482 patris
3332 5416 3390 5467 et
3422 5411 3633 5468 matris
3662 5411 3837 5471 nobis

2171 5499 2587 5571 dedit,quanto
2620 5496 2809 5571 magis
2856 5496 2981 5571 ipse
3010 5500 3288 5558 custodit.
3314 5500 3604 5559 Excitavit
3635 5502 3837 5576 itaque

2171 5587 2617 5646 dilectissimum
2670 5589 2919 5647 matrem
2952 5604 3123 5646 suam
3154 5588 3313 5649 sicut
3339 5590 3580 5651 cedrum
3628 5589 3693 5651 in
3737 5590 3839 5651 Li-
