4002 6078
163 232 325 301 1423

1284 232 1664 301 HOMILLE.
1689 265 1773 289 -ι
1794 232 1849 300 Ι.
1890 234 1997 299 DE
2038 235 2436 302 TEMPORE.

3414 231 3577 302 me

162 370 339 441 banc,
374 370 528 427 sicut
551 384 894 444 cypressum
926 368 986 426 in
1019 371 1216 427 monte
1245 369 1407 435 Sion,
1439 374 1497 426 et
1517 370 1672 425 sicut
1702 368 1818 442 pal-
1845 370 1901 439 Α
1929 371 2290 443 aequitatem,
2322 371 2538 429 erranti
2572 367 3011 439 correctionem,
3044 364 3323 428 esurienti
3355 370 3576 443 cibum,

159 475 319 516 mam
349 459 409 515 in
442 459 646 527 Gades,
690 460 791 533 qui
824 475 953 516 eam
986 459 1045 515 in
1089 458 1182 515 via
1214 476 1391 531 super
1434 458 1806 515 altitudinem

158 548 318 614 fidei,
353 548 498 621 spei,
546 553 604 604 et
633 547 961 616 charitatis,
1018 552 1479 620 casterarumque
1523 546 1807 603 virtutum

158 636 428 694 omnium
442 635 971 710 superexcellenter
987 636 1279 703 exaltavit,
1293 641 1351 692 et
1362 637 1419 692 in
1432 636 1619 709 patria
1632 653 1810 709 super

155 741 395 783 omnem
426 724 772 799 angelorum
803 731 860 781 et
888 725 1376 798 archangelorum
1399 724 1805 781 celsitudinem

156 812 538 887 singulariter
569 814 927 871 sublimavit.
961 814 1265 871 Decoravit
1287 830 1519 886 quoque
1542 830 1671 870 eam
1703 813 1812 870 sic-

50 976 59 983 .
156 908 224 961 ut
270 904 694 976 plantationem
741 920 888 963 rosae
920 904 980 959 in
1026 903 1281 973 Jericho,
1311 908 1368 958 et
1414 903 1568 959 sicut
1597 903 1807 959 olivam

155 993 489 1067 speciosam
520 992 579 1048 in
608 992 855 1065 campis,
889 996 947 1048 et
977 992 1278 1064 platanum
1310 991 1621 1047 exaltatum
1641 993 1810 1063 juxta

159 1098 377 1155 aquam
409 1081 467 1136 in
501 1080 731 1153 plateis,
765 1080 1042 1153 quoniam
1077 1098 1205 1136 eam
1239 1082 1414 1137 etiam
1447 1080 1506 1136 in
1537 1080 1632 1135 via
1655 1096 1807 1136 mar-

157 1170 320 1244 tyrii,
353 1173 605 1226 testante
640 1169 907 1226 Simcone
937 1169 1165 1225 dicente
1196 1170 1349 1243 quod
1380 1170 1511 1241 ejus
1539 1169 1808 1241 fanimam

158 1258 549 1332 pertransiret
595 1256 827 1331 gladius
878 1259 1025 1329 (Luc.
1061 1258 1139 1330 II),
1172 1263 1230 1313 et
1278 1257 1708 1324 misericordia,
1753 1261 1811 1313 et

158 1346 694 1421 magnanimitatis,
726 1351 1186 1418 ceterarumque
1214 1347 1498 1402 virtutum
1531 1346 1808 1419 operibus

157 1435 476 1493 decoravit.
509 1437 578 1491 Et
607 1436 666 1491 in
700 1436 892 1508 patria
922 1435 1083 1491 omni
1117 1452 1350 1501 corona,
1385 1436 1662 1508 omnique
1691 1433 1810 1508 glo-

158 1524 269 1595 ria,
302 1524 463 1581 omni
497 1523 952 1597 pulchritudine,
984 1524 1248 1580 claritate
1279 1530 1335 1579 et
1364 1524 1604 1590 honore,
1640 1523 1807 1596 plus-

155 1630 340 1687 quam
371 1630 472 1669 cor
500 1612 757 1670 hominis
787 1629 994 1685 capere
1023 1615 1227 1685 possit,
1252 1612 1602 1668 mirificavit.
1629 1613 1810 1668 Redo-

156 1701 280 1759 lere
308 1717 543 1775 quoque
576 1701 709 1758 fecit
735 1718 865 1758 eam
898 1702 1053 1758 sicut
1083 1701 1525 1758 cinnamomum
1548 1706 1605 1757 et
1624 1701 1808 1757 balsa-

154 1807 325 1848 mum
357 1790 772 1858 aromatizans,
802 1794 859 1847 et
889 1790 1042 1847 sicut
1064 1790 1361 1863 myrrham
1385 1789 1650 1860 electam,
1675 1807 1814 1862 quo-

156 1880 321 1937 niam
350 1884 473 1935 tam
499 1879 650 1936 bono
682 1879 879 1946 odore,
902 1884 1023 1935 tam
1055 1879 1209 1935 bona
1225 1879 1500 1952 Opinione
1516 1878 1814 1935 humilita-

157 1968 262 2037 tis,
294 1967 696 2041 benignitatis,
722 1966 1193 2041 vlrginitatisque
1223 1967 1561 2042 singularis,
1586 1971 1815 2025 cetera-

156 2075 418 2133 rumque
449 2057 716 2115 omnium
737 2056 1045 2124 virtutum,
1063 2074 1192 2113 eam
1210 2056 1629 2114 aromatizavit.
1649 2057 1812 2123 Quod

156 2147 425 2207 universi
454 2145 679 2214 fideles,
697 2150 821 2202 tam
847 2146 928 2203 illi
950 2145 1052 2219 qui
1071 2146 1261 2203 adhuc
1282 2150 1421 2203 sunt
1442 2146 1502 2202 in
1519 2146 1611 2202 via
1633 2162 1811 2218 quam

160 2237 253 2294 illi
284 2236 384 2310 qui
409 2238 538 2309 jam
569 2240 711 2292 sunt
739 2234 799 2290 in
831 2236 1040 2308 patria,
1073 2236 1382 2307 omnisque
1414 2234 1624 2291 militia
1650 2234 1815 2292 cmle-

156 2325 299 2393 Itis,
332 2325 392 2381 in
410 2322 906 2397 fragrantia‘illius
925 2324 1368 2397 incomparabili
1385 2324 1744 2381 delectentur
1757 2328 1815 2381 et

160 2413 535 2472 admirentur
561 2414 854 2471 dicentes:
898 2434 927 2467 ι
954 2416 1088 2480 Quae
1118 2417 1208 2469 est
1238 2413 1353 2469 ista
1381 2430 1509 2485 qua
1550 2411 1815 2469 ascendit

154 2503 243 2560 de
271 2503 501 2560 deserto
528 2503 685 2560 sicut
701 2502 929 2575 virgula
948 2502 1092 2558 fumi
1113 2519 1182 2558 ex
1196 2502 1558 2559 aromatibus
1577 2500 1811 2557 mirrhe

154 2595 228 2650 et
241 2592 455 2659 thuris,
469 2595 527 2648 et
542 2592 737 2648 omnis
751 2591 1007 2664 pulveris
1024 2591 1395 2665 pigmentarii
1409 2591 1437 2646 ?
1460 2613 1488 2641 ››
1514 2591 1691 2663 (Cant.
1714 2589 1811 2662 Iv.)

163 2680 529 2738 lneil'abilem
543 2679 724 2753 igitur
735 2679 1116 2754 fragrantiam
1131 2678 1540 2735 sacratissima;
1552 2676 1811 2752 Virginis

158 2775 231 2827 at
257 2769 358 2826 Dei
378 2769 602 2839 Matris,
619 2769 830 2825 fratres
848 2768 1202 2837 charissimi,
1222 2768 1601 2834 admiremur,
1621 2767 1809 2823 admi-

158 2859 355 2915 rando
397 2856 775 2925 delectemur,
827 2857 1170 2914 delectando
1216 2856 1580 2927 aemulemur,
1632 2872 1814 2912 amu-

160 2946 346 3005 lando
374 2948 446 3003 de
475 2946 646 3019 longe
675 2964 779 3020 pro
809 2946 1033 3003 viribus
1072 2946 1289 3003 nostris
1322 2946 1641 3012 imitemur,
1687 2961 1811 3002 om-

160 3052 304 3093 nem
339 3035 654 3102 maculam,
673 3052 906 3093 omnem
923 3035 1350 3108 turpitudinem
1368 3036 1676 3109 fugientes,
1696 3038 1815 3091 stu-

1917 461 2074 516 nudo
2106 462 2542 531 vestimentum,
2570 461 2893 535 peregrinis
2919 460 3272 533 hospitium,
3296 465 3353 516 et
3372 460 3578 532 hujus-

1917 549 2094 605 modi.
2128 551 2198 605 Et
2223 550 2362 623 quia
2383 551 2503 606 haec
2530 550 2589 605 in
2608 549 2809 607 labore
2827 550 3025 615 est,ab
3039 550 3267 606 actione
3280 550 3568 622 frequenti

1915 640 2102 696 activa
2134 644 2526 713 nuncupatur.
2558 638 3034 712 Contemplativas
3051 656 3185 695 vero
3204 639 3463 695 officium
3482 644 3573 696 est

1916 728 2018 786 Dei
2049 728 2295 801 gloriam
2343 728 2755 801 contemplari,
2807 728 2933 784 sola
2976 727 3235 783 coelestia
3277 728 3570 796 meditari,

1911 820 2033 873 toto
2062 818 2351 873 desiderio
2383 818 2455 873 ad
2490 822 2767 873 internum
2803 816 3229 872 beatitudinem
3270 817 3569 891 festinare,

1915 906 2113 963 omnia
2142 908 2364 962 caduca
2394 906 2680 962 fastidire.
2715 906 2908 977 Hujus
2941 906 3205 960 studium
3238 905 3447 977 triplex
3484 912 3574 963 est

1913 995 2117 1062 oratio,
2152 994 2341 1061 lectio,
2368 994 2699 1050 meditatio.
2730 994 2961 1050 Orando
2985 992 3248 1065 loquitur
3264 995 3336 1049 ad
3364 999 3568 1063 Deum,

1914 1084 2156 1157 legendo
2188 1085 2341 1140 Deus
2377 1084 2489 1139 sibi
2524 1083 2803 1155 loquitur,
2826 1083 3162 1138 meditando
3184 1082 3334 1138 lecta
3353 1100 3569 1141 memo-

1916 1178 2139 1230 rantur.
2174 1173 2445 1229 Oratione
2465 1173 2806 1239 mundatur,
2827 1171 3074 1227 lectione
3093 1171 3429 1241 instruitur,
3454 1190 3573 1230 me-

1916 1262 2199 1319 ditatione
2230 1260 2696 1334 philosophatur.
2731 1262 2801 1315 Et
2833 1260 2972 1332 quia
2994 1259 3053 1315 in
3073 1259 3566 1333 contemplatione

1914 1351 2183 1409 studium
2241 1353 2369 1421 ejus
2429 1354 2717 1417 versatur,
2788 1349 3240 1422 contemplativa
3304 1355 3563 1406 vocatur.

1916 1440 2102 1497 Mistaa
2133 1455 2365 1513 quoque
2380 1439 2640 1495 officium
2659 1442 2767 1504 est,
2787 1437 3117 1494 alternatim
3137 1454 3294 1495 nunc
3311 1443 3568 1495 contem-

1916 1528 2165 1604 plativze,
2183 1545 2338 1585 nunc
2351 1526 2550 1584 activae
2563 1527 2718 1583 vices
2732 1543 2922 1599 agere.
2940 1527 3107 1583 Nunc
3120 1526 3570 1600 contemplanda

1918 1614 2181 1689 adorare,
2202 1618 2411 1691 legere,
2439 1616 2732 1673 meditari.
2751 1616 2918 1671 Nunc
2935 1616 3254 1673 laborando
3276 1617 3566 1673 instruere

1916 1709 2113 1779 rudes,
2146 1706 2436 1779 corrigere
2466 1709 2753 1772 errantes,
2770 1706 2978 1777 juvare
3008 1704 3359 1777 indigentes,
3383 1710 3442 1761 et
3463 1705 3571 1761 hu-

1913 1795 2265 1869 juscemodi.
2300 1795 2487 1866 Hujus
2517 1793 2778 1849 ofﬁcium
2810 1794 3094 1850 Dominus
3115 1794 3563 1866 exsequebatur,

1927 1886 2068 1959 quia
2100 1901 2256 1941 nunc
2286 1884 2490 1940 orabat
2519 1883 2577 1938 in
2610 1882 2912 1939 montibus
2941 1886 3002 1938 et
3028 1882 3087 1937 in
3128 1882 3568 1949 solitudinibus,

1923 1992 2083 2031 nunc
2112 1974 2465 2046 praedicabat
2492 1976 2551 2028 et
2581 1971 2827 2027 curabat
2848 1971 2908 2027 in
2927 1972 3172 2027 urbibus
3189 1976 3249 2028 et
3268 1959 3573 2044 populosis

1921 2062 2089 2120 locis.
2121 2062 2284 2119 Unde
2314 2066 2370 2117 et
2398 2060 2495 2117 hic
2537 2060 2811 2133 legimus,
2843 2060 2983 2132 quia
3021 2060 3195 2117 Jesus
3236 2059 3477 2117 intravit
3505 2060 3564 2116 in

1923 2152 2218 2226 quoddam
2249 2148 2577 2207 castellum.
2611 2150 2821 2205 Activae
2842 2166 2976 2205 vero
3007 2149 3267 2205 ofﬁcium
3289 2166 3564 2222 exseque-
3602 2192 3603 2195 η

1922 2242 2098 2299 batur
2128 2239 2376 2306 Martha,
2408 2255 2544 2295 cum
2562 2237 2879 2295 Dominum
2900 2238 2960 2293 in
2980 2254 3089 2295 sua
3106 2254 3374 2309 persona,
3393 2235 3483 2293 vel
3499 2236 3562 2292 in

1921 2329 2048 2388 suis
2069 2327 2351 2387 membris
2369 2326 2746 2400 suscipiebat,
2770 2328 2913 2382 dum
2931 2327 2981 2383 ei
3006 2326 3401 2392 ministrabat,
3426 2326 3568 2381 dum
3602 2356 3611 2361 -

1920 2419 2077 2476 circa
2126 2414 2528 2493 ministerium
2578 2415 2855 2488 frequens
2905 2419 3048 2471 erat.
3101 2413 3567 2486 Contemplativm

1920 2506 2180 2564 ofﬁcium
2207 2504 2633 2577 exsequebatur
2663 2503 2870 2571 Maria,
2902 2504 3070 2575 quasi
3102 2503 3302 2559 relicta
3339 2520 3482 2560 cura
3510 2506 3568 2559 et

1920 2593 2448 2659 administratione,
2478 2592 2690 2647 sedens
2722 2608 2892 2647 secus
2922 2591 3098 2662 pedes
3128 2591 3383 2659 Domini,
3427 2606 3563 2647 eum

1920 2688 2040 2742 toto
2071 2682 2361 2739 desiderio
2393 2681 2668 2737 cernebat
2696 2684 2754 2736 et
2782 2680 3079 2737 audiebat.
3109 2681 3245 2736 Erat
3266 2684 3462 2736 autem
3479 2696 3567 2737 se-

1921 2774 2087 2839 dens,
2119 2773 2177 2828 id
2211 2775 2301 2828 est
2330 2769 2526 2843 quieta
2556 2773 2677 2824 tam
2710 2786 2952 2841 corpore
2982 2786 3161 2841 quam
3208 2774 3423 2838 mente,
3455 2768 3564 2825 soli

1920 2859 2394 2934 contemplationi
2426 2863 2484 2915 et
2513 2858 2685 2914 verbo
2716 2857 2816 2914 Dei
2841 2858 3084 2914 intenta.
3117 2859 3186 2914 Et
3201 2858 3310 2915 hoc
3331 2863 3420 2914 est
3434 2874 3568 2914 con-

1919 2955 2012 3008 tra
2022 2950 2308 3023 quosdam
2322 2947 2501 3004 falsos
2513 2950 2738 3003 contem
2745 2946 3014 3018 plativos,
3030 2946 3151 3019 qui,
3166 2963 3300 3003 cum
3323 2947 3567 3003 sedeant

1921 3040 1983 3097 in
2012 3040 2288 3105 claustro,
2319 3036 2407 3093 vel
2440 3036 2497 3092 in
2544 3035 2878 3105 solitudine,
2928 3052 3187 3109 corpore,
3234 3040 3433 3091 tamen
3464 3051 3567 3107 per

163 3124 268 3183 δία
296 3123 605 3191 Virtutum,
638 3140 989 3197 morumque
1019 3125 1305 3181 bonorum
1338 3128 1671 3197 sequentes,
1713 3139 1810 3180 σοι·
1841 3109 1886 3178 C
1925 3129 2263 3187 universum
2294 3125 2584 3182 mundum
2614 3130 2903 3198 vagantur
2932 3128 3146 3191 mente,
3180 3140 3286 3180 nec
3317 3123 3566 3180 suntin-

160 3211 427 3270 stitatem
452 3212 666 3270 mentis
687 3216 743 3269 et
764 3214 1024 3285 corporis
1045 3218 1473 3282 conservantes,
1491 3212 1739 3284 jejuniis
1755 3216 1814 3268 et

156 3300 540 3362 orationibus
585 3301 944 3371 insistentes,
978 3302 1253 3375 operibus
1297 3301 1726 3375 compassionis
1758 3304 1814 3357 et

164 3390 594 3451 misericordia;
655 3406 887 3463 semper
934 3390 1251 3458 radiantes,
1300 3391 1463 3447 bone
1518 3389 1812 3463 opinionis

158 3478 432 3552 exemplo
464 3478 609 3536 alios
639 3478 971 3547 invitantes,
1001 3478 1317 3553 gloriosam
1345 3479 1440 3536 Dei
1463 3480 1728 3547 Matrem,
1749 3482 1813 3534 ut

160 3572 433 3629 matram
487 3568 726 3640 adjuvet
770 3567 1132 3635 tarditatem,
1183 3567 1415 3624 ﬂetibus
1445 3572 1502 3624 et
1539 3566 1812 3641 suspiriis

152 3656 505 3731 flagitantes
533 3661 591 3713 et
619 3655 909 3724 dicentes;
941 3655 986 3711 Ο
1018 3655 1273 3730 gloriosa
1292 3656 1393 3713 Dei
1421 3656 1621 3723 Mater,
1647 3654 1813 3711 meri-

158 3746 249 3806 tis
274 3750 335 3803 et
363 3744 633 3819 precibus
665 3744 784 3801 tuis
806 3744 973 3801 trahe
1004 3762 1112 3802 nos
1141 3750 1274 3818 post
1300 3749 1378 3813 te,
1418 3762 1723 3801 curremus
1750 3743 1811 3801 in

161 3836 348 3895 odore
380 3840 813 3908 unguentorum
842 3838 1100 3889 tuorum.
1135 3834 1250 3890 Nec
1283 3834 1490 3907 poterit
1528 3849 1657 3890 eam
1695 3849 1810 3889 non

160 3924 445 3985 exaudire
474 3924 546 3980 de
575 3923 768 3989 nobis,
801 3922 903 3996 qui
934 3940 1038 3996 pro
1060 3923 1231 3980 nobis
1252 3924 1321 3980 de
1349 3939 1417 3979 ea
1432 3923 1708 3996 dignatus
1725 3925 1814 3979 est

164 4013 354 4081 nasci,
387 4012 673 4069 Dominus
699 4016 897 4069 noster
922 4012 1096 4069 Jesus
1116 4012 1400 4079 Christus,
1421 4011 1521 4083 qui
1551 4028 1687 4068 cum
1706 4014 1812 4068 Pa-

162 4106 260 4160 tre
286 4106 347 4159 et
373 4101 596 4175 Spiritu
627 4106 831 4158 sancto
856 4101 996 4157 vivit
1010 4105 1069 4157 et
1099 4105 1301 4174 regnat
1321 4101 1475 4157 Deus
1494 4117 1595 4174 per
1616 4100 1815 4156 omnia

165 4191 388 4249 sucula
414 4190 789 4248 seculorum.
823 4194 1030 4247 Amen.

908 4295 1075 4353 XXXI

278 4369 343 4426 ΙΝ
383 4384 572 4425 sonam
610 4382 779 4425 res'ro
817 4384 1235 4425 assumenoms
1274 4385 1460 4424 sema
1497 4382 1714 4426 mam.

1916 3218 2068 3275 tenti
2097 3214 2345 3272 orationi
2374 3213 2460 3270 vel
2494 3212 2747 3281 lectioni,
2782 3214 2882 3269 sed
2907 3212 3244 3269 rumoribus
3268 3215 3327 3269 et
3344 3211 3567 3270 vanita-

1920 3307 2100 3364 tibus.
2132 3306 2201 3362 Et
2230 3304 2339 3359 hoc
2386 3301 2535 3359 solet
2565 3301 2649 3358 eis
2691 3301 3027 3375 contingere
3064 3318 3133 3358 ex
3166 3300 3386 3367 acedia,
3438 3316 3566 3373 qua

1920 3395 2174 3454 maxime
2197 3389 2679 3463 contemplativos
2708 3389 2858 3446 solet
2885 3406 3113 3457 vexare,
3143 3406 3282 3446 cum
3314 3404 3430 3443 non
3460 3387 3567 3444 ba-

1922 3485 2097 3541 beant
2127 3480 2338 3539 solatia
2369 3479 2665 3536 sociorum
2696 3484 2798 3533 aut
2826 3495 3090 3550 operum,
3132 3476 3350 3551 quibus
3392 3474 3566 3534 taedia

1920 3589 2029 3629 sua
2053 3569 2281 3643 possint
2310 3567 2586 3623 relevare.
2620 3566 2731 3623 Sed
2763 3582 2862 3623 vos
2888 3565 3323 3639 contemplativi
3353 3581 3457 3638 per
3483 3562 3569 3620 di-

1918 3659 2186 3718 lectionis
2216 3659 2497 3715 fervorem
2516 3655 2768 3712 excutite
2794 3673 2828 3711 a
2841 3656 3006 3713 vobis
3021 3671 3255 3712 omnem
3271 3659 3565 3727 torporem

1921 3771 1953 3801 ‹‹
1984 3748 2329 3806 Maledictus
2360 3749 2450 3802 est
2481 3744 2636 3801 enim
2669 3744 2766 3815 qui
2800 3761 2948 3816 opus
2978 3743 3079 3801 Dei
3103 3742 3241 3800 facit
3270 3742 3567 3815 negligen-

1920 3841 2009 3895 ter
2036 3839 2167 3906 (Jer.
2216 3840 2434 3902 xnvm).
2471 3856 2500 3883 »
2534 3834 2604 3889 Et
2641 3831 2858 3888 variate
2906 3837 3100 3890 vestra
3145 3831 3359 3899 studia,
3410 3846 3566 3887 nunc

1920 3926 2162 3993 orando,
2196 3940 2353 3980 nunc
2385 3922 2650 3996 legendo,
2685 3938 2841 3978 nunc
2874 3921 3098 3994 aliquid
3129 3921 3377 3994 agendo,
3421 3935 3567 3991 quo-

1922 4014 2081 4073 niam
2112 4012 2434 4070 similitudo
2466 4015 2655 4067 mater
2684 4010 2970 4066 satietatis
3000 4014 3109 4066 est.

1995 4105 2188 4170 Porro,
2213 4102 2385 4174 juxta
2412 4097 2706 4172 Evangelii
2740 4097 2971 4167 seriem,
3019 4098 3131 4157 tria
3164 4098 3332 4155 nobis
3376 4095 3565 4153 consi-

1921 4192 2182 4251 deranda
2210 4193 2367 4245 sunt.
2391 4190 2579 4254 Quare
2596 4187 2719 4243 ista:
2741 4187 2892 4255 vitae,
2915 4204 3050 4243 cum
3067 4188 3152 4243 sic
3167 4186 3286 4243 sint
3301 4186 3564 4257 diversas,

1923 4296 2151 4340 sorores
2181 4278 2472 4342 dicantur,
2506 4281 2562 4332 et
2597 4292 2778 4348 quare
2809 4276 3039 4333 Martha
3067 4279 3481 4347 conqueratur,
3511 4278 3570 4333 et

1924 4372 2066 4445 quid
2113 4369 2164 4427 ei
2211 4386 2247 4424 a
2297 4365 2539 4423 Domino
2595 4366 3039 4436 respondeatur.
3102 4366 3253 4421 Sane
3300 4365 3389 4422 ha
3438 4364 3568 4421 duae

242 4459 305 4516 In
337 4457 436 4514 illo
464 4466 717 4529 tempore,
771 4458 1001 4513 intravit
1043 4459 1198 4514 Iesus
1226 4459 1283 4512 in
1314 4457 1587 4531 quoddam
1630 4457 1817 4515 castel-
1847 4478 1894 4544 Ι)
1923 4461 2053 4517 vita:
2083 4460 2211 4515 ideo
2242 4471 2471 4513 sorores
2500 4452 2797 4521 dicuntur,
2829 4452 2969 4525 quia
2999 4470 3068 4509 ex
3097 4452 3302 4509 eadem
3346 4452 3569 4525 origine

167 4547 310 4611 tum,
342 4554 394 4603 et
423 4546 624 4603 mulier
652 4546 922 4619 quaedam,
954 4547 1164 4602 Martha
1179 4548 1418 4611 nomine,
1432 4550 1643 4619 excepit
1660 4547 1820 4602 illum
1848 4542 1877 4544 ﬁ
1931 4549 2270 4622 procedunt,
2304 4543 2442 4617 quia
2473 4543 2544 4599 ad
2594 4542 2865 4598 eumdem
2908 4543 3082 4598 tinem
3112 4542 3377 4613 tendant,
3416 4545 3476 4597 et
3507 4557 3569 4598 se

170 4638 235 4693 in
262 4635 482 4693 domum
513 4652 674 4691 suam
704 4636 854 4707 (Luc.
878 4639 955 4705 x).
990 4635 1059 4690 Et
1072 4634 1318 4708 reliqua.
1340 4639 1402 4690 In
1422 4635 1530 4691 hac
1551 4635 1815 4701 lectione,

162 4726 340 4797 juxta
369 4722 776 4796 tropologiam,
808 4723 990 4779 trium
1019 4724 1270 4779 vitarum
1305 4722 1571 4794 exempla
1612 4739 1820 4796 propo-

171 4816 399 4872 nuntur
427 4812 619 4868 nobis.
647 4812 799 4869 Sunt
815 4812 972 4869 enim
990 4816 1109 4870 tres
1123 4812 1252 4868 vitae
1271 4829 1398 4885 quae
1416 4810 1551 4868 solas
1575 4829 1819 4886 regnum

172 4901 458 4960 calorum
490 4904 809 4970 merentur,
832 4901 1020 4958 activa
1041 4900 1283 4971 scilicet,
1302 4900 1750 4973 contemplativa
1764 4904 1823 4957 et

174 4990 376 5049 mista.
406 4989 607 5046 Activa
623 4994 711 5047 est
726 4989 1145 5058 laborantium,
1165 4988 1617 5062 contemplativa
1637 4995 1824 5047 orato.

173 5096 332 5147 ram,
364 5078 542 5137 mista
558 5083 848 5137 rectorum
870 5079 994 5137 sive
1016 5079 1483 5153 praedicatorum.
1507 5079 1608 5135 Est
1626 5083 1822 5136 autem

173 5166 437 5226 officium
470 5166 668 5223 activae
698 5168 827 5223 vitae
850 5172 1077 5225 terrena
1105 5172 1259 5225 recte
1279 5167 1642 5239 dispensare,
1666 5168 1821 5239 quod

174 5273 354 5315 suum
385 5260 475 5313 est
502 5255 818 5329 unicuique
848 5257 1107 5324 reddere,
1142 5257 1258 5313 Deo
1309 5255 1671 5327 religionem,
1707 5256 1819 5313 sibi

176 5345 556 5412 munditiam,
576 5346 919 5419 parentibus
947 5345 1252 5411 honorem,
1274 5344 1507 5401 familiae
1525 5343 1822 5417 providen-

176 5434 346 5506 tiam,
389 5434 526 5491 filiis
574 5434 984 5503 eruditionem,
1037 5434 1362 5506 majoribus
1410 5432 1821 5503 obedientiam,

175 5523 378 5601 patrio
407 5523 827 5593 defensionem,
862 5523 1187 5582 minoribus
1227 5521 1492 5592 tutelam,
1544 5521 1824 5582 omnibus

1928 4653 2159 4710 semper
2188 4633 2535 4703 coadjuvent
2563 4634 2620 4688 et
2634 4630 3006 4687 comitentur.
3025 4631 3106 4686 Ex
3122 4631 3326 4687 eadem
3354 4629 3571 4702 quippe

1930 4724 2260 4783 dilectionis
2309 4720 2411 4778 Dei
2462 4725 2521 4776 et
2570 4719 2817 4793 proximi
2868 4724 2977 4784 est,
3028 4725 3085 4775 et
3145 4720 3301 4791 quod
3347 4718 3573 4773 laborat

1930 4814 2181 4881 Martha,
2229 4815 2286 4867 et
2315 4809 2468 4882 quod
2520 4806 2953 4880 contemplatur
3000 4811 3059 4863 et
3087 4811 3216 4863 orat
3262 4804 3465 4872 Maria,
3499 4805 3570 4860 ad

1930 4904 2202 4962 eumdem
2234 4913 2467 4973 quoque
2486 4897 2661 4951 finem
2684 4896 2954 4963 tendunt,
2980 4896 3119 4967 quia
3149 4899 3206 4951 et
3235 4892 3337 4949 illa
3368 4893 3438 4949 ad
3464 4892 3574 4950 hoc

1930 4992 2175 5059 laborat,
2199 4993 2257 5045 et
2282 4988 2401 5042 haec
2422 4986 2495 5042 ad
2514 4985 2622 5042 hoc
2640 4984 3109 5057 philosophatur,
3130 4987 3195 5040 ut
3211 4984 3325 5040 Deo
3349 4982 3578 5055 placeat

1930 5086 1989 5138 et
2018 5081 2089 5137 ad
2121 5080 2251 5151 ejus
2279 5075 2564 5133 visionem
2597 5074 2917 5147 perveniat.
2951 5073 3109 5130 Alias
3143 5089 3247 5129 nec
3289 5071 3413 5128 haec
3441 5088 3578 5129 vera

1932 5169 2163 5227 Martha
2189 5171 2296 5233 est,
2345 5180 2450 5220 nec
2479 5162 2603 5219 haec
2656 5178 2792 5218 vera
2839 5162 3024 5219 Maria
3052 5168 3160 5220 est.
3214 5163 3353 5219 Sese
3399 5160 3577 5217 etiam

1931 5274 2162 5329 semper
2199 5254 2578 5323 coadjuvant;
2630 5266 2766 5306 nam
2824 5251 3055 5308 Martha
3105 5251 3350 5307 Mariam
3399 5248 3580 5305 mini-

1932 5346 2170 5405 strando
2200 5339 2531 5399 necessaria
2560 5343 2876 5407 sustentat,
2911 5345 2976 5396 ut
3003 5340 3086 5396 ita
3116 5340 3303 5413 possit
3329 5341 3585 5395 contem-

1934 5432 2175 5510 plationi
2204 5446 2426 5498 vacare,
2475 5433 2531 5485 et
2562 5429 2643 5483 ita
2691 5430 3129 5498 quodammodo
3178 5426 3494 5501 participat
3529 5428 3582 5510 et

1934 5508 2111 5583 suum
2145 5520 2283 5578 facit
2314 5521 2535 5575 bonum
2568 5514 2787 5585 Mariae,
2834 5519 3062 5576 dicente
3104 5516 3379 5573 Domino:
3414 5536 3445 5564 ‹‹
3478 5508 3590 5580 Qui
