4002 6078
445 320 607 384 “2'1

1726 314 2123 380 RADULPHI
2161 312 2572 379 ARDENTIS.

3697 303 3862 369 1428

452 454 659 529 recipit
689 451 1034 528 prophetam
1064 448 1124 507 in
1158 449 1393 508 nomine
1421 449 1736 524 prophetae,
1761 451 2089 507 mercedem
2119 451 2172 519 Α
2205 448 2285 504 ris
2317 446 2674 521 quotidianis
2705 444 3015 514 contrahit,
3043 442 3298 501 charitas
3321 447 3377 500 et
3398 443 3695 517 profectus
3726 460 3858 517 pro-

452 545 742 621 prephete
773 543 1018 615 accipiet
1046 543 1254 610 (Matth.
1287 545 1363 610 κ).
1398 565 1424 591 ››
1457 541 1581 596 Non
1612 540 1767 596 enim
1800 541 1908 595 ait:
1945 541 2093 596 Mer-

456 635 656 692 cedem
687 633 758 688 de
775 632 1078 704 propheta,
1101 631 1200 686 sed
1230 631 1553 685 mercedem
1572 629 1760 701 ipsius
1778 629 2090 701 prophetae,

457 740 634 782 suum
665 722 822 787 facit,
845 722 986 776 dum
1005 736 1137 774 eum
1157 719 1426 785 sustinet,
1447 719 1867 791 utprophetare
1887 718 2092 790 possit.

457 812 642 870 Maria
691 827 922 883 quoque
963 809 1129 879 juvat
1178 807 1464 863 Martham
1516 825 1619 880 pro
1673 825 1740 863 ea
1787 807 2094 863 Dominum

458 901 697 968 orando,
725 917 796 955 ne
825 898 1142 970 aliquando
1191 897 1344 952 inter
1373 901 1456 951 tot
1499 897 1924 953 sollicitudines
1970 913 2091 953 cor-

458 996 608 1058 ruat,
643 994 700 1045 et
729 990 812 1044 ita
838 989 1113 1045 meritum
1134 987 1372 1042 Marthae
1407 986 1540 1042 facit
1559 1004 1754 1042 suum.
1777 987 1870 1042 Sic
1901 988 2095 1058 itaque

459 1078 907 1152 contemplativa
936 1081 993 1133 et
1016 1077 1201 1132 activa
1231 1077 1348 1131 vita
1380 1094 1506 1132 sese
1537 1077 1886 1148 coadjuvant
1917 1083 1972 1132 et
2001 1093 2095 1131 co-

459 1169 765 1235 mitantur,
797 1185 912 1224 non
944 1167 1135 1223 solum
1168 1167 1226 1220 in
1252 1165 1514 1231 diversis,
1551 1166 1649 1221 sed
1682 1166 1858 1222 etiam
1889 1166 1946 1220 in
1981 1185 2098 1222 una

457 1264 515 1316 et
543 1260 744 1314 eadem
779 1274 1043 1330 persona.
1077 1255 1285 1310 Nullus
1315 1255 1469 1310 enim
1501 1255 1724 1311 activus
1754 1255 1891 1310 vivit
1923 1261 2097 1322 recte,

459 1348 568 1404 nisi
603 1347 657 1403 ei
686 1347 812 1420 ipse
843 1346 1157 1418 aliquando
1197 1343 1622 1416 contempletur
1649 1349 1706 1400 et
1737 1349 1879 1414 oret,
1930 1345 2100 1400 aliter

458 1437 614 1494 enim
646 1433 1070 1491 rationabiliter
1099 1450 1268 1507 agere
1299 1433 1522 1505 nequit.
1560 1433 1672 1490 Nec
1704 1433 1918 1505 aliquis
1961 1451 2097 1490 con-

455 1525 830 1599 templativus
861 1528 1052 1596 potest
1083 1523 1140 1577 in
1190 1522 1298 1577 hac
1341 1522 1460 1576 vita
1491 1522 1576 1577 sic
1621 1523 2096 1595 contemplationi

455 1631 679 1680 vacare,
713 1612 856 1685 quin
906 1629 1142 1667 necesse
1169 1611 1247 1666 sit
1291 1627 1426 1666 eum
1457 1611 1524 1666 ad
1561 1611 1756 1666 activae
1812 1613 2097 1682 operatio-

456 1720 591 1760 nem
624 1702 994 1770 descendere,
1027 1700 1237 1756 similis
1269 1699 1500 1772 aquilae,
1536 1700 1659 1771 qui,
1688 1695 1999 1772 postquam
2025 1702 2097 1756 ad

2199 538 2494 593 ximorum
2527 535 2744 608 abluit"
2765 537 2910 591 Poro
2958 535 3112 608 quod
3146 535 3224 591 sit
3253 533 3395 590 illud
3452 551 3639 590 unum
3693 534 3853 605 quod

2202 627 2477 682 omnibus
2491 631 2577 681 est
2589 623 3850 695 necessarium,ostenditPsalmista,dicens:

2204 741 2232 767 «
2268 716 2407 770 Mihi
2442 720 2635 770 autem
2669 716 2962 770 adhaerere
2992 715 3106 770 Deo
3139 715 3358 770 bonum
3401 719 3508 781 est,
3543 731 3761 785 ponere
3793 714 3853 770 in

2204 804 2451 860 Domino
2500 805 2616 860 Deo
2665 821 2828 875 spem
2865 819 3052 858 meam
3083 803 3253 870 (Psal.
3288 802 3474 871 Lxxn).
3512 824 3539 850 »
3573 802 3720 856 Huic
3752 803 3852 857 uni

2203 896 2485 964 tanquam
2503 891 2788 959 anchorae,
2813 889 2904 946 cui
2928 889 3036 945 soli
3057 889 3371 944 intendunt
3391 886 3848 959 contemplativi,

2205 981 2498 1036 adhaerere
2530 998 2760 1051 semper
2781 985 2838 1034 et
2859 997 2964 1035 nos
2991 979 3271 1034 debemus
3293 977 3482 1044 activi,
3499 978 3641 1032 dum
3664 977 3848 1031 turbi-

2205 1087 2308 1125 nes
2338 1075 2395 1126 et
2423 1074 2798 1142 tempestates
2823 1069 3274 1125 sollicitudinem
3297 1072 3354 1122 et
3384 1066 3656 1123 laborum
3679 1071 3734 1121 et
3755 1067 3852 1121 tri-

2203 1159 2573 1215 bulationum
2607 1158 3016 1231 temporalium
3049 1175 3154 1214 nos
3174 1159 3421 1229 jactant.

2277 1251 2607 1305 Notandum
2631 1266 2763 1304 vero
2782 1253 2869 1304 est
2898 1249 3050 1320 quod
3076 1247 3374 1314 Dominus,
3399 1247 3670 1318 quamvis
3694 1264 3852 1320 roga-

2207 1343 2322 1407 tus,
2358 1357 2472 1394 non
2505 1338 2767 1410 praecipit
2788 1338 3032 1392 Mariam
3057 1337 3306 1393 transire
3328 1337 3400 1392 ad
3423 1336 3683 1392 ofﬁcium
3709 1337 3853 1392 Mar-

2206 1430 2338 1495 thae,
2373 1433 2431 1484 et
2463 1428 2728 1501 quamvis
2767 1427 2965 1483 laudet
2999 1431 3223 1499 partem
3253 1425 3469 1491 Mariae,
3503 1443 3616 1482 nen
3649 1426 3850 1499 preci-

2207 1518 2293 1591 pit
2323 1517 2610 1574 Martham
2643 1519 2713 1573 ad
2745 1533 2873 1572 eam
2905 1515 3176 1572 transire.
3210 1517 3280 1570 Et
3307 1515 3534 1586 quare?
3564 1515 3854 1582 Quoniam

2207 1607 2364 1663 novit
2376 1607 2524 1662 hanc
2546 1605 2734 1679 magis
2751 1622 2878 1662 esse
2891 1606 3160 1660 idoneam
3177 1603 3656 1677 contemplationi
3675 1621 3855 1676 quam

2207 1697 2440 1759 actioni,
2475 1700 2532 1751 et
2565 1695 2724 1751 illam
2757 1695 2942 1768 magis
2973 1712 3101 1750 esse
3138 1693 3351 1749 actioni
3382 1710 3559 1765 quam
3591 1697 3854 1749 eontem-

457 1798 615 1849 astra
637 1791 864 1859 volavit,
899 1794 954 1846 et
983 1790 1163 1846 solem
1196 1789 1623 1861 contemplatus
1654 1794 1762 1857 est,
1798 1807 2003 1846 rursus
2025 1792 2096 1846 ad
2130 1822 2178 1886 Β
2208 1786 2472 1858 plationi,
2508 1790 2564 1842 et
2591 1784 2719 1841 ideo
2749 1783 2871 1840 vult
2901 1789 3213 1855 utramque
3263 1784 3322 1838 in
3369 1785 3490 1838 vita
3520 1783 3714 1856 magis
3743 1783 3857 1838 sibi

458 1883 739 1939 cadavera
757 1881 818 1934 in
846 1885 1062 1936 terram
1097 1878 1417 1935 descendit.
1469 1879 1578 1934 Sed
1613 1895 1796 1950 quare
1841 1896 2096 1951 conque-

458 1971 608 2027 ritur
635 1971 791 2042 apud
821 1968 1134 2025 Dominum
1167 1968 1397 2024 Martha
1427 1968 1496 2022 de
1515 1967 1717 2038 Maria,
1743 1968 1970 2024 dicens:
1993 1971 2096 2026 Do-

456 2062 624 2128 mine,
657 2076 768 2116 non
797 2061 880 2114 est
906 2059 1010 2114 tibi
1049 2074 1195 2113 curae
1224 2058 1364 2129 quod
1405 2074 1558 2113 soror
1595 2074 1716 2112 mea
1761 2058 1987 2129 reliquit
2015 2075 2100 2114 me

457 2150 634 2206 solam
660 2149 1014 2204 ministrare?
1052 2148 1148 2202 Dic
1195 2163 1319 2218 ergo
1353 2147 1442 2202 illi
1480 2154 1539 2202 ut
1564 2162 1648 2202 me
1689 2147 1922 2218 adjuvet.
1972 2148 2099 2202 Non

457 2239 587 2294 ideo
617 2237 774 2310 quod
805 2240 969 2309 putet
999 2236 1254 2291 ofﬁcium
1284 2234 1476 2290 Maria:
1499 2234 1752 2291 otiosum
1783 2240 1838 2291 et
1868 2235 2098 2291 nullum

457 2343 608 2395 esse,
638 2331 704 2382 ut
728 2325 964 2398 quidam
984 2324 1157 2380 hodie
1187 2327 1411 2396 putant,
1433 2328 1490 2379 et
1517 2323 1646 2379 ideo
1662 2323 1798 2378 velit
1831 2325 1900 2380 ad
1922 2342 2096 2380 suum

456 2417 677 2472 bonum
709 2414 969 2470 ofﬁcium
1002 2413 1244 2469 Mariam
1262 2413 1534 2480 transire,
1555 2413 1652 2469 sed
1674 2413 1952 2484 quoniam
1971 2415 2099 2486 ipsa

456 2505 616 2562 novit
643 2505 901 2562 ofﬁcium
934 2503 1125 2559 Mariae
1154 2502 1544 2576 peroptimum
1570 2520 1717 2568 esse,
1752 2507 1809 2558 et
1839 2504 1968 2560 ideo
1990 2504 2100 2559 vel-

454 2595 534 2652 let
561 2594 621 2650 in
653 2611 758 2650 suo
793 2592 1050 2648 inferiori
1083 2593 1296 2660 ofﬁcio,
1329 2597 1523 2648 tamen
1551 2593 1899 2660 necessario,
1931 2611 1964 2648 a
1991 2611 2099 2649 sua

455 2700 650 2742 sorore
674 2681 890 2756 juvari,
912 2685 1226 2754 quatenus,
1245 2699 1311 2737 eo
1331 2681 1441 2737 cite
1469 2685 1898 2748 consummato,
1923 2687 2100 2754 queat

455 2789 590 2830 cum
621 2788 818 2829 sorore
847 2771 1049 2827 eadem
1081 2771 1305 2826 diutius
1351 2769 1690 2825 desiderata
1740 2771 2096 2843 contempla-

454 2862 599 2918 tioni
629 2877 850 2917 vacare.
885 2859 1044 2926 Quod
1096 2863 1294 2932 aperte
1343 2864 1548 2915 contra
1599 2861 1886 2932 quosdam
1919 2859 2097 2915 falsos

457 2951 671 3008 activos
704 2952 813 3016 est,
865 2948 965 3021 qui
995 2965 1301 3019 nunquam
1341 2947 1678 3003 desiderant
1721 2950 1792 3004 ad
1841 2948 2094 3020 quietem

455 3036 966 3112 contemplationis
999 3037 1266 3105 transire,
1302 3039 1401 3092 sed
1435 3053 1666 3110 semper
1681 3055 1852 3094 curas
1869 3041 1926 3092 et
1946 3035 2101 3092 labo-

456 3145 549 3186 res
577 3127 886 3184 saeculares
915 3130 1117 3182 amant
1140 3129 1409 3193 tractare,
1443 3127 1542 3198 qui
1577 3130 1634 3181 et
1663 3126 1712 3182 si
1745 3127 2097 3198 quandoque

2208 1875 2416 1931 idonea
2447 1874 2686 1930 salvare.
2711 1875 2860 1930 Sunt
2881 1874 3036 1929 enim
3059 1874 3326 1944 quaedam
3359 1889 3616 1945 personae
3640 1872 3856 1928 tardio-

2207 1964 2288 2020 ris
2319 1969 2374 2020 et
2403 1964 2713 2036 grossioris
2735 1962 2975 2037 ingenii,
2999 1963 3187 2036 magis
3211 1963 3282 2018 ad
3311 1961 3657 2034 temporalia
3676 1978 3855 2032 quam

2208 2054 2280 2109 ad
2308 2053 2637 2126 spiritualia
2683 2053 2924 2119 idoneae,
2957 2057 3013 2108 et
3055 2055 3310 2119 econtra,
3352 2052 3622 2123 quaedam
3656 2050 3853 2107 subti-

2207 2141 2370 2199 lioris
2403 2142 2598 2216 igenii,
2628 2142 2816 2214 magis
2862 2143 2934 2198 ad
2974 2140 3303 2214 spiritualia
3345 2157 3521 2212 quam
3554 2140 3628 2195 ad
3681 2157 3854 2196 mun-

2207 2233 2359 2288 dana
2388 2237 2554 2304 aptae.
2587 2232 2853 2303 Utrisque
2904 2247 3038 2304 ergo
3087 2231 3159 2286 ad
3208 2247 3356 2302 quos
3404 2229 3594 2302 magis
3632 2229 3854 2286 idonea

2207 2325 2346 2377 sunt
2357 2338 2484 2377 sese
2505 2325 2826 2387 exerceant,
2845 2337 2935 2388 ne,
2961 2320 3011 2376 si
3024 2320 3170 2376 forte
3195 2319 3265 2375 ad
3290 2320 3346 2375 id
3360 2320 3432 2374 ad
3454 2321 3608 2391 quod
3631 2320 3852 2375 idonea

2207 2428 2321 2466 non
2355 2414 2510 2479 sunt,
2537 2415 2856 2478 transeant,
2883 2409 3117 2466 inutiles
3141 2410 3298 2464 ﬁant.
3316 2410 3477 2476 Quod
3509 2409 3656 2465 bene
3679 2410 3856 2482 signi-

2207 2501 2416 2557 ﬁcatur
2441 2518 2542 2572 per
2573 2500 2680 2556 hoc
2711 2501 2866 2572 quod
2897 2499 3340 2556 tabernaculum
3374 2498 3556 2571 Moysi
3589 2504 3716 2555 erat
3754 2517 3851 2555 ex-

2206 2590 2390 2647 terius
2420 2595 2758 2662 coopertum
2793 2589 3045 2660 pellibus
3074 2594 3130 2645 et
3158 2589 3317 2662 sagis
3347 2588 3639 2656 cillicinis,
3675 2590 3746 2644 ad
3769 2605 3856 2645 ex-

2205 2678 2535 2751 pellendam
2558 2678 2960 2750 intemperiem
2984 2676 3153 2734 aeris.
3175 2678 3423 2734 Interius
3438 2694 3572 2733 vero
3589 2677 3856 2750 splende—

2207 2769 2307 2824 bat
2335 2785 2564 2836 coccus,
2597 2785 2857 2840 purpura
2887 2773 2944 2823 et
2972 2767 3201 2841 byssus.
3237 2767 3385 2834 Quia
3423 2766 3576 2823 enim
3613 2767 3852 2840 quidem

2206 2857 2474 2913 homines
2505 2874 2721 2930 gressa
2753 2857 2967 2912 mentis
2985 2861 3125 2913 sunt
3144 2856 3342 2912 minus
3374 2856 3566 2912 idonei
3599 2861 3852 2913 tractare

2207 2946 2556 3018 spiritualia,
2605 2946 2732 3002 ideo
2783 2947 2996 3002 debent
3024 2946 3166 3000 illud
3196 2946 3267 3001 ad
3301 2947 3454 3018 quod
3485 2945 3680 3001 idonei
3714 2952 3854 3001 sunt

2208 3036 2413 3105 facere,
2450 3036 2670 3092 scilicet
2716 3037 3030 3091 exteriores
3073 3052 3245 3090 curas
3293 3040 3349 3090 et
3381 3036 3852 3106 perturbationes

2208 3125 2582 3197 suscipiendo
2613 3126 2684 3181 ab
2713 3142 2912 3181 eorum
2947 3125 3180 3196 injuriis
3209 3124 3693 3197 contemplativos
3717 3142 3853 3197 pro-

457 3217 602 3274 forte
630 3219 837 3272 vacant
865 3232 1122 3288 corpore,
1146 3219 1342 3271 tamen
1367 3193 1506 3270 tunc
1529 3193 1920 3271 sollicitantur
1942 3193 2097 3270 etla-
2129 3193 2170 3258 C
2208 3193 2420 3287 tegere.
2455 3217 2522 3270 Et
2549 3215 2688 3286 quia
2709 3215 2946 3287 quidem
2970 3193 3237 3270 homines
3259 3193 3598 3286 spirituales
3611 3215 3685 3270 ad
3711 3193 3858 3271 exte-

457 3307 667 3362 borant
698 3308 912 3372 mente,
947 3320 1053 3359 nec
1085 3303 1143 3358 in
1176 3303 1332 3359 curis
1363 3309 1419 3359 et
1451 3303 1696 3376 negotiis
1731 3304 1820 3359 sui
1853 3305 2096 3374 coadju-

455 3399 610 3452 tores
640 3397 912 3466 quaerunt
955 3392 1186 3459 habere,
1222 3393 1322 3448 sed
1367 3393 1560 3465 potius
1601 3392 1712 3465 ipsi
1758 3392 1867 3448 soli
1899 3392 2097 3447 omnia

453 3484 657 3539 volunt
685 3485 954 3549 tractare,
973 3498 1145 3536 curas
1158 3485 1212 3535 et
1225 3480 1451 3537 labores
1465 3481 1746 3537 habentes
1759 3499 1860 3554 pro
1878 3481 2090 3553 quiete,

453 3577 510 3628 et
539 3572 796 3643 quietem
847 3587 950 3641 pro
1007 3570 1222 3624 labore.
1275 3571 1385 3626 Sed
1436 3571 1667 3642 quando
1720 3571 1872 3626 inter
1919 3588 2092 3626 curas

452 3660 706 3732 quietem
737 3659 951 3714 habere
970 3662 1262 3729 poterunt,
1276 3658 1376 3729 qui
1396 3659 1570 3713 necin
1585 3658 1712 3730 ipsa
1725 3659 1917 3730 quiete
1935 3660 2090 3731 quie-

449 3753 568 3804 tem
599 3747 813 3802 habere
843 3763 956 3801 non
988 3751 1256 3819 possunt.
1293 3747 1438 3813 Quid
1459 3753 1652 3802 autem
1673 3748 1952 3803 Dominus
1986 3765 2089 3819 pro

451 3836 634 3893 Maria
664 3836 1031 3908 respondeat,
1065 3835 1409 3903 ostenditur,
1442 3853 1577 3890 cum
1611 3835 1911 3892 subditur:
1947 3839 2087 3892 Mar-

448 3927 561 3994 tha,
607 3926 843 3990 Martha,
889 3925 1132 3980 sollicita
1171 3941 1224 3979 es
1253 3933 1304 3980 et
1350 3927 1594 3980 turbaris
1641 3943 1772 3994 erga
1818 3928 2084 3995 plurima.

446 4018 616 4072 Porro
648 4031 822 4070 unum
849 4021 928 4070 est
954 4016 1340 4070 necessarium.
1372 4015 1547 4069 Maria
1585 4017 1843 4086 Optimam
1877 4025 2089 4086 partem

445 4105 609 4173 elegit
658 4120 777 4176 qua:
804 4119 914 4158 non
953 4105 1234 4174 auferctur
1281 4103 1349 4158 ab
1378 4119 1462 4158 ea.
1499 4104 1561 4158 ln
1595 4103 1686 4158 his
1732 4104 1924 4159 verbis
1975 4105 2084 4160 Do-

446 4193 643 4249 minus
677 4195 901 4264 partem
934 4191 1174 4247 Marthae
1193 4209 1308 4247 non
1328 4191 1721 4264 reprehendit,
1741 4193 1840 4248 sed
1860 4197 2085 4266 partem

447 4282 641 4338 Mariae
672 4280 972 4354 prazponit.
1005 4279 1275 4336 Ofﬁcium
1295 4280 1449 4336 enim
1471 4281 1708 4336 Martha
1727 4282 1837 4338 sibi
1862 4281 2087 4353 placere

445 4371 832 4438 demonstrat,
875 4387 1011 4426 cum
1062 4368 1204 4424 illud
1257 4370 1524 4442 suscipit,
1579 4375 1798 4426 etcum
1851 4373 2084 4441 Martha,

442 4459 752 4524 Martha,ex
781 4459 996 4532 magna
1029 4459 1351 4523 affectione,
1388 4459 1666 4531 geminat.
1700 4460 1809 4516 Sed
1842 4460 2082 4516 demon-

2205 3304 2360 3359 riora
2408 3305 2713 3360 tractanda
2769 3309 2907 3359 sunt
2953 3304 3154 3359 minus
3201 3303 3417 3373 idonei,
3463 3303 3680 3360 debent
3708 3303 3855 3360 inte-

2205 3393 2358 3449 riora
2386 3398 2442 3448 et
2472 3393 2800 3466 spiritualia
2825 3395 2896 3449 ad
2930 3394 3084 3466 quod
3117 3393 3306 3465 magis
3337 3391 3528 3448 idonei
3563 3397 3706 3448 sunt
3734 3399 3850 3449 tra-

2203 3487 2457 3549 ctare,ne
2490 3483 2708 3550 forte,si
2733 3500 2992 3555 purpura
3013 3487 3069 3538 et
3099 3483 3310 3555 byssus
3341 3482 3411 3537 ad
3443 3481 3848 3554 intemperiem

2201 3571 2341 3627 foris
2373 3573 2672 3644 prodeant,
2707 3571 2955 3644 gratiam
2987 3589 3154 3627 suam
3185 3571 3476 3627 amittant.
3511 3573 3580 3627 Et
3611 3579 3848 3628 econtra

2201 3661 2247 3715 si
2283 3678 2433 3732 sagm
2465 3667 2520 3716 et
2553 3661 2729 3732 pelles
2751 3660 2998 3716 interius
3030 3664 3340 3732 ponantur,
3375 3660 3652 3716 indecora
3682 3669 3740 3718 et
3770 3665 3850 3718 in-

2198 3748 2367 3805 utilia
2395 3751 2557 3806 ﬁant.
2591 3749 2721 3804 Vidi
2751 3749 2906 3805 enim
2929 3750 3213 3822 quosdam
3237 3766 3271 3804 a
3299 3747 3556 3806 claustro
3587 3755 3845 3808 contem-

2198 3838 2473 3910 plationis
2503 3854 2786 3911 egressos,
2842 3855 2956 3893 non
3004 3855 3300 3910 regressos
3343 3854 3492 3904 esse,
3525 3841 3651 3905 sed,
3685 3857 3842 3898 more

2197 3925 2350 3981 corvi
2381 3926 2544 3982 missi
2579 3944 2612 3982 a
2639 3928 2776 3994 Noe,
2811 3928 3190 3983 cadaveribus
3234 3927 3571 3983 adhaesisse.
3607 3929 3760 3985 Sunt
3787 3934 3840 3985 et

2196 4014 2320 4069 alia!
2353 4031 2632 4086 personae,
2668 4032 2794 4086 qua:
2817 4016 2888 4070 ad
2921 4020 3237 4086 utrumque
3267 4019 3406 4070 sunt
3435 4016 3678 4084 idonee,
3712 4035 3835 4089 qua

2195 4106 2250 4158 et
2262 4103 2543 4159 exteriora
2555 4106 2610 4158 et
2622 4102 2895 4159 interiora
2913 4105 3324 4160 convenienter
3336 4110 3552 4160 norunt
3566 4109 3834 4162 tractare.

2197 4191 2295 4247 Isti
2310 4193 2521 4247 debent
2542 4195 2793 4248 rectores
2814 4192 3204 4248 Ecclesiarum
3226 4192 3530 4260 constitui,
3553 4195 3655 4266 qui
3677 4196 3838 4250 vicis-

2195 4281 2307 4336 sim
2331 4281 2662 4337 sciantcum
2686 4281 2902 4354 Moyse,
2916 4281 3046 4336 etin
3065 4281 3441 4338 tabernaculo
3461 4272 3566 4355 per
3585 4289 3834 4340 contem-

2194 4369 2510 4442 plationem
2543 4371 2856 4426 Dominum
2875 4371 3197 4438 consulere,
3216 4375 3271 4426 et
3295 4371 3451 4427 foras
3473 4371 3546 4428 ad
3567 4373 3830 4429 erudien-

2193 4459 2330 4514 dum
2358 4460 2792 4531 regendumque
2813 4458 3094 4531 populum
3111 4459 3481 4526 exire.Quiad
3504 4461 3827 4536 exemplum

441 4553 590 4609 strat
619 4547 760 4605 illud
793 4547 1037 4604 inferius
1053 4564 1180 4604 esse
1198 4548 1687 4618 olﬁcioMarizB,in
1709 4549 1924 4605 tribus:
1947 4552 2083 4622 quia
2112 4565 2158 4628 Ι)
2191 4548 2471 4604 columbae
2503 4549 2619 4604 Noe
2651 4548 2891 4620 egressi,
2925 4565 3029 4604 nec
3060 4549 3118 4603 in
3159 4549 3544 4605 exterioribus
3575 4553 3825 4624 requiem

437 4637 708 4696 videlicet
737 4637 965 4694 Martha
979 4636 1229 4692 sollicita
1243 4635 1403 4692 estin
1428 4636 1714 4708 pluribus,
1736 4639 1942 4710 etquia
1961 4645 2080 4696 tur-

437 4728 631 4794 batur,
665 4731 722 4782 et
738 4726 877 4799 quia
898 4743 1032 4798 pars
1049 4726 1178 4796 ejus
1196 4725 1478 4780 aufertur.
1499 4725 1644 4791 Quia
1660 4725 1815 4781 enim
1833 4726 2082 4785 sollicita

438 4821 528 4873 est
551 4817 610 4870 in
642 4815 932 4888 pluribus,
961 4815 1093 4870 ideo
1125 4814 1228 4870 uni
1263 4814 1590 4870 necessario
1625 4817 1821 4871 minus
1854 4817 2082 4874 intenta

437 4908 547 4960 est.
580 4905 650 4959 Et
669 4904 806 4976 quia
823 4903 1113 4971 turbatur,
1141 4902 1268 4958 ideo
1285 4903 1583 4957 veritatem
1608 4903 1804 4959 minus
1827 4911 2080 4961 contem-

436 4991 584 5066 plari
611 4997 817 5064 potest.
839 4993 904 5046 Et
933 4992 1071 5063 quia
1089 4991 1368 5057 aufertur,
1386 4990 1512 5046 ideo
1534 4991 1730 5046 minus
1751 4996 2078 5065 appetenda

436 5085 546 5138 est.
580 5081 650 5136 Et
679 5097 709 5136 e
723 5085 916 5135 zontra
933 5098 1067 5152 pars
1084 5079 1272 5134 Mariae
1301 5080 1362 5134 in
1381 5096 1582 5135 eorum
1601 5082 1906 5136 contrariis
1924 5100 2076 5138 com-

435 5168 766 5233 mendatur,
799 5168 936 5239 quia
969 5169 1067 5222 uni
1101 5172 1327 5224 tantum
1361 5173 1449 5224 est
1481 5168 1702 5223 intenta
1726 5173 2071 5240 necessario,

433 5262 490 5314 et
519 5256 662 5328 quia
681 5272 797 5310 non
829 5257 1119 5322 turbatur,
1143 5258 1243 5311 sed
1263 5261 1459 5313 manet
1476 5257 1842 5325 inconcussa,
1865 5265 1918 5314 et
1941 5261 2077 5333 quia

435 5363 554 5402 non
587 5343 868 5412 aufertur,
900 5345 1000 5399 sed
1032 5362 1260 5417 semper
1287 5352 1375 5402 est
1396 5364 1694 5415 mansura,
1729 5351 1786 5402 et
1808 5349 1934 5404 ideo
1957 5367 2076 5404 ma-

430 5434 523 5507 gis
553 5433 898 5504 appetenda.
922 5435 1191 5489 Attamen
1213 5452 1346 5506 pars
1366 5435 1602 5489 Marthae
1623 5436 1973 5492 fructuosior
1987 5442 2075 5493 est

427 5521 489 5578 in
521 5520 794 5594 operibus
825 5526 880 5578 et
910 5522 1146 5595 prodest
1173 5522 1460 5593 pluribus,
1486 5541 1589 5578 nec
1615 5524 1857 5580 minoris
1883 5526 2071 5581 meriti

425 5605 531 5669 est.
565 5609 712 5680 Quia
741 5611 787 5666 si
817 5610 958 5683 quid
989 5611 1244 5683 pulveris
1273 5627 1340 5666 ex
1358 5613 1604 5666 terrenis
1624 5614 1870 5685 negotiis
1900 5619 1956 5670 et
1975 5632 2071 5671 cu-

2191 4639 2568 4705 invenientes,
2603 4656 2737 4694 cum
2770 4655 2931 4694 ramo
2979 4638 3159 4708 olivae,
3193 4639 3251 4694 id
3283 4643 3372 4696 est
3401 4642 3825 4712 opere-miseri-

2191 4727 2642 4799 oordiae,exteriu
2653 4745 2680 4782 s
2693 4727 2999 4798 adepto,ad
3021 4743 3216 4782 aream
3231 4729 3739 4802 contemplationis
3759 4737 3824 4786 le-

2190 4815 2409 4871 stinant
2428 4815 2746 4881 redirc.Qui
2769 4831 2928 4871 more
2948 4816 3124 4872 Jacob
3148 4817 3398 4888 speciem
3414 4816 3650 4890 Rachel,
3665 4820 3720 4874 id
3743 4826 3824 4875 est

2187 4906 2716 4978 contemplationis,
2742 4905 2930 4978 magis
2951 4905 3281 4979 diligant,et
3303 4907 3553 4974 Liam,id
3570 4915 3660 4964 est
3688 4910 3820 4964 acti-

2183 5011 2312 5049 vam
2347 4994 2795 5066 vitam,propter
2825 5011 3064 5066 cperum
3093 4994 3507 5054 fecunditatem
3543 4999 3819 5055 sustinere

2183 5100 2297 5138 non
2323 5084 2855 5155 recusantMystice
2877 5101 3008 5139 vero
3021 5083 3327 5140 castellum
3345 5083 3400 5138 in
3418 5102 3531 5156 quo
3550 5088 3816 5144 Dominus

2185 5171 2438 5240 intravit,
2472 5177 2674 5226 uterus
2705 5176 2792 5227 est
2823 5171 3001 5227 beatae
3034 5172 3310 5245 Virginis.
3337 5173 3496 5240 Quod
3532 5175 3680 5231 bene
3696 5193 3817 5232 oon-

2184 5259 2340 5332 gruit
2370 5259 2420 5315 ei
2451 5265 2508 5315 et
2536 5259 2771 5316 nomine
2801 5265 2859 5315 et
2899 5260 3344 5333 signiﬁcatione.
3381 5263 3648 5330 Nomine,
3680 5281 3811 5336 quo-

2184 5349 2341 5404 niam
2373 5349 2678 5405 castellum
2721 5350 2838 5404 sive
2889 5355 3142 5405 catrum
3187 5349 3398 5406 dicitur
3427 5369 3462 5406 a
3490 5353 3807 5418 castrando,

2183 5455 2247 5492 eo
2274 5439 2428 5510 quod
2457 5443 2691 5510 propter
2718 5437 2946 5510 vigilias
2976 5443 3029 5493 et
3077 5438 3336 5494 laborem
3369 5457 3667 5498 armorum
3698 5459 3809 5498 om-

2183 5527 2274 5582 nis
2315 5525 2494 5581 libido
2544 5525 2876 5581 eliminatur
2923 5543 2956 5581 a
2985 5530 3194 5583 castro.
3251 5528 3338 5582 Ab
3389 5533 3556 5584 utero
3588 5547 3810 5603 quoque

2182 5616 2358 5672 beatae
2388 5615 2646 5688 Virginis
2678 5615 2870 5672 omnis
2899 5614 3077 5673 libido
3103 5621 3340 5690 propter
3370 5615 3597 5676 labores
3629 5625 3687 5676 et
3713 5620 3809 5675 ho-
