4002 6078
151 268 337 333 Μεθ’

1277 274 1651 341 HOMILIJE.
1686 312 1763 324 —
1790 275 1838 341 Ῑ.
1884 277 1986 341 DE
2028 276 2424 341 TEMPORE.

3394 272 3552 339 1430
3572 304 3583 313 ·

146 405 345 461 uestes
389 401 853 463 exercitationes
875 405 1112 465 exclusa
1155 406 1283 465 fuit.
1333 409 1790 484 Signiﬁcatione,
1826 411 1880 480 Α
1907 410 2094 469 solam
2127 427 2292 469 soror
2317 409 2653 469 ministrare
2682 408 2979 484 relinquit.
3009 406 3157 468 Et'si
3205 406 3341 466 talis
3370 412 3462 466 est
3487 406 3549 465 in

144 492 425 567 quoniam
456 493 762 551 castellum
785 495 1002 553 dicitur
1020 499 1173 570 quod
1192 502 1282 555 est
1298 499 1483 556 muris
1499 504 1557 556 et
1582 517 1791 573 propu-

138 582 410 657 gnaeulis
430 583 958 653 circumvallatum,
973 587 1322 644 custodibus
1347 589 1662 658 munitum,
1688 606 1787 646 ne-

1898 501 2071 558 beata
2098 501 2338 575 Virgine
2368 519 2505 574 pars
2532 501 2790 568 Martha,
2815 500 3007 573 qualis
3038 499 3259 573 putatis
3287 503 3376 556 est
3403 499 3463 554 in
3484 516 3552 556 ea

1898 607 2024 662 quae
2049 590 2273 663 optima
2293 607 2428 662 pars
2450 590 2799 662 praedicatur
2821 589 3055 646 Marica?
3076 591 3119 645 Ο
3142 606 3318 661 quam
3336 605 3553 661 magna

135 670 411 729 eessariis
440 671 747 745 repletum.
772 673 1043 732 Castrum
1072 676 1509 749 quoque'beatae
1528 678 1788 751 Virginis
1897 679 2212 735 multitudo
2260 678 2591 736 dulcedinis
2640 679 2750 735 fuit
2800 679 2859 734 in
2909 696 2996 745 ea,
3032 680 3267 751 quando
3298 678 3552 751 Spiritus

130 758 245 817 fuit
274 760 733 835 propugnaculis
754 762 1056 833 vallatum,
1088 769 1155 821 ut
1183 766 1542 822 abstinentia
1584 772 1787 824 contra

127 849 472 923 ingluviem,
504 850 773 907 castitate
803 857 1007 909 contra
1033 853 1351 921 luxuriam,
1382 855 1787 914 munificentia

125 943 335 996 contra
362 938 685 1007 avaritiam,
706 941 993 1013 patientia
1021 947 1224 1000 contra
1249 943 1420 1013 iram,
1454 944 1784 1003 humilitate

121 1031 330 1085 contra
359 1029 713 1101 superbiam.
748 1030 911 1087 Unde
958 1030 1019 1088 in
1068 1033 1322 1089 Canticis
1369 1035 1731 1091 canticorum
1763 1052 1778 1092 :

119 1139 152 1169 α
186 1117 407 1174 Hortus
436 1117 750 1175 conclusus
781 1135 946 1176 soror
973 1136 1106 1177 mea
1134 1138 1371 1195 sponsa,
1402 1123 1611 1179 hortus
1639 1139 1780 1180 con-

117 1205 348 1273 clusus,
382 1206 511 1263 fons
557 1206 825 1281 signatus
858 1209 1032 1283 (Cant.
1067 1212 1165 1279 IV).
1202 1232 1231 1261 »
1262 1210 1405 1267 Item
1441 1229 1454 1268 :
1489 1234 1519 1263 «
1551 1211 1778 1269 Collum

117 1298 295 1352 tuum
327 1293 483 1351 sicut
526 1296 709 1354 turris
752 1297 954 1365 David,
987 1315 1117 1371 qua
1166 1300 1456 1357 aedificata
1504 1303 1594 1357 est
1643 1318 1777 1358 cum

20 1440 21 1443 η
117 1384 601 1459 propugnaculis.
637 1384 792 1442 Mille
822 1386 1005 1461 clypei
1036 1389 1294 1460 pendent
1342 1406 1412 1446 ex
1465 1407 1554 1455 ea,
1586 1391 1777 1448 omnis

118 1476 424 1530 armatura
454 1473 692 1529 fortium
722 1475 974 1549 (Ibid.).»
1008 1476 1140 1533 Fuit
1186 1477 1343 1534 enim
1394 1479 1564 1535 beata
1599 1479 1776 1553 Virgo

119 1560 475 1635 collum,per
493 1563 646 1635 quod
668 1563 808 1619 exiit
828 1565 899 1620 ad
924 1582 1030 1621 nos
1041 1565 1297 1622 Verbum
1311 1566 1432 1622 Dei.
1451 1565 1583 1623 Fuit
1599 1567 1775 1625 etiam

121 1651 471 1708 custodibus
496 1652 819 1720 munitum,
852 1657 1052 1727 utpote
1081 1671 1263 1726 quam
1294 1655 1527 1712 Gabriel
1558 1656 1774 1713 caeteri-

122 1756 240 1815 que
269 1739 482 1815 angeli,
505 1744 563 1797 et
592 1741 779 1798 sancti
800 1741 1091 1812 homines,
1112 1748 1177 1800 ut
1203 1744 1420 1817 Joseph
1443 1749 1500 1801 et
1518 1745 1774 1803 Joannes

121 1828 503 1903 evangelista,
523 1834 590 1885 ut
612 1829 709 1886 Dei
737 1830 1045 1904 templum,
1079 1833 1450 1890 sanctissime
1483 1836 1775 1891 custodie-

123 1922 286 1975 runt.
304 1918 435 1975 Fuit
461 1923 519 1976 et
546 1920 892 1977 necessariis
923 1921 1439 1996 repletum,utpote
1470 1924 1529 1978 in
1557 1942 1674 1997 qua
1698 1924 1776 1981 fe-

122 2007 205 2065 cit
235 2007 349 2065 sibi
374 2006 676 2065 cellarium
701 2009 871 2082 panis
900 2010 1026 2066 vitae
1057 2015 1115 2067 et
1135 2027 1288 2084 aqua
1309 2011 1625 2085 sapientiae.
1647 2014 1779 2070 Fuit

20 2100 21 2107 ‘
121 2096 310 2171 igitur
359 2097 529 2153 beata
568 2096 746 2171 Virgo
788 2099 1115 2169 castellum,
1150 2105 1208 2156 et
1251 2102 1568 2173 quoddam,
1600 2101 1659 2158 id
1688 2105 1779 2159 est

121 2184 446 2260 singulare,
481 2187 640 2260 quia,
673 2188 942 2261 quamvis
980 2193 1197 2246 caterze
1241 2191 1498 2264 virgines
1550 2191 1778 2264 possint

119 2290 257 2333 esse
284 2275 518 2332 mundis
548 2280 605 2332 et
632 2281 825 2345 castae,
859 2281 1057 2334 tamen
1090 2278 1254 2335 nulla
1282 2283 1483 2352 potest
1523 2295 1652 2336 esse
1691 2279 1776 2335 si-

119 2363 306 2436 milis,
338 2368 396 2420 et
422 2364 598 2438 Virgo
628 2368 686 2422 et
733 2366 937 2423 Mater.
972 2367 1135 2433 Quod
1184 2372 1244 2424 et
1293 2368 1341 2424 si
1388 2369 1779 2425 concedamus

118 2469 299 2527 posse
329 2453 651 2522 ﬁeri,nulla
670 2458 868 2512 tamen
900 2454 1017 2512 alia
1046 2460 1239 2529 potest
1267 2473 1396 2514 esse
1432 2461 1620 2513 mater
1648 2456 1778 2513 Filii

118 2541 250 2601 Dei.
282 2542 392 2610 Qui
422 2542 574 2599 sicut
601 2548 691 2599 est
719 2543 891 2601 unico
922 2545 1099 2617 Patri,
1118 2544 1202 2601 ita
1231 2550 1319 2602 est
1349 2546 1563 2602 unicus
1594 2545 1777 2602 unicae

119 2631 323 2689 matri.
347 2633 412 2688 In
444 2631 554 2689 hoc
584 2632 765 2707 igitur
783 2634 1187 2690 castissimum
1213 2634 1521 2691 castellum
1543 2634 1781 2691 intravit

117 2722 320 2780 Jesus.
343 2721 519 2778 Porta
543 2739 679 2779 vero
708 2739 812 2795 per
840 2740 1020 2797 quam
1051 2723 1472 2792 intravit,ﬁdes
1500 2728 1608 2781 est.
1635 2723 1782 2792 Quia

126 2809 294 2868 enim
351 2810 621 2880 credidit,
658 2812 912 2881 perfecta
957 2816 1097 2869 sunt
1138 2813 1190 2869 ei
1239 2813 1439 2869 omnia
1467 2830 1595 2886 quae
1626 2812 1784 2868 dicta

123 2902 273 2957 sunt
302 2899 353 2955 ei
386 2916 420 2955 a
453 2899 714 2956 Domino.
734 2900 849 2958 Nec
878 2900 1106 2958 intrans
1127 2901 1300 2958 Jesus
1321 2901 1430 2958 hoc
1472 2901 1781 2958 castellum

120 2987 397 3058 violavit;
429 2987 603 3045 Jesus
633 2990 791 3045 enim
823 2989 1027 3058 salvat,
1059 3007 1175 3047 non
1205 2990 1405 3047 violat.
1443 2990 1780 3047 Secundum

124 3093 344 3136 nomen
377 3078 532 3149 ejus,
566 3077 650 3134 ita
678 3082 735 3134 et
764 3096 913 3152 opus
941 3081 1090 3152 ejus.

194 3167 266 3223 Et
294 3166 500 3223 mulier
529 3166 800 3240 quadam,
824 3168 1035 3225 Martha
1078 3171 1318 3238 nomine,
1357 3172 1568 3242 excepit
1610 3168 1773 3225 illum
1801 3160 1846 3224 C

122 3258 188 3312 in
214 3254 439 3312 domum
463 3272 640 3324 suam,
661 3259 770 3312 etc.
802 3256 975 3313 Nulla
1003 3257 1087 3313 sic
1107 3261 1382 3315 exsecuta
1401 3263 1489 3314 est
1517 3257 1776 3314 officium

123 3343 395 3413 Martha),
421 3348 487 3400 ut
514 3344 683 3401 beata
702 3345 897 3419 Virgo.
913 3346 1024 3401 Alii
1052 3346 1369 3419 quemlibet
1393 3346 1686 3419 hospitem
1714 3345 1776 3402 in

123 3435 305 3491 domo
336 3450 445 3490 sua
474 3433 827 3506 suscipiunt,
852 3434 974 3491 haec
1005 3440 1063 3492 et
1091 3436 1251 3492 istud
1283 3436 1357 3492 ad
1403 3436 1658 3492 litteram
1690 3436 1777 3492 fe-

124 3522 281 3580 cisse
311 3520 648 3589 ereditur,et
668 3523 827 3596 quod
858 3527 947 3580 est
978 3525 1397 3598 majus,ipsum
1419 3524 1630 3581 Filium
1656 3524 1774 3592 Dei,

124 3609 232 3685 qui
263 3627 381 3666 non
401 3610 579 3667 habet
608 3610 709 3667 ubi
741 3616 919 3685 caput
948 3629 1123 3670 suum
1155 3613 1395 3671 reclinet
1423 3613 1776 3687 (l.uc.1x),in

124 3705 297 3757 utero
322 3694 597 3773 suscepit.
629 3699 743 3755 Alii
773 3702 998 3757 nudum
1027 3702 1348 3774 quemlibet
1372 3707 1532 3759 veste
1573 3719 1777 3776 coope-

123 3789 321 3857 riunt;
353 3787 477 3845 haec
507 3792 564 3844 et
592 3788 748 3845 istud
783 3789 989 3847 fecisse
1019 3791 1295 3859 creditur,
1318 3795 1373 3848 et
1400 3792 1554 3865 quod
1584 3792 1779 3863 majus

123 3882 239 3948 est,
272 3876 469 3950 ipsum
495 3875 711 3933 Filium
741 3878 842 3935 Dei
874 3879 1111 3952 propria
1155 3896 1330 3937 carne
1375 3881 1626 3938 vestivit.
1667 3879 1779 3935 Alii

124 3965 454 4040 quemlibet
479 3966 835 4023 esurientem
876 3967 1006 4024 cibo
1035 3967 1124 4024 vel
1155 3974 1293 4042 potu
1326 3969 1622 4037 reficiunt;
1656 3970 1780 4025 haec

123 4060 185 4115 et
213 4055 378 4112 istud
410 4055 615 4112 fecisse
645 4056 923 4125 creditur,
936 4060 993 4113 et
1020 4057 1197 4113 etiam
1220 4058 1415 4131 ipsum
1441 4059 1649 4114 Filium
1678 4056 1781 4113 Dei

124 4144 459 4203 secundum
490 4161 727 4201 carnem
749 4145 1123 4215 esurientem,
1142 4147 1319 4203 etiam
1340 4147 1602 4204 interiori
1633 4146 1780 4203 laete

125 4250 238 4293 suo
268 4232 509 4309 potavit,
531 4238 589 4290 et
607 4238 813 4290 caetera
841 4234 1228 4291 humanitatis
1250 4236 1441 4292 ofﬁcia
1454 4236 1505 4292 ei
1537 4235 1781 4309 diligen-

125 4322 362 4381 tissime
393 4322 676 4390 exhibuit,
709 4326 774 4379 ut
819 4324 890 4379 de
917 4340 987 4380 ea
1016 4323 1224 4381 merito
1272 4325 1501 4398 dicatur
1532 4342 1545 4379 ε
1572 4326 1783 4381 Martha

124 4427 256 4471 vero
283 4412 559 4481 satagebat
585 4413 735 4467 circa
760 4413 1016 4485 frequens
1046 4414 1436 4470 ministerium.
1464 4414 1619 4471 Inter
1656 4413 1779 4470 haec

1894 773 2135 825 sanctus
2166 769 2225 824 in
2258 785 2385 824 eam
2417 770 2594 835 venit,
2630 772 2685 824 et
2713 768 2898 824 virtus
2930 767 3211 824 Altissimi
3235 768 3551 824 obumbra-

1891 856 1995 925 vit,
2027 862 2085 914 et
2114 859 2184 913 de
2213 859 2417 914 eodem
2449 857 2671 930 Spiritu
2702 861 2903 914 sancto
2959 855 3249 929 concepit!
3283 857 3430 922 Quid
3476 858 3548 913 de

1891 946 2009 1003 Deo
2031 964 2147 1002 non
2170 946 2510 1019 aspiciebat,
2533 945 2594 1001 in
2627 962 2745 1018 qua
2764 946 2865 1001 Dei
2889 946 3175 1018 sapientia
3195 944 3447 1001 latebat?
3474 947 3547 1002 Et

1892 1036 2030 1109 quid
2062 1037 2132 1091 de
2164 1040 2278 1091 Deo
2308 1051 2425 1091 non
2457 1035 2744 1108 sapiebat,
2777 1052 2906 1108 quae
2952 1035 3147 1108 ipsum
3197 1035 3542 1091 thesaurum

1889 1124 2188 1198 sapientiae
2212 1128 2270 1180 et
2291 1122 2545 1181 scientiae
2569 1124 2628 1179 in
2661 1141 2723 1179 se
2740 1123 3055 1196 portabat?
3076 1124 3258 1178 Nemo
3278 1138 3541 1194 unquam
3598 1155 3606 1163 -

1888 1214 1973 1270 sic
2003 1213 2260 1288 gustavit
2285 1230 2463 1285 quam
2488 1213 2685 1269 suavis
2708 1216 2797 1269 est
2822 1212 3272 1269 Dominus.Haee
3312 1228 3541 1267 conser-

1884 1303 2059 1360 vabat
2079 1303 2279 1359 omnia
2295 1304 2473 1359 verba
2495 1301 2858 1375 angelorum,
2876 1305 3534 1374 pastorum,magorum,

1886 1408 2112 1449 necnon
2162 1396 2220 1448 et
2267 1392 2457 1463 ipsius
2504 1390 2612 1447 tflii
2664 1391 2776 1461 sui,
2810 1391 3112 1447 conferens
3138 1389 3198 1445 in
3229 1390 3401 1446 corde
3430 1406 3536 1446 suo

1884 1483 2035 1551 (Luc.
2066 1481 2153 1551 ιι).
2186 1481 2352 1538 Circa
2404 1480 2661 1552 plurima
2710 1481 3126 1553 occupabatur,
3167 1482 3233 1534 ut
3282 1478 3533 1547 Martha,

1884 1571 2039 1627 circa
2082 1587 2267 1626 unum
2318 1570 2736 1637 delectabatur,
2771 1574 2838 1626 ut
2891 1569 3094 1625 Maria.
3145 1567 3536 1641 Singulariter

1881 1658 2063 1733 igitur
2081 1663 2307 1732 partem
2331 1658 2573 1715 Martha:
2596 1658 2837 1731 peregit,
2854 1657 3232 1731 singulariter
3253 1656 3535 1729 optimam

1885 1753 2108 1821 partem
2141 1747 2334 1804 Maria
2365 1747 2558 1822 elegit.
2592 1748 2703 1804 Sed
2735 1765 2871 1819 pars
2904 1746 3140 1803 Marthae
3171 1745 3223 1802 ei
3274 1746 3538 1802 aufertur

1885 1837 2037 1893 bono
2068 1854 2195 1905 suo,
2229 1836 2369 1909 quia
2400 1853 2538 1909 pars
2567 1835 2760 1892 Mariae
2806 1835 2858 1891 ei
2905 1835 3205 1908 perﬁcitur
3252 1852 3380 1907 quae
3418 1852 3535 1891 non

1885 1926 2184 1983 auferetur
2211 1926 2284 1982 ab
2313 1943 2399 1983 ea.
2424 1924 2688 1982 Exaltata
2715 1930 2805 1981 est
2826 1924 2982 1980 enim
3005 1941 3183 1997 super
3202 1924 3410 1980 choros
3430 1941 3532 1979 an-

1884 2015 2169 2089 gelorum,
2202 2014 2491 2088 repletum
2520 2018 2611 2070 est
2638 2015 2699 2070 in
2729 2013 2901 2070 bonis
2944 2012 3296 2070 desiderium
3332 2030 3530 2081 suum,

1885 2119 2014 2176 quae
2045 2104 2260 2177 gaudet
2288 2106 2343 2159 et
2370 2107 2575 2175 regnat
2622 2119 2755 2159 cum
2804 2102 2926 2158 ﬁlio
2975 2119 3082 2158 sno
3128 2101 3189 2157 in
3228 2106 3530 2172 aeternum,

1885 2193 2040 2265 apud
2064 2193 2259 2266 ipsum
2282 2209 2386 2265 pro
2408 2192 2579 2248 nobis
2599 2208 2831 2264 semper
2848 2191 3234 2259 intercedcns,
3254 2191 3305 2246 si
3336 2196 3533 2248 tamen

1885 2282 1957 2337 ad
1981 2281 2311 2354 exemplum
2330 2281 2459 2353 ejus
2482 2280 2767 2337 fuerimus
2790 2279 2879 2336 vel
2899 2279 3449 2347 Martha,Christum
3472 2279 3532 2336 in

1886 2369 2246 2443 pauperibus
2277 2369 2670 2441 suscipiendo,
2706 2369 2976 2437 cibando,
3009 2367 3331 2435 vestiendo,
3362 2373 3532 2424 caete-

1885 2475 2067 2531 raque
2096 2476 2275 2532 opera
2304 2458 2719 2515 misericordiae
2749 2457 3159 2523 ministrando,
3181 2457 3271 2513 vel
3290 2457 3337 2513 si
3363 2456 3536 2513 fueri-

1885 2564 2021 2603 mus
2054 2547 2256 2615 Maria,
2278 2547 2384 2603 soli
2422 2547 2650 2603 Christo
2681 2546 2908 2602 cunctis
2940 2545 3293 2617 transitoriis
3322 2544 3534 2618 spretis

1885 2635 2252 2702 adherendo,
2273 2635 2773 2707 contemplationi,
2796 2633 3050 2703 lectioni,
3078 2634 3348 2701 orationi,
3373 2638 3534 2690 caste-

1885 2724 2085 2796 risque
2114 2723 2431 2780 virtutibus
2454 2724 2734 2791 vacando,
2758 2727 2815 2779 et
2845 2723 2918 2779 ad
2947 2724 3134 2778 Deum
3163 2726 3282 2779 toto
3315 2722 3537 2779 deside-

1886 2812 1972 2868 rio
1994 2811 2323 2869 festinando
2352 2816 2411 2869 et
2439 2812 2843 2885 perveniendo.
2873 2812 3035 2879 Quod
3060 2810 3330 2884 gloriosis
3358 2810 3538 2882 preci-

1887 2901 1999 2958 bus
2028 2902 2295 2974 ejusdem
2327 2901 2679 2958 beatissimae
2710 2900 2916 2956 matris
2947 2918 3065 2957 suae
3114 2900 3283 2955 nobis
3331 2916 3535 2956 conce-

1887 2991 2023 3046 dere
2054 2990 2455 3064 dignetur,cui
2484 3007 2619 3047 eum
2650 2990 2819 3046 Patre
2847 2994 2906 3045 et
2935 2987 3156 3062 Spiritu
3179 2992 3379 3044 sancto
3400 2987 3537 3044 vivit

1888 3083 1948 3137 et
1974 3084 2178 3153 regnat
2207 3083 2357 3136 Deus
2376 3095 2481 3152 per
2494 3078 2693 3136 omnia
2712 3077 2925 3135 sarcula
2944 3076 3312 3134 saeculorum.
3330 3080 3532 3133 Amen.

2604 3185 2822 3241 XXXII.

2221 3275 2280 3313 IN
2312 3274 2482 3313 ιηέετο
2520 3274 2715 3314 SANCTI
2756 3273 3190 3313 BARTIIOLOMIEI.

1953 3350 2122 3402 Facta
2168 3355 2247 3403 est
2292 3348 2562 3403 contentio
2612 3349 2756 3402 inter
2810 3346 3127 3417 discipulos,
3179 3346 3303 3417 quis
3343 3360 3530 3400 eorum

1884 3435 2158 3491 videretur
2175 3453 2288 3492 esse
2318 3437 2496 3508 major
2525 3436 2673 3507 (Luc.
2706 3439 2804 3504 ιν),
2834 3439 2893 3490 et
2936 3452 2964 3488 r
2998 3434 3178 3507 liqua.
3230 3433 3532 3505 Quinque-

1886 3524 2097 3595 pertita
2125 3529 2215 3580 est
2244 3524 2411 3581 lectio
2444 3525 2576 3593 ista,
2601 3526 2806 3580 fratres
2838 3523 3189 3579 mci.-Primo
3210 3522 3369 3579 enim
3397 3539 3534 3578 con-

1884 3613 2135 3669 tendunt
2164 3614 2439 3686 discipuli
2471 3615 2543 3670 de
2574 3613 2931 3686 praelatione.
2952 3611 3536 3677 Secundo,Dominus

1885 3716 1986 3758 eos
2019 3703 2376 3777 redarguens
2422 3702 2676 3759 ostendit
2723 3704 2793 3757 de
2842 3718 2958 3774 quo
3002 3718 3117 3757 non
3149 3701 3416 3769 debeant,
3446 3699 3538 3757 vel

1887 3787 2135 3845 debeant
2155 3790 2524 3845 contendere.
2538 3788 2753 3857 Tertio,
2783 3787 3046 3861 exemplo
3063 3805 3168 3844 suo
3189 3805 3288 3845 eos
3309 3787 3536 3844 invitat.
3588 3830 3593 3835 ρ

1888 3879 2124 3946 Quarto,
2160 3895 2288 3950 quae
2311 3879 2389 3934 sit
2420 3894 2656 3934 summa
2697 3876 2891 3933 meriti
2921 3894 3121 3933 eorum
3155 3878 3537 3933 demonstrat.

1887 3966 2279 4040 Quinto,quod
2306 3968 2610 4040 praemium
2633 3971 2787 4022 esset
2808 3965 2893 4021 eis
2914 3967 3160 4022 daturus
3181 3966 3538 4022 manifestat.

1888 4056 2083 4112 Primo
2106 4057 2287 4128 igitur
2306 4055 2577 4129 discipuli
2598 4059 2911 4110 narrantur
2933 4056 3003 4110 de
3040 4054 3373 4127 pranlatione
3403 4072 3541 4110 eon-

1885 4145 2165 4213 tendisse,
2199 4161 2333 4201 cum
2364 4144 2580 4201 dicitur
2601 4160 2616 4199 :
2639 4149 2808 4201 Facta
2837 4151 2913 4199 est
2944 4145 3213 4201 contentio
3242 4146 3385 4200 inter
3427 4143 3538 4201 dis-

1886 4235 2115 4306 cipulos,
2142 4237 2265 4306 quis
2293 4251 2481 4291 eorum
2509 4233 2783 4288 videretur
2809 4249 2922 4289 esse
2945 4225 3143 4305 major.
3174 4232 3336 4289 Sicut
3364 4233 3539 4289 bono-

1888 4338 2020 4379 rum
2047 4328 2139 4379 est
2166 4322 2225 4379 in
2257 4322 2576 4395 Scripturis
2597 4322 2898 4377 attendere
2921 4321 3078 4377 unde
3098 4321 3156 4376 in
3177 4321 3390 4377 melius
3412 4337 3538 4394 pro-

1890 4411 2107 4480 ficiant,
2140 4412 2224 4471 sic
2256 4426 2662 4485 perversorum
2694 4414 2786 4466 est
2812 4409 2873 4464 in
2904 4409 3223 4482 Scripturis
3253 4410 3533 4483 accipere,

127 4500 309 4559 etiam
341 4499 593 4556 sollicita
619 4504 764 4570 erat,
796 4505 853 4557 et
881 4502 1249 4569 turbabatur,
1284 4519 1419 4558 cum
1450 4504 1674 4576 fugeret
1720 4503 1777 4557 in
1810 4528 1857 4593 Β
1890 4501 2044 4556 unde
2092 4500 2384 4572 nequitias
2433 4515 2594 4593 suas-
2618 4497 2706 4554 vel
2740 4497 3074 4593 defendant,
3107 4497 3215 4593 vel_
3235 4501 3533 4593 excusent,

126 4594 444 4665 Egyptum
477 4606 512 4645 a
540 4589 687 4645 facie
709 4589 952 4646 Herodis
974 4606 1149 4646 suum
1175 4590 1351 4647 talem
1374 4591 1559 4647 filium
1583 4606 1779 4664 perse-

129 4677 369 4753 quentia
394 4679 603 4746 (Matth.
630 4677 713 4750 ιι).
747 4678 1125 4734 Turbabatur
1173 4696 1308 4735 cum
1356 4680 1589 4736 Judmos
1636 4681 1780 4736 insi-

129 4767 383 4836 diantes,
420 4770 479 4823 et
532 4766 585 4822 ei
633 4771 881 4823 mortem
936 4767 1343 4825 machinantes
1409 4773 1771 4843 agnosceret.

127 4855 563 4929 Comprehensa
593 4871 827 4928 quoque
848 4860 908 4912 et
927 4855 1201 4913 crucifixo
1222 4858 1430 4924 adfuit,
1456 4858 1573 4914 imo
1603 4858 1781 4915 etiam

128 4944 324 5017 ipsius
344 4943 604 5000 animam
626 4944 781 5001 idem
799 4943 1030 5017 gladius
1046 4945 1339 5017 passionis
1356 4947 1784 5004 transverbera-

125 5032 217 5090 vit
235 5031 385 5105 (Luc.
408 5033 492 5105 ιι).
523 5031 687 5089 Unde
719 5037 776 5090 et
804 5033 950 5089 bene
994 5036 1261 5107 congruit
1309 5036 1464 5107 quod
1514 5036 1732 5092 dicitur
1762 5053 1777 5093 :

130 5121 386 5188 Martha,
419 5121 650 5188 Martha,
664 5123 905 5179 sollicita
932 5138 1006 5192 es,
1021 5131 1073 5179 et
1100 5124 1344 5179 turbaris
1363 5140 1499 5193 erga
1512 5126 1778 5196 plurima.

127 5209 315 5267 Nemo
344 5226 478 5267 vero
506 5210 742 5268 dubitat
768 5211 912 5284 quin
941 5211 1111 5267 beata
1151 5211 1336 5267 Maria
1376 5211 1549 5268 vellet
1596 5213 1782 5270 ﬁlium

127 5314 310 5358 suum
359 5300 431 5356 de
485 5299 648 5357 omni
707 5299 1086 5357 tribulatione
1141 5299 1398 5372 liberari,
1428 5304 1485 5357 et
1528 5302 1784 5375 seipsam

129 5388 193 5445 in
252 5388 588 5446 turbatione
636 5389 901 5462 adjuvari
949 5406 983 5445 a
1033 5388 1358 5455 divinitate,
1383 5407 1560 5463 quam
1593 5391 1783 5448 eidem

128 5476 254 5534 ﬁlio
284 5495 392 5536 suo
424 5482 661 5537 noverat
690 5480 882 5536 inesse
912 5495 1015 5552 per
1043 5477 1322 5534 theoriam
1355 5496 1483 5550 quae
1515 5484 1605 5536 est
1647 5497 1786 5552 pars

130 5565 350 5626 Maria.
383 5567 453 5626 Et
481 5572 572 5628 est
600 5570 759 5643 quod
788 5566 1167 5641 conqueritur
1197 5567 1446 5636 Martha,
1467 5569 1622 5640 quod
1654 5585 1783 5626 eam

1888 4589 2136 4662 ideoque
2156 4589 2342 4645 multo
2372 4586 2675 4644 ardentius
2705 4587 3018 4642 attendunt
3064 4586 3218 4658 quod
3251 4586 3403 4641 facta
3450 4590 3540 4642 est

1890 4679 2186 4735 contentio
2216 4679 2366 4735 inter
2395 4676 2715 4750 discipulos
2744 4674 2976 4743 Christi,
2997 4675 3128 4747 quis
3148 4692 3350 4730 eorum
3380 4674 3536 4730 vide-

1890 4773 2052 4825 retur
2076 4785 2206 4825 esse
2237 4769 2631 4839 major,quam
2656 4765 2809 4838 quod
2835 4786 2863 4814 ‹‹
2888 4762 3285 4819 multituﬂinis
3306 4761 3541 4818 creden-

1891 4858 2039 4914 tium
2071 4862 2195 4914 erat
2223 4874 2321 4913 cor
2352 4873 2536 4911 unum
2568 4859 2625 4911 et
2655 4853 2853 4910 anima
2881 4869 3001 4908 una
3023 4853 3153 4922 (Act.
3192 4855 3326 4921 Iv).»
3356 4850 3539 4907 Multo

1891 4945 2155 5004 recolunt
2174 4945 2439 5003 tenacius
2464 4944 2617 5018 quod
2640 4944 2791 5000 facta
2806 4946 2894 4999 est
2909 4942 3201 4998 contentio
3220 4941 3373 4997 inter
3393 4940 3541 4997 Pau-

1889 5035 2011 5092 lum
2026 5041 2084 5092 et
2096 5034 2535 5101 Barnabam,ita
2553 5031 3072 5088 utdiscedcrentab
3088 5030 3541 5104 invicem,quam

1893 5126 2046 5197 quod
2080 5126 2232 5181 idem
2254 5122 2468 5180 Paulus
2498 5123 2640 5179 dicit
2664 5140 2676 5178 :
2704 5126 2892 5176 «Cum
2915 5123 2993 5177 sit
3022 5120 3173 5176 inter
3186 5137 3288 5176 vos
3308 5119 3469 5176 zelus
3485 5125 3543 5179 et

1893 5213 2205 5281 contentio,
2242 5229 2435 5270 nonne
2463 5211 2729 5267 carnales
2770 5211 2956 5267 estis?
2990 5232 3018 5261 ››
3051 5210 3099 5277 (ι
3120 5211 3238 5266 Cor.
3271 5212 3338 5280 1.)
3366 5208 3543 5275 Quasi

1894 5303 2064 5358 nobis
2088 5301 2401 5357 infirmitas
2429 5304 2766 5356 sanctorum
2788 5302 3162 5372 praeponatur
3181 5299 3468 5355 imitanda
3488 5301 3546 5354 et

1894 5408 2009 5448 non
2034 5390 2180 5446 illud
2205 5388 2420 5463 potius,
2438 5388 2577 5461 quia
2598 5412 2626 5437 «
2652 5386 3076 5444 convaluerunt
3092 5387 3163 5443 de
3184 5385 3545 5452 infirmitate,

1895 5480 2073 5537 fortes
2106 5478 2241 5534 facti
2272 5482 2413 5533 sunt
2442 5476 2501 5532 in
2535 5475 2687 5531 bello
2721 5475 3019 5548 (chmx).
3043 5496 3070 5525 ››
3093 5475 3217 5530 Non
3241 5476 3399 5530 enim
3417 5490 3549 5545 pro-

1899 5569 2134 5645 ponitur
2163 5566 2332 5623 nobis
2353 5565 2644 5624 contentio
2664 5561 2757 5619 vel
2777 5563 3100 5624 inﬁrmitas
3122 5567 3457 5621 sanctorum
3477 5560 3551 5616 ad
