4002 6078
491 315 643 384 “31

1758 321 2162 388 BADULPHI
2204 323 2596 388 ARDENTIS
2609 370 2622 385 .

3721 334 3846 400 “82

490 451 868 524 imitandum,
901 452 1000 511 sed
1033 452 1228 528 potius
1257 455 1330 512 ad
1372 454 1714 512 cavendum.
1746 457 2015 512 Attamen
2063 456 2134 512 de
2164 459 2219 526 Α
2244 453 2510 524 interius,
2528 456 2836 514 attendens
2865 473 2928 515 se
2956 474 3092 515 cum
3122 459 3312 534 major
3331 458 3409 518 sit
3428 461 3608 534 gradu
3627 467 3680 521 et
3697 466 3846 524 scien-
3914 493 3915 502 ι

491 560 609 616 qua
635 542 972 616 praelatione
1002 546 1435 613 contenderent,
1470 545 1718 601 dubium
1745 550 1853 602 est.
1891 546 1948 602 Si
1979 545 2137 602 enim

491 632 564 688 de
592 632 861 689 exteriorl
891 632 1222 705 praelatione
1252 633 1698 705 contendebant,
1725 638 1956 690 constat
1975 635 2134 706 quia,

491 724 773 794 tanquam
802 721 1067 777 carnales
1097 721 1307 788 adhuc,
1343 722 1634 778 errabant.
1667 722 1830 779 Unde
1871 727 1928 780 et
1967 740 2001 779 a
2032 724 2137 780 Do-

491 810 651 866 mino
680 811 1106 884 redarguuntur
1160 809 1385 866 dicente
1418 828 1430 866 :
1465 814 1630 880 Reges
1677 815 1923 882 gentium
1969 813 2139 869 domi-

491 909 703 956 nantur
728 907 998 965 eorum,et
1019 901 1118 970 qui
1140 907 1451 971 potestatem
1471 901 1669 956 habent
1693 918 1858 974 super
1875 918 1962 958 eos
1986 905 2138 959 bene-

490 989 586 1062 ﬁci
613 995 891 1044 vocantur.
928 989 1022 1044 Vos
1050 997 1230 1044 autem
1251 1005 1361 1045 non
1388 992 1488 1045 sic.
1511 991 1590 1045 Ac
1625 990 1672 1045 si
1712 991 1930 1047 diceret
1963 1008 1975 1047 :
2009 992 2132 1047 Non

491 1093 652 1134 more
681 1076 1049 1133 saecularium
1082 1078 1152 1133 de
1183 1077 1514 1150 praelatione
1545 1083 1601 1134 et
1629 1079 1800 1134 laude
1829 1081 2136 1136 contenda-

489 1165 660 1224 tis.Si
683 1171 878 1223 autem
908 1167 1086 1239 (quod
1120 1166 1308 1239 magis
1337 1169 1531 1237 credo)
1561 1168 1633 1224 de
1662 1168 1994 1240 prmlatione
2023 1169 2135 1224 vir-

486 1256 632 1314 tutis
662 1256 1108 1318 contendebant,
1120 1257 1290 1326 juxta
1317 1257 1472 1328 quod
1506 1257 1786 1314 Dominus
1817 1257 1900 1314 eis
1929 1275 2136 1331 praece-

488 1350 656 1420 perat
684 1363 696 1401 :
732 1368 760 1396 «
793 1345 1134 1401 Contendite
1163 1345 1379 1400 intrare
1410 1362 1514 1418 per
1542 1351 1854 1420 angustam
1903 1352 2132 1420 portam

489 1437 695 1508 (Matth.
726 1453 832 1503 vn;
866 1436 992 1490 Luc.
1025 1437 1170 1502 xm),
1207 1457 1234 1484 »
1269 1451 1636 1507 nequaquam
1669 1434 1728 1490 in
1780 1435 1889 1492 hoc
1937 1454 2134 1510 pecca-

487 1525 650 1592 bant,
668 1541 772 1581 nec
793 1525 862 1580 de
890 1523 999 1579 hoc
1028 1541 1062 1579 a
1083 1524 1328 1580 Domino
1353 1525 1915 1597 redarguuntur,sed
1939 1528 2132 1598 potius

488 1614 562 1672 ab
593 1631 659 1671 eo
689 1613 1219 1685 erudiuntur,quod
1253 1614 1324 1670 de
1347 1613 1560 1668 virtute
1592 1619 1648 1670 et
1678 1616 1985 1672 sanctitate
2001 1634 2134 1674 con-

487 1705 725 1762 tendere
756 1704 986 1772 debent,
1010 1721 1125 1759 non
1157 1720 1261 1776 per
1287 1703 1619 1772 elationem,
1646 1705 1746 1760 sed
1781 1722 1883 1778 per
1899 1706 2133 1762 humili-

487 1797 688 1850 tatem.
725 1793 897 1849 Porro
927 1791 1172 1892 insitum
1205 1795 1294 1898 est
1323 1791 1510 1898 nobis,
1547 1792 1753 1849 fratres
1796 1793 1910 1893 mei
1959 1799 2130 1895 natu-
2164 1832 2209 1898 Β

489 1882 686 1940 raliter
717 1880 1124 1953 concupiscere
1171 1883 1228 1936 et
1278 1879 1520 1936 ambire.
1555 1885 1695 1936 Cum
1739 1881 1896 1938 enim
1938 1884 2132 1940 omnis

488 1972 690 2029 anima
715 1974 907 2028 creata
935 1969 1012 2026 sit
1042 1987 1076 2025 a
1105 1969 1221 2025 Deo
1253 1969 1747 2042 concupiscibilis,
1789 1972 2134 2028 naturaliter

488 2060 852 2134 concupiscit
887 2059 1211 2131 profectum
1241 2063 1297 2114 et
1343 2058 1622 2115 honorem
1674 2077 1870 2117 suum.
1903 2063 2014 2119 Sed
2072 2063 2130 2118 in

485 2151 765 2210 electione
809 2147 1428 2220 concupiscendorum,
1463 2147 1748 2204 falluntur
1802 2151 2132 2219 saeculares,

487 2245 587 2314 qui
621 2237 952 2312 spiritualia
980 2241 1037 2293 et
1066 2241 1280 2292 aeterna
1318 2237 1471 2292 bona
1516 2236 1605 2292 vel
1655 2236 2012 2310 ignorantes,
2043 2239 2132 2296 vel

485 2325 1010 2401 negligentes,sola
1039 2323 1376 2380 transitoria
1405 2325 1968 2399 mirantur,cupiunt
1987 2333 2044 2383 et
2066 2345 2134 2384 ea

485 2429 836 2490 quocunque
865 2413 1037 2468 modo
1068 2429 1268 2484 rapere
1297 2414 1676 2470 contendunt.
1709 2416 1780 2470 At
1806 2415 1912 2470 viri
1954 2416 2133 2488 spiri-

481 2504 693 2571 tuales,
726 2501 1056 2576 spiritualia
1086 2501 1238 2557 bona
1259 2503 1386 2573 jam
1418 2502 1890 2574 degustantes,et
1919 2509 2134 2560 aeterna

482 2593 935 2668 praaodorantes,
961 2589 1062 2646 illa
1090 2588 1234 2657 sola,
1267 2591 1618 2664 contemptis
1651 2591 1867 2648 divitiis
1897 2593 2133 2650 saecula-

481 2683 647 2740 ribus
677 2686 736 2737 et
763 2680 1108 2747 honoribus,
1136 2679 1406 2736 ambiunt
1435 2683 1492 2736 et
1521 2685 1822 2753 appetunt.
1847 2682 1958 2738 Sed
1992 2682 2132 2756 quia

481 2775 698 2829 norunt
754 2770 1077 2844 profectum
1119 2769 1401 2825 virtutum
1456 2769 1582 2826 sine
1621 2769 1952 2827 humilitate
2003 2789 2131 2829 esse

480 2858 954 2934 praecipitiumﬁn
972 2857 1286 2913 virtutibus
1313 2874 1415 2930 per
1434 2857 1826 2914 humilitatem
1849 2861 2128 2932 proﬁcere

481 2949 859 3007 contendunt.
894 2947 1041 3016 Quia
1067 2946 1269 3020 igitur,
1291 2947 1498 3003 fratres
1527 2947 1795 3015 mei,non
1828 2950 2131 3022 concupis-

481 3055 609 3097 cere
629 3055 745 3094 non
768 3053 1104 3110 possumus,
1122 3053 1255 3092 vera
1277 3040 1334 3092 et
1352 3041 1566 3092 mterna
1586 3035 1738 3092 bona
1758 3038 2133 3111 concupisca-

482 3144 636 3184 mus.
671 3129 896 3194 Quanto
928 3125 1116 3199 magis
1141 3125 1295 3182 enim
1328 3125 1852 3184 desideraverimus
1891 3131 2124 3199 aeterna,

479 3220 642 3274 tanto
674 3215 862 3289 magis
890 3215 1173 3270 vilescunt
1203 3213 1372 3270 nobis
1400 3217 1648 3271 terrena.

551 3305 827 3378 Sequitur
847 3321 982 3377 pars
1004 3302 1346 3369 secunda,in
1370 3320 1487 3376 qua
1499 3305 1782 3360 Dominus
1803 3305 2124 3379 discipulos

478 3396 548 3452 de
579 3413 694 3468 quo
716 3412 830 3452 non
857 3393 1231 3461 debeant,vel
1263 3393 1514 3448 debeant
1545 3395 1912 3464 contendere,
1941 3396 2120 3452 infor-

475 3489 616 3540 mat.
641 3489 816 3540 Porro
849 3485 918 3540 de
939 3501 1053 3556 quo
1085 3500 1198 3538 non
1230 3482 1483 3538 debeant
1514 3484 1996 3551 contendere,eos
2026 3485 2115 3541 in-

471 3573 704 3641 format,
731 3590 864 3628 cum
897 3571 1132 3628 subdit:
1169 3573 1330 3641 Reges
1359 3573 1605 3642 gentium
1632 3571 1988 3629 dominantur
2031 3592 2118 3631 eo-

466 3678 612 3731 rum,
643 3669 694 3718 et
721 3663 820 3734 qui
845 3668 1155 3733 potestatem
1181 3661 1379 3716 habent
1416 3677 1580 3732 super
1610 3662 1736 3717 illos
1776 3664 2000 3734 beneﬁci
2027 3680 2116 3720 vo-

461 3759 677 3808 cantur.
710 3752 788 3806 Ac
817 3749 867 3806 si
899 3753 1095 3822 aperte
1127 3749 1284 3804 dicat
1317 3765 1328 3804 :
1365 3747 1453 3803 Illi
1481 3765 1584 3822 per
1613 3750 1994 3807 ambitionem
2019 3770 2114 3808 ra-

461 3839 634 3913 piunt
671 3839 784 3895 sibi
830 3854 1100 3912 regnum,
1133 3836 1218 3892 vel
1271 3841 1615 3909 potestatem
1665 3855 1843 3911 super
1889 3845 2112 3913 gentes.

460 3929 742 3986 Exercent
771 3944 948 4000 super
977 3943 1074 3982 eas
1107 3942 1222 3981 non
1253 3926 1536 3999 regimen,
1567 3927 1667 3982 sed
1706 3928 1894 3999 magis
1925 3930 2114 3984 domi-

463 4017 762 4074 nationem
796 4033 898 4089 per
927 4014 1288 4087 superbiam,
1305 4021 1362 4070 et
1383 4020 1583 4070 amant
1602 4017 1673 4072 ab
1690 4017 1775 4072 eis
1807 4015 2032 4073 laudari
2059 4024 2116 4075 et

463 4105 736 4162 honorari
766 4121 870 4177 per
913 4104 1150 4160 inanem
1203 4102 1468 4176 gloriam.
1504 4105 1598 4161 Vos
1637 4113 1819 4160 autem
1863 4123 1980 4162 non
2009 4109 2110 4179 sic,

462 4194 524 4252 id
541 4198 649 4263 est,
683 4211 796 4250 non
820 4193 1092 4250 ambietis
1113 4192 1528 4266 praelationem.
1553 4194 1620 4249 Et
1643 4193 1690 4248 si
1709 4195 1780 4249 ad
1810 4211 1938 4251 eam
1989 4196 2112 4252 fue-

463 4282 592 4340 ritis
618 4283 826 4350 vocati,
845 4300 961 4338 non
994 4282 1267 4338 amabitis
1297 4282 1584 4338 dominari
1617 4286 1675 4338 et
1705 4283 1975 4340 honorari
1987 4286 2110 4352 ,sed

461 4371 657 4446 potius
688 4371 1010 4438 humiliari,
1045 4370 1307 4428 laborare
1338 4375 1395 4426 et
1442 4371 1794 4427 ministrare.
1849 4373 2011 4430 Unde
2055 4380 2112 4431 et

460 4462 666 4518 Petrus
696 4477 709 4516 :
748 4483 776 4512 ‹‹
807 4461 1025 4533 Neque,
1061 4460 1274 4531 inquit.
1303 4464 1369 4514 ut
1413 4459 1782 4516 dominantes
1827 4461 1886 4516 in
1933 4461 2108 4529 clero,

459 4551 560 4606 sed
595 4550 782 4606 forma
813 4550 946 4606 facti
979 4548 1171 4623 gregis
1205 4565 1273 4604 ex
1311 4548 1507 4638 animo
1539 4550 1586 4616 (Ι
1611 4551 1756 4605 Petr.
1789 4549 1868 4623 v).
1904 4573 1932 4599 ››
1965 4555 2106 4606 Cum
2141 4573 2184 4638 Ι)

457 4639 613 4694 enim
645 4655 848 4695 omnes
880 4638 1148 4694 homines
1180 4636 1430 4710 aequales
1461 4639 1638 4693 creati
1670 4638 1806 4708 sint,
1833 4640 2106 4712 superbia

454 4732 546 4784 est
569 4745 745 4799 super
772 4728 1024 4800 aequales
1053 4727 1196 4783 velle
1227 4727 1660 4782 dominari.Sed
1693 4727 1833 4799 quia
1864 4728 2102 4800 quidem

452 4815 722 4874 homines
752 4833 786 4872 a
815 4817 1040 4872 ratione
1071 4816 1684 4888 deviantes,peccando
1708 4816 1856 4872 ﬁunt
1876 4818 2100 4874 anima-

453 4903 810 4973 les,necesse
841 4910 930 4962 est
957 4910 1022 4960 ut
1051 4903 1362 4961 rationales
1392 4908 1448 4960 et
1476 4903 1810 4976 spirituales
1832 4906 2100 4964 homines

451 4993 536 5051 eis
567 4994 924 5068 corrigendis
955 4998 1012 5050 et
1041 4993 1309 5067 regendis
1339 4993 1750 5066 przeﬁeiantur,
1783 5000 1841 5050 et
1885 4996 1943 5050 in
1989 4995 2098 5052 hoc

451 5100 569 5140 non
599 5082 963 5144 hominibus.
996 5084 1095 5138 sed
1129 5083 1438 5138 animabus
1487 5082 1882 5138 dominentur.
1921 5085 2098 5140 Debet

448 5169 628 5244 igitur
648 5170 923 5243 praelatus
945 5187 1005 5226 se
1022 5170 1290 5226 exhibere
1303 5175 1359 5226 et
1371 5170 1829 5243 bonistanquam
1846 5173 2091 5242 socium,

448 5264 505 5318 et
535 5260 821 5332 perversis
845 5265 1122 5332 tanquam
1157 5259 1484 5323 dominum,
1520 5259 1601 5314 ita
1630 5264 1824 5316 tamen
1856 5263 2009 5334 quod
2033 5263 2090 5318 in

445 5348 593 5422 ipsis
625 5348 911 5421 perversis
944 5349 1089 5404 sciat
1119 5348 1434 5420 prudenter
1466 5349 1733 5420 persequi
1767 5349 2092 5422 culpam,et

443 5438 635 5494 fovere
657 5441 954 5504 naturam,
988 5442 1052 5492 ut
1084 5454 1188 5492 nec
1211 5442 1445 5509 propter
1475 5438 1889 5494 correctionem
1919 5440 2091 5496 cadat

443 5527 516 5582 ab
547 5542 764 5592 amore,
798 5541 904 5581 nec
934 5531 1170 5598 propter
1199 5542 1478 5592 amorem,
1512 5543 1545 5580 a
1577 5527 1950 5583 correctione.
1977 5529 2086 5585 Sed

441 5615 616 5672 etiam
650 5615 844 5688 ipsum
877 5631 1052 5689 quem
1085 5614 1325 5688 corripit
1343 5613 1614 5681 exterius,
1647 5615 1757 5672 sibi
1792 5623 2090 5689 praeponat

2246 543 2328 600 tia
2358 543 2577 601 similia
2605 545 2692 602 vel
2725 546 2899 603 etiam
2930 549 3198 620 graviora
3227 550 3843 619 commisisse,velcom-

2247 632 2479 688 mittere
2511 652 2702 706 posse.
2718 637 2878 702 Quod
2903 641 3100 710 aperte
3126 643 3329 705 contra
3347 641 3629 712 quosdam
3651 649 3748 712 est,
3767 647 3842 718 qui

2245 737 2350 795 per
2377 723 2758 780 ambitionem
2790 742 2968 797 super
2997 725 3268 784 meliores
3297 734 3355 784 et
3375 731 3759 802 prudentiores
3775 753 3842 790 ra-

2245 810 2417 883 piunt
2442 812 2858 886 principatum,
2881 819 2940 870 et
2971 833 3086 871 non
3118 833 3363 890 regnum
3397 836 3573 892 super
3599 838 3698 878 nos
3723 840 3841 879 exer-

2245 904 2398 967 cent,
2434 901 2535 956 sed
2558 903 2949 974 tyrannidem,
2984 926 3012 955 «
3044 910 3310 963 amantes
3341 907 3562 980 primos
3590 912 3838 970 accubitus

2244 987 2304 1042 in
2335 989 2537 1054 omnis,
2569 995 2627 1046 et
2655 991 3039 1050 salutationes
3067 992 3129 1049 in
3161 994 3304 1062 foro,
3335 1000 3392 1051 et
3437 997 3625 1053 vocari
3668 1000 3732 1055 ab
3768 1000 3837 1056 ho-

2244 1077 2507 1134 minibus
2539 1079 2723 1135 Rabbi
2756 1085 2910 1149 (Luc.
2942 1083 3080 1154 xxv),
3116 1104 3144 1132 ››
3173 1083 3315 1140 vitia
3365 1088 3486 1140 tam
3531 1087 3590 1142 in
3620 1103 3676 1144 se
3701 1105 3834 1161 quam

2243 1165 2303 1220 in
2335 1167 2588 1223 subditis
2619 1168 3038 1238 nutrientes,et
3053 1171 3329 1244 spiritum
3351 1175 3836 1249 exstinguentes.De

2243 1255 2460 1327 quibus
2490 1273 2626 1312 vero
2672 1257 2947 1331 discipuli
2993 1259 3206 1316 Christi
3253 1261 3503 1318 debeant
3547 1267 3837 1322 contendere

2241 1345 2500 1400 ostendit
2527 1343 2673 1417 ipse,
2705 1363 2839 1403 cum
2873 1346 3014 1403 dicit
3047 1349 3186 1405 :Sed
3214 1352 3312 1421 qui
3340 1352 3522 1424 major
3547 1361 3835 1420 estvestrum,

2239 1433 2337 1504 ﬁat
2363 1435 2506 1490 sicut
2526 1435 2756 1506 junior;
2783 1445 2836 1492 et
2866 1439 2965 1508 qui
2989 1450 3290 1510 praecessor
3315 1449 3414 1506 est,
3435 1443 3581 1498 sicut
3608 1445 3837 1500 ministra-

2240 1527 2341 1577 tor.
2376 1524 2454 1578 Ac
2487 1522 2535 1578 si
2567 1528 2764 1596 aperte
2789 1524 2947 1581 dicat
2978 1541 2991 1580 :
3027 1526 3153 1582 Non
3183 1527 3549 1585 contendatis
3577 1530 3644 1585 de
3681 1530 3840 1603 prela-

2239 1609 2396 1666 tione
2424 1615 2481 1667 et
2499 1611 2780 1682 dominio,
2814 1615 2913 1669 sed
2946 1613 3140 1686 potius
3179 1615 3250 1671 de
3279 1614 3612 1674 humilitate
3635 1623 3689 1674 et
3713 1619 3840 1676 mini.

2239 1699 2436 1755 sterio.
2491 1701 2601 1769 Qui
2653 1703 2834 1774 major
2889 1711 2989 1770 est,
3020 1703 3233 1776 inquit,
3264 1714 3524 1774 vestrum,
3577 1707 3835 1765 subaudis.

2243 1787 2446 1844 merito
2476 1789 2783 1857 virtutum,
2814 1792 2915 1862 ﬁat
2954 1794 3096 1848 sicut
3133 1793 3352 1865 junior,
3383 1793 3444 1850 id
3497 1801 3587 1852 est
3625 1796 3838 1864 interior,

2240 1893 2356 1932 non
2388 1877 2625 1950 quidem
2659 1878 2782 1934 sola
2810 1897 2944 1936 voce
2975 1885 3032 1936 et
3052 1881 3446 1952 simulatione,
3463 1889 3533 1940 ut
3555 1884 3839 1958 hypocrita,

2241 1966 2342 2022 sed
2371 1967 2546 2022 etiam
2593 1985 2728 2024 vera
2779 1969 2872 2026 sui
2922 1970 3324 2029 mstimatione.
3363 1973 3527 2040 Quod
3575 1973 3677 2030 erit
3701 1975 3840 2030 siss-

2241 2054 2436 2127 ipsum
2467 2072 2596 2112 vere
2635 2074 3014 2131 cognoscens,
3047 2075 3280 2133 semper
3327 2060 3712 2131 inﬁrmitates,
3735 2063 3841 2120 vitia

2239 2148 2298 2200 et
2326 2149 2562 2216 peccata
2589 2163 2716 2213 sua,
2739 2146 2991 2204 aliorum
3022 2163 3155 2206 vero
3195 2149 3350 2206 bona
3393 2152 3727 2208 consideret.
3754 2153 3839 2207 llos

2239 2231 2395 2290 enim
2427 2251 2702 2307 pensans,
2735 2252 2848 2292 non
2876 2235 3068 2292 solum
3101 2237 3272 2293 bonis
3295 2238 3657 2310 quibuslibet
3697 2239 3841 2296 mino-

2241 2321 2404 2377 ribus
2423 2339 2540 2378 non
2573 2323 2812 2380 audebit
2842 2341 2904 2380 se
2925 2326 3214 2397 praeferre,
3241 2327 3344 2383 sed
3375 2343 3483 2384 nec
3511 2328 3678 2385 etiam
3697 2345 3840 2401 quan-

2239 2413 2600 2484 tumcunque
2623 2413 3047 2485 peccatoribus,
3066 2415 3398 2488 cogitando,
3414 2433 3479 2473 se
3511 2433 3675 2491 posse
3692 2434 3838 2484 ruere,

2240 2502 2298 2554 et
2328 2499 2458 2556 illos
2487 2516 2592 2573 per
2614 2501 3038 2574 penitentiam,
3061 2502 3240 2560 etiam
3258 2505 3328 2560 ad
3353 2521 3624 2563 summas
3641 2507 3840 2562 virtutes

2239 2589 2552 2646 ascendere
2581 2607 2771 2663 posse.
2797 2592 2938 2657 Quis
2968 2592 3125 2649 enim
3157 2593 3536 2652 considerans
3563 2596 3716 2652 Jude
3741 2611 3840 2667 apo-

2239 2677 2372 2733 stoli
2398 2678 2654 2747 ruinam,
2673 2684 2731 2735 et
2758 2680 3114 2754 Magdalenaa
3145 2684 3651 2754 restaurationem,
3675 2685 3842 2740 audeat

2238 2782 2322 2833 se,
2355 2772 2878 2842 quantumcunque
2906 2771 3161 2842 justum,
3196 2773 3464 2845 praeferre
3495 2772 3664 2830 alicui
3688 2789 3840 2846 quan-

2237 2859 2601 2930 tumcunque
2628 2859 2957 2930 peccatori?
2985 2861 3050 2916 Et
3079 2862 3179 2933 qui
3200 2876 3501 2933 praecessor
3543 2873 3638 2931 est,
3669 2861 3839 2935 inquit,

2236 2945 2420 3018 gradu
2472 2945 2848 3018 praelationis,
2878 2949 2975 3020 ﬁat
3016 2951 3162 3006 sicut
3202 2952 3574 3019 ministrator,
3605 2968 3708 3008 non
3745 2949 3840 3008 sola

2236 3033 2642 3102 similitudine,
2675 3037 2775 3092 sed
2809 3037 3068 3094 veritate.
3098 3037 3243 3094 Cum
3275 3039 3430 3096 enim
3459 3040 3756 3113 episcopus
3771 3056 3841 3096 su-

2236 3123 2651 3196 perintendens
2681 3125 2930 3192 dicatur,
2963 3131 3022 3182 et
3051 3126 3373 3198 intendere,
3405 3129 3664 3202 vigilare,
3691 3133 3841 3185 custo-

2153 3201 2195 3268 C
2234 3211 2689 3282 dire,timere,et
2717 3213 3035 3271 sollicitum
3065 3232 3195 3272 esse
3225 3233 3328 3289 pro
3359 3201 3635 3287 subditis,
3658 3217 3729 3273 sit
3751 3233 3841 3272 ma-

2231 3299 2322 3374 gis
2352 3300 2748 3359 ministrantis
2787 3320 2966 3375 quam
3015 3304 3379 3362 dominantis
3405 3306 3686 3376 ofﬁcium,
3719 3310 3840 3379 patet

2230 3391 2384 3462 quod
2417 3391 2676 3447 ofﬁcium
2705 3391 2962 3465 episcopi
2993 3397 3084 3450 est
3111 3394 3302 3468 magis
3329 3394 3664 3452 ministrare
3695 3408 3838 3468 quam

2230 3477 2574 3548 ministrari,
2607 3485 2664 3536 et
2691 3481 3002 3553 episcopus
3027 3483 3218 3556 magis
3247 3482 3524 3540 minister
3565 3485 3728 3540 debet
3751 3479 3836 3538 dici

2228 3584 2405 3640 quam
2419 3569 2838 3626 dominus.l:loc
2858 3575 3051 3627 autem
3073 3572 3282 3644 probat
3293 3571 3836 3644 persimilitudinem,

2227 3673 2362 3713 cum
2394 3659 2636 3714 subdit:
2667 3659 2806 3715 Nam
2850 3661 2974 3732 quis
3018 3661 3199 3733 major
3243 3669 3341 3732 est,
3366 3663 3541 3732 juxta
3582 3660 3836 3734 judicium

2227 3746 2448 3804 scilicet
2475 3747 2804 3821 seculi,qui
2821 3749 3088 3805 recumbit
3116 3767 3191 3805 an
3221 3752 3318 3822 qui
3343 3751 3666 3807 ministrat?
3689 3751 3839 3807 Nonas

2224 3838 2322 3909 qui
2347 3837 2653 3893 recumbit?
2674 3838 2850 3894 Porro
2879 3838 3138 3894 ofﬁcium
3172 3838 3426 3894 ministri
3471 3845 3568 3896 est
3614 3845 3724 3895 tam
3757 3851 3837 3910 pro

2224 3943 2286 3982 se
2317 3943 2494 3998 quam
2526 3944 2628 3998 pro
2655 3926 2785 3983 aliis
2817 3927 3135 3984 sollicitum
3167 3934 3276 3998 est,
3302 3929 3636 3986 necessaria
3658 3943 3837 4002 prepa-

2222 4031 2370 4083 rare,
2389 4019 2447 4071 et
2476 4016 2630 4088 quod
2661 4015 2976 4089 unicuique
3007 4018 3408 4074 necessarium
3439 4023 3535 4074 est
3562 4032 3835 4092 apponere.

2223 4103 2637 4161 Recumbentis
2664 4122 2796 4160 vero
2828 4109 2918 4160 est
2948 4123 3050 4178 pro
3081 4122 3144 4162 se
3176 4107 3300 4163 solo
3351 4105 3670 4164 sollicitum
3713 4120 3837 4168 esse,

2221 4193 2420 4248 sedere
2450 4197 2507 4248 et
2535 4193 2818 4266 appositis
2847 4195 2955 4250 uti.
2992 4195 3312 4268 Episcopus
3344 4212 3481 4269 ergo
3515 4200 3576 4253 et
3602 4193 3838 4252 sacerdos

2219 4285 2310 4337 est
2336 4281 2395 4336 in
2421 4281 2677 4338 Ecclesia
2704 4287 2986 4356 tanquam
3012 4285 3591 4353 minister,quoniam
3613 4301 3719 4340 non
3737 4289 3834 4337 tam

2221 4387 2324 4442 pro
2355 4387 2416 4426 se
2447 4387 2624 4443 quam
2653 4389 2757 4444 pro
2787 4371 2922 4429 aliis
2953 4371 3242 4430 sollicitus
3271 4377 3380 4442 est,
3395 4378 3453 4430 et
3481 4373 3749 4447 quoniam
3767 4385 3834 4426 sa-

2219 4465 2519 4515 cramenta
2547 4463 2603 4516 et
2633 4459 3063 4534 praedicationis
3092 4462 3270 4517 verba
3289 4461 3421 4518 aliis
3444 4461 3624 4518 habet
3649 4474 3833 4534 prepa-

2219 4564 2366 4616 rare,
2399 4553 2457 4604 et
2486 4549 2760 4622 quoniam
2799 4549 3118 4622 unicuique
3149 4550 3390 4606 verbum
3413 4548 3501 4606 vel
3534 4563 3832 4605 sacramen-

2214 4640 2340 4692 tum
2374 4639 2766 4694 necessarium
2797 4637 3302 4712 habetapponere.
3334 4637 3505 4696 Plebs
3537 4655 3666 4695 vero
3692 4635 3828 4692 estin

2213 4725 2471 4783 Ecclesia
2502 4727 2666 4800 quasi
2702 4727 3070 4796 recumbens,
3094 4727 3372 4801 quoniam
3409 4744 3512 4800 pro
3545 4744 3607 4784 se
3633 4730 3830 4782 tantum

2212 4815 2618 4888 unusquisque
2666 4814 2953 4872 sollicitus
3013 4820 3120 4885 est,
3154 4821 3214 4873 et
3271 4833 3386 4872 non
3435 4820 3554 4873 stat
3589 4813 3748 4888 quasi
3773 4810 3829 4867 ad

2209 4902 2431 4975 aliquid
2475 4904 2790 4976 agendum,
2827 4905 2927 4960 sed
2974 4921 3208 4978 semper
3235 4905 3404 4978 quasi
3437 4903 3749 4961 discumbit
3771 4899 3826 4955 ad

2209 4991 2588 5061 audiendum,
2621 4997 2676 5048 et
2731 4994 3059 5066 appositam
3117 4995 3563 5067 expositamque
3609 4989 3828 5061 suscipit

2205 5080 2699 5152 praedicationem.

2275 5169 2553 5243 Sequitur
2583 5188 2719 5243 pars
2739 5171 2927 5240 tertia,
2947 5171 3006 5228 in
3030 5188 3146 5245 qua
3167 5171 3451 5230 Dominus
3471 5168 3732 5242 exemplo
3745 5163 3826 5222 sui

2202 5258 2406 5315 invitat
2421 5259 2740 5333 discipulos
2753 5261 2822 5316 ad
2846 5261 3241 5318 humilitatem
3263 5265 3321 5319 et
3339 5262 3410 5318 ad
3431 5258 3822 5318 ministerium.

2201 5365 2334 5405 cum
2366 5349 2565 5406 subdit
2597 5367 2610 5404 :
2644 5351 2751 5422 Ego
2779 5358 2961 5406 autem
2986 5352 3043 5406 in
3073 5350 3252 5407 medio
3277 5358 3515 5408 vestrum
3534 5366 3675 5412 sum,
3701 5347 3825 5401 sicut

2198 5441 2298 5510 qui
2324 5440 2619 5494 ministrat.
2653 5440 2953 5505 Quomodo
2987 5439 3268 5496 Dominus
3300 5439 3560 5496 oiﬁcium
3593 5427 3820 5492 ministri

2197 5527 2440 5600 expleat,
2475 5528 2728 5583 ostendit
2759 5529 2884 5600 ipse
2913 5545 3048 5584 cum
3081 5546 3144 5585 se
3191 5529 3451 5584 ofﬁcium
3499 5521 3745 5599 pastoris
3775 5520 3820 5575 et

2197 5615 2406 5673 medici
2437 5616 2728 5672 facturum
2759 5617 3122 5675 demonstrat
3166 5634 3270 5690 per
3310 5615 3662 5707 Eaechielem
3705 5623 3818 5684 pro-
