4002 6078
212 274 374 347 “3’1

1334 276 1710 341 HOMILIE.
1741 307 1820 320 --
1854 273 1906 337 Ι.
1949 272 2057 337 DE
2095 268 2493 337 TEMPOHE.

3454 272 3611 341 1488

196 413 313 480 jur
343 427 358 467 :
392 409 528 468 Cum
573 416 754 468 autem
795 409 910 468 dies
938 419 1269 485 opportunus
1296 410 1598 468 accidisset.
1616 409 1720 466 Cui
1754 426 1856 482 Op-
1884 408 1941 474 Α
1971 408 2239 479 Baptistae
2268 408 2330 462 in
2357 407 2523 464 disco.
2558 407 2718 477 Ecce,
2753 407 2959 467 fratres
2987 407 3122 479 mei,
3148 408 3403 468 Herodes
3431 427 3499 468 ex
3527 412 3610 469 in.

210 502 523 575 portunus,
554 505 613 557 et
659 500 732 556 ad
779 501 921 574 quid
971 501 1375 574 opportunus?
1428 499 1737 556 llerodiadi
1786 500 1859 554 ad

213 589 601 647 occidendum
628 590 938 659 Joannem,
973 591 1129 663 quod
1181 594 1315 646 ante
1365 607 1479 646 non
1511 594 1758 662 poterat.
1792 591 1859 645 Et

212 678 392 735 etiam
440 679 554 752 ipsi
601 679 831 749 Herodi,
866 679 966 751 qui
1016 686 1152 735 tunc
1193 679 1304 736 sibi
1333 680 1492 735 visus
1523 683 1611 734 est
1631 680 1856 750 justam

211 767 429 824 habere
457 770 822 825 occasionem
854 769 1153 825 occidendi
1185 774 1474 835 sanctum,
1509 786 1683 841 quam
1726 773 1860 824 ante

213 874 331 913 non
361 857 633 914 habebat.
665 857 897 914 Herodes
924 859 1130 914 natalis
1157 860 1246 914 sui
1274 874 1487 915 caenam
1527 861 1678 929 fecit.
1713 858 1862 924 Quia

212 946 373 1003 enim
422 947 676 1003 Herodes
725 948 880 1003 diem
922 948 1134 1003 natalis
1181 947 1273 1003 sui
1313 949 1523 1019 agebat
1570 947 1856 1014 festivam,

210 1034 343 1092 ideo
370 1035 585 1091 meruit
613 1040 861 1093 mortem
891 1036 1105 1092 habere
1135 1037 1464 1110 lugubrem.
1500 1038 1561 1092 In
1591 1036 1682 1093 die
1702 1037 1858 1092 enim

212 1124 429 1181 natalis
459 1125 665 1192 nostri,
697 1125 904 1182 fratres
935 1126 1071 1194 mei,
1107 1126 1371 1183 festivare
1404 1144 1519 1181 non
1553 1127 1855 1195 debemus,

210 1214 315 1271 sed
347 1213 543 1286 potius
574 1213 792 1288 lugere,
827 1214 986 1288 quia,
1019 1216 1253 1287 quando
1284 1215 1343 1271 in
1376 1215 1532 1270 hunc
1567 1216 1857 1271 mundum

210 1300 528 1375 intramus,
562 1302 621 1359 in
670 1302 967 1360 miseriam
1019 1309 1075 1359 et
1123 1304 1357 1377 culpam
1398 1304 1683 1360 cedimus.
1718 1305 1859 1361 llinc

221 1395 314 1448 est
341 1392 497 1464 quod
528 1392 761 1464 quando
792 1392 968 1448 homo
998 1393 1281 1461 nascitur,
1315 1393 1514 1467 lugere
1544 1398 1755 1465 potest,
1789 1394 1863 1449 ri-

216 1480 355 1538 dere
384 1497 499 1538 non
531 1483 741 1553 potest.
774 1480 1011 1537 Obitum
1040 1498 1174 1538 vero
1206 1486 1542 1538 sanctorum
1582 1482 1862 1537 debemus

220 1568 919 1643 solemnizare,quoniam
953 1575 1091 1627 tunc
1122 1575 1341 1627 exuunt
1361 1570 1680 1638 miseriam,
1699 1575 1755 1627 et
1785 1571 1862 1626 vi-

216 1663 340 1716 tam
372 1658 667 1732 accipiunt
711 1659 1023 1732 gloriosam
1051 1664 1108 1716 et
1137 1665 1436 1716 zeternam.
1472 1661 1629 1718 Unde
1677 1665 1733 1716 et
1763 1678 1860 1715 co-

212 1764 348 1804 rum
378 1747 645 1849 natalitia
675 1750 1195 1849 nuncupamusbt
1215 1750 1432 1849 quibus
1457 1749 1588 1804 fecit
1609 1750 1861 1849 Herodes
1890 1784 1938 1849 Β

212 1852 441 1895 omnem
460 1836 489 1893 ‘2
518 1836 643 1893 Non
675 1837 1031 1911 pauperibus
1060 1842 1118 1894 et
1138 1838 1491 1909 hospitibus,
1526 1839 1623 1895 sed
1654 1837 1863 1909 princi-

216 1923 393 1999 pibus
439 1929 496 1981 et
540 1926 815 1994 tribunis,
848 1931 905 1983 et
937 1926 1145 2000 primis
1176 1926 1444 1995 Galilaeae,
1479 1931 1861 1983 contemnens

214 2013 563 2071 mandatum
609 2014 841 2072 Domini
890 2014 1183 2072 dicentis:
1220 2037 1249 2066 «
1293 2019 1437 2071 Cum
1490 2015 1629 2071 facis
1683 2033 1861 2087 pran-

214 2103 403 2170 dium,
432 2103 548 2159 noli
600 2120 803 2160 vocare
850 2103 1091 2172 amicos,
1126 2120 1318 2176 neque
1366 2104 1572 2160 fratres
1625 2109 1758 2160 tuos
1806 2109 1863 2160 et

214 2191 444 2262 divites,
476 2209 549 2249 ne
576 2192 723 2249 forte
754 2193 1062 2249 reinvitent
1090 2198 1242 2260 te,et
1273 2194 1371 2249 ﬁat
1400 2192 1502 2249 tibi
1535 2192 1860 2261 retributio,

215 2282 316 2339 sed
347 2297 490 2338 voca
518 2298 804 2354 pauperes
854 2287 913 2338 et
960 2281 1200 2347 debiles,
1234 2286 1293 2338 et
1321 2283 1528 2339 beatus
1558 2282 1693 2349 eris,
1728 2283 1864 2354 quia

214 2388 332 2429 non
355 2370 574 2428 habent
594 2371 748 2427 unde
775 2371 1104 2427 retribuant
1128 2370 1262 2440 tibi;
1288 2371 1644 2427 retribuetur
1663 2378 1862 2427 autem

213 2459 277 2517 in
326 2459 750 2516 resurrectione
785 2460 1086 2531 justorum
1134 2460 1283 2531 (Luc.
1316 2465 1455 2527 xxv).
1499 2463 1638 2517 Cum
1685 2468 1865 2516 autcm

216 2550 472 2606 intrasset
499 2546 634 2621 ﬁlia
663 2550 842 2621 ipsius
884 2548 1224 2616 Herodiadis,
1257 2558 1307 2604 et
1352 2550 1618 2619 saltassct,
1651 2558 1703 2605 ct
1739 2550 1863 2621 pla-

212 2638 394 2695 cuisse
459 2637 676 2703 Herodi,
743 2637 1020 2709 simulque
1084 2638 1564 2706 discumbentibas,
1624 2656 1725 2694 rec
1786 2641 1867 2693 ait

214 2727 423 2799 puellae
451 2742 465 2782 :
498 2727 624 2782 Pete
650 2743 686 2781 a
721 2743 808 2782 me
852 2726 995 2797 quod
1023 2728 1127 2793 vis,
1159 2735 1210 2781 ct
1260 2725 1397 2782 dabo
1441 2729 1563 2782 tibi.
1598 2728 1663 2782 Et
1703 2729 1864 2798 jura-

218 2816 297 2872 υἱι
327 2816 441 2881 illi,
471 2816 605 2888 quia
633 2814 913 2887 quidquid
925 2816 1170 2887 petieris,
1191 2816 1337 2870 dabo
1368 2816 1490 2871 tibi.
1527 2817 1668 2871 Licet
1699 2816 1866 2871 dimi-

223 2904 380 2961 dium
410 2906 569 2973 regni
607 2906 736 2960 mei.
772 2904 912 2960 Ecce
938 2908 1080 2976 quot
1109 2903 1263 2958 mala
1292 2904 1639 2976 proveniunt
1669 2923 1737 2960 ex
1783 2905 1869 2960 in-

222 2991 437 3068 gluvie.
453 2992 620 3060 Quia,
638 3010 773 3049 cum
798 2993 1047 3048 llerodes
1069 2992 1377 3064 superfluae
1400 2997 1449 3047 el
1483 2993 1871 3065 frequentiin-

220 3084 422 3139 tentus
450 3086 604 3139 esset
632 3081 1064 3150 comessationi,
1091 3080 1297 3137 cecidit
1319 3081 1379 3136 in
1401 3098 1661 3139 amorem
1688 3100 1869 3139 mere-

1968 495 2352 568 temperantia
2399 496 2672 569 ingluvici
2720 503 2778 552 et
2819 498 3059 554 luxuriae
3096 500 3166 555 ad
3207 505 3484 573 quantam
3516 519 3609 558 ve-

1968 585 2054 641 nit
2083 586 2400 641 crecitatem
2435 587 2667 655 mentis,
2704 592 2768 643 ut
2798 588 2996 644 mallet
3025 589 3286 646 occidere
3324 594 3445 646 tam
3476 607 3611 646 san-

1968 681 2127 731 ctum
2160 675 2370 742 virum,
2405 693 2583 748 quam
2630 678 3006 733 temerarium
3059 681 3611 753 mutarejuramen-

1966 769 2115 829 tum,
2136 764 2331 820 mallet
2363 765 2543 821 Deum
2567 770 2624 821 et
2645 766 2913 822 homines
2936 768 3224 823 offendere
3246 786 3422 841 quam
3448 769 3612 826 adul-

1968 858 2153 909 teram
2203 859 2260 909 et
2303 855 2658 909 saltatricem
2714 856 3068 924 contristari,
3103 858 3304 914 mallet
3333 875 3613 930 apparere

1969 943 2188 1015 impius
2220 960 2395 1015 quam
2425 944 2801 1016 vaniloquus,
2839 945 3035 1002 mallet
3065 963 3241 1001 suum
3274 947 3527 1004 natalem
3558 952 3616 1005 et

1969 1048 2193 1088 coenam
2248 1039 2368 1087 tam
2418 1033 2760 1102 solemnem,
2799 1038 2854 1089 et
2885 1038 2967 1090 tot
2993 1035 3323 1109 principum
3358 1054 3614 1109 praesen-

1970 1121 2113 1177 tiam
2159 1122 2479 1195 sanguineo
2527 1124 2714 1194 capite
2759 1122 2933 1179 occisi
2978 1124 3235 1182 hominis
3298 1127 3614 1196 maculare,

1972 1227 2147 1282 quam
2197 1210 2470 1266 adultera}
2518 1215 2639 1266 tam
2693 1212 3039 1283 sacrilegam
3070 1214 3407 1285 petitionem
3441 1217 3617 1274 dene-

1970 1315 2127 1372 gare.
2163 1298 2352 1371 Impii,
2388 1316 2637 1371 quorum
2669 1300 2870 1356 nullus
2902 1301 3172 1359 inventus
3204 1308 3290 1360 est
3320 1304 3423 1376 qui
3442 1310 3619 1362 teme—

1971 1388 2186 1444 rariam
2218 1389 2371 1461 regis
2403 1389 2851 1461 promissionem
2883 1395 2941 1445 et
2955 1392 3364 1462 juramentum
3399 1394 3617 1452 seniori

1971 1477 2213 1533 consilio
2270 1482 2533 1535 moneret
2578 1495 2705 1535 esse
2769 1482 3248 1553 permutandum,
3296 1485 3616 1556 praesertim

1971 1583 2105 1622 cum
2135 1567 2401 1622 viderent
2431 1584 2565 1623 eum
2590 1568 3000 1624 contristatum
3032 1586 3159 1626 esse
3191 1576 3428 1645 propter
3448 1573 3618 1644 jura-

1970 1659 2258 1726 mentum,
2284 1655 2396 1712 nisi
2431 1656 2575 1712 forte
2605 1657 3017 1714 intellexerunt
3036 1660 3340 1717 tristitiam
3374 1662 3526 1735 regis
3558 1663 3620 1719 li-

1971 1750 2124 1800 ctam
2155 1763 2305 1815 esse,
2336 1750 2392 1801 et
2430 1762 2563 1801 eum
2610 1747 2722 1801 sub
2752 1746 2853 1801 tali
2886 1748 3257 1805 excusatione
3302 1750 3618 1809 voluntatis

1970 1852 2087 1890 suae
2136 1833 2532 1907 impletionem
2583 1836 3010 1908 praestruxisse.
3072 1838 3213 1895 Ecce
3261 1839 3514 1897 Herodes
3561 1845 3620 1898 et

1971 1923 2269 1987 Ilerodias,
2304 1928 2538 1980 ruentes
2568 1925 2641 1980 de
2670 1924 2927 1997 ingluvie
2957 1926 3015 1981 in
3051 1926 3424 1997 adulterium,
3458 1933 3517 1986 et
3547 1931 3619 1986 de

1971 2012 2254 2067 adulterio
2285 2012 2343 2066 in
2377 2013 2589 2068 mentis
2614 2013 2950 2082 caecitatem,
2971 2016 3041 2071 de
3071 2017 3324 2073 caecitate
3355 2017 3415 2073 in
3436 2018 3621 2075 homi-

1971 2100 2190 2156 cidium
2223 2101 2585 2173 patriarchae,
2618 2108 2675 2157 et
2707 2104 2943 2159 demum
2966 2104 3025 2159 in
3058 2110 3331 2162 aeternam
3350 2108 3618 2182 praecipi-

1969 2193 2171 2245 tantur
2210 2191 2669 2246 damnationem.
2724 2194 2939 2257 Quarto
3002 2211 3134 2250 vero
3186 2195 3621 2254 demonstratur

1972 2279 2263 2349 quomodo
2312 2280 2450 2334 boni
2498 2280 2803 2351 proficiant
2849 2281 2919 2336 de
2972 2281 3123 2337 bono
3168 2282 3228 2339 in
3276 2284 3488 2341 melius
3519 2303 3623 2359 per

1971 2366 2257 2422 Joannem
2290 2368 2632 2439 Baptistam.
2658 2370 2785 2434 Qui,
2806 2374 2870 2424 ut
2896 2375 3405 2441 praamonstratum
3427 2378 3534 2443 est,
3550 2375 3621 2431 de

1972 2457 2124 2512 bono
2156 2456 2477 2523 charitatis,
2513 2458 2757 2528 profecit
2787 2458 2846 2513 in
2875 2459 3024 2514 bono
3055 2459 3486 2532 praedicationis
3510 2480 3524 2532 ;
3551 2464 3621 2527 de

1974 2545 2124 2601 bono
2163 2543 2622 2617 'prazdicationis,
2658 2546 2715 2601 in
2768 2546 3137 2620 triumphum
3191 2550 3499 2623 martyrii;
3550 2553 3621 2609 de

1974 2634 2273 2706 triumpho
2296 2635 2578 2708 martyrii,
2611 2635 2669 2690 in
2694 2640 2969 2692 aeternam
3001 2638 3623 2712 beatitudinem,juxta

1977 2723 2131 2794 quod
2182 2722 2398 2795 legitur
2442 2724 2501 2778 in
2549 2724 2895 2797 Apocalypsi
2930 2742 2943 2781 :
2975 2725 3213 2783 Justum
3247 2733 3335 2784 est
3363 2733 3427 2784 ut
3456 2752 3485 2780 ‹‹
3519 2731 3621 2803 qui

1977 2815 2217 2867 sanctus
2264 2816 2371 2879 est,
2419 2812 2817 2868 sanctiﬁcetur
2867 2814 3059 2870 adhuc
3110 2816 3289 2888 (Apoc.
3330 2834 3466 2873 xxa.
3500 2840 3527 2869 »
3552 2819 3623 2875 Et

1978 2900 2287 2956 Psalmista
2319 2917 2331 2956 :
2366 2924 2393 2951 «
2420 2902 2630 2957 Beatus
2660 2902 2764 2968 vir,
2791 2903 2960 2973 cujus
2981 2907 3069 2959 est
3100 2905 3383 2960 auxilium
3415 2907 3520 2963 abs
3541 2910 3618 2975 te,

1979 2990 2350 3045 escensiones
2401 2989 2459 3044 in
2509 2990 2680 3046 corde
2713 3008 2819 3046 suo
2850 2992 3143 3063 disposuit
3172 2993 3230 3048 in
3261 2994 3408 3049 valle
3436 2994 3621 3069 lacry-

1978 3095 2233 3145 marum,
2269 3077 2327 3132 in
2362 3078 2482 3133 loco
2515 3096 2690 3150 quem
2740 3078 2953 3150 posuit.
2988 3080 3213 3136 Etenim
3266 3082 3620 3140 benedictio-

221 3172 461 3229 tricum.
495 3170 659 3228 Sicut
705 3171 863 3227 enim
919 3170 1198 3244 genitalia
1244 3171 1501 3243 pendent
1547 3189 1617 3227 ex
1646 3178 1861 3240 ventre,
1899 3154 1940 3220 C
1979 3182 2113 3222 nem
2145 3167 2308 3222 dabit
2337 3165 2655 3239 legislator,
2673 3190 2699 3217 ‹‹
2725 3167 2895 3223 ibunt
2915 3169 2984 3224 de
3000 3168 3211 3226 virtute
3232 3170 3289 3225 in
3321 3171 3617 3241 virtutem,

220 3260 305 3317 ita
333 3259 570 3316 luxuria
596 3277 666 3317 ex
695 3259 1054 3335 ingluvie.Et
1074 3275 1178 3332 pro
1207 3259 1409 3315 ordine
1440 3260 1861 3331 membrorum,

222 3352 314 3405 est
341 3348 483 3405 ordo
513 3347 809 3405 vitiorum.
842 3346 1006 3403 Unde
1052 3344 1265 3419 legitur
1311 3346 1465 3419 quod
1502 3347 1866 3403 abundantia

220 3435 392 3509 panis
422 3435 532 3493 fuit
557 3452 735 3492 causa
764 3433 1081 3491 Sodomitis
1110 3433 1515 3507 ignominiosa:
1540 3422 1867 3511 fornicatio-

218 3525 315 3582 nis
344 3524 555 3595 (Ezech.
586 3525 724 3598 xw).
758 3525 984 3581 Rursus
1014 3523 1154 3596 quia
1182 3523 1445 3578 intentus
1483 3528 1607 3579 erat
1656 3542 1866 3597 super»

220 3615 352 3672 ﬂuaa
381 3618 441 3670 et
464 3613 754 3688 frequenti
786 3611 1222 3681 comessationi,
1255 3612 1463 3667 cecidit
1494 3612 1553 3668 in
1604 3631 1863 3669 amorem

219 3702 520 3774 saltatritn,
552 3703 893 3771 mimorum,
924 3706 983 3758 et
1018 3700 1396 3758 scurrillium.
1434 3700 1727 3774 Scriptum
1777 3708 1867 3758 est

219 3792 378 3850 enim
411 3808 425 3847 :
460 3816 486 3842 ιι
522 3791 683 3849 Sedit
730 3790 983 3864 populus
1031 3790 1386 3846 manducare
1433 3796 1492 3846 et
1538 3790 1755 3859 bibere,
1807 3796 1866 3849 et

218 3884 600 3939 surrexerunt
627 3879 829 3936 ludere
857 3878 1060 3949 (Exod.
1092 3881 1284 3947 χχχιι).
1321 3900 1349 3929 ››
1386 3878 1612 3957 Rursus
1660 3896 1727 3934 ex
1769 3896 1863 3935 ea-

218 3969 355 4029 dem
383 3986 563 4026 eausa
581 3967 789 4026 cecidit
810 3968 869 4024 in
891 3967 1389 4024 inconsideratam
1412 3968 1863 4039 promissionem

217 4062 277 4117 et
310 4058 693 4116 temerarium
730 4058 1166 4131 juramentum.
1205 4057 1267 4112 In
1338 4057 1863 4115 comessationibus

216 4146 377 4205 enim
408 4146 556 4203 solet
575 4147 877 4204 abundare
898 4145 1359 4218 multiloquium,
1379 4162 1448 4200 ex
1469 4162 1584 4217 quo
1603 4147 1866 4218 provenit

214 4234 649 4294 inconsiderata
676 4234 891 4292 locutio
922 4239 979 4291 et
1006 4234 1385 4290 temerarium
1409 4235 1815 4306 juramentum
1847 4254 1861 4305 ;

213 4324 632 4383 criminaenim
645 4322 1750 4381 criminibusvindicantur:undeJohan
1761 4341 1864 4381 nes

212 4411 273 4471 in
303 4412 930 4487 Apocalypsiﬂustum
962 4418 1054 4469 est
1087 4416 1149 4467 ut
1180 4434 1207 4463 ‹‹
1241 4411 1341 4484 qui
1371 4411 1431 4466 in
1464 4412 1737 4469 sordibus
1752 4417 1860 4481 est,

212 4502 516 4561 sordescat
543 4501 736 4558 adhuc
767 4502 947 4575 (Apoc.
980 4500 1138 4573 χχιι).
1174 4523 1203 4550 ››

206 4662 211 4667 ο
284 4590 609 4663 Sequitur:
644 4592 781 4661 Quae
823 4607 950 4647 cum
988 4592 1228 4654 exiissct,
1276 4590 1420 4646 dicit
1478 4593 1647 4646 matri
1689 4607 1858 4649 suae:

212 4678 358 4750 Quid
397 4683 628 4753 petam?
654 4681 723 4736 At
768 4680 871 4735 illa
911 4679 1057 4735 dicit
1083 4680 1138 4736 ei
1166 4697 1184 4733 :
1217 4677 1386 4750 Caput
1411 4680 1640 4735 Joannis
1671 4681 1860 4752 Bapti-

208 4775 332 4826 stat.
354 4767 499 4825 Ecce
548 4767 690 4841 quid
738 4766 1036 4825 crudelius
1072 4770 1161 4823 est
1207 4765 1527 4823 meretrice.
1564 4767 1859 4840 Scriptum

210 4860 302 4925 est
319 4856 517 4913 enim:
550 4880 571 4906 ι
605 4857 732 4913 Non
763 4861 854 4913 est
881 4860 1056 4929 caput
1086 4854 1336 4929 nequius
1369 4873 1545 4929 super
1572 4862 1746 4928 caput
1771 4874 1862 4913 co-

208 4944 392 5015 lubri,
423 4950 482 5003 et
511 4962 629 5003 non
677 4950 767 5002 est
813 4944 1039 5001 malitia
1067 4961 1246 5018 super
1276 4945 1561 5001 malitiam
1593 4946 1858 5002 mulieris

210 5035 400 5108 (Eccli.
432 5034 583 5108 xxv).
615 5058 644 5087 ιι
677 5036 748 5092 Et
775 5034 958 5092 oblita
987 5051 1160 5090 sexus
1191 5034 1304 5101 sui,
1329 5034 1512 5090 oblita
1539 5035 1781 5107 pudoris
1802 5040 1858 5092 et

208 5123 567 5196 reverentiae,
599 5123 660 5179 in
707 5128 829 5180 tam
874 5122 1123 5180 solemni
1152 5122 1433 5189 convivio,
1466 5127 1523 5178 et
1552 5139 1748 5179 coram
1774 5128 1861 5180 tot

206 5210 595 5286 principibus,
622 5211 901 5286 jugulum
934 5215 1052 5268 tam
1086 5210 1445 5267 sanctissimi
1494 5211 1768 5280 hominis,
1803 5218 1861 5269 et

205 5300 282 5358 ob
311 5304 436 5357 tam
466 5300 800 5375 pudendam
822 5316 1061 5357 causam
1084 5299 1379 5373 postulare
1402 5318 1517 5356 non
1543 5301 1854 5358 erubescit.

202 5391 273 5447 Et
288 5392 643 5448 contristatus
672 5398 773 5459 est,
805 5389 1015 5463 inquit,
1048 5407 1145 5447 rex
1177 5397 1399 5462 propter
1436 5390 1853 5462 jusjurandum,

200 5486 255 5538 et
268 5488 495 5553 propter
520 5481 691 5537 simul
717 5481 1116 5538 discumbentes
1143 5480 1325 5535 noluit
1353 5495 1473 5534 eam
1510 5479 1852 5547 contristari,

199 5569 295 5627 sed
322 5571 489 5628 misso
515 5571 873 5644 spiculatore,
900 5571 1165 5642 praecepit
1188 5569 1382 5640 aﬂcrri
1418 5576 1578 5639 caput
1623 5569 1858 5629 Joannis

1892 4523 1939 4588 D

1974 3255 2265 3310 videbitur
2318 3257 2465 3311 Deus
2516 3256 2759 3312 deorum
2810 3257 2869 3311 in
2915 3257 3053 3313 Sion
3096 3259 3270 3327 (Psal.
3306 3264 3555 3329 Lxxxul).
3586 3284 3615 3313 ››

1974 3343 2092 3400 Nos
2121 3344 2339 3417 itaque,
2373 3346 2578 3401 fratres
2612 3344 2745 3411 mei,
2779 3346 2958 3402 vitam
2992 3351 3049 3402 et
3077 3346 3361 3404 malitiam
3410 3362 3619 3422 pravo-

1974 3450 2104 3488 rum
2137 3434 2983 3501 detestantes,comessationes
3014 3440 3069 3491 et
3093 3436 3404 3495 ebrietates
3433 3439 3618 3512 fugia-

1974 3539 2128 3589 mus,
2162 3522 2533 3578 meretricum
2564 3528 2620 3578 et
2650 3523 3038 3589 saltatricum,
3071 3528 3126 3580 et
3156 3543 3493 3583 scurrarum
3525 3545 3619 3601 pe-

1975 3616 2121 3666 stem
2155 3611 2449 3683 fugiamus
2479 3617 2535 3666 et
2565 3613 2941 3676 evitemus,et
2971 3614 3029 3669 in
3063 3613 3295 3671 silentio
3325 3620 3382 3671 et
3400 3621 3617 3690 tempe-

1974 3699 2164 3754 rantia
2216 3701 2608 3766 eomedentes,
2642 3718 2867 3757 sacram
2920 3700 3230 3758 lectionem
3278 3704 3613 3775 audiamus,

1974 3787 2436 3861 multiloquium,
2452 3787 3619 3864 stultiloquiumettemerariajuramenta

1973 3894 2299 3934 caveamus.
2336 3878 2443 3933 Sed
2474 3881 2532 3933 et
2574 3877 2623 3934 si
2657 3878 2795 3951 quid
2828 3879 2971 3934 forte
3001 3880 3303 3937 temerarie
3334 3882 3617 3953 promise-

1974 3966 2160 4021 rimus
2207 3965 2293 4020 vel
2333 3967 2751 4036 juraverimus,
2799 3966 3010 4023 melius
3059 3972 3149 4024 est
3195 3968 3339 4024 illud
3390 3974 3619 4028 mutare

1974 4071 2151 4126 quam
2182 4055 2240 4109 in
2268 4055 2431 4126 pejus
2456 4055 2987 4111 corruere.Juravit
3008 4070 3238 4130 quoque
3268 4058 3446 4115 David
3461 4061 3617 4133 quod

1973 4144 2259 4199 occideret
2296 4143 2479 4198 Nabal
2509 4142 2778 4211 stultum,
2814 4145 2913 4201 sed
2949 4145 3019 4201 ad
3056 4146 3309 4218 primam
3341 4148 3618 4208 interces-

1974 4232 2196 4288 sionem
2226 4231 2455 4303 Abigail
2488 4232 2792 4304 prudentis
2820 4233 3070 4302 feminae,
3101 4237 3388 4292 revocavit
3418 4254 3617 4295 ensem

1970 4320 2028 4376 iu
2060 4322 2355 4394 vaginam,
2372 4337 2475 4376 nec
2497 4320 2715 4392 aliquid
2739 4321 2923 4394 culpae
2948 4322 3050 4378 tali
3074 4324 3329 4396 perjurio
3351 4343 3414 4382 se
3434 4326 3620 4385 doluit

1972 4411 2330 4466 contraxisse
2363 4412 2411 4475 (Ι
2432 4411 2560 4479 Reg.
2592 4410 2741 4482 xxv).
2773 4411 3019 4468 Joannis
3062 4429 3194 4468 vero
3243 4415 3617 4473 sanctitatem

1972 4498 2334 4565 aemulantes,
2370 4499 2666 4555 discamus
2714 4504 2771 4555 et
2816 4500 3147 4572 proximum
3191 4508 3455 4560 nostrum
3485 4522 3618 4563 vere

1973 4587 2234 4661 diligere,
2265 4588 2735 4660 delinquentium
2764 4589 2905 4643 vitia
2934 4588 3358 4663 corrigere,pro
3380 4593 3618 4665 justitia

1972 4694 2086 4732 non
2120 4677 2309 4733 solum
2342 4682 2559 4741 nostra,
2577 4678 2677 4732 sed
2693 4676 2867 4733 etiam
2887 4676 3068 4732 vitam
3092 4683 3354 4735 nostram
3378 4697 3612 4752 ponere,

1971 4765 2271 4821 mundana
2314 4770 2706 4835 contemnere,
2751 4766 2821 4821 ad
2870 4770 3147 4822 aeternam
3194 4767 3615 4827 beatitudinem

1967 4858 2089 4910 toto
2121 4854 2406 4910 desiderio
2438 4855 2731 4911 festinare.
2752 4856 2915 4921 Quod
2946 4855 3218 4928 precibus
3248 4857 3338 4913 sui
3371 4875 3614 4930 praecur-

1968 4942 2118 4998 soris
2148 4946 2207 4997 et
2237 4941 2501 5013 baptista:
2533 4943 2811 4998 concedat
2840 4944 3010 4999 nobis
3064 4944 3214 5000 Deus
3244 4948 3301 5000 et
3331 4945 3615 5004 Dominus

1967 5036 2165 5086 noster
2206 5031 2374 5086 Jesus
2425 5029 2711 5096 Christus,
2744 5030 2844 5104 qui
2893 5049 3026 5088 cum
3078 5037 3247 5089 Patre
3287 5038 3344 5090 et
3392 5033 3613 5108 Spiritu

1968 5124 2170 5176 sancto
2200 5119 2339 5174 vivit
2368 5122 2424 5173 et
2454 5124 2657 5192 regnat
2686 5120 2841 5176 Deus
2872 5138 2975 5194 per
3004 5122 3203 5178 omnia
3245 5123 3458 5179 sazcula
3506 5142 3613 5181 sae-

1968 5208 2255 5265 culorum.
2286 5209 2491 5263 Amen.

1966 5328 2039 5381 Dc
2076 5325 2364 5380 collatione
2392 5326 2595 5380 sanctis
2630 5326 2863 5451 ἱἕθατῖηἰδ
2894 5286 3182 5399 Baptistae.
3216 5328 3299 5382 Ex
3335 5330 3614 5398 Baptistae

2622 5416 2635 5451 ι
2672 5413 2747 5451 an
2774 5413 2940 5451 uano.

2622 5413 2940 5455 mantuano.

1966 5502 2220 5560 Herodes,
2254 5501 2457 5550 Herode
2488 5506 2654 5561 satus,
2687 5515 2892 5555 vesana
2918 5518 3177 5570 propago,

1966 5578 2037 5628 De
2067 5580 2216 5639 putre
2246 5585 2446 5623 vesano
2477 5573 2652 5623 fratris
2681 5581 2932 5629 consorte
2957 5574 3183 5639 Philippi
