4002 6078
453 435 737 510 Usurpats,
767 442 956 508 ingens
983 441 1171 505 scelus,
1198 443 1597 510 immanemque
1625 444 1886 510 rapinam,

455 508 632 560 Ausus
651 512 782 567 erat,
814 513 1125 570 tantumque
1154 508 1304 558 nefas
1327 508 1558 571 jactabat
1587 509 1640 556 in
1671 508 1845 557 horas.

455 573 513 624 Id
545 573 794 634 Baptista,
823 571 998 634 palam
1029 572 1234 620 facinus
1262 571 1649 634 reprehendere
1680 571 1918 628 adortus,

455 636 595 685 Iram
621 632 953 688 Herodiadis.
987 647 1106 682 nam
1137 634 1274 691 regis
1305 632 1543 682 adultera
1574 647 1770 681 nomen

457 699 568 747 Hoc
591 697 796 752 habuit.
827 698 1002 745 subito
1031 696 1285 754 incurrit;
1319 696 1587 744 crudelior
1613 695 1785 758 hydra

456 760 556 829 illa
571 774 723 829 sacro
751 758 968 829 insidias
997 759 1123 829 vati,
1158 758 1483 829 laqueosque
1514 759 1756 829 tetendit.

458 823 590 871 Huic
619 826 732 871 erat
753 821 946 876 eximio
976 821 1117 870 vultu
1150 819 1410 882 viridique
1434 820 1658 883 juventa

455 885 602 947 Filia,
635 897 776 947 qum,
804 897 932 947 cum
954 897 1046 947 re;
1076 896 1321 947 proceres
1351 883 1412 930 ad
1446 883 1580 947 festa
1610 884 1865 941 vocasset,

453 946 624 997 Natali
652 945 973 996 celebranda
1001 945 1084 993 die
1117 945 1444 994 salutaverat
1471 946 1608 994 inter

453 1007 728 1058 Solemnes
758 1008 960 1071 epulas,
985 1013 1037 1055 et
1066 1009 1208 1067 regia
1240 1011 1452 1069 pectora
1482 1010 1687 1071 tantum

452 1071 708 1126 Moverat.
739 1069 807 1118 ut
827 1085 883 1118 se
915 1084 1005 1118 rex
1035 1073 1238 1130 peteret
1267 1083 1601 1132 quaecunque
1633 1069 1882 1132 daturum

452 1133 671 1191 Dixerit,
703 1133 819 1182 haec
847 1147 871 1180 s
891 1132 1027 1180 :eleri
1061 1145 1160 1181 vox
1191 1137 1271 1181 est
1287 1130 1383 1180 ’via
1413 1130 1551 1180 facta
1583 1130 1832 1180 nefando.

451 1195 584 1245 Nam
615 1209 735 1244 cum
771 1194 1075 1244 consuleret
1105 1199 1322 1242 matrem
1357 1194 1587 1254 petitura
1617 1194 1744 1256 quid
1776 1194 1932 1248 esset,

451 1258 639 1313 Mater.
674 1259 747 1306 ait
778 1272 789 1305 :
823 1257 945 1306 Pete
977 1257 1240 1318 Baptistae,
1273 1260 1410 1318 pete,
1442 1256 1571 1310 ﬁlia.
1601 1257 1756 1304 nobis

452 1320 740 1370 Funestum
763 1319 1045 1381 dirumque
1073 1323 1250 1379 caput,
1283 1320 1626 1382 linguamque
1657 1329 1954 1380 procacem.

451 1383 570 1441 Ipse
598 1387 779 1432 autem
809 1381 1009 1430 dudum
1041 1386 1190 1430 vates
1219 1381 1274 1429 in
1300 1381 1513 1430 vincula
1543 1382 1734 1429 missus

450 1444 528 1508 Qb
559 1445 736 1508 regale
765 1443 944 1492 odium
979 1443 1168 1508 fuerat,
1191 1444 1508 1508 vinctusque
1533 1443 1744 1508 jacebat

449 1506 570 1564 Qua
597 1505 745 1556 sédrt
775 1507 825 1555 in
852 1509 1006 1555 terris
1027 1507 1252 1554 Arabum
1283 1505 1623 1555 Macheronta
1653 1505 1868 1555 Sabinis.

451 1569 493 1619 Ο
522 1569 713 1626 scelus,
770 1583 802 1617 ο
831 1569 1059 1617 immane
1093 1568 1258 1626 nefas,
1290 1582 1323 1616 o
1352 1568 1562 1631 cognite
1586 1581 1861 1630 nunquam

456 1631 592 1682 Ante
621 1632 736 1681 haec
765 1631 1029 1694 impietas!
1056 1631 1747 1694 hominumsanctissimus
1765 1631 1852 1680 isti

449 1694 696 1744 Traditur
725 1691 957 1752 incestu',
985 1692 1151 1756 pellex
1171 1691 1464 1756 olidissima
1486 1692 1658 1756 calcat

449 1757 549 1820 Fas
579 1761 631 1806 et
645 1756 787 1820 jura,
818 1754 1711 1820 decus‘mundiludibriohabetur

450 1818 494 1868 A
522 1817 816 1875 meretrice,
833 1817 986 1880 jocus
1016 1817 1081 1880 de
1111 1817 1384 1880 majestate
1413 1817 1730 1880 triumphat,

453 1881 526 1930 De
555 1882 748 1930 virtute
778 1879 968 1939 scelus,
998 1879 1064 1930 de
1089 1879 1210 1943 jure
1237 1879 1453 1943 injuria.
1488 1879 1669 1943 sicque

449 1944 664 1994 Natura
693 1958 754 1992 ac
783 1943 958 2002 simul,
993 1956 1052 1992 ac
1082 1942 1644 1992 moram'snbvertitur
1672 1942 1825 1998 ordo,

451 2005 566 2064 Quo
597 2007 736 2056 Deus
765 2005 866 2054 hoc
895 2005 1046 2054 vultu
1077 2005 1251 2054 vidit?
1281 2019 1375 2054 cur
1403 2004 1581 2054 sidera
1609 2019 1718 2054 non
1749 2008 1874 2054 sunt

453 2067 563 2132 [loc
582 2083 719 2132 opus
747 2067 1062 2129 indignata?
1090 2067 1260 2116 solum
1291 2081 1385 2132 cur
1412 2066 1818 2132 pertulithujus

449 2129 692 2180 Criminis
720 2134 986 2179 auctorem
1007 2132 1031 2178 ?
1061 2142 1157 2178 cur
1183 2141 1291 2178 non
1319 2129 1594 2178 absorbuit
1621 2130 1788 2178 Orcus

447 2191 596 2244 Illico
619 2197 640 2245 2
665 2194 730 2244 Et
755 2193 822 2242 ad
852 2192 1048 2257 stygias
1077 2191 1252 2241 subito
1280 2204 1390 2240 non
1421 2191 1620 2241 corruit
1643 2190 1860 2241 umbras

1123 2341 1367 2398 XXXIV.

663 2457 722 2496 IN
762 2455 1089 2496 NATIVITATE
1125 2455 1318 2495 BEATE
1347 2454 1541 2496 MARIJE
1577 2455 1842 2496 VlRGlNiS.

520 2585 651 2640 Ecce
692 2598 788 2652 ego
817 2583 978 2654 quasi
1004 2583 1132 2639 vitis
1158 2583 1491 2654 fructiﬁcan
1529 2583 1860 2638 suavitatem
1887 2581 2089 2650 odoris,

447 2678 499 2730 et
544 2674 704 2745 ﬂores
742 2673 854 2728 mei
889 2673 1119 2743 fructus
1174 2671 1395 2727 honoris
1440 2679 1492 2728 et
1538 2672 1834 2727 honestatis
1900 2672 2089 2745 (Eccli.

445 2761 621 2834 xxxv),
651 2764 758 2816 etc.
793 2764 922 2816 Haec
974 2761 1168 2828 verba,
1203 2760 1410 2816 fratres
1457 2760 1594 2825 mei,
1625 2761 1800 2816 verba
1830 2765 1969 2816 sunt
1997 2778 2092 2816 sa-

447 2848 676 2924 pientiae
706 2866 821 2905 non
853 2849 1185 2915 mundanae,
1217 2865 1344 2922 qua:
1392 2849 1753 2921 reprobatur,
1787 2849 1888 2904 sed
1931 2847 2091 2906 illius

444 2955 574 3014 qua
620 2955 689 2995 ex
736 2954 834 2995 ore
879 2936 1163 2993 Altissimi
1214 2937 1450 3011 prodiit,
1485 2942 1542 2993 et
1595 2953 1698 3009 per
1727 2954 1904 3010 quam
1936 2937 2090 2995 Deus

443 3026 612 3084 Pater
641 3027 930 3082 mundum
962 3025 1176 3082 creavit
1205 3029 1262 3082 et
1290 3025 1556 3082 redemit.
1595 3026 1720 3081 Haec
1741 3025 1936 3100 itaque
1952 3031 2088 3082 tan-

444 3129 622 3189 quam
648 3114 877 3189 pissimi
904 3115 1198 3180 mater,ad
1226 3114 1405 3170 ubera
1434 3113 1789 3171 dulcissimae
1811 3115 2087 3171 doctrinas

1733 306 2126 375 RADULPHI
2165 305 2582 374 ARDENTIS.

3693 313 3824 380 illo

2124 441 2180 510 Α
2208 448 2324 511 tur,
2356 446 2512 501 unde
2535 444 2703 518 quasi
2735 444 2895 502 stulti
2928 450 2986 502 et
3015 450 3277 504 amentes
3306 445 3367 502 in
3388 444 3496 504 hoc
3517 447 3712 504 szeculo
3740 463 3821 507 re-

2209 537 2508 606 putantur.
2530 533 2781 591 lnebriat
2810 535 3049 608 quidem
3081 539 3137 591 et
3167 534 3315 592 calix
3343 535 3730 611 Babylonis,id
3749 543 3820 596 est

2210 623 2499 694 sapientia
2529 624 2840 680 mundanae
2871 623 3555 697 cupiditatis,quosdam.
3579 627 3680 681 Sed
3702 627 3820 682 calix

2206 710 2318 768 iste
2366 730 2480 768 non
2531 717 2620 768 est
2671 713 3006 786 praeclarus,
3063 714 3340 787 quoniam
3399 731 3514 770 non
3563 713 3817 773 illuminat

2209 806 2436 858 mentes
2467 801 2776 858 hominum
2811 802 2962 858 sicut
2993 802 3191 858 divina
3221 801 3636 876 sapientia,sed
3657 805 3817 876 potius

2208 906 2308 946 eas
2324 895 2593 961 excaecat,
2614 895 2671 946 et
2694 891 2752 946 in
2780 892 3000 946 foveam
3020 896 3248 947 aeternas
3261 891 3652 948 damnationis
3666 894 3819 966 praeci-

2213 979 2382 1051 pitat.
2417 980 2486 1034 Et
2515 980 2652 1052 quid
2692 979 3161 1036 fructificavisti?
3187 981 3527 1038 Suavitatem
3573 982 3751 1048 odoris,
3779 988 3818 1039 et

2211 1069 2382 1124 ﬂores
2416 1069 2675 1125 suaviter
2716 1068 2959 1134 olentes,
2992 1068 3261 1126 videlicet
3297 1069 3544 1125 virtutes
3583 1075 3640 1126 et
3680 1087 3817 1142 opera

2208 1174 2436 1224 earum,
2472 1176 2599 1230 qum
2633 1162 2866 1214 sanctos
2895 1157 2978 1212 ita
3007 1157 3261 1214 reddunt
3288 1159 3564 1227 famosos,
3593 1161 3647 1214 et
3687 1158 3814 1215 bone

2207 1246 2518 1318 opinionis,
2547 1247 2706 1319 quod
2738 1247 2915 1303 etiam
2947 1247 3220 1302 absentes
3241 1251 3296 1302 et
3319 1246 3725 1304 remotissimos
3741 1247 3812 1302 de-

2206 1334 2440 1391 lectent.
2475 1337 2541 1391 Et
2585 1338 2744 1408 ﬂores
2784 1337 2892 1391 mei
2934 1339 3150 1409 fructus
3198 1335 3420 1392 honori:
3468 1345 3518 1392 et
3545 1337 3812 1392 honestatis.

2205 1427 2285 1481 Ac
2317 1425 2366 1480 si
2397 1425 2551 1482 dicat
2580 1441 2593 1479 :
2622 1424 2820 1480 Flores
2869 1424 2983 1480 mei
3034 1441 3148 1479 non
3181 1428 3323 1481 sunt
3353 1423 3560 1480 inanes
3589 1429 3644 1480 et
3671 1424 3816 1480 infru-

2209 1513 2418 1580 ctuosi,
2445 1513 2948 1586 quemadmodum
2985 1513 3156 1568 ﬂores
3188 1513 3503 1568 mundanas
3531 1516 3586 1569 et
3611 1512 3817 1570 carnalis

2208 1601 2524 1675 sapientiae.
2554 1602 2624 1657 de
2655 1619 2775 1674 qua
2804 1600 3022 1658 dicitur
3054 1618 3068 1657 :
3103 1624 3130 1652 «
3166 1601 3378 1658 Omnia
3410 1619 3544 1659 eam
3574 1603 3814 1668 fenum,et

2207 1691 2403 1747 omnis
2455 1689 2640 1764 gloria
2689 1691 2822 1762 ejus
2870 1693 3156 1762 tanquam
3197 1691 3303 1746 ﬂos
3344 1689 3814 1764 agri.Exsiccatum

2210 1783 2299 1836 est
2342 1781 2567 1847 fenum,
2601 1783 2658 1834 et
2689 1778 2902 1834 cecidit
2941 1777 3068 1845 ﬂos,
3099 1777 3344 1834 verbum
3398 1783 3587 1834 autem
3629 1777 3815 1833 Domini
3916 1845 3917 1860 χ

2217 1873 2419 1924 manet
2457 1867 2516 1922 in
2564 1870 2844 1922 internum
2899 1866 3022 1938 (lsa.
3050 1865 3161 1937 xm).
3196 1888 3224 1915 »
3258 1865 3376 1920 Sed
3419 1866 3588 1922 ﬂores
3631 1863 3745 1933 mei,
3772 1864 3814 1920 id

2208 1961 2297 2012 est
2325 1956 2570 2012 virtutes
2591 1961 2648 2010 et
2671 1955 2825 2010 bona
2855 1970 3050 2026 Opera,
3087 1954 3306 2027 quibus
3341 1970 3507 2010 meos
3548 1954 3727 2010 ﬂorere
3751 1953 3814 2008 fa-

2207 2045 2316 2113 cio,
2351 2049 2629 2119 generant
2674 2045 2901 2100 fructus
2939 2043 3182 2099 honoris
3216 2047 3272 2100 et
3301 2043 3644 2111 honestatis,
3674 2042 3721 2097 id
3746 2045 3814 2098 est

2205 2134 2384 2190 vitam
2415 2138 2692 2215 aeternam
2725 2139 2782 2189 et
2812 2133 3066 2199 beatam,
3102 2132 3199 2188 ubi
3235 2131 3441 2188 nullus
3480 2131 3814 2188 honorabitur

2205 2224 2334 2280 sine
2363 2223 2687 2291 honestate,
2703 2226 2760 2278 et
2789 2221 2990 2278 nullus
3020 2221 3438 2278 honestabitur
3467 2221 3588 2277 sine
3615 2220 3808 2284 honore,

2207 2313 2360 2369 sicut
2388 2313 2446 2368 in
2479 2312 2588 2368 hoc
2619 2310 2832 2368 misero
2856 2309 3091 2378 saeculo,
3125 2309 3226 2366 ubi
3277 2309 3454 2366 multi
3506 2309 3705 2366 habent
3725 2308 3806 2364 ho-

2204 2419 2406 2459 norem
2437 2401 2565 2457 sine
2596 2401 2996 2467 honestate,et
3025 2399 3196 2454 multi
3226 2398 3455 2455 habent
3483 2399 3801 2455 honestatem

2201 2492 2331 2548 sine
2344 2491 2583 2548 honore.
2601 2490 2816 2546 Deinde
2837 2489 2937 2562 qui
2952 2493 3090 2544 sunt
3110 2488 3194 2543 illi
3219 2489 3414 2554 ﬂores,
3430 2493 3486 2544 et
3501 2487 3597 2562 qui
3609 2482 3804 2545 suntilll

2202 2581 2428 2637 fructus
2477 2579 2737 2652 apertius
2781 2577 3039 2650 exponit,
3072 2593 3207 2633 cum
3257 2577 3462 2634 subdit
3495 2595 3508 2634 :
3538 2579 3642 2648 Ego
3665 2581 3804 2630 mater

2195 2671 2447 2743 pulchrae
2463 2668 2786 2731 dilectionis,
2807 2675 2856 2723 et
2877 2668 3112 2732 timoris,
3145 2675 3198 2723 et
3226 2669 3556 2737 agnitionis,
3571 2674 3619 2723 et
3633 2672 3805 2721 meta

2197 2761 2333 2832 spei.
2366 2757 2746 2814 Dilectionem
2777 2755 2875 2812 Dei
2909 2759 2967 2812 et
2996 2755 3243 2828 proximi
3275 2756 3504 2814 caeteris
3532 2753 3805 2810 virtutibus

2200 2847 2501 2922 praeponit,
2537 2847 2666 2902 ideo
2697 2845 2838 2918 quia
2863 2844 2992 2918 ipsa
3019 2850 3110 2900 est
3138 2861 3319 2900 causa
3351 2844 3612 2901 omnium
3655 2841 3804 2898 virtu-

2196 2943 2348 2994 tum.
2381 2932 2564 3003 Quam
2594 2938 2651 2992 et
2679 2933 2984 3007 pulchram
3007 2938 3174 2990 vocat
3203 2933 3275 2988 ad
3308 2933 3684 2990 differentiam
3711 2946 3806 2985 car-

2197 3025 2347 3082 nalis
2394 3022 2742 3089 dilectionis,
2796 3039 2924 3096 quze
2967 3021 3312 3095 plerumque
3357 3022 3548 3095 turpis
3592 3028 3644 3078 et
3683 3018 3803 3076 finds

2196 3119 2304 3172 est.
2337 3113 2442 3170 Cui
2472 3113 2649 3169 etiam
2681 3110 2950 3184 adjungit
2980 3111 3572 3184 timorem,quoniam
3601 3108 3805 3182 diligere

443 3186 562 3263 sua
592 3186 700 3261 nos
730 3203 952 3260 invitat.
967 3205 1037 3259 Et
1055 3203 1165 3259 hoc
1196 3203 1700 3268 modo.Primo,se
1728 3203 2084 3261 fructiferam
2117 3186 2158 3252 (ἶ
2198 3204 2478 3261 debemus
2509 3218 2643 3257 cum
2666 3200 3205 3270 timore,et'timere
3227 3217 3364 3256 cum
3388 3200 3698 3257 dilectione.
3714 3195 3802 3254 Sed

443 3293 824 3350 demonstrat.
867 3293 1155 3362 Secundo,
1206 3309 1312 3348 nos
1362 3293 1432 3348 ad
1481 3311 1542 3350 se
1589 3293 1812 3349 invitat.
1865 3293 2082 3365 Tertio,

441 3380 637 3454 qualis
665 3380 794 3453 ipsa
821 3379 914 3448 sit,
949 3379 1112 3435 dicit.
1147 3381 1384 3448 Quarto,
1415 3397 1592 3453 quam
1622 3380 1752 3454 ipsa
1784 3381 1858 3438 sit
1899 3381 2081 3450 utilis,

441 3469 715 3527 ostendit.
750 3467 943 3523 Primo
982 3467 1162 3540 igitur
1202 3469 1567 3524 demonstrat
1613 3485 1674 3524 se
1722 3469 2081 3526 fructiferam

441 3573 590 3626 esse,
622 3573 758 3612 cum
787 3555 928 3611 dicit
960 3573 974 3610 :
1007 3559 1116 3628 Ego
1145 3558 1305 3628 quasi
1335 3558 1460 3612 vitis
1489 3558 1841 3628 fructiﬁcavi,
1875 3560 2082 3616 etc.Ac

441 3645 492 3702 si
521 3649 718 3718 aperte
747 3644 945 3700 dicat:
978 3644 1103 3700 Non
1151 3661 1284 3700 sum
1327 3644 1543 3700 sterilis
1593 3645 1745 3702 sicut
1784 3647 2084 3705 mundana

441 3732 748 3807 sapientia,
773 3749 901 3805 quis
931 3749 1045 3788 non
1076 3737 1313 3805 generet
1341 3732 1454 3789 nisi
1488 3738 1760 3800 mortem,
1791 3736 1892 3791 sed
1931 3736 2085 3793 sicut

438 3821 572 3880 vitis
602 3821 941 3878 fructificavi
973 3837 1076 3894 per
1103 3820 1437 3894 prophetas,
1462 3838 1564 3894 per
1593 3820 1887 3894 apostolos
1918 3828 2081 3880 caete-

440 3925 654 3984 rosque
681 3913 936 3973 sanctos.
971 3909 1070 3982 qui
1104 3909 1250 3964 mihi
1279 3909 1577 3966 adhairent
1617 3914 1901 3983 tanquam
1955 3912 2080 3985 pal-

440 4000 613 4057 mites
641 3998 766 4055 viti.
786 3999 959 4054 Porro
970 3997 1105 4054 vitis
1125 3997 1448 4054 triahabet:
1466 3997 1693 4054 nullum
1709 3999 1811 4054 tibi
1828 3999 2081 4056 fructum

441 4086 651 4160 reddit,
683 4087 796 4143 nisi
852 4087 1164 4160 diligenter
1210 4087 1457 4144 excolas.
1492 4087 1728 4143 Exculta
1756 4103 1888 4144 vero
1919 4089 2084 4146 dabit

439 4175 546 4232 tibi
577 4177 747 4232 ﬂores
790 4174 1051 4231 suaviter
1077 4175 1300 4232 olentes
1341 4179 1400 4232 et
1439 4177 1667 4232 fructus
1697 4175 2079 4235 inebriantes.

441 4263 648 4322 Divina
663 4279 898 4338 quoque
916 4262 1206 4336 sapientia
1227 4263 1374 4320 nihil
1397 4264 1501 4321 tibi
1525 4265 1802 4338 proderit.
1823 4264 1934 4321 nisi
1953 4283 2082 4323 eam

439 4367 576 4410 cum
633 4369 866 4409 summo
919 4353 1114 4408 studio
1159 4356 1219 4408 et
1268 4353 1463 4409 labore
1512 4353 1853 4410 excolueris.
1883 4355 2084 4429 Pigros

440 4442 599 4499 enim
639 4445 697 4498 et
735 4441 1136 4498 somnolentos
1181 4441 1323 4497 odit.
1383 4441 1546 4498 Unde
1575 4446 1632 4498 et
1660 4442 1789 4516 ipsa
1818 4443 2034 4500 clamat
2066 4460 2080 4500 :

441 4553 471 4582 οι
503 4532 714 4587 Beatus
745 4531 844 4602 qui
877 4529 1042 4586 audit
1072 4534 1258 4596 me,et
1289 4529 1387 4602 qui
1415 4529 1618 4602 vigilat
1648 4531 1718 4586 ad
1751 4531 1902 4588 fores
1923 4549 2084 4589 meas

440 4617 701 4696 quotidie
751 4620 1026 4690 (Proverb.
1058 4619 1203 4690 vm).
1243 4641 1268 4667 η
1302 4617 1544 4674 Exsulta
1590 4636 1723 4675 vero
1771 4620 1934 4676 dabit
1976 4622 2082 4679 tibi

441 4701 612 4765 ﬂores
641 4707 986 4776 redolentes,
1019 4712 1078 4763 et
1109 4708 1334 4764 fructus
1364 4707 1897 4765 inebriantes.Cum
1929 4711 2086 4767 enim

441 4795 652 4854 divinae
698 4795 996 4869 sapientiai
1042 4796 1286 4869 cceperis
1336 4795 1711 4869 designanter
1760 4797 2082 4872 invigilare,

441 4884 680 4958 incipiet
707 4885 992 4959 paulatim
1017 4890 1075 4942 te
1107 4885 1296 4960 magis
1330 4902 1394 4941 ac
1446 4886 1634 4958 magis
1685 4903 1791 4942 suo
1833 4887 2086 4945 mirabili

441 4973 618 5032 odore
647 4974 932 5031 delectare
962 4979 1018 5031 et
1039 4974 1288 5045 allicere,
1322 4979 1379 5030 et
1407 4975 1644 5030 tandem
1675 4991 1780 5031 suo
1831 4975 2086 5033 mirabili

442 5075 650 5134 sapore
696 5062 1004 5132 inebriare,
1037 5068 1094 5119 et
1139 5068 1396 5120 mentem
1431 5067 1596 5119 tuam
1646 5081 1680 5119 a
1719 5065 1963 5121 terrenis
2013 5066 2085 5122 ad

442 5165 699 5206 amorem
733 5150 1055 5207 caelestium
1094 5152 1370 5221 alienare,
1403 5151 1467 5208 ut
1510 5152 1701 5224 possis
1729 5153 1920 5209 dicere
1949 5171 2084 5210 cum

443 5238 730 5310 PrOpheta
762 5256 776 5294 :
810 5260 838 5288 «
873 5241 943 5312 Et
973 5239 1121 5295 calix
1149 5245 1288 5297 tuus
1311 5241 1821 5313 inebrians,quam
1855 5243 2087 5314 praecla-

442 5343 546 5386 rus
577 5327 696 5382 cst!
719 5329 1104 5400 »(Psal.xxn.)
1123 5329 1239 5385 Hoc
1262 5335 1456 5386 musto
1485 5335 1652 5386 erant
1681 5330 1824 5386 ebrii
1840 5331 2085 5403 apostoli

441 5413 504 5472 in
535 5415 627 5471 die
658 5416 1028 5474 Pentecostes
1061 5417 1198 5491 (Act.
1226 5418 1437 5491 u).l-loc
1468 5425 1664 5476 musto
1697 5436 1885 5492 usque
1917 5420 2087 5478 hodie

445 5507 586 5562 sunt
613 5504 754 5560 ebrii
781 5506 888 5560 viri
919 5505 1278 5579 spirituales,
1305 5507 1403 5581 qui
1437 5508 1560 5564 sola
1589 5508 1906 5565 invisibilia
1935 5509 2087 5566 desi-

443 5592 737 5663 derantes,
751 5595 952 5654 omnia
971 5600 1202 5655 terrena
1211 5601 1491 5669 tenquam
1505 5601 1763 5655 stercora
1775 5613 2088 5672 aspernan-

2193 3292 2334 3366 quia
2362 3307 2467 3348 nec
2491 3306 2622 3348 vere
2651 3289 2911 3363 diligere,
2948 3305 3051 3345 nec
3097 3305 3232 3345 vere
3261 3288 3474 3346 timere
3503 3300 3799 3362 possumus,

2192 3381 2306 3438 nisi
2337 3381 2475 3455 quid
2508 3380 2587 3436 sit
2617 3377 2982 3452 diligendum
3003 3382 3060 3434 et
3079 3378 3223 3450 quid
3251 3377 3582 3435 timendum
3603 3389 3804 3449 agnove-

2191 3471 2402 3538 rimus,
2420 3469 2488 3526 ad
2489 3470 2513 3541 j
2523 3467 2689 3542 ungit
2708 3467 3089 3542 agnitionem,
3106 3466 3164 3522 id
3193 3471 3282 3523 est
3302 3467 3506 3534 ﬁdem,
3521 3481 3683 3542 quam
3701 3463 3802 3518 ideo

2191 3559 2550 3634 agnitionem
2582 3561 2770 3628 vocat,
2795 3555 2933 3628 quia
2964 3573 3066 3631 per
3085 3572 3214 3612 eam
3246 3555 3438 3613 solam
3471 3552 3803 3630 agnoscimus

2191 3650 2332 3723 quid
2380 3651 2588 3705 timere
2634 3649 2691 3701 et
2732 3643 2974 3719 diligere
3035 3645 3342 3702 debemus.
3394 3644 3616 3712 Quibus
3659 3640 3799 3698 etiam

2190 3736 2461 3811 adjungit
2481 3751 2668 3809 spem,
2699 3733 2980 3807 quoniam
3006 3733 3295 3790 inutiliter
3324 3733 3644 3808 diligimus,
3665 3725 3803 3786 inuti-

2191 3827 2326 3884 liter
2373 3827 2678 3896 timemus,
2706 3822 2992 3880 inutiliter
3037 3823 3225 3879 Deum
3261 3823 3582 3889 credimus,
3613 3818 3714 3877 nisi
3752 3815 3800 3871 ia

2191 3933 2326 3975 eum
2358 3917 2648 3983 sanctam,
2678 3913 2735 3968 id
2769 3917 2858 3969 est
2903 3913 3156 3982 ﬁrmam,
3185 3928 3355 3986 spem
3408 3913 3716 3970 habeamus
3756 3905 3800 3960 la

2190 4023 2294 4072 me,
2316 4004 2527 4077 inquit,
2561 4003 2740 4059 omnis
2769 4003 2956 4072 gratia
2983 4003 3094 4058 viae
3119 4010 3172 4058 et
3197 4003 3469 4068 veritatis,
3495 4003 3554 4058 in
3599 4015 3678 4056 me
3714 4006 3802 4051 om-

2189 4098 2280 4152 nis
2321 4110 2441 4168 spes
2496 4094 2632 4150 vita
2677 4100 2728 4148 et
2767 4093 3007 4159 virtutis,
3043 4091 3102 4147 id
3147 4095 3236 4147 est
3262 4091 3398 4148 vitae
3432 4095 3670 4157 uterne,
3699 4091 3800 4157 quo

2191 4201 2425 4258 semper
2452 4185 2543 4239 est
2569 4180 2835 4236 virtuosa
2865 4185 2922 4236 et
2949 4181 3165 4236 virens.

2264 4271 2541 4346 Sequitur
2568 4287 2705 4343 pars
2736 4269 3014 4336 secunda,
3048 4269 3108 4324 in
3141 4285 3258 4342 qua
3287 4267 3398 4325 Dei
3432 4264 3702 4342 sapientia
3717 4269 3802 4316 nos

2190 4363 2262 4419 ad
2296 4378 2359 4419 se
2395 4360 2603 4417 invitat
2647 4375 2784 4415 cum
2833 4357 3070 4414 subdit:
3111 4359 3360 4414 Transite
3410 4356 3484 4412 ad
3525 4371 3614 4412 me
3651 4361 3801 4408 om“

2193 4450 2289 4522 qui
2334 4446 2709 4518 concupiscitis
2756 4461 2860 4510 me,
2892 4453 2945 4500 et
2973 4462 3014 4502 a
3059 4446 3510 4515 generationibus
3549 4442 3678 4498 meis
3715 4437 3800 4492 im-

2115 4557 2162 4620 ι)
2186 4538 2445 4612 plemini.
2492 4535 2630 4591 Tria
2674 4532 2836 4601 dicit,
2887 4532 3156 4590 videlicet
3219 4531 3343 4606 qui,
3402 4537 3462 4590 et
3529 4524 3798 4606 quomodo,

2193 4630 2250 4682 et
2280 4642 2395 4698 qua
2423 4623 2675 4680 utilitate
2719 4622 2792 4678 ad
2841 4636 2970 4677 eam
3018 4623 3392 4679 accedamus.
3445 4619 3800 4688 Qui‘tconeu-

2194 4714 2436 4790 pientes.
2490 4711 2652 4768 Unde
2699 4714 2760 4767 et
2805 4709 3030 4767 Danieli
3078 4711 3274 4768 divina
3320 4715 3547 4768 secreta
3587 4722 3682 4782 per
3719 4715 3799 4790 sn-

2194 4787 2390 4879 gelum
2457 4799 2812 4867 revelantua,
2874 4799 3016 4872 quia
3073 4800 3182 4868 vir,
3245 4799 3464 4876 inquit,
3527 4787 3802 4879 desiderio-

2194 4872 2326 4950 rum
2369 4894 2459 4948 est
2521 4893 2692 4962 (Dan.
2737 4887 2836 4961 ix).
2893 4887 3264 4962 Negligentes
3325 4872 3486 4945 enim
3535 4890 3589 4942 et
3629 4872 3800 4962 tepidi,

2195 4982 2268 5038 ad
2282 4996 2505 5036 versam
2519 4959 2869 5051 sapientiam
2881 4959 3208 5034 venire'non
3224 4981 3496 5051 possunt.
3513 4959 3800 5051 Quomodo?

2193 5066 2572 5132 transeundo,
2590 5049 2640 5121 ia
2671 5063 2823 5120 malo
2872 5063 3096 5121 scilicet
3124 5064 3198 5121 ad
3227 5049 3475 5132 bonum,
3505 5062 3580 5120 ab
3605 5049 3799 5134 ignavia

2193 5157 2265 5213 ad
2296 5155 2666 5228 probitatem,
2691 5153 3082 5210 somnolentis
3111 5155 3184 5210 ad
3215 5153 3598 5228 vigilantiam,
3621 5140 3794 5205 avitiis

2194 5247 2266 5301 ad
2296 5244 2558 5310 virtutes,
2573 5259 2607 5298 a
2625 5241 3051 5316 temporalibus
3071 5245 3145 5299 ad
3167 5247 3402 5300 eterna.
3423 5241 3541 5299 Soli
3556 5231 3793 5296 enimne-

2195 5333 2354 5404 braai,
2385 5332 2444 5389 id
2493 5335 2582 5388 est
2622 5335 3016 5398 transeuntes,
3049 5349 3255 5389 carnes
3305 5331 3445 5406 agni
3493 5325 3645 5402 digni
3677 5319 3789 5406 sunt

2195 5423 2570 5480 manducare.
2605 5420 2674 5476 Et
2703 5421 3059 5494 Redemptor
3087 5426 3288 5479 noster
3314 5403 3379 5478 se
3407 5412 3694 5492 discipulis
3727 5403 3791 5460 vi-

2195 5513 2452 5590 dendum
2484 5510 2774 5584 promittit
2799 5510 2860 5566 in
2889 5509 3144 5583 Galilaea,
3177 5511 3234 5568 id
3266 5510 3432 5569 estin
3461 5499 3791 5590 transmigl'g‘

2195 5585 2372 5660 tione:
2405 5581 2528 5668 Qua
2557 5599 2810 5656 utilitate
2826 5599 2856 5655 ?
2883 5599 2924 5657 A
2956 5581 3424 5670 gmrationibus,
3442 5597 3508 5656 id
3525 5596 3615 5654 est
3636 5581 3794 5649 theti-
