4008 6072
219 270 373 344 {Mi

1350 269 1720 333 HOMILLE.
1755 303 1831 312 —
1858 267 1909 330 Ι.
1953 267 2058 329 DE
2101 267 2498 330 TEMPORE.

3462 273 3622 336 m2

217 400 592 459 ﬁcationibus
621 401 770 459 meis
811 402 1139 474 implemini.
1183 403 1357 460 Porro
1396 419 1536 462 vera
1579 400 1868 476 sapientia
1896 405 1948 470 Α
1977 398 2108 456 aliis
2139 399 2321 456 illam.
2355 400 2638 457 Similiter
2665 418 2947 476 magnum
2978 401 3283 476 praemium
3314 405 3621 478 accipient,

218 496 476 548 mentem
500 490 716 559 reﬁcit;
749 492 1052 548 mundana
1079 509 1212 550 vero
1245 492 1534 565 sapientia
1571 509 1686 548 non
1733 491 1865 548 reti-

217 580 424 648 cit,sed
457 578 643 636 inflat.
677 579 841 636 Unde
869 586 926 636 et
955 581 1102 638 bene
1128 581 1494 654 signiﬁcatur
1532 598 1633 654 per
1671 579 1868 636 silicas

216 684 481 736 sonoras,
515 667 809 738 inﬂantes,
858 687 973 725 non
1031 669 1376 738 reﬁcientes,
1434 670 1650 742 quibus
1709 666 1867 724 ﬁlius

216 757 504 830 prodigus
521 757 796 830 cupiebat
810 757 1054 830 implere
1068 763 1328 815 ventrem
1349 763 1609 827 suum,et
1634 774 1748 812 non
1775 773 1872 830 po-

213 847 926 919 terat(Luc.xv).Quoniam
935 845 1230 904 saecularis
1242 847 1528 921 sapientia
1539 847 1774 921 garrula
1783 848 1873 902 est

215 938 275 990 et
303 933 760 1002 inﬁativa,cibus
792 936 982 1009 magis
1005 952 1315 1008 porcorum
1337 953 1522 1009 quam,
1540 935 1866 991 hominum.

288 1023 567 1096 Sequitur
587 1041 722 1097 pars
746 1024 1000 1091 tertia,in
1020 1042 1138 1098 qua
1157 1024 1355 1082 divina
1375 1025 1663 1100 sapientia
1682 1028 1873 1081 osten-

213 1112 304 1168 dit
334 1112 529 1185 qualis
557 1113 688 1186 ipsa
715 1113 813 1171 sit.
838 1114 1106 1172 Ostendit
1134 1119 1332 1172 autem
1364 1132 1424 1172 se
1457 1131 1583 1172 esse
1614 1113 1869 1180 dulcem,

215 1218 280 1258 se
311 1217 440 1258 esse
470 1207 836 1270 aeternam,sc
856 1219 984 1260 esse
1015 1203 1640 1262 desiderabilem.Sane
1661 1220 1722 1260 se
1741 1218 1872 1259 esse

213 1289 448 1347 dulcem
480 1291 898 1360 ostendit,cum
925 1292 1069 1349 dicit
1092 1308 1106 1348 :
1129 1294 1374 1365 Spiritus
1400 1309 1550 1349 meus
1576 1309 1739 1364 super
1763 1291 1873 1348 mei

213 1379 413 1448 dulcis,
447 1388 498 1436 et
525 1380 820 1438 haereditas
846 1398 970 1439 mea
991 1398 1156 1454 super
1183 1383 1296 1438 mat
1321 1390 1373 1440 et
1398 1385 1609 1456 favum.
1651 1381 1710 1438 Si
1762 1379 1871 1436 ali-

214 1468 364 1541 quid
392 1468 624 1528 dulcius
652 1469 990 1539 invenisset,
1025 1469 1172 1528 illud
1203 1470 1516 1544 posuisset.
1536 1471 1607 1527 Et
1635 1470 1872 1543 quidem

215 1558 525 1630 inspiratio
555 1558 763 1616 divina)
794 1559 1091 1633 sapientiae
1122 1560 1182 1616 in
1225 1560 1466 1628 sanctis,
1499 1559 1767 1632 quamvis
1797 1557 1876 1614 sit

216 1647 592 1721 particularis
621 1654 678 1707 et
709 1649 1266 1717 umbratilis,tamen
1289 1666 1467 1723 super
1485 1665 1718 1705 omnem
1751 1645 1877 1703 dul-

215 1737 482 1794 cedinem
513 1742 622 1794 est.
655 1739 766 1795 Sed
795 1743 1016 1811 quanta
1071 1737 1292 1811 putatis
1348 1739 1460 1794 erit
1518 1736 1764 1794 dulcedo
1812 1736 1870 1789 in

220 1830 427 1899 aperta
453 1827 824 1900 perceptione
853 1831 909 1884 et
939 1827 1270 1884 hereditate
1303 1826 1483 1895 illius,
1513 1843 1641 1898 quae
1681 1825 1740 1880 in
1773 1824 1874 1880 Dei

218 1915 445 1972 visione
475 1916 612 1971 ﬁet?
643 1917 714 1972 Se
761 1933 894 1973 vero
942 1920 1218 1973 aeternam
1262 1935 1390 1974 esse
1427 1916 1703 1983 ostendit,
1738 1930 1874 1970 cum

217 2003 425 2060 subdit
454 2021 467 2058 :
501 2003 757 2061 Memoria
785 2021 908 2061 mea
935 2007 996 2061 in
1025 2008 1376 2075 generatione
1421 2007 1762 2060 saeculorum.
1794 2004 1876 2058 Ac

217 2093 270 2149 si
301 2098 498 2166 aperte
527 2094 684 2150 dicat
715 2111 728 2150 :
764 2095 1062 2168 Sapientia
1090 2096 1522 2151 mundanorum
1556 2093 1786 2166 peribit,
1819 2097 1876 2147 et

216 2199 334 2238 non
366 2183 477 2239 erit
517 2184 802 2241 memoria
843 2185 993 2255 ejus,
1027 2185 1305 2256 quoniam
1355 2185 1415 2240 in
1464 2182 1564 2240 illa
1605 2183 1696 2238 die
1744 2199 1873 2255 per-

213 2271 388 2329 ibunt
416 2288 620 2330 omnes
640 2273 1028 2347 cogitationes
1045 2275 1348 2330 eorum.At
1367 2289 1472 2346 ego
1503 2272 1560 2329 in
1591 2279 1872 2328 aeternum

215 2378 447 2429 maneo,
478 2366 535 2418 et
581 2362 696 2418 mei
738 2379 1026 2420 memores
1077 2363 1136 2418 in
1189 2367 1470 2418 aeternum
1524 2377 1758 2417 manere
1788 2359 1872 2415 fa-

212 2451 401 2507 cio.Et
430 2451 638 2508 notitia
667 2468 846 2524 quam
878 2451 1098 2508 habent
1129 2453 1201 2508 de
1243 2469 1335 2507 me
1376 2450 1435 2506 in
1475 2451 1582 2506 bac
1607 2448 1725 2505 vita
1755 2465 1870 2504 non

209 2539 655 2607 auferetur,imo
687 2540 1028 2612 perﬁcietur
1055 2539 1140 2596 eis
1172 2541 1229 2596 in
1263 2543 1477 2596 aeterna
1504 2539 1722 2594 vita.Se
1743 2555 1872 2594 esse

211 2628 662 2685 desiderabilem
693 2630 1107 2696 ostendit,cum
1140 2629 1341 2684 subdit
1393 2646 1405 2685 :
1462 2629 1568 2697 Qui
1593 2627 1761 2684 edunt
1785 2642 1872 2683 me

215 2717 402 2774 adhuc
429 2720 688 2787 esuriant,
720 2726 772 2774 et
801 2720 900 2791 qui
929 2718 1121 2774 bibunt
1145 2735 1231 2774 me
1257 2718 1436 2774 adhuc
1477 2718 1684 2773 siticnt.
1718 2716 1870 2771 Hocc

216 2805 510 2878 siquidem
546 2806 786 2863 interest
819 2805 970 2861 inter
999 2805 1239 2862 delicias
1269 2804 1597 2877 corporales
1618 2807 1674 2859 et
1693 2801 1870 2875 spiri-

214 2894 428 2964 tuales,
461 2899 519 2951 et
549 2895 699 2950 inter
744 2899 1004 2951 terrenas
1037 2899 1095 2950 et
1125 2899 1393 2962 aeternas,
1445 2893 1600 2965 quod
1649 2891 1870 2948 deliciae

215 2983 547 3057 corporales
574 2989 633 3041 et
660 2988 921 3050 terrenae,
953 3000 1088 3038 cum
1135 2999 1252 3039 non
1299 2983 1610 3048 habentur,
1643 2997 1870 3052 magnas

217 3077 504 3146 putantur
528 3076 585 3129 et
613 3072 1038 3130 desiderantur.
1072 3071 1239 3127 Enim
1261 3087 1395 3127 vero
1417 3087 1551 3126 cum
1582 3073 1869 3126 consueta:

1903 1780 1953 1846 B

1975 489 2074 562 qui
2107 489 2354 546 audiunt
2385 491 2555 548 corde
2585 491 3157 564 sapientiam,majus
3178 493 3276 565 qui
3311 500 3624 566 operantur

1976 579 2300 633 secundum
2333 577 2517 646 illam,
2547 579 2870 635 maximum
2919 581 3018 652 qui
3062 583 3233 638 verbo
3274 586 3331 638 et
3360 584 3622 657 exemplo

1975 665 2288 738 explanant
2310 666 2718 724 illam.0mnes
2739 673 2933 724 tamen
2957 669 3130 724 vitam
3158 669 3459 728 habebunt
3478 687 3626 732 sem-

1976 755 2288 828 piternam.
2322 756 2465 811 Cum
2501 757 2716 829 itaque,
2751 759 2958 814 fratres
2990 758 3126 826 mei,
3149 758 3270 814 haec
3300 761 3475 816 verba
3506 762 3627 818 sint

1977 845 2296 916 sapientia,
2361 851 2612 916 possunt
2667 850 2723 901 et
2777 846 2955 902 beatae
3011 846 3236 919 Virgini
3296 850 3624 918 convenire,

1978 951 2154 1006 quam
2186 935 2318 1007 ipsa
2347 935 2532 991 Patris
2563 934 2851 1006 sapientia
2882 935 2941 991 in
2983 934 3283 1008 singulare
3315 937 3626 996 reclinato-

1977 1023 2131 1079 rium
2163 1023 2274 1078 sibi
2305 1024 2616 1097 praeelegit,
2644 1023 2944 1080 fabricavit
2972 1029 3030 1080 et
3052 1025 3297 1080 ornavit.
3326 1027 3427 1082 Eat
3467 1028 3627 1086 enim

1977 1119 2201 1185 tropus,
2221 1113 2317 1185 qui
2354 1113 2708 1186 metonymia
2738 1117 3132 1186 nuncupatur,
3161 1116 3396 1186 quando
3426 1115 3628 1172 videli-

1981 1206 2070 1258 cet
2101 1202 2256 1274 quod
2288 1203 2543 1257 contenti
2575 1205 2682 1269 est,
2717 1202 3035 1258 continenti
3069 1204 3630 1263 attribuitur.Potest

1979 1289 2160 1363 igitur
2189 1291 2356 1346 beata
2381 1290 2553 1364 Virgo
2577 1307 2683 1346 nos
2701 1290 2772 1346 ad
2796 1291 3248 1348 admirationem
3279 1296 3334 1348 et
3362 1294 3433 1349 ad
3467 1311 3630 1352 vene-

1980 1379 2287 1444 rationem,
2319 1378 2373 1434 id
2407 1384 2496 1436 est
2526 1381 2599 1435 ad
2631 1379 2962 1453 exemplum
3009 1379 3120 1449 sui,
3154 1399 3262 1438 nos
3307 1381 3626 1452 invitando,

1980 1467 2169 1524 dicere
2202 1485 2213 1524 :
2247 1469 2358 1537 Ego
2389 1471 2550 1540 quasi
2593 1471 2720 1524 vitis
2760 1470 3097 1541 [ructiﬁcuvi
3141 1472 3463 1526 suavitatem
3509 1471 3630 1528 odo-

1978 1558 2082 1623 ris,
2125 1574 2240 1612 non
2291 1557 2483 1613 solum
2533 1557 2864 1630 exemplum
2917 1562 3128 1614 sanctae
3172 1559 3301 1615 vitae
3351 1563 3408 1616 et
3465 1559 3628 1617 bona

1980 1645 2273 1718 Opinionis
2322 1645 2590 1703 universo
2637 1646 2856 1702 mundo
2914 1647 3245 1719 praebendo,
3297 1649 3396 1706 sed
3452 1648 3628 1706 etiam

1982 1733 2172 1803 illum,
2206 1736 2375 1808 cujus
2427 1736 2601 1792 odore
2659 1735 2874 1792 mortui
2905 1743 3238 1808 resurgunt,
3272 1740 3626 1810 generando.

1983 1825 2099 1898 Ego
2131 1825 2287 1881 enim
2319 1842 2450 1880 sum
2482 1824 2584 1880 illa
2610 1826 2773 1899 virga
2801 1825 2872 1882 de
2920 1843 3037 1898 qua
3085 1827 3348 1898 praedixit
3397 1827 3578 1885 Isaias
3611 1844 3624 1885 :

1988 1937 2007 1962 α
2046 1914 2389 1986 Egredietur
2419 1915 2583 1988 virga
2613 1916 2682 1970 de
2707 1915 2898 1970 radice
2920 1915 3165 1981 Jesse,et
3195 1915 3301 1972 flos
3333 1917 3404 1973 de
3436 1917 3630 1975 radice

1981 2004 2110 2074 ejus
2141 2004 2417 2059 ascendet
2462 2006 2591 2071 (Isa.
2644 2008 2744 2072 x1).
2799 2026 2826 2053 »
2877 2005 2944 2058 Et
2993 2005 3162 2060 ﬂores
3194 2004 3306 2060 mei
3345 2023 3459 2061 non
3491 2011 3631 2063 sunt

1981 2093 2206 2161 inanes,
2235 2093 2336 2148 sed
2367 2097 2505 2147 sunt
2534 2095 2745 2159 fructus
2775 2091 2996 2148 honoris
3017 2101 3067 2148 et
3096 2093 3392 2150 honestatis
3423 2114 3439 2150 :
3473 2094 3629 2152 ﬁlius

1982 2181 2200 2254 quippe
2233 2198 2400 2237 meus
2431 2182 2554 2254 ipse
2587 2181 2846 2253 flos,ipse
2868 2186 2924 2236 et
2942 2181 3165 2238 fructus
3197 2183 3303 2239 ﬁos
3324 2184 3628 2242 suavitatis

1981 2277 2036 2326 et
2069 2273 2292 2326 fructus
2323 2269 2624 2326 satietatis.
2652 2271 2732 2326 De
2758 2271 2886 2342 ejus
2918 2269 3201 2327 suavitate
3232 2276 3394 2329 Isaac
3415 2272 3474 2329 in
3505 2290 3632 2347 per-

1981 2377 2126 2416 sona
2155 2359 2254 2416 Dei
2289 2357 2473 2416 Patris
2505 2358 2587 2416 ait
2619 2376 2669 2415 :u
2693 2360 2838 2415 Ecce
2868 2361 3011 2416 odor
3040 2360 3145 2414 ﬁlii
3177 2361 3471 2430 mei,sicut
3489 2363 3634 2421 ador

1979 2449 2103 2522 agri
2137 2448 2313 2522 pleni,
2365 2449 2459 2505 cui
2508 2448 2804 2505 benedixit
2848 2449 3134 2506 Dominus
3163 2450 3316 2519 (Gen.
3367 2455 3562 2521 xxvn).
3601 2475 3629 2502 ››

1980 2539 2059 2594 De
2091 2539 2219 2610 ejus
2252 2537 2516 2594 satietate
2549 2536 2861 2594 Psalmista
2891 2538 3174 2610 praedixit,
3208 2539 3407 2596 dicens
3441 2557 3489 2597 τα
3525 2540 3630 2599 Sa-

1977 2628 2170 2683 tiabor
2201 2644 2333 2682 cum
2367 2626 2703 2700 apparuerit
2732 2626 2917 2699 gloria
2949 2631 3051 2683 tua
3080 2628 3248 2698 (Psul.
3279 2632 3414 2698 xvx).
3450 2655 3470 2682 ι
3504 2631 3631 2703 Ipso

1982 2722 2071 2773 est
2117 2718 2330 2788 fructus
2359 2717 2580 2772 honoris
2625 2724 2676 2772 et
2720 2716 3035 2782 honestatis,
3072 2717 3351 2788 quoniam
3395 2735 3630 2776 omnem

1978 2805 2259 2861 honorem
2291 2809 2348 2860 et
2378 2805 2741 2860 honestatem
2776 2809 2832 2860 et
2880 2805 2938 2859 in
2985 2822 3045 2861 se
3074 2805 3270 2877 habet,
3302 2811 3358 2862 et
3385 2807 3477 2862 cui
3510 2807 3632 2863 vult

1978 2895 2212 2966 praebet.
2247 2895 2358 2964 Ego
2386 2901 2560 2949 mater
2585 2893 2834 2965 pulchrae
2879 2893 3206 2965 dilectionis,
3237 2903 3289 2951 et
3311 2897 3544 2965 timoris,
3578 2904 3630 2954 et

1976 2984 2306 3055 agnitionis,
2338 2991 2389 3038 et
2414 2989 2620 3039 sanctae
2665 2984 2800 3054 spei.
2834 2986 3055 3037 Harum
3105 2983 3347 3050 scilicet,
3396 2988 3627 3041 caetera-

1979 3088 2228 3142 rumque
2255 3069 2558 3135 virtutum,
2616 3087 2731 3126 non
2781 3070 2970 3126 solum
3002 3071 3264 3144 exempla
3294 3073 3626 3145 praebendo,

214 3145 746 3231 fuerint,vilescunt
775 3165 832 3217 et
860 3160 920 3216 in
953 3161 1255 3216 fastidium
1285 3163 1606 3215 vertuntur.
1623 3160 1694 3213 At
1723 3175 1863 3213 con-
1897 3145 1940 3213 C
1981 3160 2082 3215 sed
2112 3158 2285 3214 etiam
2319 3157 2508 3226 illum,
2554 3159 2654 3231 qui
2705 3163 2794 3216 est
2841 3158 3093 3226 dilectio,
3127 3159 3292 3225 fides,
3344 3161 3522 3218 timor
3571 3167 3630 3218 et

215 3255 329 3321 tra,
363 3250 699 3325 spirituales
727 3253 784 3306 et
815 3253 1039 3306 aeternae
1070 3248 1308 3317 delicia,
1338 3265 1470 3304 cum
1504 3264 1621 3302 non
1648 3247 1870 3302 haben-

218 3345 336 3409 tur,
370 3339 546 3396 nullaa
595 3341 906 3412 putantur;
956 3337 1168 3394 habita
1216 3355 1349 3394 vero
1395 3335 1751 3392 desiderium
1783 3352 1873 3392 ac-

214 3430 495 3497 cendunt,
530 3429 612 3483 ita
640 3432 837 3484 tamen
869 3427 1022 3498 quod
1056 3426 1116 3483 in
1149 3427 1277 3499 ipso
1308 3425 1594 3482 desiderio
1629 3423 1872 3482 satietas

212 3523 324 3586 est,
355 3521 414 3576 et
443 3517 503 3572 in
535 3516 665 3588 ipsa
697 3517 962 3574 satietate
991 3515 1370 3573 desiderium.

288 3605 566 3677 Sequitur
575 3620 711 3678 pars
723 3605 1016 3677 quarta,in
1038 3622 1155 3678 qua
1176 3603 1371 3659 divina
1383 3603 1872 3676 sapientiaosten-

217 3695 322 3750 dat
353 3711 529 3766 quam
564 3694 732 3750 nobis
764 3693 926 3750 utilis
957 3694 1194 3760 sit,cum
1227 3693 1580 3763 subdit:Qui
1595 3693 1750 3749 audit
1765 3709 1873 3762 me,

214 3799 328 3840 non
347 3782 732 3855 confundetur,
746 3791 798 3839 et
811 3784 909 3854 qui
923 3791 1219 3855 operantur
1239 3784 1300 3838 in
1322 3798 1405 3837 me
1423 3799 1531 3838 non
1550 3781 1871 3854 peccabunt,

216 3881 268 3930 et
300 3874 398 3944 qui
423 3872 702 3928 elucidant
727 3889 812 3929 me
842 3875 1010 3929 vitam
1050 3879 1314 3928 aeternam
1355 3871 1724 3943 possidebunt.
1758 3873 1875 3944 Qui

215 3961 394 4027 audit,
427 3961 638 4034 inquit,
668 3978 772 4030 me,
807 3961 1057 4018 subaudi
1091 3961 1283 4029 corde,
1316 3967 1373 4016 et
1404 3961 1696 4033 proposito
1737 3960 1872 4016 obe-

218 4050 555 4121 diendi,etsi
578 4067 693 4106 non
719 4050 931 4106 habeat
960 4054 1195 4121 tempus
1223 4048 1723 4120 operandi,tamen
1755 4065 1872 4104 non

215 4140 610 4196 confundetur
631 4139 690 4194 in
713 4139 806 4194 die
819 4138 1027 4210 judicii
1059 4139 1128 4195 ad
1153 4137 1757 4209 damnationem,quia
1777 4154 1876 4192 au-

217 4227 392 4290 dierit
421 4228 529 4284 hoc
561 4226 872 4284 consilium
903 4226 1295 4300 sapientiae,ut
1315 4227 1768 4282 confunderetur
1798 4227 1871 4282 ad

216 4316 641 4390 paenitentiam,
674 4317 793 4372 Hoc
842 4320 931 4372 est
980 4316 1132 4388 quod
1184 4315 1314 4388 ipsa
1363 4315 1657 4388 sapientia
1685 4315 1873 4372 Patris

215 4405 355 4463 dicit
388 4405 449 4462 in
479 4405 789 4478 Evangelio
843 4420 858 4460 :
911 4427 939 4455 «
993 4403 1100 4469 Qui
1150 4421 1266 4459 non
1319 4403 1616 4460 erubuerit
1645 4421 1737 4460 me
1767 4420 1872 4460 nec

214 4512 380 4553 meos
404 4512 724 4562 sermones,
759 4494 917 4550 hunc
969 4493 1150 4549 Filius
1198 4493 1456 4549 hominis
1508 4510 1623 4549 non
1666 4493 1869 4549 erube-

213 4589 358 4654 scet,
391 4595 532 4642 cum"
558 4584 778 4640 venerit
809 4583 868 4638 in
900 4583 1206 4654 majestate
1249 4599 1378 4648 sua,
1430 4586 1486 4638 et
1531 4585 1868 4639 sanctorum

216 4674 562 4747 angeiorum
617 4673 764 4746 (Luc.
829 4677 929 4742 ιχ).
1009 4691 1036 4724 α
1109 4673 1174 4727 Et
1239 4673 1339 4745 qui
1402 4679 1716 4744 operantur.
1778 4672 1867 4726 in-

216 4763 366 4835 quit,
401 4764 462 4819 in
501 4779 606 4830 me,
637 4779 750 4818 non
788 4761 1105 4834 peccabunt,
1157 4760 1412 4817 subaudi
1467 4761 1539 4816 ad
1599 4765 1866 4830 mortem,

218 4851 576 4924 quoniam,si
610 4851 1081 4924 peccabunt,jam
1106 4869 1221 4906 non
1253 4850 1651 4924 operabuntur
1671 4850 1730 4906 in
1753 4867 1865 4907 me.

215 4942 282 4998 Et
309 4943 424 5014 qui,
457 4941 668 5014 inquit,
702 4941 987 4997 elucidant
1008 4957 1112 5008 me,
1166 4941 1222 4994 id
1271 4945 1360 4996 est
1407 4939 1508 5012 qui
1556 4957 1648 4996 me
1697 4940 1868 4996 verbo

216 5034 275 5086 et
300 5029 564 5102 exemplo
596 5029 727 5086 aliis
758 5035 1053 5102 exponunt
1083 5034 1140 5085 et
1167 5028 1675 5101 explanant,vitam
1701 5035 1869 5085 aeter-

216 5136 349 5176 nam
373 5119 873 5191 possidebunt.Hoc
889 5123 978 5177 est
993 5119 1149 5192 quod
1182 5117 1320 5174 alibi
1351 5117 1867 5191 legitur,quoniam

217 5208 370 5266 sicut
417 5207 598 5266 stella
655 5207 1010 5266 ﬁrmamenti
1068 5207 1379 5281 fulgebunt
1437 5206 1536 5279 qui
1593 5206 1870 5262 erudiunt

217 5296 436 5356 multos
480 5299 642 5368 (Dan.
673 5301 796 5368 an).
831 5303 1007 5354 Porro
1055 5298 1276 5371 gradus
1307 5300 1397 5352 est
1433 5294 1492 5351 in
1532 5295 1625 5351 his
1655 5295 1865 5363 tribus,

216 5384 370 5442 sicut
411 5385 470 5444 in
520 5387 727 5445 merito
783 5385 871 5442 vel
918 5386 978 5442 in
1023 5385 1283 5459 praemio.
1335 5385 1615 5458 Magnum
1646 5388 1734 5442 est
1762 5402 1867 5441 au-

215 5475 338 5532 dire
373 5475 546 5538 corde
596 5475 966 5547 sapientiam,
1015 5476 1208 5547 majus
1267 5474 1493 5547 operari
1541 5475 1866 5530 secundum

213 5561 425 5638 ipsam,
454 5563 785 5624 maximum
822 5567 914 5622 est
958 5564 1132 5623 verbo
1179 5568 1238 5623 et
1282 5563 1545 5639 exemplo
1574 5562 1868 5623 elucidars

1905 4518 1948 4582 D

1976 3266 2110 3322 spes
2141 3248 2406 3304 omnium
2438 3248 2700 3304 ﬁdelium
2731 3249 3082 3322 generando.
3105 3248 3471 3318 Inmegratia
3514 3267 3629 3307 om-

1975 3339 2066 3393 nis
2097 3339 2204 3394 υἱέε
2230 3345 2279 3393 et
2309 3339 2574 3406 veritatis,
2603 3340 2662 3393 in
2690 3355 2777 3393 mc
2801 3346 2878 3394 est
2905 3339 3081 3394 omnis
3108 3355 3228 3406 spes
3255 3341 3384 3396 vitae
3419 3346 3470 3396 et
3509 3341 3630 3396 vir-

1978 3425 2417 3491 tutis.Quoniam
2445 3443 2560 3481 non
2585 3426 2772 3481 solum
2809 3425 2928 3481 haec
2952 3426 3009 3481 in
3041 3443 3133 3482 me
3165 3442 3268 3499 per
3296 3427 3629 3500 exemplum

1978 3515 2349 3582 ostendo,sed
2384 3515 2560 3570 etiam
2592 3513 2758 3569 illum
2793 3515 2890 3586 qui
2925 3519 3015 3570 est
3047 3531 3060 3570 :
3094 3513 3303 3587 plenus
3345 3516 3543 3588 gratiae
3573 3521 3632 3574 et

1976 3604 2240 3660 veritatis
2269 3609 2453 3676 (Joan.
2489 3608 2547 3672 l),
2607 3625 2634 3653 n
2690 3603 2788 3675 qui
2833 3607 2920 3658 est
2968 3625 2997 3653 «
3044 3603 3158 3674 via,
3184 3604 3396 3660 veritas
3425 3609 3482 3661 et
3509 3605 3632 3662 vita

1980 3694 2162 3767 (Joan.
2195 3697 2332 3762 xxv),
2367 3716 2395 3742 ››
2429 3692 2530 3765 qui
2579 3697 2667 3749 est
2715 3707 2870 3764 spes,
2921 3691 3106 3748 virtus
3157 3696 3214 3748 et
3261 3693 3629 3767 refrigerium

1980 3784 2245 3838 omnium
2276 3781 2559 3846 ﬁdelium,
2592 3780 2650 3836 in
2685 3798 2812 3837 meo
2846 3785 3006 3837 utero
3035 3783 3472 3853 gesto.Transite
3500 3800 3627 3855 ergo

1979 3872 2048 3927 ad
2077 3889 2163 3928 me
2192 3888 2295 3944 per
2327 3870 2733 3940 imitationem,
2767 3871 2864 3942 qui
2891 3871 3270 3942 concupiscitis
3300 3887 3407 3939 me,
3442 3871 3499 3926 id
3541 3877 3632 3929 est

1978 3961 2179 4027 vitam,
2211 3960 2660 4016 sanctimoniam
2692 3964 2749 4014 et
2778 3959 3024 4031 gloriam
3049 3967 3368 4028 meam,eta
3399 3976 3628 4030 genera-

1979 4050 2222 4106 tionibus
2240 4050 2396 4118 meis,
2427 4047 2487 4102 id
2519 4053 2608 4104 est
2639 4048 2711 4102 ab
2741 4047 3032 4120 Unigeniti
3066 4047 3177 4104 mei
3218 4047 3629 4106 benedictioni-

1981 4139 2092 4194 bus
2125 4138 2436 4210 imptemini
2461 4155 2480 4192 :
2511 4136 2750 4208 Spiritus
2779 4137 2928 4191 enim
2951 4151 3122 4202 meus,
3159 4136 3216 4191 id
3244 4141 3333 4192 est
3372 4137 3628 4210 Spiritus

1980 4232 2220 4283 sanctus
2247 4225 2345 4298 qui
2375 4224 2752 4298 singulariter
2800 4223 2858 4279 in
2913 4241 3006 4280 me
3054 4225 3388 4296 supervenit
3431 4230 3489 4283 et
3537 4243 3628 4284 re-

1980 4314 2247 4387 quiescit,
2295 4330 2460 4386 super
2505 4313 2613 4368 mel
2661 4320 2740 4368 est
2785 4311 2980 4380 dutcis,
3031 4313 3095 4368 Et
3151 4313 3441 4371 hwreditas
3483 4331 3625 4384 mea,

1980 4422 2156 4477 quam
2189 4403 2409 4460 scilicet
2438 4403 2623 4459 habco
2667 4420 2800 4458 cum
2850 4403 2994 4459 Filio
3034 4419 3182 4471 meo,
3216 4422 3392 4476 super
3419 4405 3628 4464 choros

1978 4493 2344 4568 angelorum,
2377 4497 2466 4548 est
2486 4508 2650 4565 super
2676 4493 2783 4548 mel
2811 4500 2863 4548 et
2887 4495 3094 4564 favum.
3129 4491 3386 4548 Memoria
3415 4511 3534 4550 mea
3566 4496 3628 4551 in

1976 4585 2324 4654 generatione
2355 4583 2704 4648 saeculorum,
2753 4581 2890 4653 quia
2920 4605 2948 4632 ‹‹
2991 4597 3062 4637 ex
3107 4580 3214 4637 hoc
3259 4581 3488 4638 beatam
3533 4600 3627 4641 me

1979 4671 2172 4728 dicent
2219 4688 2422 4727 omnes
2471 4670 2874 4744 generationes
2905 4671 3054 4742 (Luc.
3091 4673 3188 4737 1).»
3214 4670 3321 4738 Qui
3347 4669 3514 4726 edunt
3539 4688 3628 4728 me

1978 4761 2155 4817 adhuc
2178 4763 2438 4825 esurient,
2470 4768 2521 4815 et
2550 4761 2646 4832 qui
2680 4761 2872 4814 bibunt
2901 4775 2988 4815 me
3033 4757 3212 4814 adhuc
3236 4759 3446 4820 sitiant.
3479 4759 3630 4828 Quia

1979 4855 2197 4922 quanto
2229 4849 2410 4920 aliqui
2444 4847 2646 4904 ﬁdeles
2694 4865 2887 4903 mores
2918 4851 2974 4903 et
3003 4846 3245 4903 virtutes
3291 4864 3450 4902 meas
3498 4866 3628 4921 per-

1977 4938 2167 5012 cipere
2197 4942 2253 4993 et
2281 4937 2499 4993 imitari
2538 4936 2835 5009 incipient,
2887 4940 3047 4991 tanto
3098 4937 3287 5009 magis
3335 4941 3390 4992 et
3438 4937 3626 5011 magis

1977 5045 2076 5084 eas
2142 5026 2609 5091 admirabuntur,
2679 5030 2736 5081 et
2797 5041 2894 5080 eas
2961 5025 3151 5099 magis
3233 5025 3450 5082 sitient.
3521 5027 3629 5096 Qui

1975 5117 2130 5173 audit
2156 5132 2262 5186 me,
2321 5131 2424 5188 per
2479 5114 2884 5182 imitationem,
2944 5131 3059 5169 non
3113 5115 3522 5184 confundetur,
3575 5125 3628 5174 et

1975 5209 2071 5280 qui
2099 5213 2395 5278 operantur
2425 5206 2483 5260 in
2512 5221 2598 5260 me
2627 5203 2684 5259 id
2716 5208 2804 5260 est
2833 5204 3156 5260 secundum
3209 5220 3323 5271 me,
3363 5222 3473 5260 non
3500 5222 3623 5278 pec-
3665 5201 3684 5214 ”

1973 5298 2191 5352 cabunt.
2222 5296 2286 5350 Et
2314 5296 2413 5368 qui
2449 5293 2728 5350 elucidant
2772 5309 2876 5360 me,
2926 5293 2984 5350 id
3035 5297 3124 5349 est
3171 5310 3384 5362 mores,
3435 5294 3624 5351 virtu-

1973 5391 2062 5442 tes
2109 5389 2165 5440 et
2224 5384 2594 5440 sanctitatem
2654 5399 2843 5438 meam
2891 5382 3081 5439 verbis
3137 5387 3196 5439 et
3241 5382 3412 5440 factis
3459 5398 3624 5457 expo-

1976 5477 2124 5530 nunt
2188 5478 2245 5530 et
2320 5471 2656 5544 praedicant,
2726 5474 2897 5528 vitam
2971 5480 3243 5531 aeternam
3325 5473 3620 5529 habebunt.

1973 5563 2137 5634 Ecce,
2169 5561 2410 5620 domina
2455 5565 2512 5619 et
2556 5566 2742 5620 mater
2770 5566 2999 5635 nostra,
3026 5579 3134 5623 nos
3189 5560 3424 5623 minimi
3471 5559 3624 5625 servi
