4002 6078
192 191 352 252 1445

1324 183 1701 246 HOMILI/E.
1733 172 1811 229 ἕ-
1837 183 1887 245 Ῑ.
1935 184 2037 247 DE
2076 184 2477 252 TEMPORE.

3424 189 3598 253 1146

158 359 167 363 -
193 322 325 395 ejus
356 320 523 378 fauce
566 319 858 377 liberaret.
892 317 1038 375 Hinc
1081 318 1248 374 beato
1285 318 1395 373 Job
1425 317 1566 387 dicit
1597 335 1647 373 :«
1682 319 1840 373 Nun-
1871 320 1928 387 Α
1956 318 2038 374 ita
2068 320 2419 393 Redemptor
2439 324 2636 377 noster
2656 338 2759 396 per
2781 322 3171 396 quadraginta
3191 324 3339 379 duas
3363 339 3600 396 genera-

197 409 339 484 quid
370 409 569 483 capies
600 407 915 465 Leviathan
947 407 1162 463 hamo?
1184 407 1364 475 »(Job.
1388 410 1504 476 XL.)
1527 406 1843 473 Subaudis,

196 503 264 556 ut
291 497 714 572 ego,qui,dum
740 496 952 553 Filium
978 513 1175 553 meum
1199 499 1481 568 tanquam
1512 496 1753 551 hamum
1786 496 1847 550 in

160 654 165 659 ί
196 604 372 645 carne
392 587 710 656 abscondo,
728 585 1027 642 diabolum
1050 584 1244 642 carnis
1264 584 1501 641 avidum
1523 585 1844 657 capio.Qui,

197 679 340 734 dum
371 675 562 743 illum,
586 676 643 731 in
671 691 844 749 quem
868 675 973 747 jus
996 691 1113 731 non
1134 674 1407 743 habebat,
1432 674 1643 748 glutire
1663 674 1847 746 cupit,

196 765 374 824 etiam
419 781 608 839 genus
646 763 974 820 humanum
1005 764 1065 819 in
1096 780 1211 836 quo
1234 764 1336 835 jus
1365 763 1580 819 habere
1614 763 1847 819 videba-

197 859 315 924 tur,
350 853 584 912 amittit.
617 854 905 922 Secundo,
938 853 1364 909 consideranda
1404 857 1494 909 est
1540 852 1849 909 diversitas

196 960 604 1018 personarum,
629 960 757 1016 quea
784 942 845 998 in
878 942 986 999 hac
1016 946 1316 1015 ponuntur
1342 940 1710 1015 genealogia;
1743 958 1848 1013 po—

197 1037 425 1090 nuntur
452 1036 649 1089 autem
681 1031 777 1087 hic
804 1035 925 1088 tam
955 1030 1063 1087 viri
1085 1048 1261 1104 quam
1284 1030 1579 1097 mulieres,
1602 1035 1721 1086 tam
1752 1031 1852 1087 Ju-

200 1122 311 1179 dei
360 1139 538 1195 quam
594 1119 861 1195 gentiles,
902 1124 1025 1177 tam
1082 1136 1247 1192 reges
1294 1136 1472 1192 quam
1526 1119 1850 1185 inferiores,

200 1216 324 1268 tam
381 1209 742 1283 antiquiores
788 1226 968 1283 quam
1025 1209 1303 1281 iuniores,
1329 1214 1449 1265 tam
1505 1208 1640 1264 boui
1672 1225 1851 1280 quam

176 1299 388 1357 .mali:
432 1316 638 1356 omnes
689 1299 849 1356 enim
902 1298 1117 1355 Christi
1174 1297 1573 1370 redemptione
1629 1298 1853 1370 indige-

202 1390 368 1447 bant.
398 1389 470 1444 Et
498 1388 629 1445 ideo
684 1387 755 1444 de
811 1386 1078 1443 omnium
1131 1403 1340 1460 genere
1398 1403 1632 1442 carnem
1690 1403 1852 1442 sum-

203 1479 345 1552 psit,
379 1482 445 1533 ut
473 1492 677 1533 omnes
708 1477 1037 1533 redimeret.
1071 1476 1237 1531 Sicut
1265 1477 1422 1531 enim
1456 1475 1597 1531 mali
1628 1475 1853 1548 indige-

204 1568 350 1625 bant
378 1570 748 1640 peccatorum
800 1565 1164 1634 remissione,
1199 1565 1280 1621 ita
1327 1564 1466 1620 boni
1513 1565 1855 1637 indigebant

206 1656 369 1731 regni
402 1654 680 1712 calorum
714 1655 1201 1728 apertione,quod
1233 1653 1347 1709 nisi
1376 1671 1476 1726 per
1504 1653 1850 1726 sanguinem

205 1744 425 1803 Christi
455 1749 681 1818 poterat
717 1743 950 1817 aperiri.
974 1743 1085 1799 Sed
1132 1746 1190 1798 et
1236 1742 1416 1814 aliqui
1466 1741 1604 1798 mali
1636 1743 1765 1797 ideo
1796 1742 1854 1796 in

205 1835 317 1892 hac
344 1833 718 1909 generatione
763 1836 969 1889 sancta
1011 1832 1458 1899 interseruntur,
1491 1835 1555 1887 ut
1584 1832 1855 1887 ostenda-

205 1928 306 1982 tur
332 1921 620 1979 malitiam
653 1939 769 1978 non
800 1922 1005 1978 obesse
1034 1919 1349 1987 sanctitati,
1373 1920 1859 1993 quoniam.juxta

208 2012 574 2088 prophetam,
601 2034 627 2062 «
651 2011 850 2067 anima
881 2027 1008 2082 quae
1040 2009 1379 2083 peccaverit,
1404 2009 1533 2081 ipsa
1556 2026 1667 2064 mo:
1685 2009 1856 2075 ietur,

208 2107 267 2160 et
296 2101 457 2158 ﬁlius
487 2118 603 2157 non
647 2099 900 2173 portabit
942 2098 1316 2172 iniquitatem
1366 2099 1569 2171 patris,
1593 2102 1649 2153 et
1698 2105 1861 2170 pater

211 2208 329 2250 non
360 2189 616 2265 portabit
646 2189 1017 2261 iniquitatem
1048 2187 1152 2243 ﬁlii
1186 2188 1395 2255 (Ezech.
1415 2188 1593 2258 xvm).
1614 2210 1639 2237 n
1671 2187 1857 2242 Justi--

210 2280 292 2337 tia
312 2278 461 2351 justi
494 2295 671 2351 super
698 2294 832 2334 eum
871 2277 1000 2346 erit,
1027 2281 1085 2333 et
1114 2276 1386 2350 impietas
1430 2276 1594 2348 impii
1626 2277 1735 2332 erit
1766 2293 1861 2331 su-

212 2386 318 2444 per
344 2384 501 2425 eum.
524 2368 651 2425 Non
705 2366 862 2424 enim
920 2370 1090 2422 nocet
1118 2366 1271 2421 bono
1302 2366 1450 2437 patri
1486 2365 1709 2420 malitia
1768 2364 1858 2421 sui

212 2457 343 2526 ﬁlii,
366 2457 418 2515 si
441 2463 636 2513 tamen
670 2461 845 2529 prout
874 2455 1065 2528 potuit
1093 2471 1226 2510 eum
1259 2455 1523 2510 correxit.
1552 2455 1665 2510 Nec
1696 2458 1863 2509 nocet

212 2549 366 2604 bono
397 2546 515 2603 ﬁlio
552 2544 774 2601 malitia
807 2544 899 2601 sui
930 2544 1134 2617 patris,
1169 2543 1215 2599 si
1249 2560 1385 2598 eum
1431 2542 1697 2599 imitatus
1747 2561 1861 2599 non

213 2636 410 2693 fuerit.
426 2634 585 2691 Alias
615 2639 671 2691 et
699 2632 927 2689 malitia
959 2631 1061 2687 ﬁlii
1094 2637 1262 2687 nocet
1284 2631 1433 2704 patri
1457 2631 1865 2705 negligenti,ut

213 2728 456 2799 apparet
482 2723 544 2779 in
576 2723 721 2792 Heli,
745 2726 803 2779 et
833 2721 1061 2778 malitia
1088 2720 1274 2793 patris
1299 2724 1466 2775 nocet
1489 2721 1605 2776 ﬁlio
1638 2726 1861 2793 patrem

212 2813 489 2871 imitanti.
515 2812 679 2869 Unde
728 2812 1013 2868 Dominus
1037 2827 1087 2865 ;‹‹
1121 2811 1260 2882 Ego,
1292 2809 1504 2882 inquit,
1530 2827 1661 2864 sum
1712 2810 1864 2866 Deus

215 2903 451 2972 zelotes,
477 2901 780 2958 vindicans
823 2904 1060 2973 peccata
1089 2903 1320 2971 patrum
1366 2899 1426 2953 in
1473 2898 1643 2968 ﬁlios,
1679 2916 1865 2971 usque

215 2993 275 3049 in
296 2992 531 3049 tertiam
553 2995 611 3047 et
630 2994 899 3063 quartam
923 2988 1356 3063 generationem
1377 2988 1567 3056 (Exod.
1586 2993 1737 3056 ξω.»
1751 2989 1863 3044 Sed

1953 409 2142 464 tiones
2172 409 2329 466 venit
2360 412 2430 466 ad
2466 411 2705 467 ﬂuvium
2756 416 2967 468 nostrae
3005 412 3400 481 mortalitatis,
3424 428 3597 485 quem

1954 496 2432 554 victoriosissimo
2461 499 2857 571 pertransiens
2886 500 3094 556 cmlum
3128 501 3382 557 intravit.

2028 587 2144 642 Nos
2175 604 2427 660 quoque,
2462 590 2669 645 fratres
2716 590 2852 655 mei,
2888 607 2991 661 per
3036 588 3299 662 Deralogi
3341 589 3402 645 in
3452 606 3601 663 qua-

1956 678 2091 729 tuor
2134 676 2481 748 Evangeliis,
2533 683 2587 733 et
2618 695 2721 750 per
2761 684 3014 749 quatuor
3039 678 3483 752 Evangeliorum
3540 678 3602 735 in

1957 762 2240 835 Decalego
2298 780 2429 819 cum
2525 767 2760 837 gemina
2832 767 3114 822 charitate
3180 767 3603 840 impletionem,

1959 852 2213 906 stadium
2262 853 2441 926 hujus
2497 855 2627 910 vitre
2683 855 2928 911 feliciter
2983 872 3171 928 usque
3224 857 3297 912 ad
3354 860 3602 912 mortem

1958 940 2286 1008 currimus;
2322 960 2499 1014 quam
2547 943 2690 999 salvi
2722 948 3113 1012 transeuntes,
3147 944 3206 1000 in
3257 950 3423 1001 terrm
3472 961 3607 1017 pro-

1960 1029 2259 1084 missionis
2302 1031 2689 1087 desideratam
2735 1033 2997 1105 requiem
3048 1034 3357 1089 intramus.
3390 1035 3605 1098 Quarto

1960 1116 2137 1172 etiam
2161 1120 2299 1173 ordo
2334 1121 2722 1176 attendendus
2742 1125 2850 1177 est.
2876 1121 3190 1177 Ordinatur
3210 1122 3427 1195 quippe
3455 1139 3605 1195 pra-

1961 1206 2115 1261 fatus
2148 1224 2429 1263 numerus
2461 1225 2562 1280 per
2591 1213 2711 1265 tres
2742 1213 2972 1265 tesserae
3004 1211 3269 1278 decedes,
3297 1210 3355 1266 id
3389 1216 3477 1266 est
3505 1225 3609 1283 per

1962 1300 2214 1368 quatuor
2246 1297 2445 1352 denas.
2473 1297 2665 1353 Prima
2695 1299 3063 1370 protenditur
3091 1299 3162 1354 ab
3192 1298 3484 1354 Abraham
3514 1315 3609 1355 us-

1963 1401 2074 1456 que
2105 1385 2175 1437 ad
2210 1384 2385 1440 David
2420 1401 2635 1458 regem,
2664 1386 2719 1441 id
2743 1390 2830 1440 est
2860 1386 3005 1440 avia
3030 1386 3301 1442 credendi
3326 1403 3514 1459 usque
3534 1387 3608 1442 ad

1962 1471 2249 1544 regimen;
2276 1476 2531 1537 secunda
2563 1492 2595 1529 a
2625 1474 2801 1529 David
2828 1491 3013 1546 usque
3045 1475 3115 1530 ad
3143 1473 3608 1549 transmigratio-

1961 1579 2126 1631 nem;
2160 1562 2330 1617 tertia
2360 1579 2393 1617 a
2424 1563 2938 1637 transmigratione
2965 1579 3151 1637 usque
3182 1564 3253 1619 ad
3286 1564 3607 1621 Christum.

1964 1651 2028 1705 In
2059 1668 2174 1722 quo
2204 1651 2404 1708 ordine
2433 1653 2573 1707 ordo
2604 1652 2787 1709 nostri
2820 1653 3113 1725 profectus
3144 1656 3473 1725 nostraeque
3502 1652 3613 1709 sal-

1965 1739 2212 1795 vationis
2268 1740 2457 1806 nobis,
2508 1741 2715 1798 fratres
2765 1742 2901 1809 mei,
2942 1742 3468 1797 demonstratur.A
3498 1743 3613 1799 ﬁde

1965 1828 2121 1883 enim
2152 1845 2279 1900 quae
2311 1834 2399 1884 est
2448 1830 2892 1886 fundamentum
2925 1830 3190 1886 omnium
3220 1829 3522 1899 virtutum,
3557 1834 3616 1886 et

1967 1916 2090 1973 sine
2122 1934 2237 1989 qua
2267 1917 2413 1972 nihil
2458 1923 2647 1991 potest
2694 1919 2921 1991 placere
2952 1919 3067 1975 Deo
3117 1920 3297 1989 (Hebr.
3327 1920 3427 1992 x1),
3459 1919 3613 1976 viam

1967 2007 2039 2062 ad
2092 2007 2389 2061 Christum
2452 2008 2785 2079 incipimus.
2822 2012 2956 2075 Quae
3016 2026 3131 2065 non
3190 2009 3427 2079 sufﬁcit,
3477 2009 3618 2083 quia

1968 2119 1995 2146 «
2025 2096 2166 2150 ﬁdes
2198 2096 2323 2151 sine
2370 2096 2643 2168 operibus
2693 2102 2923 2153 mortua
2972 2102 3062 2153 est
3091 2100 3222 2167 (Jac.
3247 2103 3331 2168 It),
3358 2121 3385 2149 »
3419 2099 3517 2155 sed
3548 2114 3619 2155 ex

1969 2200 2035 2240 ea
2068 2185 2434 2256 proﬁcientes
2457 2189 2512 2239 et
2538 2203 2642 2258 per
2662 2186 3124 2258 quatuordecim,
3146 2188 3203 2243 id
3226 2192 3313 2243 est
3329 2204 3431 2260 per
3448 2188 3621 2244 Deca-

1968 2272 2083 2345 logi
2108 2278 2162 2328 et
2180 2278 2432 2345 quatuor
2446 2274 2889 2348 Evangeliorum
2910 2276 3332 2344 doctrinam,ad
3348 2292 3617 2350 regnum,

1970 2380 2084 2433 quo
2108 2361 2330 2417 scilicet
2351 2379 2457 2418 nos
2478 2367 2534 2418 et
2557 2364 2702 2419 alios
2724 2365 2869 2420 bene
2892 2382 3089 2438 regere
3111 2366 3390 2434 sciamus,
3414 2382 3618 2439 perve-

1970 2452 2185 2507 nimus.
2209 2451 2319 2506 Sed
2351 2469 2456 2507 nee
2478 2452 2571 2507 hic
2601 2453 2883 2508 debemus
2906 2470 3151 2522 cessare,
3174 2452 3291 2511 imo
3321 2455 3392 2509 ad
3421 2458 3619 2512 trans-

1972 2541 2378 2611 migrationem
2404 2541 2610 2596 divinae
2644 2541 3152 2615 contemplationis
3182 2547 3301 2599 toto
3332 2541 3620 2600 desiderio

1971 2630 2236 2696 tendere;
2261 2646 2437 2700 quam
2470 2646 2570 2701 per
2590 2630 3053 2701 quatuordecim,
3078 2631 3135 2686 id
3159 2635 3247 2687 est
3270 2648 3373 2703 per
3397 2636 3619 2704 septem

1973 2718 2123 2773 dona
2157 2718 2410 2789 Spiritus
2444 2718 2650 2784 sancti,
2677 2719 2735 2773 in
2768 2719 3002 2790 gemina
3031 2719 3314 2775 charitate
3342 2719 3617 2793 duplicati

1974 2807 2355 2878 acquirimus.
2374 2806 2576 2862 Unctio
2598 2807 2753 2862 enim
2788 2807 3042 2878 Spiritus
3064 2809 3227 2864 docet
3251 2826 3357 2865 nos
3379 2812 3428 2879 (Ι
3448 2814 3619 2866 Joan.

1974 2898 2033 2967 11)
2063 2895 2307 2951 interius
2327 2914 2441 2967 quo
2468 2897 2704 2951 tendere
2726 2896 3063 2963 debeamus,
3081 2901 3138 2952 et
3166 2898 3496 2954 inﬂammat
3518 2914 3625 2954 nos

1974 3003 2077 3057 per
2106 3002 2302 3040 verum
2335 3000 2615 3052 amorem,
2647 2988 2711 3039 ut
2740 2988 2859 3039 toto
2899 2984 3187 3041 desiderio
3217 3003 3251 3041 a
3278 2986 3526 3042 terrenis
3552 2986 3625 3043 ad

218 3098 326 3139 nec
346 3061 670 3139 econtrario
692 3061 1134 3150 bonitasvpatris
1156 3076 1390 3149 prodest
1410 3076 1563 3132 malo
1588 3076 1725 3143 ﬁlio,
1749 3076 1867 3132 imo
1900 3061 1943 3128 C
1977 3078 2211 3139 interna,
2228 3089 2261 3127 a
2283 3072 2501 3126 mundo
2523 3073 2593 3127 ad
2624 3076 2802 3127 Deum
2830 3073 3338 3147 transmigremus.
3361 3075 3471 3131 Sed
3504 3075 3626 3132 haec

221 3175 409 3239 nocet,
430 3170 571 3226 dum
594 3167 957 3242 propositum
976 3171 1032 3222 et
1050 3165 1382 3240 proximum
1403 3165 1515 3221 sibi
1536 3166 1867 3239 exemplum

223 3259 390 3333 sequi
416 3257 757 3316 contemnit.
790 3257 906 3313 Nec
935 3255 1168 3312 bonitas
1200 3254 1301 3309 ﬁlii
1334 3256 1572 3328 prodest
1600 3255 1752 3311 malo
1776 3273 1871 3328 pa-

217 3351 316 3418 tri,
336 3348 439 3423 qui
468 3364 573 3405 nec
598 3347 775 3403 verbo
804 3362 911 3402 nec
941 3344 1204 3418 exemplo
1235 3360 1368 3400 eum
1400 3343 1695 3400 instruxit.
1729 3346 1869 3400 Ter-

218 3440 303 3495 tio
332 3454 467 3495 vero
519 3452 804 3493 numerus
854 3434 1244 3490 attendendus
1286 3437 1393 3489 est.
1441 3433 1871 3489 Enumerantur

219 3527 315 3583 hic
346 3525 735 3601 quadraginta
763 3524 890 3579 duae
943 3522 1346 3596 generationes
1392 3539 1577 3595 usque
1609 3522 1680 3577 ad
1713 3522 1871 3577 Chri-

220 3621 401 3673 stum.
434 3615 699 3672 Totidem
733 3629 964 3685 quoque
1004 3610 1412 3667 mansionibus
1444 3611 1545 3666 ﬁlii
1590 3611 1763 3667 Israel
1796 3612 1869 3666 ad

218 3711 438 3763 terram
470 3702 879 3778 promissionis
921 3703 1326 3774 pervenerunt.
1360 3700 1476 3755 Nos
1508 3717 1739 3773 quoque
1769 3717 1872 3772 per

218 3796 484 3868 ejusdem
514 3791 744 3848 numeri
775 3799 1231 3859 sacramentum,
1262 3788 1319 3843 id
1353 3794 1441 3845 est
1475 3806 1575 3861 per
1604 3788 1869 3863 Decalogi

217 3885 279 3941 in
312 3888 563 3957 quatuor
584 3879 925 3954 Evangeliis,
949 3883 1006 3935 et
1026 3896 1129 3952 per
1149 3883 1401 3951 quatuor
1422 3877 1866 3951 Evangeliorum

220 3975 280 4030 in
312 3971 765 4043 Decalogo,cum
800 3968 1034 4043 gemina
1061 3967 1341 4024 cheritate
1370 3965 1770 4040 impletionem
1798 3969 1868 4022 ad

206 4069 434 4119 .terram
468 4058 873 4133 promissionis
917 4061 974 4113 et
1019 4057 1090 4112 ad
1123 4055 1421 4112 Christum
1470 4056 1867 4128 pervenimus.

221 4150 546 4224 Decalogus
573 4148 727 4205 enim
761 4151 818 4203 et
855 4150 1107 4219 quatuor
1145 4144 1455 4217 Evangelia
1484 4145 1609 4201 sine
1638 4146 1872 4219 gemina

222 4239 526 4305 charitate,
544 4236 644 4294 Dei
666 4235 934 4292 videlicet
961 4239 1018 4290 et
1045 4232 1314 4306 proximi,
1341 4250 1456 4289 non
1490 4240 1737 4306 possunt
1765 4251 1872 4291 nos

222 4331 295 4386 ad
328 4334 545 4385 terram
576 4324 983 4399 promissionis
1012 4328 1069 4379 et
1108 4323 1178 4377 ad
1210 4321 1502 4377 Christum
1535 4324 1867 4395 perducere.

1978 3160 2413 3233 transmigratio
2456 3160 2970 3233 contemplationis
3018 3163 3268 3235 aenigma
3293 3167 3382 3219 est
3410 3167 3467 3219 et
3494 3180 3626 3220 um-

1980 3250 2225 3322 bratilis.
2253 3250 2381 3304 «Ex
2429 3254 2591 3321 parte
2639 3250 2795 3306 enim
2846 3250 2939 3305 hic
2990 3252 3419 3325 cognoscimus,
3455 3256 3512 3307 et
3558 3269 3629 3308 ex

1977 3344 2141 3412 parte
2172 3338 2588 3411 prophetamus
2610 3342 2661 3405 (Ι
2677 3340 2799 3395 Cor.
2822 3344 2970 3408 x111).
2995 3362 3022 3389 »
3048 3339 3208 3396 Unde
3239 3340 3523 3396 Dominus
3554 3342 3627 3397 ad

1979 3429 2215 3501 Moysen
2241 3445 2253 3483 :
2281 3451 2305 3477 ‹‹
2328 3427 2451 3483 Non
2486 3428 2703 3483 videbit
2750 3445 2864 3499 me,
2908 3427 3120 3500 inquit,
3153 3428 3327 3485 homo
3377 3434 3434 3485 et
3476 3429 3630 3487 vivet

1979 3518 2169 3584 (Exod.
2212 3517 2427 3589 xxxm).
2456 3540 2483 3565 ››
2511 3518 2835 3589 Propterea,
2867 3518 3073 3573 fratres
3114 3519 3251 3584 mei,
3276 3519 3347 3574 ab
3379 3518 3487 3575 hac
3517 3536 3627 3575 un-

1978 3606 2171 3662 bratili
2206 3606 2714 3678 contemplationis
2766 3607 3278 3679 transmigratione
3316 3608 3386 3663 ad
3430 3625 3626 3665 veram

1978 3695 2077 3752 Dei
2113 3694 2392 3751 visionem
2425 3695 2709 3751 debemus
2742 3694 3037 3760 festinare,
3060 3696 3360 3768 cupientes
3391 3696 3627 3753 dissolvi

1978 3789 2036 3839 et
2067 3801 2195 3839 esse
2227 3801 2359 3838 cum
2392 3783 2620 3839 Christo
2653 3784 2922 3856 (Philipp.
2958 3784 3019 3857 ι).
3051 3784 3137 3839 Ad
3169 3785 3324 3856 quod
3357 3802 3461 3857 per
3479 3802 3630 3858 qua-

1978 3872 2301 3928 tuordecim
2333 3872 2725 3944 pervenimus,
2760 3873 2817 3927 id
2852 3880 2936 3927 est
2979 3889 3082 3944 per
3109 3873 3321 3946 duplex
3361 3878 3627 3947 septena-

1979 3961 2154 4028 rium,
2181 3962 2288 4016 hoc
2318 3966 2408 4016 est
2448 3978 2550 4033 per
2580 3960 2873 4035 duplicem
2907 3961 3165 4034 corporis
3192 3965 3248 4017 et
3278 3963 3486 4018 anima:
3534 3979 3628 4019 re-

1980 4051 2196 4123 quiem,
2215 4067 2339 4122 quae
2371 4050 2431 4104 in
2455 4050 2816 4121 depositione
2844 4050 3023 4121 hujus
3054 4050 3428 4108 mortalitatis
3447 4051 3630 4123 justis

1980 4140 2293 4195 confertur.
2319 4137 2483 4194 Unde
2518 4137 2831 4194 Psalmista
2864 4155 2877 4194 :
2906 4162 2933 4189 «
2963 4139 3108 4194 Cum
3139 4140 3382 4209 dederit,
3414 4140 3626 4214 inquit,

1980 4228 2207 4284 dilectis
2239 4227 2362 4283 suis
2404 4244 2699 4295 somnum,
2733 4244 2863 4283 ecce
2895 4227 3200 4286 haereditas
3241 4229 3496 4299 Domini,
3523 4230 3629 4286 ﬁlii

1980 4334 2203 4373 merces
2236 4318 2462 4371 fructus
2494 4315 2710 4371 ventris
2734 4318 2903 4384 (Paul.
2927 4318 3170 4389 cxxvr).»
3191 4319 3269 4373 Ac
3291 4319 3337 4374 si
3371 4320 3625 4375 diceret:

222 4419 387 4477 Unde
418 4416 703 4473 Dominus
734 4414 793 4469 in
824 4411 1130 4486 Evangelia
1154 4428 1207 4467 ει(
1239 4411 1302 4466 In
1334 4410 1445 4475 his,
1474 4410 1688 4483 inquit,
1723 4413 1872 4468 duo-
1903 4428 1950 4493 D
1981 4413 2126 4463 Dum
2161 4412 2299 4462 sunt
2327 4405 2386 4461 in
2418 4406 2528 4461 hoc
2571 4404 2782 4461 saeculo
2809 4404 2974 4461 electi
3024 4423 3158 4461 cum
3205 4408 3488 4479 reprobis,
3522 4407 3627 4464 ﬁlii

221 4509 336 4565 bus
365 4504 817 4569 mandatis,tota
843 4501 935 4558 lex
981 4501 1192 4574 pendet
1236 4503 1293 4555 et
1346 4500 1637 4572 prepbetae
1661 4501 1869 4570 (Matth.

200 4600 382 4666 .xxn).
410 4617 439 4645 ››
464 4596 535 4651 Et
561 4592 875 4650 Psalmista
905 4607 918 4645 :
943 4613 971 4642 ‹‹
990 4589 1180 4656 Viam,
1206 4588 1417 4661 inquit,
1459 4591 1871 4646 mandatorum

220 4689 460 4741 tuorum
510 4681 770 4749 cucurri,
808 4695 940 4735 cum
991 4676 1248 4733 dilatasti
1300 4693 1400 4732 eor
1455 4694 1649 4733 meum
1700 4680 1871 4746 (Psat.

222 4776 440 4842 cxvm),
464 4794 492 4823 »
528 4768 814 4827 subaudis
860 4784 962 4840 per
990 4765 1334 4822 charitatem
1369 4782 1498 4838 quae
1547 4768 1878 4823 extenditur

223 4863 403 4921 etiam
433 4875 621 4933 usque
644 4859 715 4914 ad
743 4857 1072 4913 inimicum.
1089 4854 1252 4920 Quod
1274 4853 1412 4909 alibi
1435 4871 1730 4927 exponens
1753 4857 1871 4912 ait:

226 4976 255 5006 ‹‹
278 4949 486 5009 Omnis
506 4945 1037 5006 consummationis
1063 4942 1182 4999 vidi
1207 4945 1401 5012 ﬁnem,
1426 4943 1610 5001 latum
1640 4946 1877 5003 manda—

224 5047 357 5100 tum
406 5043 577 5095 tuum
606 5035 786 5092 nimis
819 5033 1001 5106 (Ιὸἰιῑ.)
1028 5055 1056 5083 ››
1083 5034 1308 5100 Quanto
1367 5032 1522 5090 enim
1577 5034 1758 5090 Deum
1819 5040 1877 5090 et

225 5127 561 5205 proximum
613 5123 931 5181 ferventius
978 5120 1300 5194 diligimus,
1353 5124 1514 5178 tanto
1563 5122 1792 5179 facilius
1822 5126 1879 5179 et

223 5217 485 5277 velocius
530 5215 811 5272 mandata
866 5210 968 5268 Dei
1026 5210 1444 5284 percurrimus.
1480 5212 1643 5268 Sicut
1699 5212 1880 5285 igitur

226 5308 334 5365 ﬁlii
366 5303 542 5363 Israel
574 5320 676 5376 per
703 5299 1090 5376 quadraginta
1118 5301 1268 5355 duas
1298 5299 1631 5357 mansiones
1661 5301 1731 5357 ad
1765 5301 1878 5357 ﬁu-

225 5398 390 5455 vium
418 5392 694 5453 Jordanis
723 5392 1130 5465 pervenerunt,
1155 5405 1332 5461 quem
1356 5388 1508 5445 sicco
1541 5391 1684 5463 pede
1709 5389 1880 5449 mira-

206 5486 424 5549 biliter
439 5485 814 5543 transeuntes
828 5485 1046 5541 terram
1060 5476 1468 5556 promissionis
1489 5478 1877 5557 intraverunt,

1982 4497 2172 4552 liberae
2196 4513 2329 4550 cum
2356 4494 2491 4549 ﬁliis
2514 4493 2736 4549 ancillae
2766 4493 2939 4549 simul
2962 4493 3334 4567 vapulantur,
3357 4497 3628 4570 affligun-

1981 4592 2099 4653 tur,
2133 4589 2187 4640 et
2218 4584 2525 4656 patiuntur
2566 4582 2976 4638 tribulationes
3033 4581 3213 4656 hujus
3262 4585 3483 4641 mundi.
3517 4585 3627 4642 Sed

1989 4696 2017 4727 ‹‹
2040 4691 2173 4730 enm
2207 4673 2431 4729 dederit
2461 4673 2744 4728 Dominus
2766 4671 2992 4728 dilectis
3012 4672 3137 4729 suis
3159 4690 3432 4730 somnum
3459 4696 3486 4724 ››
3509 4691 3632 4731 cor-

1984 4763 2198 4837 poralis
2230 4762 2454 4829 mortis,
2485 4785 2509 4811 ‹‹
2547 4778 2726 4817 ecce»
2751 4779 2907 4817 nunc
2951 4763 3126 4817 datur
3155 4762 3238 4818 eis
3260 4786 3287 4813 ‹‹
3322 4763 3629 4820 hereditas

1984 4851 2235 4917 Domini,
2270 4852 2373 4907 ﬁlii
2406 4868 2628 4907 merces
2676 4852 2901 4907 fructus
2943 4851 3184 4918 ventris,
3211 4874 3238 4901 »
3269 4852 3489 4909 scilicet
3516 4851 3630 4908 vir-

1984 4941 2217 5015 ginalis.
2244 4941 2480 5011 Propter
2536 4939 2644 4995 hoc
2683 4940 2839 4995 enim
2876 4938 3055 4995 Filius
3090 4940 3184 4995 Dei
3242 4958 3303 4998 se
3359 4940 3632 4998 humilia-

1984 5031 2085 5096 vit,
2115 5036 2171 5085 et
2201 5031 2270 5085 de
2299 5028 2536 5101 Virgine
2568 5034 2740 5084 natus
2771 5033 2879 5095 est,
2906 5034 2966 5084 ut
2998 5033 3272 5086 aeternam
3304 5031 3475 5088 nobis
3505 5047 3631 5088 me-

1986 5124 2212 5176 reretur
2242 5117 2663 5173 hazreditatem.
2697 5119 2936 5190 Propter
2975 5118 3085 5173 hoc
3116 5124 3206 5175 est
3235 5120 3423 5176 factus
3451 5121 3635 5192 parti-

1987 5225 2122 5281 ceps
2169 5206 2412 5262 vilitatis
2474 5211 2705 5275 nostrae,
2752 5210 2813 5261 ut
2872 5224 2978 5263 nos
3037 5206 3253 5263 faceret
3307 5207 3636 5265 cobreredes

1988 5295 2369 5353 beatitudinis
2399 5311 2539 5361 :tuze,
2581 5294 2864 5351 claritatis
2909 5313 3051 5361 suae,
3083 5295 3279 5369 gloriae
3312 5314 3451 5353 sum.
3481 5295 3635 5352 Vile-

1990 5389 2155 5443 scant
2198 5384 2381 5456 igitur
2424 5383 2614 5453 nobis,
2638 5386 2849 5440 fratres
2899 5384 3251 5451 charissimi,
3276 5384 3510 5451 divitiae,
3540 5382 3639 5439 ho-

1989 5490 2184 5543 nores,
2229 5471 2559 5549 voluptates
2613 5478 2672 5533 et
2729 5469 2928 5549 gloriae
2984 5473 3313 5546 saeculares,
3361 5470 3642 5531 vilescunt
