4002 6078
536 192 685 254 iw
1809 183 2203 248 RADULPHI
2249 183 2662 248 ARDENTIS.
3757 185 3884 248 ius

532 323 700 380 nobis
716 318 1154 394 quecunquein
1171 317 1282 375 hoc
1298 316 2174 389 saeculovidemus,quaacunque
2201 318 2257 385 Α
2287 317 2431 373 mini
2460 318 2678 390 ejectus
2702 321 2811 384 est,
2827 316 3101 390 gentibus
3131 315 3348 389 ubique
3376 319 3661 373 terrarum
3680 317 3746 372 ad
3773 333 3885 389 pra-

531 413 625 468 hic
655 409 1048 484 possidemus,
1080 424 1184 480 pro
1222 407 1536 463 mercanda
1563 405 1664 461 illa
1691 410 1907 461 aeterna
1936 405 2180 462 beatitu-
2285 406 2636 462 dicationem
2653 405 3048 480 apostolorum
3062 404 3430 462 credentibus
3445 404 3882 462 etabrenuntian-
3963 443 3965 454 ι

531 500 666 556 dine
696 504 752 555 et
783 497 1137 564 hereditate,
1172 513 1274 568 per
1317 512 1493 567 opera
1533 494 1946 550 misericordiae
1978 493 2175 549 distri-
2283 494 2443 551 tibus
2464 493 2698 550 diabolo
2721 498 2777 550 et
2807 493 3039 568 pompis
3068 495 3217 564 ejus.
3241 493 3349 562 Qui
3379 493 3614 566 quidem
3634 493 3878 563 diabolus,
3963 513 3965 550 π

530 586 890 652 buamus,ad
922 583 1024 640 illa
1052 588 1175 639 tota
1216 587 1428 650 mente,
1453 586 1572 637 toto
1611 581 1897 638 desiderio
1945 581 2177 638 festine—
2285 583 2551 656 quamvis
2571 600 2605 638 a
2629 582 2904 640 cordibus
2931 583 3396 656 patriarcharum
3427 587 3486 638 et
3513 581 3878 656 prophetarum

530 693 684 742 mus,
710 677 863 732 bona
881 673 1016 738 vita,
1042 671 1330 743 bonisque
1363 671 1625 727 moribus
1647 671 1719 725 ad
1750 670 1850 726 illa
1879 671 2176 742 pervenire

529 766 895 821 studeamus.
925 761 1085 828 Quod
1129 761 1355 816 meritis
1402 764 1458 815 et
1506 759 1778 832 precibus
1822 759 2174 816 beatissima:

527 853 784 926 Virginis
815 855 872 907 et
901 850 1106 906 matris
1136 867 1253 905 suae
1293 848 1462 904 nobis
1493 849 1773 904 concedat
1802 848 2088 904 Dominus
2117 852 2176 905 et

529 943 880 1012 Redemptor
909 941 1106 994 noster
1133 938 1306 993 Jesus
1327 936 1729 1009 Christus,qui
1759 954 1891 992 cum
1922 937 2088 992 Patre
2118 940 2175 993 et

528 1030 747 1102 Spiritu
780 1032 982 1086 sancto
1010 1026 1150 1081 vivit
1194 1030 1251 1081 et
1294 1029 1497 1099 regnat
1527 1025 1681 1082 Deus
1708 1042 1812 1099 per
1841 1026 2038 1082 omnia
2068 1043 2172 1081 saa-

525 1119 658 1176 cula
687 1117 1054 1175 saeculorum.
1087 1117 1292 1171 Amen.

1137 1245 1154 1260 ·ι
1233 1221 1468 1278 XXXVI.

849 1312 908 1351 ΙΝ
949 1310 1323 1350 εΧΑιΤΑτιοΝΕ
1361 1309 1590 1348 ΒΑΝΟΤΕ
1627 1309 1851 1348 CRUCIS.

519 1425 530 1434 ς
595 1388 750 1445 Nunc
785 1385 1064 1458 judicium
1100 1391 1178 1440 est
1233 1381 1447 1452 mundi,
1497 1398 1646 1436 nunc
1698 1383 1954 1454 princeps
2009 1381 2174 1452 hujus

523 1475 721 1533 mundi
739 1475 990 1546 ejicietur
1010 1476 1353 1543 foras(Joan.
1374 1471 1495 1543 xu),
1511 1475 1567 1526 et
1589 1469 1832 1542 reliqua.
1853 1471 1983 1526 Hazc
2005 1469 2172 1526 lectio

524 1562 710 1620 sancti
731 1559 1045 1633 Evangelii,
1071 1559 1278 1614 fratres
1309 1558 1443 1625 mei,
1470 1558 1896 1630 quadripertita
1925 1563 2031 1614 est.
2058 1557 2174 1613 Pri-

524 1669 619 1707 mo
645 1651 801 1706 enim
825 1648 967 1704 dicit
987 1646 1270 1703 Dominus
1293 1646 1698 1718 perjudicium
1721 1645 2044 1719 principem
2069 1646 2173 1702 hu.
2201 1689 2246 1756 Β

526 1741 538 1754 .
769 1736 846 1756 γλ,
889 1735 1227 1756 sumsum
1282 1735 1339 1756 λ,
1377 1735 1589 1756 ____s-
1636 1735 1895 1756 (κυμι-
1939 1735 2138 1756 sm”

513 1741 616 1813 jus
646 1736 851 1794 mundi
882 1735 1234 1807 ejiciendum
1275 1735 1345 1790 de
1377 1735 1616 1789 mundo.
1636 1735 1902 1790 Secundo
1933 1735 2170 1790 demon-

521 1834 637 1884 trat
658 1845 760 1901 per
778 1825 932 1898 quod
953 1824 1064 1880 hoc
1087 1823 1280 1891 faciat,
1295 1827 1352 1879 et
1375 1823 1685 1896 quomodo.
1706 1824 1899 1879 Tertio
1922 1840 2168 1896 respon-

521 1919 723 1973 dentes
745 1917 771 1971 .l
785 1915 1019 1983 udzei,se
1042 1913 1384 1984 mysterium
1404 1913 1593 1968 crucis
1616 1912 1917 1985 ignorasse
1935 1913 2169 1967 demon-

521 2012 730 2063 strant.
756 2007 992 2070 Quarto,
1011 2001 1294 2056 Dominus
1318 2001 1584 2056 hortatur
1604 2018 1701 2056 eos
1723 2002 1793 2055 ad
1820 2001 2014 2055 tidem.
2043 2000 2165 2055 Pri-

523 2113 618 2152 mo
666 2094 846 2167 igitur
874 2091 1132 2148 ostendit
1165 2090 1444 2145 Dominus
1476 2107 1577 2162 per
1613 2090 1908 2161 judicium
1959 2089 2170 2162 princi-

521 2202 652 2259 pem
683 2181 886 2238 mundi
917 2179 1260 2252 ejiciendem
1290 2179 1361 2234 de
1394 2179 1632 2244 mundo,
1655 2195 1789 2233 cum
1813 2177 1990 2234 dicit:
2013 2177 2169 2232 Nunc

510 2274 793 2348 judicium
821 2278 897 2326 est
932 2269 1147 2324 mundi.
1183 2269 1352 2324 Porro
1401 2268 1513 2322 tria
1556 2272 1696 2322 sunt
1743 2267 1970 2338 judicia
2016 2265 2116 2322 Dei
2151 2282 2164 2321 :

521 2379 706 2419 unum
745 2364 835 2417 est
877 2355 1298 2423 retributionis,
1324 2357 1479 2428 quod
1511 2355 1621 2412 erit
1669 2356 1727 2411 in
1774 2355 1909 2422 fine,
1932 2355 2166 2427 quando

522 2451 717 2507 Deus«
738 2447 942 2504 reddet
963 2445 1280 2518 unicuique
1297 2445 1619 2500 secundum
1645 2461 1817 2516 opera
1833 2461 1940 2500 sua
1961 2443 2162 2516 (Matth.

519 2540 698 2612 XVI).»
719 2537 980 2593 Alterum
1009 2539 1099 2590 est
1129 2533 1690 2605 discretionis,quod
1725 2534 1788 2588 fit
1817 2533 2076 2605 quotidie
2106 2531 2165 2588 in

521 2631 723 2686 sancta
741 2623 1259 2696 Ecclesia,quando
1276 2622 1427 2678 Deus
1449 2621 1728 2677 discernit
1749 2621 1956 2677 merita
1972 2621 2168 2694 singu-

519 2721 766 2777 lorum.«
792 2716 897 2784 Qui
921 2719 1137 2784 autem,
1163 2713 1375 2786 inquit,
1393 2729 1485 2768 me
1501 2712 1729 2783 judicat
1749 2710 2033 2768 Dominus
2052 2715 2162 2767 est.

2284 671 2422 727 olim
2444 673 2495 744 ej
2503 680 2665 728 ectus
2688 673 2880 740 fuerit,
2896 675 3094 728 tamen
3111 688 3266 728 nunc
3288 671 3574 744 precipue
3589 671 3784 728 dicitur
3798 673 3879 744 eje-

2283 766 2414 817 ctus
2439 778 2588 828 esse,
2603 761 2741 834 quia
2761 761 2916 832 quod
2935 760 3071 818 olim
3097 760 3156 816 in
3177 759 3401 833 paucis,
3425 777 3580 815 nunc
3602 760 3796 814 factum
3813 765 3878 816 est

2282 852 2340 906 in
2374 850 2600 917 multis,
2623 855 2681 906 et
2709 851 2848 922 quia
2868 853 3098 905 tantum
3129 867 3232 922 per
3260 849 3552 922 passionis
3575 849 3738 904 fidem
3762 849 3876 905 sicut

2283 957 2438 995 nunc
2469 939 2541 995 ab
2571 939 2720 1005 istis,
2755 939 2836 995 ita
2865 939 2937 995 ab
2969 937 3084 995 illis
3114 937 3252 994 olim
3285 939 3506 1010 ejectus
3536 940 3640 993 est.

2351 1028 2628 1100 Sequitur
2657 1044 2793 1101 pars
2823 1027 3100 1088 secunda.
3123 1026 3184 1082 in
3217 1043 3334 1099 qua
3360 1025 3617 1082 ostendit
3644 1023 3872 1081 Dominus

2281 1134 2383 1190 per
2402 1134 2577 1190 quem
2599 1121 2658 1172 et
2681 1117 2975 1189 quomodo
2995 1114 3267 1172 diabolus
3281 1116 3353 1171 de
3370 1114 3591 1170 mundo
3606 1113 3872 1186 ejiciendus

2281 1207 2380 1278 sit,
2404 1223 2538 1262 cum
2589 1205 2790 1262 subdit
2816 1222 2829 1260 :
2855 1206 2920 1262 Et
2947 1206 3122 1277 ego-si
3157 1205 3429 1261 excitatus
3475 1205 3628 1276 fuero
3672 1219 3704 1257 a
3743 1211 3872 1270 tem,

2281 1296 2468 1351 omnia
2495 1295 2711 1350 traham
2739 1293 2809 1350 ad
2833 1296 3124 1367 meipsum.
3154 1294 3235 1349 Ac
3265 1292 3315 1350 si
3345 1297 3544 1365 aperte
3573 1291 3714 1348 dicat
3734 1307 3746 1345 :
3766 1291 3870 1363 Ego,

2281 1383 2340 1438 in
2365 1401 2480 1456 quo
2502 1383 2773 1456 princeps
2791 1382 2996 1438 mundi
3026 1375 3206 1455 hujus
3226 1399 3342 1438 non
3375 1381 3554 1438 habet
3582 1380 3870 1453 quidquam,

2281 1489 2350 1528 ex
2379 1489 2445 1529 eo
2467 1473 2620 1544 quod
2646 1489 2738 1528 me
2768 1470 2985 1543 injuste
3005 1470 3284 1528 exaltabit
3312 1469 3370 1526 in
3397 1485 3589 1536 cruce,
3611 1485 3732 1524 eum
3751 1469 3874 1540 justo

2282 1560 2574 1632 dejiciam,
2601 1565 2657 1616 et
2687 1577 2960 1634 possessa
2988 1560 3060 1616 ab
3083 1575 3150 1616 eo
3178 1559 3420 1631 injuste,
3446 1559 3518 1614 ad
3551 1573 3640 1613 me
3661 1557 3874 1628 justam-

2282 1651 2515 1705 ducam.
2541 1649 2703 1706 Unde
2732 1653 2788 1705 et
2817 1649 2927 1704 hoc
2969 1665 3262 1720 exponens
3293 1645 3646 1719 evangelista
3672 1643 3872 1700 subdit:

2279 1743 2393 1796 Hoc
2438 1744 2643 1804 autem,
2699 1737 2910 1810 inquit,
2961 1737 3189 1804 dicebat,
3239 1737 3562 1807 signiﬁcans
3606 1750 3705 1806 qua
3741 1738 3874 1787 morte

2275 1836 2409 1885 esset
2446 1829 2765 1884 moriturus.
2812 1831 2988 1883 Porro
3019 1843 3153 1882 cum
3182 1828 3308 1882 tota
3337 1823 3595 1881 Trinitas
3623 1819 3868 1878 diabolum

2276 1916 2510 1988 ejecerit
2540 1934 2574 1972 a
2603 1917 2878 1972 cordibus
2904 1914 3232 1982 hominum,
3257 1919 3314 1970 et
3342 1913 3613 1969 homines
3639 1911 3703 1967 ad
3731 1926 3782 1966 se
3803 1924 3871 1964 re-

2277 2006 2523 2073 duxerit,
2541 2010 2736 2061 tamen
2765 2005 2872 2060 hoc
2899 2003 3231 2077 specialiter
3251 2001 3395 2058 dicit
3427 2001 3608 2058 Filius
3637 2000 3720 2056 Dei
3741 2015 3793 2055 se
3809 1999 3868 2053 fa-

2276 2100 2532 2159 cturum,
2548 2111 2614 2150 eo
2636 2095 2790 2166 quod
2813 2093 2940 2166 ipse
2963 2097 3173 2148 nostrae
3194 2091 3581 2159 liberationis,
3596 2107 3700 2145 non
3722 2086 3869 2144 solum

2275 2201 2409 2239 cum
2445 2185 2606 2240 Patre
2635 2187 2692 2240 et
2721 2183 2940 2255 Spiritu
2983 2186 3186 2238 sancto
3219 2181 3330 2237 fuit
3357 2185 3583 2245 auctor,
3617 2179 3708 2235 sed
3734 2176 3868 2232 etiam

2276 2272 2563 2329 minister.
2582 2272 2710 2344 Ipse
2733 2271 2890 2328 enim
2913 2269 3024 2326 fuit
3054 2269 3114 2324 in
3145 2286 3325 2326 causa
3356 2273 3561 2325 nostra
3589 2267 3867 2331 advocatus,

2276 2360 2438 2434 pugil
2470 2365 2528 2416 et
2554 2365 2857 2433 patronus.
2874 2362 3060 2426 Quare
3083 2365 3280 2415 autem
3307 2359 3588 2414 Dominus
3610 2355 3780 2429 potius
3802 2369 3869 2406 vo-

2275 2450 2386 2505 luit
2407 2467 2506 2522 per
2530 2465 2763 2504 crucem
2799 2465 2976 2520 quam
3002 2447 3114 2504 alio
3145 2448 3319 2503 modo
3351 2445 3648 2502 diabolum
3668 2443 3865 2504 vincere,

2274 2544 2332 2596 et
2353 2555 2491 2595 suos
2512 2539 2584 2594 ad
2618 2555 2679 2595 se
2705 2537 2997 2606 reducere,
3013 2535 3269 2592 ostendit
3291 2535 3579 2592 Dominus
3607 2550 3699 2607 per
3723 2525 3865 2602 tripli-

2274 2644 2399 2684 cem
2423 2627 2620 2701 ﬁgurae
2645 2626 2832 2682 crucis
2855 2625 3484 2698 proprietatem,quam
3505 2620 3688 2680 innuit
3705 2620 3754 2675 in
3772 2632 3865 2672 ver.

2272 2717 2363 2773 bis
2385 2716 2529 2773 suis.
2553 2719 2702 2772 Crux
2722 2714 2877 2772 enim
2900 2731 3034 2770 cum
3067 2713 3146 2770 sit
3168 2713 3524 2770 vilissimum
3555 2725 3724 2786 genus
3747 2721 3866 2764 mor-

519 2807 676 2868 Nihil
697 2806 856 2863 enim
875 2802 1019 2859 mihi
1038 2801 1310 2859 conscius
1329 2817 1480 2868 sum,
1497 2801 1599 2857 sed
1623 2816 1735 2855 non
1753 2799 1811 2855 in
1830 2799 1939 2855 hoc
1953 2799 2167 2868 justifi-

519 2905 684 2958 catus
706 2913 838 2954 sum
858 2897 909 2963 (ι
927 2894 1047 2951 Cor.
1075 2896 1170 2962 iv).
1201 2913 1227 2940 »
1250 2889 1510 2946 Tertium
1543 2895 1630 2945 est
1659 2889 2020 2962 expulsionis
2046 2889 2167 2944 dia-

519 2989 635 3047 boli
667 3005 701 3044 a
729 2985 1002 3043 cordibus
1031 2981 1359 3046 hominum,
1385 2981 1455 3036 de
1495 2996 1607 3052 quo
1651 2978 1949 3048 Dominus,
1973 2977 2164 3033 immi-

519 3083 693 3137 nente
713 3094 821 3133 sua
843 3071 1130 3148 passione,
1146 3070 1254 3126 hoc
1271 3070 1424 3142 quod
1445 3069 1616 3124 modo
1637 3068 1967 3124 audivimus
1985 3067 2156 3122 dixit:
2191 3056 2233 3121 Β

517 3169 673 3224 Nunc
689 3166 977 3240 judicium
1003 3169 1082 3217 est
1127 3159 1341 3214 mundi.
1375 3159 1541 3213 Nunc
1589 3157 1844 3229 agitatur
1889 3173 2066 3212 causa
2093 3156 2163 3212 de

518 3253 947 3312 habitatoribus
979 3248 1206 3317 mundi,
1231 3247 1364 3319 quis
1395 3247 1584 3318 magis
1615 3263 1712 3302 eos
1744 3245 1950 3301 debeat
1980 3243 2168 3317 possi.

517 3346 671 3410 dere,
706 3344 859 3399 Deus
888 3358 961 3396 an
993 3335 1282 3394 diabolus.
1308 3336 1454 3391 Cum
1499 3335 1656 3391 enim
1702 3338 1979 3390 constaus
2009 3336 2166 3390 esset

516 3433 672 3507 quod
703 3432 858 3487 Deus
888 3427 1178 3484 mundum
1229 3428 1287 3480 et
1333 3424 1694 3479 habitatores
1724 3425 1852 3494 ejus
1883 3427 2164 3494 tanquam

516 3524 812 3578 creaturas
834 3533 972 3573 suas
995 3517 1129 3587 jure
1157 3514 1454 3585 possidere
1474 3513 1728 3580 deberet,
1754 3516 1948 3566 tamen
1972 3511 2167 3566 diabo-

514 3609 610 3666 lus
655 3608 964 3664 videbatur
992 3621 1092 3660 eos
1130 3605 1290 3674 justo
1339 3600 1658 3673 possidere,
1691 3617 1758 3656 eo
1788 3600 1942 3672 quod
1991 3599 2165 3656 homo

516 3702 722 3771 sponte
749 3712 858 3752 sua
886 3711 949 3750 se
980 3691 1031 3749 ei
1062 3691 1441 3758 subdidisset,
1459 3694 1516 3746 et
1535 3689 1674 3762 quia
1693 3706 1828 3745 eum
1843 3690 1969 3760 jam
1993 3688 2167 3761 longa

517 3783 953 3860 praescriptione
981 3779 1520 3854 possedisset.Cum
1544 3781 1740 3834 autem
1774 3776 2051 3834 Dominus
2072 3794 2168 3850 po-

513 3874 781 3932 testative
803 3876 1129 3928 creaturam
1153 3886 1323 3926 suam
1346 3868 1417 3924 ad
1441 3885 1502 3924 se
1525 3868 1797 3924 reducere
1829 3871 2042 3940 posset,
2067 3883 2168 3923 no-

516 3963 646 4032 luit,
662 3980 734 4018 ne
757 3959 1024 4017 diabolus
1043 3962 1512 4031 conquereretur,
1531 3973 1592 4012 se
1614 3973 1728 4012 non
1754 3956 2164 4029 perjustitiam

459 4051 480 4078 ’
517 4051 780 4125 spoliari,
800 4050 900 4106 sed
926 4067 1027 4122 per
1047 4047 1392 4120 potentiam.
1417 4045 1638 4102 Placuit
1662 4046 1840 4120 igitur
1859 4045 1910 4101 ei
1933 4050 1996 4101 ut
2018 4046 2168 4103 frau-

519 4141 650 4198 dem
673 4144 730 4197 et
751 4137 1030 4211 injuriam
1055 4136 1269 4193 diaboli
1295 4153 1408 4191 non
1436 4151 1538 4208 per
1563 4135 1902 4208 potentiam,
1932 4135 2033 4191 sed
2065 4152 2166 4208 po-

518 4229 636 4288 tius
667 4245 771 4302 per
795 4226 1145 4300 sapientiam
1178 4231 1234 4282 et
1257 4224 1550 4297 justitiam
1573 4224 1908 4291 vinceret,et
1937 4229 2000 4280 ut
2029 4241 2164 4281 eum

519 4336 634 4376 non
667 4335 768 4391 per
807 4315 1057 4372 alienam
1090 4318 1383 4381 naturam,
1407 4314 1507 4370 sed
1558 4331 1660 4386 per
1688 4313 1954 4368 eamdem
1985 4330 2163 4385 quam

2270 2806 2370 2871 tis,
2391 2809 2586 2860 tamen
2615 2803 2733 2860 alta
2763 2807 2850 2860 est
2881 2819 3058 2875 super
3085 2806 3397 2870 terram,et
3427 2803 3527 2875 qui
3556 2801 3611 2856 in
3641 2815 3701 2855 ea
3717 2791 3865 2853 cruci-

2272 2894 2489 2968 ﬁgitur,
2509 2898 2735 2966 oportet
2761 2891 3002 2948 exaltari
3035 2908 3070 2947 a
3097 2893 3272 2946 terra.
3291 2889 3491 2946 Voluit
3517 2888 3688 2962 igitur
3715 2880 3863 2942 Domi-

2272 3001 2383 3038 nus
2414 2999 2476 3038 se
2507 2981 2604 3038 vili
2638 2985 2824 3037 morte
2855 2979 3228 3048 moriturum,
3251 2983 3450 3035 tamen
3483 2979 3541 3034 in
3572 2991 3727 3033 cruce
3745 2968 3863 3028 exal-

2270 3072 2540 3137 tandum,
2555 3075 2620 3126 ut
2639 3069 2999 3144 signiﬁcaret
3014 3085 3076 3125 se
3093 3086 3195 3140 per
3215 3067 3608 3125 humilitatem
3624 3069 3676 3123 et
3692 3061 3867 3137 patien-

2270 3161 2415 3218 tiam
2439 3157 2738 3215 diabolum
2765 3161 3273 3231 superaturum,et
3297 3173 3479 3230 super
3505 3169 3722 3214 omnem
3748 3151 3868 3223 pote-

2273 3252 2481 3304 statem
2511 3247 2909 3315 exaltandum,
2934 3247 3106 3318 juxta
3143 3245 3300 3318 quod
3340 3243 3643 3318 Apostolus
3670 3241 3732 3296 de
3769 3236 3865 3308 ipso

2273 3337 2353 3394 ait
2376 3354 2425 3394 :«
2455 3336 2787 3393 llumiliavit
2815 3335 3198 3408 semetipsum
3225 3335 3415 3391 factus
3439 3331 3703 3390 obediens
3721 3337 3866 3397 usque

2275 3427 2346 3482 ad
2379 3430 2650 3493 mortem,
2670 3428 2919 3481 mortem
2943 3427 3138 3480 autem
3161 3422 3371 3480 crucis.
3402 3423 3636 3495 Propter
3655 3415 3787 3491 quod
3823 3414 3866 3466 et

2275 3516 2427 3572 Deus
2458 3514 2728 3571 exultavit
2756 3512 2922 3568 illum
2945 3517 3003 3568 et
3033 3512 3269 3568 donavit
3297 3511 3380 3567 illi
3413 3527 3620 3568 nomen
3650 3503 3864 3580 quodest

2275 3621 2453 3676 super
2472 3621 2644 3660 omne
2675 3619 2906 3670 nomen,
2933 3606 2998 3658 ut
3027 3601 3087 3657 in
3127 3601 3364 3658 nomine
3393 3601 3536 3658 Jesu
3567 3612 3723 3656 omne
3747 3605 3862 3666 genu

2277 3694 2546 3750 ﬂectatur
2580 3693 2814 3764 (Philip.
2839 3695 2922 3760 ιι).
2952 3715 2973 3741 ι
3002 3691 3228 3747 Rursus
3277 3707 3421 3746 crux
3467 3686 3693 3745 brachia
3733 3680 3864 3738 habet

2275 3799 2549 3854 expensa,
2562 3786 2619 3837 et
2637 3780 2735 3854 qui
2755 3780 2812 3835 in
2837 3795 2903 3836 ea
2924 3779 3201 3853 affigitur,
3217 3779 3474 3835 extensis
3491 3773 3730 3834 brachiis
3747 3765 3865 3826 simi-

2275 3869 2347 3928 lis
2373 3879 2461 3927 est
2482 3869 2703 3927 amanti
2741 3869 3116 3941 amplexanti,
3138 3873 3196 3924 et
3225 3869 3298 3924 ad
3337 3885 3401 3924 se
3431 3867 3652 3924 trahere
3676 3854 3863 3919 volenti.

2273 3960 2472 4018 Voluit
2501 3976 2636 4033 ergo
2668 3958 2950 4014 Dominus
2981 3975 3044 4015 se
3088 3959 3149 4014 in
3193 3973 3363 4014 cruce
3393 3955 3641 4014 extensis
3661 3945 3863 4008 brachiis

2275 4068 2379 4124 pro
2411 4048 2752 4106 hominibus
2791 4047 2960 4120 mori,
2983 4052 3274 4120 quatenus
3302 4045 3548 4102 nimiam
3578 4040 3865 4100 charitatem

2275 4156 2453 4212 quam
2485 4155 2625 4211 erga
2665 4135 2935 4194 homines
2985 4136 3239 4192 habebat
3284 4135 3719 4196 demonstraret,
3746 4131 3792 4184 et
3819 4135 3865 4178 ει

2275 4227 2543 4300 amplexu
2575 4229 2965 4282 attracturum
2997 4242 3096 4281 eos
3121 4225 3193 4280 ad
3230 4241 3291 4280 se
3319 4223 3684 4298 signiﬁcaret.
3704 4218 3762 4274 Et
3785 4213 3865 4269 hoc

2274 4321 2364 4372 est
2393 4315 2546 4388 quod
2591 4315 2717 4370 ait:
2755 4313 2952 4370 Omnia
3001 4313 3217 4370 traham
3262 4314 3332 4370 ad
3377 4315 3656 4385 meipsum.
3687 4307 3865 4388 Rursus

517 4385 1580 4481 superaverat,superaret.Occultavit
1601 4401 1782 4474 igitur
1812 4402 2054 4457 hamum
2077 4402 2166 4457 di-
2199 4425 2243 4490 Ι)
2275 4385 2529 4477 quat—nor
2550 4403 2789 4460 brachia
2813 4419 2956 4459 crux
2985 4402 3180 4471 habet,
3201 4403 3419 4476 quibus
3448 4405 3689 4476 quatuor
3705 4385 3864 4490 mundi

517 4495 778 4553 vinitatis
801 4495 910 4550 sub
937 4493 1198 4549 humana
1219 4509 1411 4558 carne,
1433 4509 1548 4546 non
1573 4491 1808 4563 quidcm
1839 4495 2164 4563 peccatum,

519 4586 618 4642 sed
645 4582 1089 4640 similitudinem
1113 4581 1333 4654 peccati
1359 4580 1630 4648 habente,
1647 4596 1821 4651 quem
1845 4581 1986 4635 dum
2011 4579 2175 4636 mali-

519 4691 672 4749 gnus
692 4673 886 4746 praedo
911 4688 1070 4728 more
1088 4669 1259 4742 solito
1282 4669 1442 4741 cupit
1457 4685 1683 4742 capere,
1701 4668 1928 4741 capitur
1950 4668 2094 4742 ipse,
2116 4673 2174 4725 et

520 4765 662 4820 dum
693 4763 752 4817 in
784 4779 942 4828 eum,
964 4760 1022 4815 in
1057 4777 1231 4833 quem
1255 4761 1358 4831 jus
1391 4776 1506 4813 non
1554 4758 1822 4824 habebat,
1847 4758 2167 4830 praesumit,

520 4853 698 4910 etiam
730 4851 898 4906 iilum
929 4849 988 4905 in
1022 4867 1198 4922 quem
1223 4851 1324 4920 jus
1353 4847 1567 4903 habere
1597 4847 1903 4902 videbatur
1932 4847 2166 4902 amittit.

523 4942 640 4998 Hoc
663 4945 752 4996 est
773 4955 908 5011 ergo
930 4939 1083 5010 quod
1103 4937 1398 5010 sequitur:
1420 4937 1574 4992 Nunc
1589 4937 1840 5008 princeps
1857 4936 2053 4992 mundi
2072 4937 2170 4990 hu-

512 5033 608 5104 jus
627 5029 880 5100 ejicictur
901 5025 1263 5099 foras.Vocat
1291 5029 1490 5081 autem
1513 5023 1812 5080 diabolum
1847 5023 2167 5097 principem

525 5115 752 5182 mundi,
773 5133 888 5170 non
907 5115 1062 5186 quod
1085 5114 1143 5168 in
1162 5115 1380 5170 mundo
1405 5113 1795 5186 principatum
1818 5112 2046 5183 habeat,
2067 5115 2167 5171 sed

525 5205 666 5279 quia
692 5208 782 5260 est
810 5208 1014 5259 auctor
1061 5201 1297 5258 malitiae
1329 5203 1660 5273 mundanis,
1683 5206 1741 5258 et
1788 5202 1846 5258 in
1895 5203 2169 5260 cordibus

527 5293 817 5351 malorum
839 5290 1327 5364 principatur,qui
1351 5309 1419 5348 ex
1433 5291 1543 5347 hoc
1564 5291 1717 5364 quod
1736 5290 1990 5364 diligunt
2007 5307 2172 5348 mun-

528 5385 692 5454 dum,
709 5381 944 5438 nomine
961 5379 1168 5436 mundi
1191 5385 1488 5436 merentur
1501 5379 1802 5453 appellari.
1823 5380 1900 5436 De
1917 5397 2169 5452 quorum

527 5475 727 5536 tamen
749 5467 1024 5530 cordibus
1049 5485 1118 5528 ex
1145 5484 1360 5548 magna
1387 5471 1553 5548 parte
1583 5483 1687 5544 per
1709 5466 2042 5543 passionem
2063 5469 2168 5531 Do

2277 4499 2474 4568 partes
2517 4492 2774 4566 respicit.
2801 4492 3068 4548 Christus
3099 4508 3351 4565 quoque,
3389 4509 3444 4547 ιιι
3477 4504 3639 4548 cruce
3665 4483 3862 4559 positus.

2280 4582 2466 4656 capite
2489 4581 2724 4655 respicit
2745 4581 3048 4648 orientem,
3065 4581 3312 4654 pedibus
3332 4573 3866 4656 occidentem,dextr_l

2280 4653 2570 4743 austrum,
2590 4653 2841 4728 Vsinistra
2869 4653 3226 4742 aquilonem.
3257 4671 3362 4726 Per
3392 4668 3547 4742 quod
3577 4653 3866 4738 significavit

2277 4760 2561 4817 Dominus
2583 4777 2645 4815 se
2668 4777 2769 4832 per
2789 4776 3019 4816 crucem
3043 4759 3112 4815 de
3133 4758 3408 4814 omnibus
3429 4753 3626 4814 mundi
3651 4746 3864 4825 partibus

2278 4849 2546 4906 homines
2567 4849 2639 4906 ad
2658 4865 2719 4904 se
2739 4853 3086 4904 tracturum.
3105 4849 3174 4904 Et
3189 4847 3299 4903 hoc
3319 4852 3408 4904 est
3423 4845 3574 4920 quod
3595 4841 3686 4909 ait,
3699 4833 3861 4894 omnia-

2280 4941 2394 4996 Hoc
2424 4944 2640 5006 autem,
2666 4938 2872 4994 fratres
2895 4937 3030 5004 mei,
3059 4937 3276 4993 faciens
3307 4953 3410 5009 pro
3432 4934 3595 4991 nobis
3611 4926 3861 5009 Dominus,

2278 5027 2531 5084 ostendit
2561 5026 2728 5084 nobis
2761 5026 2902 5100 quid
2933 5044 3037 5100 pro
3082 5043 3147 5082 eo
3195 5008 3383 5082 facere
3429 5023 3709 5080 debemus.
3737 5008 3862 5100 Unde

2279 5117 2482 5172 Petrus
2524 5117 2644 5173 ait:
2672 5095 2989 5172 «Christus
3019 5131 3230 5188 passus
3263 5119 3352 5170 est
3398 5129 3500 5186 pro
3546 5107 3718 5172 nobis,
3735 5095 3860 5158 vobis

2277 5205 2616 5278 relinquens
2664 5203 2995 5278 exemplum
3044 5208 3109 5259 ut
3157 5201 3482 5275 sequamini
3512 5195 3732 5269 vestigia
3763 5188 3860 5259 ejus

2278 5295 2326 5368 (Ι
2349 5301 2500 5352 Petr.
2525 5297 2609 5365 ιι).
2633 5317 2660 5344 ››
2675 5294 2842 5350 Dedit
2869 5292 3049 5367 igitur
3075 5291 3246 5348 nobis
3277 5285 3857 5368 exemplum,quatenu§

2279 5365 2395 5439 non
2416 5383 2731 5440 timeamus
2755 5399 2857 5455 pro
2878 5365 2944 5439 eo
2973 5385 3030 5438 et
3057 5398 3192 5438 cum
3224 5397 3291 5438 eo
3320 5375 3609 5438 humiliari
3627 5376 3678 5432 et
3689 5365 3802 5444 pati,
3820 5365 3856 5455 si

2280 5489 2416 5534 cum
2445 5488 2512 5533 eo
2539 5450 2812 5533 volumus
2842 5469 3104 5532 exaltari.
3129 5470 3236 5530 Per
3261 5467 3640 5532 humilitatem
3664 5456 3796 5521 enim
3817 5450 3858 5508 οἳ
