4008 6072
163 329 322 402 1449

1285 340 1662 402 HOMILIIE.
1700 371 1776 384 —
1814 339 1862 401 Ι.
1909 339 2011 399 DE
2055 340 2453 402 TEMPORE.

3418 323 3573 404 1430

162 473 504 547 patientiam
527 472 758 529 venitur
776 473 848 528 ad
872 490 1140 547 regnum,
1165 475 1317 529 sicut
1348 491 1450 545 per
1480 472 1814 546 superbiam
1851 479 1896 542 Α
1931 477 1987 528 et
2014 472 2428 540 damnationis,
2463 490 2549 529 vos
2580 474 3048 546 comprehendant,
3090 473 3227 530 Nam
3261 476 3357 546 qui
3381 475 3578 530 ambat-

159 563 391 617 venitur
406 561 476 617 ad
495 561 812 618 infernum.
832 561 995 618 Dedit
1011 563 1189 635 igitur
1211 580 1412 618 rursus
1437 563 1604 619 nobis
1626 580 1814 618 exem-

161 649 349 723 plum,
383 655 449 706 ut
478 666 583 722 pro
613 667 678 706 eo
709 654 766 706 et
788 651 858 706 ad
878 650 1312 707 similitudisem
1339 652 1466 723 ejus
1499 670 1600 724 per
1627 653 1812 708 chari-

156 742 332 796 tatem
349 756 552 795 omnes
573 738 843 795 homines
865 739 1370 812 amplecteremur,
1396 745 1452 796 et
1473 743 1544 796 ad
1571 742 1812 814 diligen-

155 830 298 885 dum
330 828 515 884 Deum
545 832 601 884 et
631 845 758 895 nos,
792 828 1093 884 beneficiis
1119 829 1546 887 attraheremus
1578 848 1691 886 non
1725 849 1811 887 so-

153 917 278 972 lum
309 921 500 983 notos,
527 917 626 972 sed
649 917 828 973 etiam
852 934 1239 989 quoscunque
1263 919 1332 974 de
1357 919 1809 992 quibuscunque

155 1006 424 1078 partibus
449 1005 678 1075 mundi,
712 1009 768 1061 et
795 1007 869 1062 ad
893 1007 1221 1080 exemplum
1247 1009 1374 1078 ejus
1396 1008 1694 1064 diabolum
1717 1010 1810 1065 de-

147 1093 351 1166 jicere,
375 1098 432 1150 et
460 1111 600 1152 vasa
621 1094 976 1169 captivitatis
998 1097 1048 1153 ei
1073 1097 1320 1165 auferre,
1344 1102 1401 1154 et
1421 1099 1492 1153 ad
1518 1099 1701 1154 Deum
1727 1115 1810 1154 re-

155 1185 368 1240 ducere
399 1185 784 1241 deccrtemus.
1719 1175 1744 1186 “

229 1273 507 1346 Sequitur
525 1291 662 1347 pars
691 1271 885 1343 tertia,
917 1275 976 1330 in
1007 1292 1125 1346 qua
1145 1277 1317 1332 turba
1345 1276 1681 1333 Judmorum
1703 1277 1808 1332 Do-

156 1361 320 1418 mino
352 1363 731 1436 respondens,
765 1363 1131 1420 demonstrat
1153 1381 1214 1421 se
1248 1365 1593 1438 mysterium
1617 1365 1808 1421 crucis

153 1451 482 1524 ignorasse,
508 1467 642 1506 cum
676 1451 877 1508 subdit
901 1468 914 1508 :
941 1453 1044 1508 Nos
1089 1454 1408 1510 audivimus
1436 1471 1505 1509 ex
1534 1455 1648 1524 lege
1677 1455 1808 1527 quia

154 1540 404 1596 Christus
432 1549 616 1596 manet
647 1543 706 1596 in
757 1549 1042 1598 veternum.
1092 1543 1158 1598 Et
1204 1543 1464 1614 quomodo
1511 1552 1569 1599 tu
1619 1543 1756 1600 dicis
1786 1563 1806 1600 :

156 1631 376 1702 Oportet
400 1630 640 1686 exaltari
671 1631 883 1686 Filium
911 1633 1193 1687 hominis?
1221 1634 1364 1688 Cum
1397 1633 1680 1688 Dominus
1711 1633 1808 1688 ob-

153 1736 324 1776 scure
353 1724 602 1775 mortem
652 1737 822 1796 suam
867 1720 926 1775 in
957 1738 1129 1778 cruce
1160 1721 1573 1794 signiﬁcasset,
1607 1726 1804 1778 tamen

151 1805 342 1864 Judaei
373 1807 487 1864 cito
535 1805 948 1864 intellexerunt
993 1825 1145 1876 eam,
1192 1813 1368 1882 utope
1413 1811 1513 1883 qui
1547 1811 1617 1866 de
1647 1810 1803 1866 eain

153 1900 352 1952 mente
377 1913 487 1952 sua
523 1897 651 1967 jam
683 1897 1034 1953 tractabant.
1067 1899 1199 1966 Quis
1227 1908 1307 1954 est
1345 1902 1464 1967 iste,
1501 1899 1801 1972 inquiunt,

148 1985 338 2040 Filius
365 1985 638 2041 hominis?
657 1985 825 2052 quasi
851 1985 1049 2042 dicant
1073 2003 1086 2041 ε
1113 1987 1234 2042 Non
1258 1991 1346 2044 est
1375 1988 1807 2062 Christus,quia

151 2077 242 2130 est
272 2073 722 2147 cruciﬁgendus.
754 2075 1217 2140 Caterum,sicut
1249 2078 1611 2150 perpetuitas
1645 2078 1805 2150 regni

150 2161 368 2218 Christi
393 2163 448 2218 in
475 2163 596 2235 lege
621 2163 949 2236 signiﬁcata
979 2169 1087 2232 est,
1111 2163 1193 2219 ita
1217 2170 1274 2222 et
1304 2167 1431 2238 ejus
1455 2167 1670 2239 passio.
1688 2167 1806 2223 Sic-

151 2256 222 2308 ut
269 2252 426 2307 enim
459 2252 530 2308 de
581 2252 743 2324 regni
795 2252 925 2323 ejus
962 2255 1350 2326 perpetuitate
1399 2256 1622 2312 dictum
1675 2262 1799 2311 est.

152 2365 182 2391 α
217 2340 704 2413 Multiplicabitur
741 2341 870 2412 ejus
900 2341 1239 2414 imperium,
1272 2349 1327 2398 et
1358 2343 1517 2415 pacis
1549 2361 1662 2399 non
1695 2347 1805 2402 erit

151 2430 290 2486 ﬁnis
327 2433 453 2503 (Isa.
504 2431 617 2498 1x);
673 2431 752 2485 ita
805 2435 862 2485 et
925 2431 996 2485 de
1047 2432 1319 2504 passione
1371 2434 1500 2503 ejus
1547 2435 1797 2491 dicitur:

153 2541 183 2570 ‹‹
217 2521 380 2576 Sicut
410 2520 532 2575 ovis
564 2521 635 2574 ad
681 2519 1032 2575 occisionem
1084 2522 1351 2589 ducetur,
1393 2529 1450 2577 et
1499 2525 1649 2577 sicut
1680 2525 1801 2579 ovis

147 2625 350 2664 coram
381 2609 652 2665 tondente
683 2626 745 2664 se
794 2609 1178 2679 obmutescet,
1213 2612 1297 2666 sic
1341 2630 1454 2667 non
1487 2614 1706 2685 aperiet
1736 2632 1801 2670 os

146 2716 327 2756 suum
379 2700 502 2772 (Isa.
553 2700 692 2769 Lm).
744 2699 856 2754 Sed
888 2699 1072 2754 Judaei
1106 2701 1560 2773 perpetuitatem
1613 2703 1798 2775 regni,

145 2794 435 2860 tanquam
467 2787 695 2844 Christo
720 2788 866 2844 bene
889 2790 1350 2854 convenientem,
1375 2791 1797 2859 intellexerant,

145 2877 484 2951 passionem
511 2893 644 2933 vero
675 2894 854 2950 quam
887 2877 1222 2934 nullatenus
1256 2881 1543 2950 putabant
1573 2880 1798 2938 Christo

147 2966 478 3035 convenire,
510 2965 833 3040 intelligere
871 2984 988 3023 non
1018 2971 1308 3039 poterant.
1353 2968 1468 3024 Hoc
1501 2973 1588 3024 est
1619 2970 1796 3036 enim,

145 3059 217 3112 ut
247 3055 328 3112 ait
351 3054 685 3129 Apostolus,
710 3056 1055 3129 mysterium
1073 3057 1481 3112 absconditum
1507 3074 1539 3112 a
1570 3058 1799 3114 szeculis

144 3151 208 3203 et
228 3145 384 3219 quod
407 3163 576 3202 nemo
599 3145 930 3219 principum
952 3145 1132 3216 hujus
1154 3145 1349 3200 saeculi
1373 3146 1636 3218 cognovit
1659 3147 1794 3218 (Col.

1921 563 1998 616 lat
2027 563 2358 626 intenebris,
2393 565 2561 617 nescit
2589 580 2693 634 quo
2724 563 2901 618 vadat.
2938 563 3215 635 Quisquis
3248 561 3403 617 enim
3446 563 3578 618 sine

1918 667 2051 705 vera
2083 652 2193 704 title
2224 657 2330 720 est,
2365 668 2556 706 errare
2592 658 2798 723 potest,
2833 652 3134 708 ambulare
3184 669 3298 707 non
3354 657 3568 724 potest.

1919 739 1987 793 Et
2018 739 2066 794 si
2097 740 2251 794 enim
2284 741 2522 812 quidam
2547 741 2811 797 infideles
2841 738 3148 797 videantur
3178 743 3236 796 in
3256 743 3406 798 bono
3441 758 3574 814 pro-

1919 827 2111 896 ﬁcere,
2146 829 2314 884 bonis
2347 830 2620 901 operibus
2667 832 2819 886 bona
2851 848 3025 902 opera
3056 831 3342 898 addendo,
3376 833 3574 886 tamen

1919 921 2154 989 prepter
2175 917 2282 973 hoc
2305 935 2418 972 non
2449 919 2792 990 perveniunt
2813 921 2883 975 ad
2901 919 3170 987 salutem,
3195 919 3334 992 quia
3353 920 3573 992 impos-

1918 1005 2086 1060 sibile
2108 1005 2431 1079 estaliquid
2453 1008 2576 1062 sine
2592 1008 2946 1082 ﬁdeplaeere
2970 1009 3104 1064 Deo.
3125 1009 3294 1065 Fides
3309 1009 3463 1064 enim
3484 1014 3574 1066 est

1914 1093 2006 1150 via
2036 1095 2108 1150 ad
2137 1094 2406 1151 salutem.
2435 1097 2591 1152 Bona
2619 1115 2753 1153 vero
2777 1115 2878 1171 per
2908 1097 3254 1154 eharitatem
3285 1097 3566 1170 operatio,

1914 1187 2004 1238 est
2034 1183 2374 1240 ambulatio.
2410 1185 2573 1241 Sicut
2605 1185 2786 1259 igitur
2806 1203 2909 1242 nec
2941 1185 3261 1243 ambulatio
3294 1186 3420 1243 sine
3449 1185 3562 1256 via,

1917 1289 2022 1328 nec
2051 1272 2143 1328 via
2177 1273 2303 1329 sine
2335 1274 2733 1331 ambulatione
2782 1279 2976 1348 potest
3007 1293 3114 1332 nos
3147 1276 3463 1348 perducere
3491 1276 3564 1331 ad

1915 1362 2275 1434 propositam
2312 1368 2548 1431 metam,
2577 1364 2659 1418 ita
2688 1382 2792 1420 nec
2825 1365 2978 1420 bona
3008 1363 3264 1437 operatio
3286 1364 3410 1420 sine
3433 1363 3568 1436 fide,

1915 1468 2020 1506 nec
2044 1452 2334 1508 ﬁdessine
2351 1453 2684 1524 operatione
2706 1453 3016 1509 habentem
3039 1459 3271 1527 tempus
3295 1457 3354 1510 et
3373 1452 3567 1509 locum

1916 1543 2106 1612 potest
2138 1541 2350 1596 ducere
2379 1542 2451 1597 ad
2483 1542 2754 1598 salutem.
2783 1543 2945 1598 Sicut
2975 1543 3130 1598 enim
3163 1542 3448 1616 scriptum
3479 1546 3570 1598 est

1917 1629 2072 1700 quod
2095 1630 2381 1702 quidquid
2410 1631 2472 1686 fit
2499 1631 2626 1688 sine
2648 1633 2760 1687 ﬁde
2783 1636 3084 1704 peccatum
3109 1636 3216 1701 est,
3239 1632 3321 1688 ita
3341 1635 3399 1688 et
3419 1631 3568 1687 scri-

1917 1723 2081 1789 ptum
2115 1724 2225 1785 est,
2260 1721 2414 1792 quod
2448 1744 2474 1770 ‹‹
2511 1721 2656 1776 ﬁdes
2711 1721 2836 1777 sine
2885 1721 3159 1793 operibus
3217 1726 3447 1778 mortua
3478 1724 3569 1777 est

1911 1809 2024 1862 Jac.
2051 1807 2136 1878 ιι).
2173 1808 2372 1864 »Unde
2423 1814 2479 1863 et
2526 1809 2751 1865 subdit:
2782 1811 2924 1865 Dum
2950 1811 3124 1866 lucem
3162 1810 3394 1876 habetis,
3425 1809 3565 1866 sub-

1913 1895 2084 1952 audis
2117 1901 2462 1968 przesentem
2491 1901 2548 1952 et
2577 1915 2638 1954 se
2667 1897 2830 1954 vobis
2861 1898 3222 1966 offerentem,
3255 1898 3456 1954 credite
3480 1900 3566 1954 in-

1919 1984 2118 2051 tuccm,
2148 1991 2205 2040 et
2231 2003 2344 2042 non
2379 2003 2729 2059 quocunque
2751 1988 2944 2056 modo,
2979 1987 3248 2044 diabolus
3271 1988 3427 2044 enim
3451 2003 3568 2044 cre-

1915 2075 2001 2128 dit
2028 2078 2085 2129 et
2118 2076 2536 2142 contremiscit,
2567 2076 2660 2132 sed
2681 2085 2741 2132 ut
2766 2078 2876 2148 ﬁlii
2906 2079 3044 2133 lucis
3072 2076 3563 2146 sitisimitatione,

1914 2161 2248 2234 adoptione,
2280 2163 2632 2219 hmreditate.
2667 2166 2828 2231 Quod
2853 2169 2990 2221 tunc
3023 2165 3250 2222 dicebat
3280 2166 3564 2222 Dominus

1913 2251 2152 2321 Judzeis,
2171 2269 2297 2324 ego,
2316 2253 2520 2309 fratres
2549 2254 2660 2309 mei
2683 2271 2840 2310 nunc
2863 2255 2990 2312 dico
3017 2255 3210 2311 vobis:
3245 2256 3560 2325 .lmbulatc,

1911 2340 2043 2395 dum
2073 2342 2246 2396 lucem
2288 2342 2516 2413 habetis,
2566 2353 2760 2399 utnon
2807 2347 3048 2402 tenebrae
3077 2361 3167 2401 vos
3209 2345 3562 2418 comprehen-

1911 2431 2066 2486 dant.
2103 2454 2130 2480 α
2163 2432 2515 2504 Operamini,
2549 2434 2688 2488 dum
2723 2434 2845 2487 dies
2877 2440 2985 2501 est,
3021 2435 3158 2506 quia
3187 2435 3341 2490 venit
3372 2451 3483 2491 nox
3503 2435 3561 2491 in

1913 2539 2028 2592 qua
2059 2539 2229 2577 nemo
2280 2527 2469 2592 potest
2498 2523 2720 2595 operari
2766 2527 2941 2594 (1mm.
2976 2526 3075 2590 1x.)
3120 2548 3147 2574 »
3199 2525 3562 2580 Pcenitemini

1910 2615 1966 2664 et
1996 2611 2399 2666 convertimini
2433 2613 2502 2665 ad
2537 2612 2850 2666 Dominum
2881 2614 3020 2667 dum
3043 2619 3275 2685 tempus
3306 2613 3560 2685 habetis,

1912 2699 2188 2770 quoniam
2213 2700 2339 2770 jam
2391 2699 2571 2755 instat
2617 2706 2850 2774 tempus
2880 2702 2939 2756 in
2975 2719 3089 2774 quo
3121 2720 3235 2758 non
3269 2703 3558 2776 poteritis.

1910 2789 1978 2842 Et
1998 2789 2096 2860 qui
2125 2789 2296 2844 modo
2319 2789 2458 2843 dum
2484 2793 2689 2860 potest,
2713 2791 2936 2862 operari
2961 2808 3077 2846 non
3104 2790 3248 2859 vult,
3266 2797 3406 2847 tunc
3426 2808 3562 2848 cum

1909 2877 2059 2932 volet
2089 2877 2336 2949 operari,
2369 2894 2485 2932 non
2517 2879 2745 2949 poterit.
2781 2879 3118 2948 Pensemus,
3175 2880 3383 2936 fratres
3425 2880 3559 2951 mei,

1911 2965 2188 3037 quoniam
2223 2966 2506 3021 Dominus
2540 2966 2638 3037 qui
2670 2984 2826 3022 nunc
2861 2985 2967 3024 nos
2999 2969 3450 3025 misericorditer
3487 2971 3560 3026 ad

1909 3054 2310 3125 paenitentiam
2334 3059 2628 3126 exspectat
2649 3060 2705 3112 et
2728 3055 2942 3112 clamat
2964 3074 2978 3112 :
3005 3080 3041 3108 ‹‹.
3059 3057 3471 3114 Convertimini
3488 3059 3560 3114 ad

1911 3159 2026 3210 me,
2060 3147 2118 3198 et
2146 3159 2250 3214 ego
2283 3147 2584 3198 convertar
2615 3145 2686 3200 ad
2717 3161 2816 3200 vos
2853 3147 3032 3216 (Zach.
3067 3147 3130 3220 ι),
3173 3169 3202 3197 ››
3233 3151 3372 3203 tunc
3402 3164 3561 3204 seve-

143 3235 214 3308 l).
247 3235 387 3301 Quis
415 3233 573 3290 enim
621 3232 946 3306 intelligere
996 3237 1225 3304 possset
1255 3233 1440 3288 Deum
1472 3251 1576 3306 pro
1608 3234 1797 3290 homi-
1828 3221 1871 3288 C
1910 3231 2031 3286 rius
2065 3231 2564 3302 contemptoribus
2589 3233 2713 3287 suis
2747 3233 3021 3290 clamabit
3048 3251 3060 3290 :
3087 3258 3115 3286 «
3147 3240 3356 3305 Amen,
3390 3253 3560 3293 amen

145 3323 346 3393 nibus,
381 3321 772 3378 immortalem
792 3338 894 3394 pro
927 3319 1272 3376 mortalibus
1299 3321 1383 3377 sic
1414 3323 1804 3379 moriturum?

145 3413 264 3469 Sed
307 3429 414 3468 nec
453 3411 629 3468 etiam
663 3411 902 3482 quidam
934 3409 1104 3465 hodie
1138 3411 1264 3480 jam
1299 3410 1598 3483 impletum
1631 3417 1686 3466 et
1716 3417 1801 3466 at-

144 3505 428 3558 testatam
459 3499 673 3555 Christi
725 3499 1060 3570 passionem
1109 3499 1345 3555 credere
1391 3500 1612 3556 volunt.
1659 3501 1803 3568 Quia

142 3591 308 3648 enim
343 3587 630 3645 diabolica
659 3593 718 3644 et
745 3588 995 3661 superbe
1026 3588 1282 3660 sapiunt,
1306 3593 1361 3644 et
1387 3589 1656 3646 virtutem
1689 3590 1801 3646 hu-

142 3677 421 3736 militatis
443 3681 500 3732 et
524 3676 811 3749 patientiae
830 3676 1178 3749 despiciunt,
1205 3693 1332 3732 eam
1357 3678 1473 3734 Deo
1495 3679 1803 3736 convenire

141 3784 266 3824 non
298 3766 562 3822 credunt.
595 3767 675 3823 Ac
716 3767 1040 3823 econtrario
1091 3767 1246 3822 sicut
1295 3767 1449 3823 Deus
1480 3767 1804 3824 detestatur

139 3870 382 3913 omnem
414 3855 772 3928 superbiam,
801 3855 882 3910 ita
913 3853 1100 3928 diligit
1120 3854 1535 3911 humilitatem.
1560 3858 1630 3912 Et
1651 3857 1802 3913 sicut

139 3961 250 4018 per
279 3944 615 4018 superbiam
660 3943 987 4000 humanum
1031 3961 1217 4017 genus
1251 3945 1442 4000 fuerat
1470 3945 1799 4018 przecipita-

137 4041 294 4103 tum,
319 4033 402 4090 ita
421 4051 525 4108 per
543 4032 937 4089 humilitatem
961 4033 1168 4090 statuit
1190 4033 1344 4089 Deus
1367 4031 1510 4088 illud
1534 4051 1801 4106 reparan-

138 4124 309 4180 dum.
344 4123 462 4180 Nos
490 4139 748 4196 quoque,
781 4123 989 4178 fratres
1043 4122 1178 4190 mei,
1214 4121 1659 4194 Redemptorem
1693 4141 1799 4179 no-

140 4217 334 4269 strum
353 4215 688 4286 sequentes,
711 4228 979 4267 amemus
1002 4210 1415 4278 humilitatem,
1433 4211 1798 4283 patientiam,

140 4303 549 4374 paupertatem
590 4305 648 4356 et
697 4298 1064 4355 charitatem.
1097 4299 1227 4355 Haec
1275 4303 1415 4354 sunt
1445 4299 1605 4355 enim
1638 4318 1803 4356 arma

141 4407 250 4463 per
277 4405 405 4462 qua:
437 4388 708 4445 Christus
740 4387 1038 4444 diabolum
1080 4388 1456 4461 expugnavit,
1487 4392 1544 4444 et
1573 4405 1679 4445 nos
1710 4406 1800 4445 re-

145 4477 359 4547 demit,
390 4478 709 4534 ostendens
741 4477 896 4550 quod
927 4492 1032 4550 per
1059 4476 1181 4532 haac
1212 4477 1415 4533 eadem
1447 4494 1612 4534 arma
1641 4495 1804 4551 opor-

144 4571 231 4623 tet
256 4583 372 4658 nos
393 4566 694 4623 diabolum
712 4583 1065 4640 expugnare,
1084 4569 1141 4622 et
1171 4567 1242 4623 ad
1262 4566 1513 4640 patriam
1536 4572 1799 4624 nostram
1831 4591 1882 4658 D

149 4654 360 4712 redire.

223 4743 506 4817 Sequitur
536 4762 672 4818 pars
705 4749 933 4818 quarta,
995 4745 1054 4800 in
1087 4761 1204 4818 qua
1227 4745 1512 4801 Domidus
1545 4745 1811 4802 hortatur

147 4832 388 4889 J‘udazos
419 4834 491 4889 ad
523 4835 700 4890 ﬁdem
732 4834 972 4891 dicens:
1007 4834 1193 4890 Adhuc
1221 4833 1491 4890 modicum
1536 4837 1718 4892 lumen
1751 4838 1810 4892 in

147 4923 300 4978 vobis
329 4928 432 4989 est,
458 4921 567 4978 hoc
598 4922 821 4980 scilicet
845 4923 986 4996 quia
1013 4925 1188 4980 modo
1213 4923 1460 4991 dixistis,
1497 4923 1634 4997 quia
1653 4927 1811 4982 Chri-

146 5017 270 5066 stus
300 5017 487 5066 manet
515 5011 573 5065 in
623 5019 914 5079 aeternum,
971 5012 1070 5068 sed
1102 5029 1216 5068 non
1260 5013 1497 5078 sut‘licit,
1530 5014 1808 5085 quoniam

149 5113 269 5154 non
304 5097 527 5153 sufﬁcit
547 5099 711 5155 vobis
743 5099 979 5156 credere
1011 5101 1225 5157 Christi
1258 5101 1659 5170 aeternitatem,
1697 5103 1809 5159 nisi

149 5187 375 5260 pariter
405 5188 656 5244 credatis
689 5193 747 5246 et
771 5191 898 5262 ejus
930 5190 1285 5262 passionem.
1317 5189 1418 5246 Vel
1452 5195 1605 5246 certe
1627 5193 1812 5248 Adhuc

146 5276 425 5332 modicum
455 5277 639 5334 lumen
668 5279 730 5333 in
757 5280 910 5334 vobis
939 5287 1038 5348 est,
1073 5279 1129 5334 id
1163 5284 1274 5344 est,
1305 5296 1410 5352 ego
1433 5280 1530 5352 qui
1565 5298 1698 5336 sum
1727 5282 1814 5337 lu-

153 5379 311 5432 men,
345 5364 538 5422 adhuc
560 5366 879 5434 modicum,
905 5367 962 5422 id
985 5372 1092 5435 est,
1123 5369 1350 5425 modico
1372 5373 1632 5441 tempore
1661 5369 1813 5426 inter

151 5471 255 5510 vos
277 5471 433 5512 sum.
463 5456 767 5526 Ambulate,
815 5457 1090 5523 subandi,
1113 5458 1402 5514 credendo
1426 5463 1481 5513 et
1505 5459 1649 5514 bene
1669 5476 1809 5532 ope-

155 5544 360 5614 rando,
383 5545 514 5601 dum
535 5545 710 5602 lucem
727 5546 934 5602 habetis
953 5551 1297 5619 praesentem
1319 5552 1374 5602 et
1405 5564 1466 5604 se
1488 5548 1650 5604 vobis
1673 5550 1811 5604 oﬂ‘e-

154 5637 403 5705 tentem,
441 5641 504 5693 ut
541 5651 654 5692 non
689 5636 930 5693 tenebrae
975 5635 1360 5708 infidelitatis,
1409 5638 1811 5722 exerceationis

482 5761 748 5830 PATROL.
799 5761 968 5826 CLV.

1912 3319 2040 3375 dico
2073 3319 2254 3385 vobis,
2305 3319 2499 3375 nescio
2546 3338 2646 3376 vos
2679 3322 2886 3393 (Matth.
2935 3325 3086 3394 xxv).
3149 3346 3178 3374 »
3230 3324 3558 3398 Propterea,

1911 3408 2117 3464 fratres
2151 3408 2284 3473 mei,
2317 3413 2549 3481 tempus
2582 3411 2652 3466 ad
2702 3412 3102 3483 paenitentiam
3153 3413 3320 3468 nobis
3353 3414 3557 3470 datum

1912 3513 2028 3552 non
2060 3497 2388 3568 perdames,
2435 3499 2638 3554 sordes
2687 3505 3059 3573 peccatorum
3109 3506 3444 3558 nostrorum
3476 3503 3561 3560 la-

1911 3586 2124 3658 crymis
2171 3585 2461 3654 ablamus,
2520 3604 2730 3662 corpus
2783 3595 3051 3646 nostrum
3103 3608 3237 3648 cum
3292 3591 3447 3648 vitiis
3506 3596 3566 3649 et

1911 3675 2409 3748 concupiscentiis
2433 3677 2629 3732 cruciﬁ
2639 3693 2869 3748 gamus,
2890 3680 3066 3735 vitam
3091 3686 3346 3736 nsstram
3368 3681 3425 3736 in
3449 3698 3567 3739 me-

1910 3763 2024 3819 lius
2054 3766 2772 3836 mutemus,orationibus,
2796 3769 3040 3841 jejuniis
3069 3773 3126 3825 et
3154 3770 3433 3842 operibus
3456 3771 3566 3828 mi-

1911 3853 2238 3910 sericordia:
2290 3854 2659 3922 insistamus,
2713 3859 3002 3914 mundum
3049 3863 3106 3914 et
3146 3861 3569 3934 concupiscen—

1909 3943 2051 3998 tiam
2103 3943 2231 4014 ejus
2276 3948 2640 4014 contemnas,
2690 3947 2760 4001 ad
2813 3947 3103 4004 czelestem
3157 3949 3406 4020 patriam
3448 3953 3569 4007 toto

1909 4033 2196 4088 desiderio
2227 4034 2563 4089 tendamus.
2596 4035 2680 4089 Ad
2706 4053 2883 4107 quam
2907 4054 3014 4092 nos
3036 4037 3316 4110 perducat
3337 4039 3436 4110 qui
3462 4055 3565 4111 pro

1911 4121 2081 4176 nobis
2114 4121 2374 4193 cruciﬁgi
2408 4122 2591 4192 vojuit
2640 4123 2924 4180 Dominus
2957 4130 3157 4181 noster
3185 4125 3358 4184 Jesus
3397 4125 3566 4183 Chri-

1912 4214 2063 4275 stus,
2138 4209 2236 4281 qui
2288 4226 2423 4264 cum
2477 4210 2643 4266 Patre
2695 4216 2752 4267 et
2805 4213 3026 4286 Spiritu
3073 4219 3276 4271 sancto
3323 4215 3462 4272 vivit
3509 4220 3569 4274 et

1919 4301 2128 4370 regnat
2154 4297 2309 4354 Deus
2340 4314 2443 4370 per
2473 4315 2670 4371 omnia
2713 4300 2926 4357 saecula
2955 4302 3325 4360 saeculorum.
3357 4306 3562 4362 Amen.

2604 4443 2871 4502 XXXVII.

2340 4549 2398 4586 ΙΝ
2443 4548 2613 4588 FESTO
2652 4550 2810 4590 BEATI
2851 4552 3130 4592 MATTHEI.

1987 4656 2130 4713 Vidit
2159 4658 2310 4713 Iesus
2331 4658 2606 4714 hominem
2620 4659 2893 4715 sedentem
2925 4662 2984 4716 in
3010 4661 3232 4730 teIonio,
3255 4662 3571 4721 Matthxum

1918 4748 2142 4802 nomine
2164 4745 2384 4818 (Matth.
2419 4749 2518 4818 Ix).
2551 4749 2619 4803 Et
2651 4747 2893 4821 reliqua.
2919 4750 3206 4816 Quoniam
3229 4751 3570 4808 solemnita-

1918 4839 2035 4891 tem
2049 4835 2201 4891 beati
2223 4835 2477 4890 Matthazi
2501 4837 2748 4908 apostoli
2769 4842 2826 4893 et
2849 4839 3234 4912 evangelista,
3249 4839 3444 4909 hodie,
3461 4841 3572 4897 fra-

1917 4927 2036 4980 tres
2061 4924 2196 4992 mei,
2232 4923 2617 4992 celebramus,
2653 4931 2804 4982 recte
2831 4926 2999 4984 lectio
3043 4929 3394 5002 evangelica,
3428 4946 3570 4986 cou-

1916 5013 2198 5069 versionis
2231 5014 2359 5084 ejus
2409 5013 2714 5070 continens
2749 5015 3077 5085 historiam,
3111 5017 3169 5072 in
3201 5018 3444 5074 ecclesia
3475 5036 3570 5076 re-

1918 5102 2150 5158 citatur.
2174 5102 2274 5156 Est
2292 5105 2486 5156 autem
2512 5102 2631 5158 haec
2655 5102 2825 5159 lectio
2854 5105 3350 5180 quinquepertita.
3375 5109 3568 5165 Primo

1919 5192 2074 5247 enim
2107 5191 2391 5246 Dominus
2421 5191 2573 5246 videt
2595 5197 2650 5246 et
2679 5199 2843 5249 vocat
2875 5195 3214 5252 Matthzeum
3240 5216 3253 5266 ;
3287 5199 3566 5268 secundo,

1925 5280 2234 5336 Mattheus
2266 5279 2534 5351 sequitur
2579 5298 2754 5349 eum;
2796 5284 2988 5352 tertio,
3021 5285 3196 5343 Jesus
3244 5287 3398 5360 apud
3431 5304 3567 5342 eum

1921 5371 2234 5426 manducet
2266 5386 2399 5424 cum
2451 5371 2854 5441 peccatoribus
2881 5391 2894 5442 ;
2929 5378 3158 5447 quarto,
3191 5393 3370 5449 super
3396 5375 3505 5431 hoc
3535 5391 3572 5432 a

1917 5459 2225 5516 Pharisaeis
2256 5458 2737 5530 reprehenditur;
2773 5462 2998 5534 quinto,
3023 5463 3094 5520 de
3116 5464 3296 5522 stulta
3331 5481 3570 5537 respon-

1919 5549 2080 5606 sione
2098 5548 2370 5604 Pharisaei
2394 5564 2427 5603 a
2447 5548 2692 5606 Domino
2715 5552 3160 5609 convincuntur.
3184 5555 3446 5610 Primum
3469 5553 3573 5626 igi-

1923 5644 2021 5697 tur
2047 5637 2333 5697 Dominus
2364 5637 2702 5696 Matthaum
2731 5640 2907 5712 videt,
2939 5659 3056 5700 non
3086 5642 3278 5701 solum
3309 5657 3574 5718 corpora-

3177 5770 3257 5836 46
