4002 6078
440 310 597 377 MM

1715 306 2115 371 RADULPHI
2156 306 2575 371 ARDENTIS.

437 442 597 501 libus
627 440 835 514 oculis,
870 442 973 498 sed
1004 442 1181 499 etiam
1204 440 1389 499 oculis
1412 440 1816 498 misericordiae
1834 444 1892 497 et
1910 440 2094 497 oculis
2123 441 2179 508 Α
2206 440 2363 496 venit
2390 441 2449 496 in
2480 441 2640 498 hunc
2685 441 2974 497 mundum
3022 440 3214 497 salvos
3253 441 3440 497 facere
3488 443 3846 513 peccatores,

437 530 835 607 praescientiaa.
858 531 1075 589 Multos
1106 532 1251 588 forte
1288 536 1427 588 tunc
1458 531 1674 587 ibidem
1699 530 1931 585 videbat
1961 547 2090 586 cor-

438 619 740 695 poralibus
771 619 978 690 oculis,
1013 621 1115 677 sed
1148 620 1327 675 istum
1368 618 1559 676 solum
1592 624 1731 675 tunc
1760 619 1840 673 ibi
1874 618 2089 674 vidisse

427 713 726 779 narratur,
757 713 815 765 et
836 708 1020 766 oculis
1039 708 1469 777 misericordia,
1501 709 1716 781 quibus
1738 708 1972 764 Petrum
1995 724 2092 763 ne-

426 802 687 872 gentem,
721 800 788 853 ut
816 798 1133 871 paeniteret,
1164 798 1328 866 vidit,
1372 802 1428 854 et
1459 798 1673 870 quibus
1717 797 1870 854 filios
1901 793 2088 853 Israel

428 884 491 943 in
519 887 760 960 [Egypto
804 885 1050 943 afﬂictos
1080 903 1142 943 se
1182 886 1398 943 vidisse
1428 886 1605 942 dicit:
1640 909 1667 937 «
1710 885 1932 941 Videns
1971 885 2087 940 vidi

432 974 807 1034 afﬂictionem
839 973 1039 1048 populi
1072 975 1184 1031 mei
1241 975 1341 1047 qui
1391 980 1481 1032 est
1510 975 1570 1031 in
1600 979 1842 1049 zEgypto
1894 973 2083 1045 (Exod.

430 1064 541 1138 ιιι).
574 1086 604 1116 ››
635 1064 747 1121 Sed
778 1067 836 1120 et
864 1080 998 1120 eum
1049 1063 1224 1120 etiam
1273 1064 1466 1121 oculis
1516 1064 1892 1137 praeseientire
1924 1063 2087 1130 vidit,

432 1156 634 1227 utpote
662 1169 837 1226 quem
868 1153 943 1209 ab
990 1155 1202 1210 aeterno
1256 1153 1772 1226 praedestinaverat
1822 1170 1924 1208 vas
1973 1152 2086 1208 ele—

433 1241 646 1300 ctionis
675 1241 737 1298 ef
759 1240 1091 1315 apostolum
1144 1242 1202 1297 in
1254 1241 1516 1299 Ecclesia
1555 1258 1665 1297 sua
1695 1242 1982 1297 futurum.
2016 1240 2089 1297 Ut

433 1331 575 1406 quid
602 1329 782 1387 vidit?
812 1330 1134 1386 hominem.
1166 1332 1235 1387 Et
1266 1330 1546 1404 qualem?
1576 1331 1654 1386 Pu
1668 1330 1990 1399 blieanum,
2024 1334 2089 1386 ut

431 1419 583 1479 alius
612 1419 965 1493 evangelista
992 1420 1188 1476 tradit.
1204 1420 1274 1475 Et
1298 1420 1397 1475 ubi
1429 1437 1564 1476 eum
1587 1419 1769 1475 vidit?
1787 1420 1848 1495 In
1873 1418 2086 1475 telonia

431 1510 748 1568 sedentem.
781 1511 861 1564 Ac
890 1509 939 1564 si
979 1513 1178 1582 aperte
1207 1509 1399 1565 dicat:
1431 1509 1591 1564 Vidit
1621 1509 1861 1582 quidem
1895 1508 2088 1564 homi-

431 1615 568 1656 nem
599 1599 701 1657 sed
728 1602 1117 1672 peccatorem,
1146 1602 1204 1655 et
1231 1598 1289 1654 in
1324 1598 1622 1671 proposito
1654 1598 1933 1671 peccandi
1958 1614 2086 1671 per-

432 1692 815 1745 severantem.
839 1687 1221 1743 Publicanum
1247 1687 1463 1760 quippe
1490 1687 1701 1742 dicitur
1719 1687 1817 1759 qui
1838 1686 2086 1760 publicis

433 1776 751 1834 sceleribus
781 1777 1054 1875 foedatur,
1086 1775 1175 1832 vel
1198 1776 1311 1878 qui,
1334 1775 1588 1878 publicis
1615 1777 1861 1878 negotiis
1892 1774 2086 1847 impli-
2119 1812 2168 1878 B

435 1869 621 1936 catur,
655 1882 783 1939 quae
814 1864 942 1921 sine
973 1868 1211 1937 peccato
1226 1864 1315 1921 vel
1337 1865 1430 1920 vix
1457 1864 1547 1921 vel
1572 1864 1908 1921 nullatenus
1930 1881 2089 1921 exer-

437 1955 553 2013 ceri
582 1958 852 2029 possunt,
884 1952 1077 2026 qualis
1109 1957 1198 2009 est
1228 1953 1543 2027 negotiatio
1575 1958 1632 2010 et
1660 1952 1966 2010 telonium.
1990 1954 2094 2009 Te-

434 2043 524 2101 los
553 2043 709 2101 enim
741 2042 956 2111 Graece,
979 2042 1184 2098 Latine
1210 2042 1422 2098 dicitur
1450 2045 1700 2113 vectigal.
1733 2043 1971 2098 Constat
1986 2059 2090 2098 au-

435 2138 555 2190 tem
572 2132 853 2206 quoniam
875 2131 1099 2205 exigere
1118 2130 1445 2203 vectigalia,
1461 2135 1518 2187 et
1533 2132 1862 2188 exactiones
1882 2132 2087 2199 facere,

435 2239 551 2279 non
583 2226 673 2279 est
703 2221 829 2278 sine
851 2220 1116 2277 crimine.

503 2310 662 2367 Vidit
676 2310 855 2384 igitur
868 2309 1154 2366 Dominus
1170 2309 1492 2377 hominem,
1511 2309 1827 2382 imaginem
1853 2310 2090 2383 quidem

437 2398 541 2456 Dei
571 2398 630 2454 in
652 2413 716 2453 se
735 2397 1075 2466 habentem,
1098 2398 1199 2455 sed
1222 2415 1351 2454 eam
1372 2399 1623 2470 peccatis
1644 2398 2090 2465 deformantem,

438 2491 497 2545 et
525 2487 585 2543 in
634 2485 746 2543 hoc
793 2486 1095 2559 proposito
1145 2488 1585 2559 perdurantem.
1630 2488 1851 2560 Itaque,
1886 2488 2093 2544 fratres

442 2575 577 2647 mei,
608 2574 954 2648 exprimitur
982 2575 1111 2647 ejus
1157 2575 1413 2642 miseria,
1447 2579 1511 2631 ut
1542 2577 1728 2648 major
1760 2576 2094 2632 miserantis

441 2665 540 2722 Dei
571 2668 850 2738 appareat
900 2664 1324 2734 misericordia,
1378 2683 1506 2737 quae
1537 2666 1607 2721 de
1638 2670 1756 2721 tam
1790 2664 1942 2721 malo
1976 2671 2093 2721 tam

445 2756 716 2811 sanctum
774 2753 963 2808 effecit
1013 2757 1080 2807 ut
1127 2769 1263 2808 eum
1314 2770 1430 2809 non
1494 2752 1685 2810 solum
1738 2753 2095 2826 discipulum

446 2858 646 2912 suum,
685 2841 784 2898 sed
818 2840 995 2897 etiam
1029 2841 1358 2915 apostolum
1391 2841 1779 2909 constituerit,
1812 2847 1868 2898 et
1897 2842 1945 2898 ei
1980 2859 2093 2898 non

446 2929 638 2988 solum
669 2929 1041 3004 praedicandi,
1074 2931 1174 2987 sed
1192 2931 1366 2987 etiam
1398 2930 1689 2987 scribendi
1718 2929 2094 3004 Evangelium

444 3018 851 3077 auctoritatem
874 3020 1175 3092 praeberet,
1203 3024 1269 3075 ut
1289 3020 1718 3077 communicato
1739 3037 1874 3076 cum
1899 3037 1964 3075 su
1972 3036 2098 3094 per-

446 3109 540 3166 nis
571 3108 878 3182 spiritibus
900 3108 1202 3177 vocabulo,
1226 3107 1584 3182 evangelista
1612 3109 2013 3166 nominaretur
2040 3114 2099 3166 et

2203 547 2455 602 quorum
2490 531 2719 604 primus
2739 548 2844 605 ego
2875 548 3008 586 sum
3033 530 3079 603 (I
3105 532 3222 587 Tim
3250 530 3312 601 1).

2270 618 2549 691 Sequitur
2582 637 2595 675 :
2626 620 2694 676 Et
2715 621 2799 675 ait
2828 620 2917 675 illi
2942 637 2954 676 :
2977 619 3210 692 Sequere
3236 635 3340 675 me.
3374 619 3453 674 Ac
3484 617 3535 674 si
3574 618 3795 675 diceret
3830 635 3846 675 :

2199 707 2425 780 Linque
2456 706 2687 764 lucrum
2721 708 2928 764 mundi
2977 712 3034 764 et
3064 709 3192 780 ejus
3220 708 3625 781 cupiditatem,
3670 710 3732 765 et
3758 724 3849 765 me

2197 813 2461 869 sequere.
2508 798 2761 870 Sequere
2795 814 2887 854 me
2936 814 3193 870 corpore,
3248 814 3494 870 sequere
3526 813 3623 854 me
3654 799 3845 866 corde,

2197 902 2441 958 sequere
2473 903 2565 942 me
2588 886 2932 943 imitatione.
2957 887 3214 959 Sequere
3243 902 3484 959 corpore
3504 902 3699 943 meam
3713 903 3845 943 con-

2194 975 2602 1041 versationem,
2637 992 2881 1048 sequere
2912 976 3085 1033 corde
3114 992 3309 1032 meam
3336 975 3727 1043 voluntatem,
3760 992 3844 1032 se-

2196 1079 2375 1135 quere
2396 1063 2722 1120 imitatione
2743 1082 2933 1121 meam
2958 1065 3160 1121 vitam.
3185 1065 3452 1121 Secundo
3484 1064 3846 1122 demonstrat

2196 1151 2506 1207 Mattheus
2548 1152 2866 1209 Dominum
2916 1158 3222 1210 vocantem
3273 1170 3335 1210 se
3382 1158 3678 1221 secutum,
3712 1169 3841 1209 cum

2197 1240 2468 1296 subditur
2491 1258 2504 1297 :
2530 1242 2596 1297 Ei
2621 1259 2871 1313 surgens,
2893 1250 3106 1299 secutus
3133 1250 3215 1299 est
3238 1260 3384 1299 cum.
3411 1243 3600 1298 Lucas
3619 1240 3843 1315 plenius

2196 1328 2412 1385 dicit:«
2450 1330 2687 1386 Relictis
2700 1332 2998 1399 omnibus,
3016 1336 3253 1388 secutus
3272 1335 3364 1388 est
3383 1348 3518 1388 eum
3548 1331 3703 1405 (Luc.
3736 1333 3843 1401 v).-

2195 1421 2261 1472 In
2292 1434 2429 1490 quo,
2461 1418 2670 1475 fratres
2718 1420 2855 1485 mei,
2903 1420 3261 1477 attendenda
3302 1425 3392 1475 est
3429 1424 3487 1476 et
3532 1419 3849 1477 vocationis

2198 1507 2427 1585 Domini
2459 1509 2610 1564 mira
2640 1509 2920 1579 efﬁcacia,
2946 1514 3004 1566 et
3020 1509 3208 1566 vocati
3237 1508 3402 1566 velox
3421 1508 3774 1566 obedientia.
3788 1510 3850 1567 Et

2196 1597 2518 1653 vocationis
2541 1597 2779 1670 quidem
2813 1598 3047 1655 Domini
3070 1600 3219 1654 mira
3234 1598 3497 1655 efﬁcacia
3528 1598 3588 1653 in
3620 1597 3737 1654 hoc
3756 1615 3849 1671 ap-

2195 1689 2379 1759 paret,
2402 1686 2679 1758 quoniam
2709 1704 2887 1759 quam
2916 1686 3030 1743 cito
3061 1686 3222 1756 dicit,
3254 1691 3375 1742 tam
3407 1687 3521 1743 cito
3550 1686 3759 1743 efﬁcit.
3791 1687 3849 1743 In

2199 1791 2314 1848 quo
2344 1775 2787 1831 demonstratur
2816 1775 3098 1848 quoniam
3127 1774 3282 1831 sicut
3301 1775 3491 1832 dicere
3511 1775 3749 1831 Domini
3769 1780 3853 1831 est
3958 1836 3959 1848 ἢ

2202 1864 2409 1932 facere,
2436 1864 2608 1935 juxta
2637 1863 2781 1919 illud
2812 1881 2825 1921 :
2863 1887 2884 1914 α
2920 1865 3051 1936 Ipse
3082 1863 3227 1920 dixit
3253 1868 3310 1920 et
3344 1864 3496 1921 facta
3514 1868 3655 1920 sunt
3677 1864 3850 1937 (Psal.

2200 1951 2399 2024 χχχιι),
2436 1974 2463 2000 ››
2495 1952 2575 2007 ita
2605 1952 2737 2023 ejus
2776 1968 2982 2008 vocare
3025 1955 3114 2007 est
3144 1951 3395 2008 trahere.
3428 1951 3611 2008 Vocat
3640 1950 3853 2025 quippe

2199 2057 2316 2097 non
2348 2046 2467 2096 tam
2500 2041 2754 2097 exterius
2786 2057 2966 2114 quam
2996 2040 3272 2096 interius.
3308 2040 3501 2097 Vocati
3528 2057 3665 2097 vero
3696 2040 3854 2097 velox

2201 2129 2532 2185 obcdicutia
2562 2129 2621 2184 in
2652 2128 2763 2185 hoc
2807 2131 3269 2196 demonstratur,
3303 2129 3584 2202 quoniam
3614 2133 3851 2187 vocatus

2202 2235 2316 2274 non
2349 2218 2654 2285 dubitavit,
2688 2236 2804 2275 non
2828 2224 3093 2274 moratus
3115 2222 3225 2287 est,
3258 2235 3372 2274 non
3398 2218 3656 2276 rationes
3684 2219 3852 2275 vecti.

2200 2303 2419 2378 galium
2453 2305 2723 2372 reddidit,
2785 2305 2887 2362 sed
2934 2305 3192 2378 periculo
3247 2306 3589 2379 principum
3639 2311 3852 2380 spreto,

2204 2410 2382 2466 quam
2414 2394 2527 2449 cito
2559 2395 2631 2450 ad
2664 2411 2845 2450 unam
2895 2395 3083 2451 solam
3109 2394 3494 2463 vocationem,
3542 2395 3855 2452 Dominum

2203 2488 2325 2539 tam
2354 2483 2606 2539 exterius
2653 2501 2832 2557 quam
2881 2483 3130 2540 interius
3184 2488 3424 2540 secutus
3469 2488 3578 2541 est.
3612 2485 3686 2540 Et
3724 2483 3856 2557 quid

2204 2573 2273 2628 ad
2304 2571 2413 2628 hoc
2460 2573 2810 2645 respondere
2854 2573 3204 2646 poterimus,
3252 2572 3463 2630 fratres
3511 2573 3666 2631 mei?
3716 2574 3856 2630 Mat-

2205 2661 2393 2716 theus
2441 2664 2725 2719 Dominus
2757 2662 2949 2719 adhuc
2998 2661 3306 2719 mortalem
3339 2663 3411 2718 ad
3445 2680 3632 2718 unam
3674 2663 3853 2720 solam

2204 2751 2564 2806 vocationem
2597 2755 2834 2807 secutus
2863 2755 2973 2819 est,
3010 2755 3066 2806 et
3095 2767 3203 2807 nos
3236 2767 3370 2807 cum
3394 2752 3523 2823 jam
3553 2751 3855 2810 immorta-

2205 2839 2341 2907 lem,
2376 2839 2431 2894 in
2466 2839 2741 2895 omnibus
2764 2840 3018 2909 divitem,
3040 2839 3101 2896 in
3124 2839 3266 2897 caelo
3279 2839 3410 2896 etin
3433 2845 3591 2897 terra
3607 2858 3857 2915 regnan-

2205 2933 2345 2996 tem,
2380 2934 2436 2984 et
2479 2927 2698 2985 multas
2742 2930 3107 2998 vocationes,
3160 2933 3219 2985 et
3248 2928 3442 2985 minas
3493 2934 3552 2986 et
3578 2934 3853 2999 terrores,

2205 3017 2433 3091 flagella
2458 3021 2517 3073 et
2542 3017 2961 3090 promissiones
2991 3017 3159 3090 sequi
3191 3018 3645 3075 contemnimus.
3672 3019 3855 3077 Unde.

2204 3107 2412 3162 fratres
2444 3106 2580 3174 mei,
2629 3106 2883 3162 multum
2931 3106 3247 3163 formidare
3275 3106 3559 3164 debemus
3592 3124 3669 3164 ne
3708 3109 3859 3166 Deus

444 3201 618 3255 esset.
651 3198 813 3265 Quod
840 3196 1208 3271 omnipotens
1239 3204 1296 3254 et
1324 3198 1457 3271 pius
1488 3197 1770 3254 Dominus
1801 3198 1981 3254 voluit
2011 3199 2095 3255 fa-
2125 3182 2169 3249 C
2210 3196 2377 3253 nobis
2406 3196 2613 3263 iratus,
2669 3195 3032 3269 exigentibus
3071 3196 3297 3252 meritis
3328 3196 3565 3266 nostris,
3599 3214 3717 3255 nos
3750 3215 3857 3256 non

444 3303 573 3343 cere
599 3286 813 3359 triplici
842 3286 1087 3342 ratione.
1114 3286 1397 3353 Primum,
1422 3292 1485 3342 nt
1514 3286 1947 3360 omnipotentiae
1979 3305 2096 3344 suae

443 3375 715 3434 eil'ectum
746 3375 917 3432 nobis
947 3376 1393 3444 demonstraret,
1429 3393 1546 3447 qua
1576 3381 2099 3449 quantumcunque

447 3463 1005 3535 sceleratum,quam
1029 3464 1141 3519 eito
1170 3462 1640 3534 vult,justiﬁcare
1660 3465 2094 3537 potest.Seeun-

444 3551 539 3621 do,
566 3554 633 3607 ut
657 3551 1117 3607 immensitatem
1145 3551 1553 3607 misericordia
1576 3571 1694 3608 suae
1722 3553 1889 3609 nobis
1915 3553 2099 3625 aperi-

442 3644 736 3712 ret,quam
764 3639 926 3695 nulla
952 3639 1237 3695 scelerum
1264 3640 1585 3712 ignominia
1597 3658 1872 3714 superare
1884 3647 2093 3714 potest.

440 3728 660 3799 Tertio,
672 3732 738 3784 ut
761 3729 939 3785 veniae
970 3745 1134 3801 spem
1157 3730 1433 3786 omnibus
1454 3736 1975 3804 quantumcunque
1992 3732 2096 3787 cri-

444 3816 692 3875 minosis
722 3818 1023 3890 praeberet.
1055 3818 1204 3874 Audi
1236 3824 1454 3886 tamen,
1478 3824 1779 3893 peccator;
1815 3837 1929 3876 non
1960 3837 2092 3893 pro-

443 3905 682 3980 ponitur
699 3905 807 3962 tibi
832 3905 1141 3963 Matthzeus
1162 3907 1482 3964 telonarius
1519 3909 1577 3963 in
1612 3908 1943 3980 exemplum
1966 3926 2094 3981 pec-

437 3994 631 4064 candi,
665 3995 767 4052 sed
815 3995 875 4051 in
928 3995 1260 4068 exemplum
1302 3996 1632 4069 paenitendi.
1682 3999 1826 4053 Cave
1858 4015 1929 4053 ne
1958 4015 2093 4071 pec-

438 4100 555 4141 ces.
579 4083 640 4141 Si
668 4087 866 4141 tamen
894 4084 1243 4157 peccaveris,
1267 4102 1383 4141 non
1401 4087 1694 4158 desperes,
1721 4086 1999 4159 quoniam
2018 4088 2090 4144 ad

439 4172 774 4246 exemplum
832 4172 1112 4241 Matthaei,
1178 4190 1282 4246 per
1330 4175 1731 4247 pcenitentiam
1788 4193 2091 4251 resurgere

436 4265 627 4336 potes,
680 4262 730 4318 si
780 4266 1084 4336 peccatum
1129 4266 1297 4318 tuum
1349 4265 1733 4320 accusaveris.
1781 4265 2090 4322 Matthaaus

443 4350 604 4409 enim
635 4368 751 4408 non
782 4368 845 4408 se
874 4355 1136 4418 excusat,
1171 4352 1271 4408 sed
1318 4352 1512 4424 potius
1544 4358 1780 4409 accusat
1810 4355 1881 4410 de
1910 4355 2089 4411 veteri

436 4444 700 4514 peccato,
755 4457 891 4496 eum
949 4439 1108 4508 dicit,
1159 4440 1426 4496 sedentem
1472 4443 1529 4496 in
1563 4442 1779 4511 telom’o,
1827 4447 1886 4499 et
1944 4443 2088 4500 dum

435 4527 702 4584 nominat
731 4545 793 4585 se
825 4528 1061 4585 nomine
1078 4528 1267 4601 magis
1291 4532 1447 4599 noto,
1474 4530 1809 4586 Matthaeum
1830 4531 2084 4587 nomine.
2117 4553 2164 4618 Β

432 4615 546 4673 Alii
586 4634 721 4674 vero
770 4616 1137 4691 evangelista:
1188 4616 1411 4685 dicunt,
1464 4620 1699 4674 nomine
1746 4619 1899 4675 Levi.
1951 4621 2088 4677 Erat

432 4707 590 4765 enim
613 4707 931 4764 binomius.
957 4707 1070 4762 Sed
1095 4705 1192 4762 alii
1216 4706 1581 4779 evangelista:
1603 4709 2088 4781 eoevangelistam

434 4813 611 4853 suum
644 4794 843 4854 minus
874 4799 1009 4852 noto
1032 4793 1313 4851 vocabulo
1334 4796 1636 4853 nominare
1666 4796 1992 4868 voluerunt,
2017 4816 2089 4855 ne

431 4902 567 4941 eum
598 4885 669 4941 de
696 4886 874 4942 veteri
905 4884 1341 4942 conversatione
1366 4889 1567 4941 notare
1588 4885 1941 4942 viderentur.
1959 4888 2087 4960 Ipse

429 4989 565 5028 vero
578 4973 747 5045 juxta
765 4973 920 5046 quod
948 4973 1233 5046 scriptum
1259 4978 1373 5029 est:
1402 4997 1429 5023 «
1447 4973 1655 5029 Justus
1677 4974 1834 5046 prior
1854 4992 2089 5032 accusa-

429 5065 522 5117 tor
545 5065 635 5117 est
663 5062 755 5117 sui
782 5063 962 5134 (Prov.
993 5064 1173 5133 xvm),
1232 5084 1258 5111 ››
1293 5061 1553 5135 seipsum
1603 5063 1791 5136 magis
1822 5068 1957 5120 noto
1984 5081 2085 5121 vo-

434 5147 644 5206 cabulo
671 5153 855 5206 vocat.
890 5151 953 5206 In
1004 5150 1266 5225 catalogo
1310 5169 1541 5223 quoque
1593 5152 1990 5224 apostolorum
2025 5172 2087 5212 se

431 5235 818 5309 publicanum
867 5242 1036 5294 vocat
1084 5238 1324 5296 dicens:
1381 5239 1637 5296 Thomas
1675 5245 1732 5296 et
1776 5242 2084 5300 Matthaeus

429 5323 801 5399 publicanus.
830 5349 859 5376 ››
894 5327 955 5382 In
989 5344 1104 5400 quo
1128 5328 1315 5395 nobis,
1342 5328 1550 5385 fratres
1582 5330 1715 5398 mei,
1751 5331 2082 5405 exemplum

429 5413 797 5488 proponitur,
829 5419 1118 5489 quatenus
1150 5421 1388 5489 peccata
1417 5418 1821 5490 proximorum
1854 5426 2080 5477 nostro-

430 5518 564 5559 rum
595 5502 894 5563 discamus
922 5510 1252 5563 reverenter
1280 5510 1494 5578 tegere,
1526 5508 1761 5580 propria
1805 5526 1938 5566 vero
1968 5511 2077 5566 hu-

2198 3286 2326 3357 jam
2353 3285 2611 3342 exteriux
2657 3283 3020 3357 interiusque
3048 3288 3212 3341 vocet
3235 3289 3325 3341 ‘ut
3356 3285 3735 3360 Matthmum,
3764 3288 3859 3345 sed

2206 3374 2457 3430 exterius
2487 3377 2716 3430 tantum
2749 3374 2819 3430 ad
2850 3373 3169 3430 tollendam
3201 3373 3369 3429 nobis
3398 3376 3859 3434 excusationem.

2207 3462 2370 3519 Unde
2397 3462 2523 3535 ipse
2549 3463 2608 3518 in
2638 3462 2973 3536 Evangelio:
3008 3486 3038 3514 «
3070 3462 3130 3519 Si
3163 3479 3279 3519 non
3300 3462 3617 3532 venissem,
3640 3465 3856 3534 inquit,

2205 3556 2263 3608 et
2292 3551 2524 3608 locutus
2546 3552 2629 3608 eis
2660 3569 2777 3609 non
2798 3551 3063 3621 fuissem,
3087 3556 3391 3624 peccatum
3415 3570 3530 3608 non
3548 3552 3855 3612 haberent.

2205 3641 2371 3697 Nunc
2399 3646 2595 3697 autem
2638 3641 3069 3698 excusationem
3102 3658 3218 3697 non
3257 3641 3479 3697 habent
3505 3643 3579 3698 de
3622 3648 3856 3715 peccato

2205 3747 2310 3786 suo
2336 3732 2523 3803 (Joan.
2555 3731 2671 3803 xv.)
2704 3752 2732 3781 n
2782 3731 2853 3786 Et
2878 3730 3051 3786 alibi:
3095 3754 3121 3781 ‹‹
3153 3729 3406 3787 Clamavi
3455 3734 3513 3786 et
3552 3734 3855 3799 renuistis,

2203 3836 2308 3892 ego
2359 3835 2492 3875 vero
2550 3818 2606 3874 in
2668 3818 2910 3875 interitu
2965 3823 3160 3874 vestro
3214 3818 3417 3875 ridebo
3467 3819 3655 3890 (Prov.
3712 3821 3777 3893 ι).
3826 3843 3852 3872 ιι

2204 3908 2378 3963 Porro
2424 3907 2487 3963 in
2530 3907 2639 3963 hoc
2688 3908 2842 3979 quod
2876 3907 2971 3963 hic
3017 3907 3505 3979 dieitur,surgens,
3551 3917 3609 3965 et
3656 3909 3858 3967 relicti:

2200 3997 2471 4065 omnibus,
2489 4005 2704 4053 secutus
2724 4005 2804 4052 est
2820 4012 2967 4068 eum,
2992 3996 3247 4070 perfecta
3270 4000 3328 4051 et
3347 3996 3541 4052 omnis
3567 3997 3858 4056 abrenun-

2199 4085 2362 4141 tiatio
2376 4086 2987 4142 demonstratur.Sunt
2998 4086 3278 4141 enimtres
3289 4084 3857 4144 abrenuntiationes.

2200 4175 2393 4231 Prima
2409 4178 2498 4230 est
2518 4174 2929 4229 abrenuntiare
2950 4174 3103 4229 vitiis
3121 4178 3175 4230 et
3195 4172 3861 4245 cupiditatibus.Secun-

2199 4265 2275 4320 da
2288 4268 2378 4321 est
2394 4263 2728 4319 renuntiare
2746 4262 2892 4335 ipsis
2904 4262 3102 4319 rebus.
3118 4261 3315 4319 Tertia
3336 4266 3425 4319 est
3439 4262 3860 4321 abrenuntiare

2197 4350 2480 4406 voluntati
2530 4349 2797 4423 propriae.
2845 4350 3104 4407 Primam
3153 4349 3745 4409 abrenuntiationem
3774 4354 3857 4409 in-

2197 4439 2482 4512 telligitur
2528 4439 2734 4495 fecisse
2783 4438 3087 4512 apostolus
3131 4456 3265 4495 cum
3313 4437 3545 4507 dicitur,
3598 4457 3855 4512 surgens,

2197 4528 2447 4584 subaudi
2480 4545 2513 4584 a
2557 4527 2717 4583 vitiis
2761 4532 2818 4583 et
2847 4528 3273 4601 cupiditatibus
3321 4526 3467 4583 suis.
3517 4528 3855 4586 Secundam

2193 4615 2543 4689 intellipitur
2576 4615 2778 4673 fecisse
2798 4616 2975 4673 etiam
3006 4633 3141 4672 cum
3172 4616 3407 4687 dicitur,
3436 4616 3651 4674 reliciis
3680 4620 3855 4675 omni-

2199 4707 2317 4761 bus.
2351 4705 2632 4771 Tertiam,
2666 4721 2801 4761 cum
2827 4705 3229 4779 subjungitur,
3259 4712 3475 4761 secutus
3502 4713 3584 4761 est
3616 4723 3773 4775 eum,
3801 4706 3855 4762 id

2196 4799 2287 4851 est
2315 4794 2673 4852 voluntatem
2703 4796 2851 4867 ejus,
2876 4812 2992 4851 non
3025 4811 3215 4850 suam.
3251 4793 3506 4850 Perfecte
3526 4793 3726 4868 igitur
3744 4812 3860 4853 om-

2198 4884 2373 4942 nibus
2413 4885 2862 4950 abrenuntiavit,
2896 4883 2997 4956 qui
3027 4882 3184 4938 vitiis
3229 4882 3375 4948 suis,
3408 4882 3588 4938 rebus
3620 4885 3777 4951 suis,
3806 4886 3860 4941 et

2196 4975 2371 5030 etiam
2408 4972 2692 5030 voluntati
2737 4990 2855 5028 suae
2887 4971 3337 5028 abrenuntiavit.
3371 4971 3441 5026 Et
3472 4988 3603 5039 nos,
3644 4974 3857 5031 fratres

2196 5063 2328 5131 mei,
2365 5062 2414 5119 si
2448 5079 2562 5118 non
2593 5078 2913 5134 possumus
2951 5062 3127 5118 rebus
3159 5060 3378 5117 nostris
3410 5060 3853 5129 abrenuntiare.

2196 5151 2401 5208 saltem
2435 5150 2916 5208 abrenuntiemus
2950 5150 3105 5206 vitiis
3136 5154 3193 5206 et
3221 5148 3729 5222 concupiscentiis
3756 5166 3857 5207 no-

2194 5241 2352 5299 stris.
2385 5239 2445 5295 Si
2478 5256 2593 5295 non
2628 5255 2947 5311 possumus
2996 5237 3328 5311 relinquere
3375 5237 3594 5304 omnia,
3643 5240 3852 5295 saltem

2193 5330 2597 5402 relinquamus
2612 5328 2928 5401 superﬂua.
2944 5326 3176 5383 Victum
3199 5327 3356 5382 enim
3376 5330 3435 5382 et
3450 5327 3737 5384 vestitum
3760 5327 3853 5384 ha-

2190 5421 2410 5486 bentes,
2442 5418 2538 5475 his
2579 5417 2833 5473 contenti
2884 5417 3072 5474 simus
3105 5417 3153 5490 (1
3216 5419 3350 5474 Tim.
3404 5416 3507 5488 v1),
3549 5422 3619 5472 ut
3661 5417 3848 5473 simus

2186 5509 2468 5565 habentes
2514 5510 2798 5578 tanquam
2850 5522 2965 5561 non
3011 5505 3315 5573 habentes,
3347 5509 3408 5562 et
3452 5508 3694 5564 utentes
3743 5504 3847 5563 hoc

430 5589 649 5655 militer
674 5593 957 5654 conﬁteri.
981 5594 1148 5655 Unde
1165 5598 1223 5656 et
1250 5592 1539 5652 Paulusm
1568 5595 1855 5668 Christus,
1883 5599 2077 5674 inquit
2184 5598 2426 5667 mundo,
2458 5600 2742 5671 tanquam
2775 5612 2891 5654 non
2924 5599 3160 5656 utentes
3190 5598 3244 5674 (Ι
3270 5595 3395 5655 Cor.
3419 5594 3543 5670 vn).

3694 308 3849 371 MSS
3938 356 3947 369 .
