4002 6078
168 255 319 315 1453

1292 253 1668 316 HOMILIIE.
1701 287 1778 297 —-
1806 253 1856 316 Ι.
1898 253 2003 315 DE
2045 254 2442 317 TEMPORE.

3409 258 3563 316 1454

233 385 448 455 Tertio,
483 387 916 444 demonstratur
943 387 1227 444 Dominus
1270 390 1425 461 apud
1467 388 1802 444 Matthwum
1833 387 1890 454 Α
1922 405 2036 444 uno
2068 393 2369 461 peccatore
2399 388 2799 460 pwnitentiam
2851 393 3055 462 agente
3102 388 3263 458 (ibid)
3289 410 3316 437 ››
3349 393 3566 461 quanto

167 477 553 533 manducasse
583 492 716 532 cum
751 477 1023 534 subditur
1050 496 1062 534 :
1095 479 1162 534 Et
1187 479 1394 549 factum
1444 486 1539 543 est,
1572 477 1812 533 discum-

167 567 320 622 bentc
344 567 405 620 in
433 582 493 622 co
523 567 582 620 in
610 565 914 634 domo,eccc
939 567 1104 622 multi
1119 568 1408 639 publicani
1436 574 1487 623 et
1504 574 1813 638 peccatores

162 656 438 711 venicnics
485 654 894 712 discumbebant
942 673 1066 712 cum
1111 673 1171 712 eo
1228 664 1278 712 et
1334 657 1620 727 discipulis
1675 656 1809 726 ejus.

164 745 338 800 Porro
370 745 526 816 quod
560 744 868 801 Matthaaus
899 747 970 801 de
1000 763 1061 801 se
1081 745 1432 802 humilitatis
1455 762 1634 800 causa
1656 745 1814 800 inde-

163 833 476 890 terminate
515 833 675 901 dicit,
712 835 898 890 Lucas
955 835 1214 907 apertius
1266 835 1502 908 exponit
1559 835 1759 889 dicens
1795 850 1806 888 :

163 923 310 988 Quia
342 923 474 978 fecit
503 923 555 978 ei
589 922 720 978 Levi
751 923 1075 979 convivium
1105 940 1386 997 magnum
1417 923 1477 978 in
1510 924 1682 980 domo
1705 941 1814 979 sua

163 1012 309 1084 (Luc.
341 1013 417 1084 v).
453 1035 480 1061 »
513 1011 658 1067 Hinc
689 1011 919 1068 discant
965 1012 1280 1080 auditores,
1304 1013 1711 1084 praedicatores
1757 1017 1814 1068 et

161 1102 479 1158 monilores
507 1118 644 1157 suos
675 1101 1235 1174 suscipere,pascere
1257 1107 1313 1158 et
1329 1102 1632 1158 honorare.
1648 1101 1812 1158 Unde

159 1191 446 1248 Dominus
475 1190 669 1263 inquit
701 1208 714 1247 :
752 1213 780 1241 «
806 1191 1056 1247 Edentes
1087 1197 1145 1248 et
1175 1191 1441 1248 bibentes
1483 1209 1610 1264 quae
1654 1193 1808 1264 apud

157 1279 292 1337 illos
333 1281 642 1348 sunt(Luc.
673 1282 753 1349 κ).
789 1302 816 1329 ››
849 1281 916 1336 Et
945 1280 1260 1353 Apostolus
1294 1298 1306 1336 :
1342 1304 1370 1331 «
1402 1281 1460 1336 Si
1504 1281 1686 1348 vobis,
1721 1280 1808 1335 in-

158 1368 308 1442 quit,
333 1368 664 1442 spiritualia
680 1369 1119 1436 seminavimus,
1137 1386 1418 1442 magnum
1441 1373 1528 1426 est
1551 1367 1600 1425 si
1619 1373 1812 1425 vestra

158 1457 420 1514 carnalia
440 1461 731 1513 metamus
764 1459 812 1522 (I
837 1460 963 1515 Cor.
997 1463 1096 1527 1x).
1132 1481 1160 1508 »
1192 1459 1356 1514 Sicut
1386 1459 1543 1514 enim
1593 1458 1654 1513 hi
1703 1459 1808 1513 de-

157 1548 300 1603 bent
320 1546 438 1603 illis
469 1545 816 1618 spiritualia,
837 1547 920 1602 sic
943 1546 1024 1601 illi
1056 1547 1270 1604 debent
1290 1547 1422 1604 istis
1446 1547 1806 1620 temporalia.

156 1637 486 1693 Conversus
518 1636 694 1710 igitur
725 1635 1033 1692 Matthzeus
1066 1637 1312 1710 suscipit
1341 1637 1658 1708 Christum,
1692 1654 1808 1693 non

157 1727 352 1783 solum
411 1725 809 1798 corporaliter,
851 1727 958 1826 .sed
1006 1727 1182 1782 etiam
1238 1726 1639 1798 spiritualiter,
1681 1727 1808 1798 ipso
1838 1764 1885 1829 Β

156 1817 407 1874 Domino
425 1819 607 1872 teste:
635 1839 664 1865 «
688 1814 746 1870 Si
767 1813 898 1888 quis
929 1815 1120 1887 diligit
1139 1833 1585 1883 me,sermonem
1612 1833 1806 1872 meum

154 1905 432 1973 servabit,
465 1909 522 1960 et
550 1905 716 1960 Pater
745 1920 912 1961 meus
950 1904 1153 1977 diliget
1182 1921 1337 1972 cum,
1362 1909 1421 1960 et
1450 1905 1521 1960 ad
1553 1920 1688 1960 eum
1719 1922 1809 1960 ve-

155 1997 411 2063 niemus,
445 1998 501 2050 et
530 1993 895 2049 mansionem
929 1994 1083 2066 apud
1133 2010 1267 2049 eum
1314 1993 1594 2050 faciemus
1626 1994 1798 2066 (Joan.

149 2088 291 2154 xiv).
330 2106 358 2134 ››
388 2083 581 2140 Pascit
610 2099 844 2155 quoque
874 2099 1008 2139 eum
1040 2099 1152 2138 non
1187 2082 1374 2138 solum
1411 2083 1802 2156 corporaliter,

149 2175 259 2231 sed
289 2173 466 2229 etiam
498 2171 903 2244 spiritualiter.
937 2173 1139 2228 eodem
1173 2175 1503 2237 attestante,
1537 2172 1638 2244 qui
1670 2171 1754 2228 ait
1786 2189 1798 2227 :

152 2288 180 2314 «
216 2263 367 2319 Ecce
397 2265 487 2318 sto
517 2261 586 2316 ad
621 2260 840 2316 ostium
867 2264 923 2316 et
950 2260 1142 2333 pulso.
1176 2261 1235 2315 Si
1267 2261 1401 2333 quis
1431 2260 1682 2316 audierit
1710 2278 1804 2316 vo-

151 2369 283 2410 cem
317 2354 601 2419 meam,et
630 2349 921 2421 aperuerit
940 2351 1208 2421 januam,
1232 2350 1482 2406 introibo
1515 2351 1585 2406 ad
1610 2349 1800 2418 illum,

148 2447 207 2498 et
271 2441 512 2498 camabo
556 2455 690 2494 cum
743 2437 862 2510 illo,
891 2442 948 2494 et
993 2439 1118 2512 ipse
1168 2456 1397 2495 mecum
1438 2440 1614 2511 (Apoc.
1641 2440 1740 2511 In).
1771 2463 1800 2490 »

149 2533 284 2588 Stat
309 2529 526 2602 quippe
556 2528 842 2585 Dominus
873 2529 943 2584 ad
977 2530 1190 2585 ostium
1223 2533 1280 2584 et
1309 2528 1522 2602 pulsat,
1547 2547 1680 2584 cum
1713 2548 1802 2586 vo-

148 2621 441 2677 luntatem
491 2635 680 2685 suam,
711 2617 799 2672 vel
856 2635 961 2690 per
1015 2617 1406 2690 praedicator-is
1457 2635 1677 2687 vocem,
1711 2620 1800 2676 vel

148 2726 255 2782 per
283 2708 730 2781 inspirationem
757 2707 1026 2774 suam,in
1059 2725 1156 2764 cor
1188 2712 1453 2764 nostrum
1484 2706 1801 2764 immittere

147 2797 381 2871 quaerit.
405 2796 618 2853 Audita
643 2812 776 2851 vero
807 2812 940 2852 voce
971 2797 1372 2868 ejus,januam
1405 2797 1454 2851 ei
1479 2798 1796 2869 aperimus,

146 2887 388 2960 quando
417 2885 776 2942 voluntatem
795 2901 961 2941 suam
985 2889 1278 2958 gratanter
1301 2885 1704 2958 accipimus,et
1726 2887 1798 2942 ad

145 2976 517 3050 implendum
545 2991 675 3031 eam
705 2991 941 3046 operam
973 2975 1203 3030 damus.
1229 2975 1427 3030 Coenat
1454 2993 1586 3031 vero
1610 2975 1801 3032 nobis-

147 3084 316 3134 cum,
348 3069 405 3120 et
431 3081 538 3121 nos
567 3081 700 3120 cum
733 3063 852 3130 illo,
888 3065 1123 3135 quando
1154 3064 1279 3135 ipse
1326 3064 1587 3136 pascitur
1615 3069 1671 3120 et
1700 3065 1798 3120 de-

1925 476 2112 550 magis
2136 495 2314 550 super
2337 477 2538 533 multis
2560 477 2962 550 peccatoribus
2980 477 3381 550 paenitentiam
3405 495 3574 550 agen-

1923 566 2111 622 tibus!

1994 659 2231 722 Quarto,
2265 657 2552 714 Dominus
2579 675 2611 712 a
2644 657 2949 713 Pharisaeis
2972 657 3580 730 reprehenditur,cum

1924 744 2229 818 discipulis
2261 747 2388 818 ejus
2420 746 2624 802 dicunt
2656 764 2668 801 :
2705 747 2882 814 Quare
2912 764 3036 802 cum
3062 748 3376 818 publicanis
3397 755 3581 819 εἰρεσ-

1921 833 2195 888 catoribus
2225 834 2520 890 manduca!
2551 836 2814 903 magister
2844 835 3050 890 vester?
3086 837 3164 888 Ac
3196 834 3244 890 si
3275 837 3470 907 aperte
3495 835 3578 890 di-

1921 925 2056 977 cant
2090 939 2102 976 :
2138 923 2520 979 Consentiens
2551 927 2639 979 est
2666 923 2726 978 in
2759 923 2930 996 culpa
2952 922 3170 995 eis,qui
3199 923 3571 980 consentiens

1921 1016 2009 1066 est
2039 1011 2122 1067 eis
2155 1011 2213 1066 in
2246 1028 2427 1067 omna.
2461 1013 2528 1067 Hi
2563 1013 2621 1067 in
2669 1013 2856 1068 tribus
2887 1017 3148 1084 peccant.
3185 1013 3396 1079 Primo,
3430 1013 3570 1086 quia

1910 1100 2208 1172 justitiam
2231 1117 2410 1172 quam
2440 1119 2554 1157 non
2585 1101 2801 1156 habent
2832 1101 2944 1158 sibi
2963 1107 3258 1174 arrogant.
3277 1103 3564 1172 Secundo,

1920 1189 2058 1262 quia
2087 1189 2402 1245 Dominum
2434 1190 2503 1244 de
2534 1189 2730 1246 dubiis
2752 1190 3043 1260 judicent.
3066 1190 3424 1263 Tertio,quia
3441 1208 3569 1264 pec-

1919 1278 2214 1335 catoribus
2244 1296 2357 1334 non
2391 1279 2957 1351 compatiuntur,sed
2985 1296 3082 1336 eos
3106 1283 3490 1336 contemnunt
3511 1283 3569 1336 et

1919 1367 2326 1440 dedignantur.
2365 1369 2424 1424 In
2459 1369 2676 1440 quibus
2724 1369 2915 1424 tribus
2946 1386 3007 1424 se
3038 1387 3154 1426 non
3200 1385 3328 1426 esse
3369 1371 3566 1442 justos

1917 1458 2344 1514 demonstrant.
2371 1458 2564 1513 Primo
2597 1457 2776 1526 enim,
2810 1458 2859 1514 si
2891 1475 3053 1515 vesre
3073 1459 3222 1529 justi
3248 1459 3567 1527 essent,bo-

1920 1563 2060 1601 num
2094 1563 2210 1602 non
2237 1545 2506 1602 habitum
2537 1546 2648 1602 sibi
2682 1563 2796 1602 non
2829 1551 3186 1620 arrogarcnt,
3221 1549 3321 1604 sed
3369 1548 3566 1620 potius

1917 1635 2188 1691 habitum
2210 1635 2670 1703 dissimularent,
2687 1641 2742 1692 et
2773 1635 2832 1691 in
2861 1636 3045 1693 oculis
3067 1638 3191 1692 suis
3211 1655 3454 1710 parvum
3476 1636 3564 1694 vel

1918 1723 2146 1780 nullum
2173 1728 2466 1797 putarent.
2491 1724 2632 1790 Quis
2647 1724 2802 1780 enim
2821 1724 3166 1799 gloriabitur
3191 1727 3478 1782 mundum
3502 1743 3564 1783 sc

1915 1813 2130 1868 habere
2186 1812 2328 1869 cor?
2359 1813 2504 1868 Hinc
2561 1813 2868 1870 Psalmista
2915 1815 2988 1869 ad
3037 1814 3352 1871 Dominum
3387 1834 3400 1872 :
3435 1839 3464 1866 ‹‹
3499 1816 3561 1872 In

1915 1907 2228 1974 conspectu
2263 1906 2362 1958 tuo
2386 1920 2496 1958 non
2511 1903 2934 1974 justiﬁcabitur
2953 1905 3145 1962 omnis
3169 1905 3366 1962 vivens
3388 1906 3558 1976 (Psal.

1912 1993 2105 2062 exui).
2143 2014 2170 2041 »
2202 1992 2271 2046 Et
2300 1990 2349 2047 si
2380 1995 2538 2047 astra
2565 2009 2678 2047 non
2711 1997 2851 2048 sunt
2881 1994 3102 2050 munda
3138 1994 3196 2050 in
3246 1999 3560 2068 conspectu

1913 2081 2061 2152 ejus,
2085 2085 2150 2135 ut
2180 2080 2261 2135 ait
2283 2080 2394 2136 Job
2417 2081 2532 2153 (Job
2552 2082 2703 2152 xxv),
2729 2082 3145 2154 quantominus
3175 2083 3350 2140 homo
3389 2083 3560 2156 cujus

1913 2171 2030 2225 vita
2075 2187 2192 2225 non
2238 2173 2327 2226 est
2375 2170 2487 2226 nisi
2539 2171 2801 2237 tentatio,
2835 2175 2892 2226 et
2921 2172 3019 2244 qui
3063 2173 3304 2228 domum
3337 2173 3561 2230 habitat

1912 2258 2153 2326 luteam,
2187 2259 2286 2330 qui
2318 2263 2374 2314 et
2405 2262 2700 2314 terrenum
2732 2259 2909 2316 habet
2938 2261 3561 2318 fundamentum?De-

1913 2349 2120 2404 bemus
2167 2348 2345 2414 enim,
2379 2348 2588 2404 fratres
2637 2349 2771 2416 mei,
2804 2349 2994 2405 dicere
3043 2367 3178 2406 cum
3227 2351 3556 2424 propheta:

1912 2461 1940 2488 «
1974 2438 2188 2499 Omnes
2211 2437 2457 2509 justitic'e
2479 2442 2692 2493 nostrae
2723 2439 2888 2510 quasi
2921 2456 3154 2511 pannus
3183 2444 3559 2496 menstruatze

1911 2532 2042 2582 ante
2071 2531 2148 2592 te,
2184 2527 2427 2582 Domine
2461 2528 2590 2600 (Jsa.
2623 2529 2830 2599 Lx1v).»
2861 2527 3151 2596 Secundo,
3183 2530 3233 2585 si
3264 2530 3558 2601 verejusti

1910 2622 2126 2681 essent,
2160 2616 2473 2671 Dominum
2507 2617 2577 2672 de
2607 2617 2960 2672 comestione
2991 2634 3125 2673 cum
3157 2619 3560 2691 peccatoribus

1910 2723 2024 2762 non
2048 2705 2402 2777 judicarent.
2420 2706 2771 2760 Manducare
2802 2707 2956 2761 enim
2978 2723 3111 2762 cum
3131 2708 3556 2780 peccatoribus,

1909 2797 2047 2869 quia
2077 2799 2271 2866 potest
2299 2799 2357 2850 et
2385 2794 2537 2850 bono
2587 2798 2644 2849 et
2689 2794 2842 2850 malo
2892 2795 3086 2851 animo
3113 2797 3258 2864 ﬁeri,
3292 2801 3382 2854 est
3409 2813 3556 2870 opus

1908 2885 2265 2952 indifferens,
2292 2888 2348 2939 et
2377 2883 2505 2939 ideo
2538 2899 2652 2939 non
2683 2884 2966 2940 debemus
2997 2889 3053 2940 et
3077 2884 3416 2957 hujusmodi
3448 2886 3556 2942 ali-

1909 2991 2082 3048 quem
2115 2973 2392 3044 iudicare,
2427 2989 2532 3028 nec
2562 2971 2622 3027 in
2654 2971 2869 3028 malam
2896 2977 3122 3045 partem
3163 2974 3554 3045 interpretari,

1912 3065 2014 3121 sed
2046 3062 2240 3136 potius
2269 3061 2328 3117 in
2359 3062 2593 3117 bonam.
2622 3062 2835 3129 Tertio,
2869 3062 2915 3118 si
2969 3077 3098 3118 vere
3141 3063 3288 3134 justi
3337 3071 3555 3132 essent,

145 3155 405 3212 lectatur
433 3158 631 3210 nostra
660 3152 982 3217 devotione,
1016 3157 1072 3209 et
1101 3170 1207 3208 nos
1245 3155 1294 3225 ej
1307 3171 1374 3209 us
1406 3171 1622 3210 amore.
1657 3155 1802 3211 Hinc
1832 3134 1874 3201 Ο
1916 3157 2286 3227 peccatorum
2312 3151 2556 3207 miseriae
2579 3167 2682 3223 per
2696 3150 3040 3207 cbaritatem
3063 3157 3555 3224 compaterentur,

147 3246 390 3302 discant
421 3243 827 3315 praedicatores
849 3247 904 3298 et
926 3246 1189 3314 pastores
1211 3246 1424 3299 sanctae
1446 3243 1804 3310 Ecclesiaz,ut

148 3334 393 3408 quando
410 3335 639 3388 coenant
661 3347 793 3386 cum
811 3330 1064 3386 subditis
1082 3332 1424 3404 suis,magis
1446 3331 1806 3388 delectentur

146 3425 208 3480 in
241 3423 550 3480 devotione
580 3437 802 3488 eorum,
835 3436 1012 3491 quam
1044 3420 1104 3474 in
1136 3421 1491 3477 comestione
1537 3423 1802 3478 ciborum

146 3511 559 3586 appositorum
586 3526 598 3566 :
624 3509 816 3582 magis
833 3509 890 3564 in
909 3526 1112 3565 eorum
1133 3510 1396 3582 profectu
1420 3527 1597 3582 quam
1618 3511 1673 3565 in
1697 3528 1802 3567 suo

146 3617 278 3656 esu.
317 3598 425 3665 Qui
458 3598 614 3654 enim
644 3597 832 3670 magis
865 3597 1074 3669 quaerit
1102 3615 1136 3652 a
1164 3599 1418 3654 subditis
1469 3599 1594 3655 suis
1643 3599 1802 3672 pasci

146 3687 536 3763 corporaliter
555 3703 731 3760 quam
753 3685 1271 3758 spiritualiter,non
1295 3692 1510 3759 pastor,
1526 3689 1625 3744 sed
1653 3706 1803 3745 mer-

145 3777 545 3836 cenariusest.
561 3776 686 3832 Non
710 3775 900 3831 solum
914 3774 1227 3844 Dominum
1251 3780 1306 3832 et
1327 3777 1644 3850 discipulos
1665 3797 1804 3836 suos

145 3867 467 3924 Mattheus
497 3864 702 3938 pascit,
735 3865 837 3920 sed
871 3863 1048 3919 etiam
1099 3864 1314 3920 multos
1367 3863 1710 3937 publicanos
1749 3872 1806 3924 et

144 3959 511 4030 peccatores.
545 3955 615 4009 Et
643 3953 888 4026 pulchro
918 3969 1167 4026 veroque
1198 3956 1500 4028 prazsagio,
1533 3957 1630 4028 qui
1666 3974 1802 4029 apo.

145 4045 345 4104 stolns
401 4048 458 4100 et
505 4044 705 4100 doctor
747 4042 1011 4115 gentium
1061 4047 1186 4098 erat
1233 4044 1486 4114 futurus,
1521 4046 1578 4101 in
1615 4046 1805 4118 prima

144 4154 260 4193 sua
292 4133 671 4191 conversione
701 4135 1070 4205 peccatorum
1102 4148 1334 4205 gregem
1367 4137 1498 4205 post
1535 4151 1596 4191 se
1624 4135 1806 4192 trahit

142 4230 203 4280 et
254 4223 468 4298 pascit,
531 4221 911 4293 ofﬁciumque
966 4220 1400 4294 evangelizandi
1477 4225 1630 4295 quod
1682 4229 1806 4281 erat

139 4313 512 4387 expleturus,
541 4311 614 4367 ab
644 4309 878 4367 exordio
903 4310 1036 4366 ﬁdei
1068 4327 1186 4366 sua:
1219 4311 1410 4383 cmpit.
1444 4313 1569 4368 Non
1612 4313 1804 4370 solum

143 4403 314 4459 enim
348 4401 450 4474 qui
482 4401 720 4456 fratrem
752 4416 927 4456 suum
956 4400 1150 4471 verbo,
1166 4400 1266 4456 sed
1298 4400 1472 4456 etiam
1497 4402 1596 4474 qui
1621 4421 1808 4460 exem-

1911 3261 2017 3299 nec
2047 3259 2146 3298 eos
2178 3244 2636 3305 contemnerent,
2670 3257 2775 3296 nec
2804 3241 3277 3314 dedignarentur,
3309 3244 3410 3299 sed
3449 3261 3558 3318 po-

1911 3333 2029 3388 tius
2061 3331 2144 3386 eis
2166 3330 2715 3398 condescenderent,
2749 3333 2814 3384 ut
2845 3346 2944 3387 eos
2981 3329 3208 3388 Christo
3249 3331 3556 3389 lucriface-

1913 3424 2061 3478 rent.
2095 3422 2330 3486 Quarto,
2365 3418 2648 3474 Dominus
2679 3418 2983 3476 Phariseos
3014 3420 3084 3475 de
3115 3419 3335 3492 injusta
3355 3437 3554 3494 repre-

1912 3509 2194 3566 hensione
2225 3507 2508 3574 confutet,
2530 3523 2662 3562 cum
2693 3508 2777 3563 eis
2810 3509 3170 3581 respondens
3217 3510 3396 3566 dicit:
3431 3514 3558 3568 Non

1911 3608 1989 3656 est
2018 3615 2152 3671 opus
2181 3597 2487 3652 valentibus
2516 3597 2741 3664 medico,
2775 3597 2868 3652 sed
2912 3599 3057 3654 male
3103 3599 3447 3656 habentibus.
3483 3601 3556 3656 Ac

1912 3689 1961 3745 si
1992 3692 2188 3761 aperte
2221 3687 2375 3742 dicat
2407 3703 2420 3739 :
2453 3686 2628 3752 Justi,
2663 3685 2865 3758 quales
2910 3704 3010 3743 vos
3059 3703 3186 3744 esse
3232 3689 3555 3757 aestimatis,

1913 3795 2028 3834 non
2061 3777 2326 3848 indigent
2364 3775 2772 3847 justiﬁcatore,
2818 3777 2918 3832 sed
2969 3781 3321 3849 peccatores,
3356 3778 3558 3852 quales

1911 3867 2008 3924 isti
2039 3884 2102 3922 se
2133 3883 2279 3923 esse.
2302 3865 2364 3920 In
2395 3880 2510 3936 quo
2539 3865 2712 3920 verbo
2737 3863 3021 3922 Dominus
3049 3867 3558 3939 reprehensionem

1914 3957 2336 4013 Pharisaeorum
2364 3954 2772 4010 convenienter
2803 3955 3404 4023 confutat,ostendens
3428 3973 3561 4013 con-

1912 4050 2004 4102 tra
2032 4046 2142 4101 tria
2174 4062 2300 4116 qua:
2332 4042 2414 4098 illi
2446 4043 2504 4098 in
2536 4043 2726 4098 verbis
2752 4043 2875 4100 suis
2893 4043 3380 4117 signiﬁcaverant,
3403 4046 3558 4103 vide-

1913 4134 2046 4191 licet
2073 4138 2130 4190 ct
2162 4149 2223 4189 se
2253 4149 2369 4187 non
2393 4131 2850 4188 consentientem
2884 4133 3309 4205 peccatoribus,
3332 4136 3432 4192 sed
3467 4152 3562 4209 po-

1913 4225 2030 4280 tius
2060 4221 2354 4278 medicum
2385 4225 2757 4292 peccatorum
2785 4238 2934 4288 esse,
2967 4227 3024 4277 et
3053 4222 3229 4295 ipsos,
3247 4225 3417 4295 juxta
3437 4225 3558 4298 opi-

1912 4313 2147 4369 nionem
2181 4327 2370 4376 suam,
2397 4307 2786 4380 justiﬁcatore
2837 4327 2952 4366 non
2993 4311 3271 4384 indigere,
3303 4318 3360 4369 et
3415 4314 3559 4370 istos

1912 4405 2246 4476 peccatores
2278 4415 2405 4455 esse
2429 4402 2485 4454 et
2505 4397 2765 4471 indigere
2779 4399 3307 4469 justiﬁcatore.Est
3335 4418 3471 4475 ergo
3492 4419 3558 4459 ac

137 4492 240 4565 plo
275 4491 494 4558 erudit,
513 4488 907 4545 ministerium
929 4489 1079 4561 gerit
1101 4489 1374 4545 doctoris.
1400 4490 1487 4546 Illi
1509 4492 1805 4564 publicani
1835 4507 1882 4571 Ι)
1915 4492 1960 4548 si
1993 4492 2222 4546 dicatur
2255 4506 2266 4544 :
2297 4489 2414 4561 Ego
2446 4485 2682 4554 quidem
2733 4503 2864 4542 sum
2909 4487 3262 4558 justiﬁcator
3291 4495 3560 4562 peccato-

138 4586 201 4636 et
233 4583 578 4654 peccatores
603 4579 730 4650 jam
763 4578 832 4633 ad
885 4577 1275 4634 imitationem
1323 4580 1573 4635 Matthei
1612 4581 1805 4639 Chris-

139 4675 278 4725 tum
314 4668 736 4741 sequebantur,
771 4671 918 4723 teste
971 4667 1164 4723 Marco
1215 4668 1315 4739 qui
1358 4669 1498 4724 dicit
1530 4687 1542 4724 :
1577 4694 1604 4720 ‹‹
1639 4671 1806 4728 Multi

139 4757 454 4832 publicani
503 4760 560 4813 et
599 4761 926 4828 peccatores
974 4756 1424 4813 discumbebant
1480 4777 1612 4815 cum
1669 4763 1807 4820 Jesu

143 4850 345 4920 (Marc.
379 4847 460 4919 ιι).
488 4869 516 4897 ››
541 4846 720 4902 Erant
749 4845 906 4901 enim
939 4843 1110 4901 multi
1144 4846 1241 4917 qui
1277 4846 1449 4902 etiam
1483 4852 1809 4922 sequeban-

145 4943 250 4993 tur
281 4953 440 4994 eum.
464 4936 610 5001 Quia
639 4935 818 5008 igitur
847 4951 963 4990 non
990 4952 1142 4990 unus
1189 4936 1286 4991 sed
1331 4936 1498 4992 multi
1549 4942 1809 4997 conversi

143 5029 348 5092 erant,
366 5041 481 5081 non
511 5023 801 5097 privatum
835 5024 935 5080 sed
957 5021 1215 5080 solemne
1240 5025 1566 5083 convivium
1590 5033 1646 5085 et
1667 5049 1808 5104 gau-

143 5116 327 5172 dium
353 5117 478 5169 erat
507 5113 942 5170 celebrandum.
977 5113 1035 5167 Si
1069 5113 1245 5182 enim,
1254 5114 1424 5184 juxta
1449 5119 1808 5189 parabolam,

143 5203 389 5277 epulari
417 5206 473 5258 et
500 5203 753 5276 gaudere
783 5203 1103 5274 oportebat,
1135 5202 1362 5259 dicente
1415 5211 1578 5278 patre
1612 5230 1640 5257 «
1671 5211 1812 5281 quia

145 5293 324 5350 ﬁlius
353 5308 520 5348 meus
551 5296 820 5349 mortuus
868 5292 1057 5347 fuerat
1105 5297 1164 5348 et
1211 5293 1430 5362 revixit,
1466 5298 1716 5367 perierat
1757 5303 1814 5355 et

142 5383 436 5439 inventus
465 5385 553 5438 est
583 5383 731 5454 (Luc.
765 5381 878 5454 xv),
915 5404 942 5430 »
977 5381 1161 5436 multo
1193 5383 1381 5456 magis
1413 5401 1566 5441 nunc
1587 5387 1811 5459 epulari

142 5476 205 5530 et
235 5471 500 5546 gaudere
521 5472 843 5546 oportebat,
866 5471 1008 5544 quia
1037 5469 1205 5526 multi
1239 5471 1341 5526 ﬁlii
1379 5478 1543 5530 erant
1573 5477 1809 5547 mortui,

141 5567 206 5624 et
232 5559 592 5622 revixerunt.
621 5561 768 5622 Nam
799 5560 850 5620 si
881 5583 909 5613 «
938 5560 1222 5637 gaudium
1253 5565 1341 5620 est
1371 5561 1431 5621 in
1462 5563 1604 5624 coelo
1637 5583 1822 5651 super

1915 4598 2069 4647 rum,
2103 4578 2203 4634 sed
2235 4594 2336 4633 vos
2369 4577 2438 4632 de
2471 4574 2615 4631 falsa
2637 4575 2870 4646 justitia
2914 4575 3071 4643 elati,
3104 4577 3241 4648 quia
3269 4578 3560 4649 justiﬁca-

1915 4673 2040 4726 tore
2069 4685 2171 4723 vos
2198 4683 2314 4722 non
2347 4681 2514 4738 egere
2544 4665 2784 4737 putatis,
2804 4665 2894 4719 vix
2922 4665 3010 4720 vel
3032 4667 3564 4738 nunquamjustiﬁ-

1919 4757 2214 4814 cabimini.
2249 4755 2360 4811 Sed
2394 4754 2491 4809 isti
2523 4757 2852 4826 peccatores
2882 4753 3156 4822 humiles,
3199 4755 3339 4828 quia
3385 4773 3560 4813 nove-

1918 4851 2057 4902 runt
2087 4863 2148 4902 se
2171 4845 2558 4917 justiﬁcatore
2589 4843 2869 4916 indigere,
2903 4842 3015 4899 cito
3053 4844 3558 4914 justiﬁcabuntur.

1918 4937 2334 4993 Verumtamen
2368 4932 2498 5005 pius
2521 4937 2577 4988 et
2599 4931 2929 4989 misericors
2946 4932 3229 4990 Dominus
3251 4934 3562 4992 consilium

1919 5026 2004 5083 eis
2033 5026 2228 5090 donat,
2263 5039 2396 5079 cum
2429 5021 2628 5076 subdit
2660 5039 2672 5076 :
2706 5023 2908 5078 Euntes
2955 5031 3156 5092 autem,
3192 5025 3498 5093 subaudis,
3532 5042 3567 5082 a

1921 5114 2245 5172 temeritate
2275 5110 2736 5182 vituperationis,
2760 5111 2946 5169 discite
2974 5113 3106 5184 quid
3133 5120 3224 5178 est,
3257 5117 3566 5173 misericor-

1919 5206 2073 5260 diam
2103 5203 2220 5258 volo
2246 5209 2296 5257 et
2333 5215 2442 5254 non
2495 5201 2846 5272 sacriﬁcium.
2893 5204 2970 5257 Ac
3018 5200 3068 5257 si
3115 5207 3312 5275 aperte
3361 5203 3562 5260 dicat:

1922 5291 2230 5364 Intelligite
2261 5289 2401 5362 quid
2435 5288 2727 5362 significat
2755 5289 2900 5347 illud
2931 5291 3174 5348 verbum
3196 5292 3428 5348 Domini
3466 5309 3570 5366 per

1921 5381 2266 5457 prophetam
2296 5378 2542 5435 dicentis
2577 5397 2590 5436 :
2625 5401 2654 5430 «
2689 5378 3150 5438 Misericordiam
3180 5381 3328 5448 volo,
3356 5387 3414 5437 et
3450 5399 3570 5438 non

1923 5469 2274 5530 sacriﬁcium
2323 5466 2461 5540 (Ose.
2521 5470 2621 5542 vn).
2671 5491 2692 5518 ιν
2735 5469 2816 5523 Ac
2860 5471 2910 5528 si
2967 5473 3166 5540 aperte
3222 5471 3422 5527 dicat:
3454 5470 3574 5527 Vos

1923 5564 2159 5644 propter
2177 5555 2387 5635 legalia
2412 5558 2701 5620 sacriﬁcia
2729 5573 2858 5636 qua
2889 5557 3217 5632 facitis,vos
3257 5558 3451 5633 justas
3484 5573 3576 5618 re-
