4008 6072
210 286 396 354 «μυεῖ

1358 299 1737 364 ΗΟΜΙΙᾸΕ.
1769 334 1850 350 -
1877 302 1928 367 Ι.
1972 304 2076 367 DE
2117 305 2519 371 TEMPORE.

3498 319 3532 379 λι
3545 306 3665 380 458

214 428 497 523 primis,
530 428 632 485 sed
663 445 782 523 pro
830 428 1068 523 homine
1100 432 1250 489 facto
1284 434 1356 490 ad
1387 433 1703 509 imaginem
1736 441 1792 492 et
1822 435 1895 494 si-
1920 436 1977 506 Α
2008 437 2259 497 Michael
2292 458 2587 515 pugnasse
2618 442 2847 513 dicitur,
2886 444 2984 519 qui
3016 445 3233 503 dicitur
3252 444 3403 505 mitti
3426 448 3660 523 quando

214 519 629 576 militudinem
662 520 864 587 Dei,ad
885 523 1369 579 restaurationem
1392 523 1594 597 lapsus
1617 526 1883 599 angelici.

214 610 289 667 Si
326 627 484 683 ergo,
518 610 728 666 fratres
758 611 894 679 mei,
945 612 1099 684 apud
1148 612 1410 669 cmlestes
1458 615 1604 670 tanti
1655 633 1883 683 sumus,

214 701 385 773 quod
423 717 522 771 pro
554 699 725 755 nobis
753 701 941 774 angeli
975 706 1031 757 et
1062 701 1481 777 archangeli,et
1512 703 1702 761 omnis
1725 704 1886 761 curia

212 788 502 853 scelestis,
536 787 654 844 imo
703 794 877 845 etiam
923 790 1047 863 ipse
1079 791 1259 847 Filius
1286 792 1385 846 Dei
1420 810 1521 865 pro
1555 794 1722 849 nobis
1746 810 1885 866 prae-

216 872 425 945 lietur,
461 896 640 951 quare
688 877 800 951 ipsi
848 895 951 951 pro
982 879 1147 936 nobis
1178 879 1325 953 ipsis
1364 899 1479 936 non
1510 881 1884 953 praeliamur?

217 970 419 1034 Quare
450 966 843 1024 conditionem
896 972 1157 1024 nostram
1192 971 1666 1027 contemnimus?
1696 974 1883 1037 Quare

216 1070 339 1113 nos
369 1057 590 1129 eripere
622 1075 655 1113 a
686 1058 1017 1113 daemonum
1051 1064 1334 1131 potestate
1366 1077 1482 1115 non
1506 1059 1883 1116 laboramus?

211 1149 418 1213 7Quare
449 1146 686 1219 angelos
717 1151 773 1202 et
801 1146 1181 1219 archangelos
1212 1165 1315 1220 pro
1354 1148 1522 1205 nobis
1554 1148 1880 1221 praeliantes

219 1253 346 1294 non
378 1235 833 1308 coadjuvamus?
863 1235 919 1292 Si
942 1237 1069 1309 jam
1120 1254 1153 1292 a
1199 1237 1428 1293 diabolo
1478 1238 1739 1311 superari
1774 1255 1879 1293 nos

218 1326 509 1402 patimur,
544 1325 768 1380 nullam
816 1326 1249 1382 excusationem
1293 1327 1507 1383 habere
1539 1344 1876 1400 possumus,

218 1428 363 1472 cum
396 1420 480 1471 tot
511 1415 807 1486 adjutores
836 1414 1297 1472 habeamus.Sed
1324 1433 1456 1471 cum
1480 1416 1587 1472 hoc
1612 1416 1877 1489 praelium

214 1505 383 1561 inter
411 1505 592 1561 bonos
622 1508 680 1560 et
710 1504 896 1560 malos
926 1505 1184 1577 quotidie
1214 1505 1403 1560 adhuc
1442 1506 1749 1578 ﬁat,quare
1784 1505 1878 1561 hic

221 1595 446 1652 dicitur
466 1596 592 1666 jam
625 1594 846 1649 factum
879 1593 1045 1649 esse?
1075 1594 1359 1659 Quoniam
1390 1594 1448 1649 in
1474 1594 1878 1666 primitivaEc-

221 1684 425 1754 clesia,
459 1701 591 1740 cum
623 1682 887 1757 praelium
920 1688 975 1739 et
1019 1684 1264 1757 vestigia
1307 1684 1614 1757 sanguinis
1664 1684 1876 1740 Christi

206 1775 422 1833 adhuc
451 1779 617 1831 erant
646 1773 918 1842 recentia,
947 1773 1232 1845 prmoipue
1251 1774 1465 1828 factum
1491 1774 1617 1841 fuit,
1640 1774 1872 1845 quando

204 1866 400 1925 multa
429 1863 617 1921 millia
646 1863 909 1936 quotidie
939 1863 1352 1934 eripiebantur,
1372 1867 1429 1918 et
1450 1868 1589 1919 tunc
1613 1863 1734 1936 pari
1760 1864 1862 1919 fer-

201 1973 364 2024 vore,
398 1959 454 2011 et
483 1952 752 2009 homines
784 1956 839 2007 et
871 1951 1058 2025 angeli
1093 1956 1294 2007 contra
1324 1952 1622 2007 diabolum
1643 1953 1862 2025 prmlia-

198 2046 443 2103 bantur.
475 2043 643 2100 Nunc
670 2059 802 2097 vero
837 2041 978 2113 quia
1007 2041 1176 2113 pauci
1207 2040 1439 2096 diabolo
1471 2043 1773 2110 resistunt,
1806 2047 1863 2099 et

198 2135 324 2193 fere
354 2149 557 2191 omnes
581 2149 641 2189 se
664 2135 1016 2204 spontaneos
1035 2132 1083 2186 ei
1108 2132 1370 2201 tradunt,
1392 2131 1744 2204 negligentia
1762 2150 1859 2188 no-

198 2230 328 2295 stra
354 2224 491 2281 facit
520 2223 756 2296 angelos
788 2220 1171 2294 negligentes,
1198 2226 1263 2276 ut
1292 2221 1485 2294 tepide
1513 2222 1860 2293 coadjuvent

198 2326 352 2390 quos
384 2313 575 2387 tepide
601 2328 862 2385 pugnare
890 2311 1108 2365 vident.
1139 2312 1686 2383 Propterea,fratrcs
1719 2313 1853 2380 mei,

200 2406 479 2463 ardenter
510 2408 711 2458 contra
737 2399 1037 2456 diabolum
1072 2400 1421 2473 przeliemur,
1474 2403 1539 2455 ut
1586 2402 1855 2458 ardentes

198 2494 506 2567 adjutores
535 2490 773 2564 angelos
804 2490 1014 2546 habere
1048 2506 1396 2545 mereamur.
1429 2488 1648 2561 Vigiles
1677 2495 1729 2546 et
1760 2507 1856 2563 pa-

199 2582 313 2640 rati
348 2586 487 2639 sunt
512 2582 582 2636 ad
607 2580 1001 2650 adjuvandum
1026 2596 1153 2647 nos,
1180 2579 1226 2634 si
1249 2579 1451 2651 vigiles
1474 2583 1529 2633 et
1553 2582 1854 2652 promptos

198 2686 305 2747 pro
337 2670 630 2728 nobismet
658 2669 908 2725 viderint
938 2686 1059 2724 nos.
1097 2669 1159 2723 In
1192 2667 1335 2723 coelo
1369 2667 1524 2723 enim
1566 2668 1849 2740 superiori

202 2760 310 2818 soli
344 2765 483 2817 sunt
514 2758 671 2828 boni,
705 2758 857 2815 sicut
886 2758 945 2813 in
979 2758 1201 2813 inferno
1236 2757 1342 2813 soli
1377 2761 1515 2813 sunt
1539 2756 1699 2811 mali.
1738 2757 1848 2812 Sed

203 2850 262 2907 in
292 2850 403 2906 hoc
434 2850 740 2906 tenebroso
768 2864 919 2915 aere,
955 2847 1052 2919 qui
1087 2846 1241 2902 circa
1266 2863 1371 2902 nos
1420 2851 1529 2911 est,
1579 2846 1678 2901 ubi
1730 2850 1848 2900 tam

203 2938 339 2996 boni
370 2955 547 3012 quam
580 2937 720 2993 mali
751 2936 941 3011 angeli
973 2936 1127 2992 circa
1158 2953 1264 2990 nos
1285 2935 1525 2990 volitant
1545 2939 1601 2990 et
1622 2951 1851 2990 conver-

202 3033 428 3099 santur,
461 3030 532 3085 de
562 3026 731 3084 nobis
764 3027 995 3099 utrique
1026 3023 1382 3097 przeliantur.
1418 3024 1663 3079 Proinde
1711 3024 1849 3095 quia

200 3134 431 3193 semper
452 3117 620 3174 nobis
644 3120 957 3190 praesentes
980 3117 1137 3179 sunt,
1162 3130 1335 3184 opera
1349 3117 1547 3168 nostra
1560 3111 1847 3168 eoslatcre

1998 528 2219 601 aliquid
2258 532 2418 587 miras
2451 532 2681 589 virtutis
2715 536 2984 591 efﬁcitur.
3019 536 3268 592 Michael
3301 537 3456 595 enim
3486 538 3659 597 inter-

2003 623 2293 689 pretatur,
2326 624 2448 692 quis
2506 632 2565 678 ut
2614 625 2799 679 Deus?
2829 626 2975 680 Nam
3034 630 3098 681 ut
3157 627 3239 682 ait
3295 627 3652 688 Psalmista:

1996 729 2024 757 ‹‹
2050 708 2190 772 Quis
2230 710 2383 766 Deus
2414 728 2663 784 magnus
2694 713 2845 769 sicut
2876 715 3031 770 Deus
3054 716 3289 772 uoster?
3308 718 3395 772 Tu
3417 734 3479 775 es
3500 719 3654 777 Deus

1992 798 2095 868 qui
2130 798 2271 853 facis
2321 800 2612 855 mirabilia
2657 804 2825 873 (Psal.
2858 821 3036 859 mum.
3073 826 3100 854 »
3140 809 3320 877 Neque
3368 807 3516 863 locus
3563 811 3652 864 in-

1990 895 2181 943 ventus
2211 896 2289 943 est
2336 906 2524 945 eorum
2570 892 2808 963 amplius
2833 894 2889 947 in
2920 893 3066 949 caelo.
3104 893 3295 949 Finito
3326 896 3647 954 certamine

1990 976 2276 1032 bonorum
2310 982 2366 1032 et
2396 977 2685 1034 malorum
2713 980 3239 1055 angelorum,quod
3265 1000 3380 1038 non
3414 985 3525 1041 erit
3554 1003 3649 1044 us-

1990 1082 2103 1137 que
2135 1066 2193 1120 in
2228 1067 2401 1121 finem
2436 1070 2737 1135 mundi,ex
2767 1074 2907 1126 tunc
2939 1072 3130 1144 angeli
3161 1071 3243 1127 ita
3267 1075 3646 1133 coarctabun-

1988 1160 2086 1210 tur
2112 1154 2172 1210 in
2204 1154 2430 1212 inferno
2466 1162 2530 1212 ut
2560 1158 2629 1214 de
2660 1164 2862 1215 caetero
2885 1177 2999 1215 non
3021 1160 3274 1217 habeant
3294 1165 3641 1235 potestatem

1988 1261 2091 1317 per
2120 1262 2253 1301 aera
2284 1245 2611 1302 discurrere
2639 1248 2727 1303 vel
2759 1248 3015 1321 aliquem
3045 1250 3337 1307 infestare.
3362 1254 3438 1308 Et
3458 1255 3638 1327 proje-

1986 1344 2104 1391 ctus
2132 1343 2225 1401 est,
2260 1335 2470 1407 inquit,
2504 1337 2665 1393 draco
2697 1339 2791 1393 ille
2805 1355 3056 1409 magnus,
3091 1356 3332 1412 serpens
3356 1344 3635 1415 antiquus,

1988 1427 2083 1497 qui
2130 1432 2354 1480 vocatur
2399 1425 2648 1482 diabolus
2694 1434 2745 1482 et
2788 1431 3045 1496 Satanas,
3098 1431 3194 1500 qui
3237 1429 3454 1486 seduxit
3507 1434 3636 1488 uni-

1986 1530 2203 1568 versum
2233 1514 2433 1569 orbem.
2469 1516 2727 1579 Quatuor
2757 1516 2995 1571 nomina
3024 1517 3206 1588 ponit,
3239 1534 3489 1589 quorum
3519 1520 3635 1578 duo

1985 1602 2175 1675 prima
2205 1602 2419 1657 diaboli
2452 1602 2999 1674 malitiam,reliqua
3029 1606 3143 1660 duo
3175 1607 3302 1676 ejus
3333 1607 3632 1666 miseriam

1984 1691 2405 1747 demonstrant.
2440 1691 2662 1746 Dicitur
2707 1694 2861 1748 enim
2898 1692 2992 1748 ille
3016 1694 3190 1749 draco
3220 1712 3491 1768 magnus,
3526 1713 3630 1770 pro

1982 1796 2197 1851 magna
2226 1784 2419 1852 aperte
2453 1781 2696 1836 nocendi
2731 1779 3253 1838 violentia.Dicitur
3271 1801 3510 1856 serpens
3526 1802 3629 1842 an-

1980 1868 2202 1940 tiquus,
2239 1886 2341 1941 pro
2373 1869 2616 1941 antiqua
2648 1869 2870 1925 occulte
2901 1871 3146 1926 nocendi
3175 1873 3449 1943 versutia,
3484 1874 3627 1931 diei-

1971 1960 2068 2012 tur
2097 1962 2291 2013 autem
2326 1958 2613 2024 diabolus,
2648 1958 2705 2013 id
2757 1964 2848 2014 est
2890 1960 3143 2016 deorsum
3168 1962 3345 2031 ﬂuens
3374 1980 3476 2035 pro
3508 1980 3627 2020 ma-

1919 2098 1937 2109 ,
1968 2046 2127 2102 xima
2157 2064 2332 2119 quam
2366 2064 2597 2119 semper
2627 2047 3046 2105 malefaciendo
3078 2050 3325 2106 incurrit
3363 2052 3620 2109 miseria.

1970 2135 2192 2191 Dicitur
2221 2140 2417 2191 autem
2452 2136 2720 2201 Satanas,
2754 2136 2812 2190 id
2860 2140 2950 2191 est
2996 2137 3345 2195 adversarius
3383 2155 3487 2212 pro
3518 2139 3621 2197 ob-

1968 2224 2186 2280 stinata
2215 2226 2273 2280 in
2308 2241 2540 2297 semper
2588 2225 2949 2281 adversando
2999 2212 3337 2299 pertinacia.
3368 2229 3502 2293 Qua
3532 2233 3623 2287 est

1967 2314 2124 2369 enim
2176 2315 2361 2385 major
2412 2313 2650 2369 miseria
2694 2331 2871 2386 quam
2904 2331 3137 2388 semper
3175 2333 3236 2371 se
3267 2312 3615 2386 extollendo,

1967 2420 2201 2475 somper
2230 2402 2485 2458 deterius
2512 2420 2699 2467 ruere,
2731 2420 2906 2476 quam
2936 2421 3167 2476 semper
3196 2402 3327 2461 aliis
3357 2407 3618 2464 nocendo

1965 2510 2167 2565 pmnas
2199 2492 2311 2547 sibi
2342 2508 2707 2565 exaggerare,
2733 2498 2791 2548 et
2821 2511 2853 2548 a
2883 2493 3112 2566 proprio
3144 2495 3358 2550 damno
3389 2511 3617 2554 cessare

1964 2601 2079 2640 non
2113 2583 2326 2656 posse?
2359 2584 2464 2651 Qui
2496 2583 2718 2648 seducit,
2772 2584 2982 2656 inquit,
3038 2587 3355 2641 universum
3409 2586 3611 2658 orbem,

1962 2674 2268 2737 subaudis,
2321 2677 2608 2744 quantum
2640 2673 2697 2727 in
2731 2689 2798 2727 eo
2836 2676 2942 2728 est.
2976 2673 3249 2737 Quamvis
3294 2675 3449 2731 enim
3496 2693 3613 2735 non

1961 2780 2165 2818 omnes
2199 2762 2459 2829 seducet,
2495 2761 2634 2834 quia
2681 2766 2878 2816 tamen
2929 2779 3133 2819 omnes
3183 2767 3389 2832 tentat,
3421 2769 3478 2822 et
3507 2782 3611 2839 pro

1960 2868 2131 2924 posse
2161 2868 2268 2907 suo
2300 2851 2574 2905 seducere
2605 2849 2783 2922 cupit,
2810 2867 2911 2922 pro
2962 2851 3297 2909 scductione
3340 2854 3608 2913 omnium

1960 2940 2294 3012 puniendus
2322 2939 2449 2994 erit.
2482 2940 2761 3010 Projectus
2806 2948 2887 2995 est
2914 2949 3118 3009 autem,
3152 2940 3363 3014 inquit,
3408 2945 3470 2999 in
3497 2952 3606 3000 ter-

1956 3047 2097 3097 ram,
2131 3029 2190 3084 in
2223 3028 2681 3101 profunditatem
2712 3028 2980 3085 videlicet
3027 3034 3214 3098 terra),
3247 3031 3514 3090 videlicet
3542 3033 3603 3090 in

1958 3115 2418 3188 infernum,quia
2448 3116 2639 3187 angeli
2669 3119 2798 3188 ejus
2829 3134 2963 3173 cum
3000 3118 3125 3192 ipso
3144 3119 3310 3175 missi
3343 3122 3604 3180 sunt.Ju-

197 3222 312 3266 non
329 3190 610 3283 possunt,
644 3211 700 3262 et
730 3207 801 3262 ob
827 3220 1214 3277 supernorum
1239 3201 1474 3269 civium,
1499 3201 1595 3273 qui
1619 3217 1849 3274 semper
1880 3190 1920 3256 C
1960 3211 2114 3262 stum
2147 3210 2234 3260 est
2256 3206 2411 3261 enim
2436 3210 2499 3260 ut
2519 3206 2617 3276 qui
2643 3190 3090 3279 persuperbia'm
3112 3224 3173 3264 se
3196 3208 3599 3283 extulitusque

197 3299 350 3356 circa
380 3316 485 3354 nos
518 3299 674 3362 sunt,
702 3292 1345 3364 reverentiam,semper
1363 3290 1840 3357 honeste,fratres

196 3387 329 3454 mei,
364 3387 531 3443 nobis
561 3387 717 3441 esset
746 3382 1077 3450 vivendum,
1110 3385 1175 3436 ut
1205 3382 1276 3436 de
1306 3380 1609 3436 honestate
1640 3383 1841 3435 nostra

195 3492 425 3548 semper
453 3491 552 3530 eos
573 3471 1021 3538 laetificaremus,
1055 3473 1110 3525 et
1135 3469 1321 3526 malos
1345 3469 1581 3541 angelos
1602 3470 1839 3524 confun-

195 3562 486 3620 deremus.
517 3561 617 3617 Vel
636 3564 786 3616 certe
807 3558 1011 3615 ccelum
1036 3559 1166 3625 hoc,
1188 3558 1445 3615 Ecclesia
1465 3558 1523 3612 in
1548 3575 1663 3629 qua
1684 3556 1839 3612 Deus

195 3652 374 3720 sedet,
407 3649 774 3724 intelligitur,
813 3649 869 3704 in
901 3666 1018 3721 qua
1047 3654 1103 3704 et
1141 3665 1244 3720 pro
1295 3665 1410 3721 qua
1459 3647 1528 3703 ab
1577 3646 1841 3719 utrisque

193 3740 416 3814 angelis
475 3738 788 3813 przeliatur.
841 3738 1085 3804 Michael,
1139 3738 1348 3810 inquit,
1401 3745 1451 3793 et
1500 3737 1687 3806 angeli
1725 3737 1842 3808 ejus

192 3830 596 3903 przeliabantur
639 3845 762 3883 cum
816 3827 1068 3897 dracone,
1118 3835 1168 3883 et
1212 3826 1374 3882 draco
1423 3834 1473 3882 et
1510 3827 1697 3895 angeli
1725 3828 1841 3898 ejus

192 3921 525 3992 pugnabant.
562 3917 703 3974 Boni
750 3916 939 3991 angeli
989 3915 1329 3989 preliantur
1366 3933 1470 3987 pro
1501 3915 1691 3980 nobis,
1725 3914 1840 3969 fra—

199 4014 314 4066 tres
347 4008 481 4075 mei,
516 4008 683 4064 nobis
714 4007 868 4063 bona
898 4006 1281 4079 suggerendo.
1318 4004 1453 4059 Mali
1488 4021 1619 4059 vero
1668 4020 1837 4059 econ-

198 4101 284 4154 tra
314 4095 656 4170 praeliantur
686 4096 854 4150 nobis
887 4094 1253 4167 suggerendo
1297 4092 1471 4147 mala.
1536 4092 1635 4148 Isti
1695 4109 1839 4164 pra:—

197 4185 412 4243 liantur
442 4202 548 4242 nos
580 4184 931 4256 adjuvando,
965 4184 1060 4238 isti
1112 4182 1448 4256 praeliantur
1505 4181 1673 4237 nobis
1730 4198 1837 4237 no-

197 4276 394 4332 cendo.
425 4274 524 4330 Isti
558 4272 895 4347 przeliantur
926 4289 1033 4328 nos
1065 4271 1446 4344 protegendo;
1477 4270 1559 4325 illi
1581 4270 1842 4342 prmlian-

196 4368 289 4421 tur
318 4364 486 4420 nobis
516 4362 872 4419 insidiando.
909 4361 1008 4418 Isti
1042 4359 1382 4434 przeliantur
1439 4360 1593 4433 apud
1654 4359 1836 4415 Deum

196 4466 296 4511 nos
325 4452 675 4519 excusando,
710 4451 805 4507 isti
839 4450 1174 4523 praeliantur
1207 4466 1312 4505 nos
1343 4450 1694 4505 accusando.
1738 4449 1836 4504 Isti

1950 3296 2021 3351 ad
2054 3295 2423 3351 altitudinem
2457 3294 2980 3367 Dei,pra3cipitetur
3008 3314 3192 3369 usque
3216 3297 3274 3353 in
3298 3300 3602 3372 profundi;

1948 3390 2129 3442 tatem
2161 3384 2391 3440 inferni.
2422 3383 2524 3438 Vel
2566 3389 2720 3439 certe
2766 3385 2813 3439 si
2863 3384 3247 3457 intelligimus
3296 3386 3598 3446 diabolum

1950 3474 2221 3547 superius
2249 3474 2498 3544 ejectum
2524 3474 2592 3528 de
2606 3472 2829 3540 coelo,id
2850 3477 2940 3529 est
2961 3475 3030 3529 de
3045 3474 3601 3548 Eeclesiafidelium,

1948 3580 2267 3637 possumus
2289 3562 2383 3617 hic
2415 3561 2736 3635 intelligere
2767 3579 2900 3618 eum
2930 3579 3055 3619 esse
3081 3564 3370 3636 dejectum
3401 3566 3461 3622 in
3492 3571 3603 3623 ter-

1950 3671 2096 3722 ram,
2130 3653 2185 3708 id
2237 3655 2325 3708 est
2371 3651 2427 3705 in
2479 3655 2767 3707 amatores
2806 3657 3169 3708 terrenorum
3203 3670 3349 3726 quos
3379 3654 3476 3711 ille
3504 3671 3601 3712 ve-

1948 3747 2065 3808 xat,
2090 3742 2224 3798 licet
2254 3740 2603 3814 gravissime
2635 3739 2827 3795 doleat
2855 3741 2925 3796 de
2956 3741 3229 3799 ﬁdelibus
3255 3760 3317 3800 se
3349 3745 3602 3817 ejectum

1949 3849 2095 3888 CSSB.
3052 3837 3059 3847 '

2022 3920 2296 3992 Sequitur
2327 3936 2461 3991 pars
2491 3918 2680 3986 tertia,
2720 3918 2780 3973 in
2830 3937 2947 3991 qua
2990 3920 3203 3976 dicitur
3250 3939 3353 3994 pro
3382 3922 3603 3979 diaboli

1949 4009 2269 4080 dejectione
2317 4025 2592 4080 magnam
2644 4008 3092 4065 exsultationem
3127 4010 3183 4064 in
3216 4010 3356 4066 cmlo
3383 4012 3595 4068 factam

1948 4114 2097 4165 esse,
2130 4115 2264 4152 cum
2316 4098 2632 4152 subditur:
2670 4098 2732 4151 Et
2777 4097 2969 4153 audivi
3012 4115 3274 4168 magnam
3330 4115 3511 4156 vocem
3539 4102 3599 4157 in

1947 4190 2072 4243 cazlo
2100 4186 2363 4242 dicentem
2393 4205 2411 4240 :
2442 4185 2686 4252 Nunc,id
2718 4190 2806 4241 est
2831 4203 2864 4240 a
2894 4186 3213 4256 dejectione
3245 4188 3484 4258 diaboli,
3515 4192 3601 4262 fa-

1947 4284 2029 4332 cta
2061 4284 2135 4331 est
2165 4277 2314 4331 salus
2344 4283 2395 4330 et
2424 4291 2649 4345 regnum
2694 4276 2793 4329 Dci
2842 4277 3014 4330 nostri
3056 4285 3104 4330 et
3129 4285 3362 4348 potestas
3397 4278 3602 4335 Christi

1947 4366 2085 4438 ejus,
2118 4365 2173 4419 id
2208 4367 2297 4418 est
2341 4380 2496 4417 nunc
2529 4363 2677 4417 facta
2709 4363 2843 4417 inde
2875 4367 3116 4435 apparet
3164 4364 3344 4431 salus,
3376 4370 3434 4421 et
3480 4364 3597 4421 vir-

1945 4460 2061 4522 tus,
2087 4458 2143 4509 et
2174 4468 2420 4525 regnum
2456 4452 2554 4507 Dei
2588 4451 2792 4517 nostri,
2827 4454 2883 4506 et
2914 4455 3168 4522 potestas
3200 4452 3416 4510 Christi
3444 4454 3593 4525 ejus.

196 4540 530 4617 praeliantur
560 4557 663 4614 pro
695 4540 863 4597 nobis
892 4539 1322 4611 intercedendo,
1355 4544 1409 4594 et
1441 4539 1594 4594 bona
1641 4542 1838 4594 nostra
1868 4563 1913 4627 Ι)
1948 4546 2015 4599 Et
2045 4544 2206 4599 salus
2237 4541 2475 4613 quidem
2511 4540 2611 4595 Dei
2645 4539 2701 4594 in
2733 4540 2843 4595 hoc
2874 4541 3199 4612 apparebit,
3225 4541 3363 4613 quia
3391 4546 3594 4614 poten-

197 4630 306 4688 Deo
337 4631 628 4687 offerendo
658 4649 671 4699 ;
707 4630 802 4685 isti
836 4629 1171 4702 prreliantur
1228 4646 1333 4685 nos
1392 4628 1718 4683 incusando
1778 4633 1835 4682 ct

199 4720 568 4777 diﬂ‘amando.
603 4719 705 4776 Isti
736 4719 1076 4793 prmliantur
1116 4717 1281 4773 nobis
1340 4719 1573 4773 fraudes
1629 4723 1684 4773 et
1742 4734 1834 4772 eo-

198 4820 323 4867 rum
349 4808 595 4865 insidias
627 4808 796 4864 nobis
828 4808 1151 4876 revelando,
1182 4807 1278 4863 isti
1314 4806 1650 4879 przeliantur
1709 4823 1833 4873 nos,

200 4902 478 4972 quantum
502 4896 1021 4971 possunt,latentcr
1041 4902 1095 4952 et
1119 4895 1516 4951 fraudulenter
1528 4893 1838 4950 circumve-

199 4986 426 5044 niendo.

267 5074 544 5148 Sequitur
573 5093 708 5147 pars
739 5077 1015 5144 secunda,
1047 5074 1105 5129 in
1141 5091 1257 5147 qua
1303 5074 1632 5129 ostenditur
1678 5073 1834 5145 quod

201 5164 332 5220 mali
363 5164 551 5238 angeli
584 5182 617 5221 a
647 5164 816 5221 bonis
846 5169 985 5222 sunt
1016 5163 1293 5237 superati,
1336 5180 1468 5218 cum
1526 5162 1829 5218 subditur:

198 5254 259 5309 Et
285 5270 394 5310 non
417 5255 850 5327 prayvalucrunt,
883 5271 1054 5326 neque
1085 5256 1230 5309 locus
1262 5256 1509 5309 inventus
1538 5258 1617 5309 est
1648 5269 1835 5308 eorum

197 5343 427 5415 amplius
476 5352 531 5399 tn
591 5346 737 5401 caelo.
790 5343 993 5417 Angeli
1044 5343 1207 5411 mali,
1262 5342 1527 5414 quamvis
1587 5343 1832 5409 fortiter,

198 5430 457 5504 quamvis
487 5432 716 5502 callide,
751 5433 1018 5505 quamvis
1049 5432 1362 5504 vigilanter
1391 5435 1445 5485 et
1474 5431 1832 5487 incessanter

196 5525 470 5595 pugnant,
504 5527 701 5576 tamen
734 5521 903 5576 bonis
935 5522 994 5575 in
1025 5521 1239 5593 quibus
1271 5525 1361 5575 est
1391 5524 1446 5573 ct
1502 5520 1565 5573 in'
1618 5520 1832 5591 quibus

196 5614 410 5683 pugnat
440 5606 615 5679 Deus,
649 5609 916 5667 resistere
947 5626 1062 5666 non
1092 5614 1358 5681 possunt.
1408 5608 1569 5665 Unde
1627 5617 1683 5665 et
1739 5610 1831 5665 hic

1944 4637 2032 4688 ter
2062 4630 2309 4687 salvabit
2332 4647 2491 4685 suos.
2515 4628 2801 4694 Virtus,in
2834 4629 2941 4684 hoc
2974 4630 3125 4701 quod
3160 4634 3424 4702 potenter
3451 4648 3595 4704 prae-

1947 4721 2209 4794 cipitabit
2239 4719 2623 4775 adversarios.
2658 4719 2947 4791 Regnum,
2978 4718 3037 4773 in
3084 4718 3193 4773 hoc
3235 4720 3388 4790 quod
3414 4720 3597 4791 justis

1946 4809 2307 4883 glorificatis,
2342 4813 2401 4863 et
2431 4807 2724 4862 damnatis
2774 4807 3055 4879 reprobis,
3092 4812 3149 4863 et
3191 4807 3466 4865 omnibus
3493 4825 3597 4867 vo-

1945 4897 2229 4953 luntatem
2264 4914 2431 4952 suam
2464 4895 2834 4963 facientibus,
2867 4896 2927 4949 in
2962 4896 3131 4951 beata
3174 4900 3337 4967 parte
3368 4912 3599 4970 semper

1945 5005 2079 5044 cum
2114 4987 2237 5043 suis
2268 4990 2355 5041 est
2387 4984 3029 5056 regnaturus.Potestas
3057 5000 3189 5039 vero
3221 4983 3432 5041 Christi
3455 4989 3596 5044 tunc

1945 5076 2197 5131 maxime
2230 5074 2551 5146 apparebit,
2583 5072 2720 5145 quia
2748 5074 2846 5144 qui
2880 5073 3152 5145 apparuit
3174 5072 3270 5129 hic
3300 5072 3592 5146 infirmus,

1944 5169 2084 5220 tunc
2116 5162 2414 5235 apparebit
2445 5161 2833 5233 omnipotens.
2868 5161 2974 5226 Qui
3006 5161 3098 5217 hic
3133 5163 3241 5218 fuit
3268 5164 3593 5235 judicatus,

1945 5259 2084 5309 tunc
2106 5250 2533 5323 judicabit.Qui
2567 5250 2676 5304 fuit
2707 5250 2801 5305 hic
2831 5251 3146 5307 damnatus
3168 5253 3238 5307 ab
3261 5251 3595 5325 impiis,im-

1944 5343 2070 5416 pios
2102 5340 2426 5404 damnabit,
2451 5343 2507 5392 et
2537 5356 2676 5394 suos
2709 5338 2972 5395 salvabit.
2996 5340 3156 5396 Unde
3185 5344 3243 5396 et
3271 5341 3545 5397 subditur
3576 5359 3589 5398 :

1945 5434 2085 5501 Quia
2114 5432 2380 5502 projectus
2410 5437 2487 5483 est
2509 5446 2541 5482 α
2572 5430 2696 5493 Deo,
2739 5428 2792 5482 id
2827 5434 2913 5485 est
2959 5447 2992 5485 a
3022 5430 3186 5486 Patre
3218 5434 3274 5486 et
3299 5448 3333 5486 a
3361 5430 3593 5488 Christo

1942 5523 2071 5592 ejus
2105 5519 2267 5584 Filio,
2302 5527 2583 5573 accusator
2618 5521 2860 5589 fratrum
2898 5526 3227 5585 nostrorum,
3258 5518 3313 5574 id
3349 5524 3440 5576 est
3469 5518 3591 5576 dia-

1942 5609 2133 5677 bolus,
2168 5608 2338 5678 cujus
2370 5606 2628 5662 ofﬁcium
2657 5610 2749 5662 est
2796 5606 3064 5663 homines
3094 5623 3389 5675 accusare,
3419 5607 3477 5662 id
3507 5611 3597 5663 est
