4002 6078
202 218 362 285 ηας

666 462 726 502 IN
764 461 934 502 πετο
965 461 1164 503 SANCTI
1202 462 1383 502 LUCE.

280 538 604 607 Designavit
630 537 784 593 Iesus
809 543 861 592 et
886 537 1027 592 alios
1053 538 1404 608 septuaginta
1434 535 1587 604 duos,
1620 544 1669 593 et
1698 538 1849 592 misit

201 628 328 683 iuos
356 629 417 682 in
444 642 660 683 omnem
687 626 970 681 civitatem
999 633 1049 681 et
1077 626 1281 694 locum,
1315 642 1419 698 quo
1448 635 1566 682 erat
1586 628 1701 698 ipse
1727 643 1851 682 ven-

201 724 362 774 turus
409 717 558 781 (Luc.
602 714 679 787 x).
732 714 800 770 Et
843 714 1088 802 reliqua;
1136 714 1267 770 Jam
1314 715 1588 787 elegerat,
1641 716 1850 771 fratres

200 804 555 869 charissimi,
572 803 855 860 Dominus
882 803 1190 859 duodecim
1212 804 1507 875 apostolos
1530 822 1544 871 ;
1569 805 1669 860 sed
1688 805 1845 877 quia,

201 898 273 951 ut
302 895 428 968 ipse
456 894 599 950 dicit
628 892 743 958 hic,
778 892 989 948 messis
1022 896 1147 948 erat
1170 892 1847 965 multa,operariiautem

192 983 394 1058 pauci,
414 982 811 1039 necessarium
843 986 967 1038 erat
995 985 1059 1036 ut
1090 981 1173 1036 eis
1205 981 1617 1053 suffragatores
1647 987 1705 1038 et
1723 998 1853 1053 ope-

202 1072 341 1129 rarii
372 1072 744 1138 adderentur,
778 1075 836 1126 et
865 1070 975 1126 hoc
1004 1074 1091 1127 est
1123 1070 1278 1143 quod
1309 1071 1525 1126 dicitur
1553 1070 1852 1127 hic:Desi-

201 1165 397 1233 gnavit
414 1164 569 1218 Iesus
600 1168 651 1217 et
682 1159 828 1216 alios
871 1161 1221 1232 septuaginta
1263 1162 1420 1216 duos.
1444 1164 1552 1217 etc.
1585 1160 1848 1216 Primum

198 1252 385 1325 igitur
410 1250 761 1308 describitur
780 1266 879 1306 eos
897 1249 1163 1323 elegisse,
1182 1249 1459 1309 secundo.
1473 1267 1572 1306 eos
1594 1250 1844 1318 misisse,

196 1342 374 1399 tertio
402 1357 503 1398 eos
530 1339 900 1397 instruxisse.
916 1339 1091 1395 Porro
1114 1354 1213 1394 eos
1234 1336 1478 1412 elegisse
1500 1339 1852 1395 describitur

200 1448 343 1489 cum
374 1429 587 1487 dioiinr
625 1445 639 1497 ;
670 1430 987 1499 Designavit
1018 1430 1194 1485 Iesus.
1225 1428 1331 1494 Qui
1362 1428 1520 1483 enim
1572 1433 1659 1484 est
1688 1427 1849 1483 aliud

207 1521 552 1595 designasse
596 1535 776 1592 quam
825 1533 926 1576 eos
971 1517 1209 1590 quidam
1257 1517 1422 1590 signo
1471 1522 1527 1573 et
1552 1517 1849 1589 privilegio

202 1611 423 1686 gratias,
439 1608 727 1666 notabiles
742 1607 955 1664 electos
969 1606 1403 1663 demonstrasse
1416 1606 1445 1662 ?
1461 1606 1683 1662 Debent
1693 1607 1848 1662 enim

202 1698 546 1774 prafulgere
576 1696 761 1771 signis
788 1696 1096 1764 virtutum,
1129 1695 1230 1768 qui
1261 1700 1524 1767 pastores
1568 1699 1626 1750 et
1664 1694 1850 1766 magi-

200 1789 311 1846 stri
327 1788 769 1846 constituuntur
779 1785 1303 1860 populorum.Nam
1318 1788 1575 1857 quantus
1593 1790 1647 1839 et
1662 1783 1852 1856 qualis

202 1879 377 1936 debet
398 1892 527 1935 esse
555 1877 759 1933 doctor
781 1874 1232 1942 ecclesiasticus,
1264 1874 1324 1929 in
1347 1875 1517 1946 cujus
1546 1890 1853 1946 compara-

198 1969 364 2026 tione
409 1965 663 2040 populus
710 1981 850 2039 grex
897 1966 1163 2022 vocatur!
1198 1964 1475 2021 Convenit
1523 1964 1739 2036 quippe
1786 1968 1853 2018 ut

205 2057 449 2121 ratione,
483 2054 748 2111 moribus
778 2057 837 2111 et
868 2053 1113 2109 scientia
1141 2053 1595 2126 superemineat,
1630 2069 1736 2108 nec
1760 2051 1848 2106 in-

204 2149 478 2203 ‘cnrvetur
506 2160 668 2200 more
696 2142 920 2216 pecoris
949 2143 1021 2198 ad
1054 2146 1302 2209 terrena,
1331 2143 1431 2198 sed
1466 2142 1659 2213 potius
1702 2157 1853 2196 erec-

202 2240 308 2292 ltus
339 2234 418 2290 sit
462 2233 536 2289 ad
581 2232 856 2298 caelestia,
892 2249 1020 2305 qua;
1046 2248 1286 2287 sursum
1320 2236 1459 2287 sunt
1487 2231 1697 2302 sapiat,
1734 2246 1849 2285 non

208 2340 337 2397 qua:
356 2338 537 2396 super
564 2326 781 2377 terram
806 2338 820 2389 ;
846 2337 908 2376 se
936 2325 994 2376 et
1023 2320 1290 2376 subditos
1322 2336 1518 2392 regere
1538 2324 1594 2375 et
1616 2334 1853 2392 pascere

204 2412 481 2470 sufficiat.
517 2411 650 2476 Sed,
686 2409 831 2483 proh
877 2408 1074 2465 dolor!
1109 2409 1280 2465 hodie
1327 2414 1417 2465 est
1463 2408 1736 2464 sacerdos
1786 2410 1853 2462 ut

204 2501 482 2577 populus,
512 2501 632 2557 imo
685 2499 954 2555 deterior.
988 2500 1060 2554 Et
1112 2497 1214 2571 qui
1264 2498 1539 2553 deberent
1587 2514 1716 2554 esse
1755 2497 1854 2552 lux

202 2591 592 2659 mundi,sunt
612 2588 806 2661 potius
839 2589 1132 2644 fumantes
1163 2604 1342 2660 quam
1374 2588 1767 2643 ﬂammantes.
1786 2584 1854 2639 Et

204 2683 352 2754 quot
378 2678 746 2753 designavit?
777 2679 1134 2750 Septuaginta
1162 2678 1315 2733 duos.
1350 2677 1431 2733 De
1452 2693 1696 2732 numero
1718 2675 1855 2730 isto-

204 2786 339 2825 rum
369 2784 526 2825 unus
537 2771 777 2841 putatur
788 2766 995 2822 beatus
1010 2766 1198 2822 Lucas
1213 2765 1313 2838 qui
1327 2764 1434 2821 hoc
1452 2764 1674 2828 scribit,
1690 2768 1745 2819 et
1759 2779 1855 2818 cu-

198 2858 301 2932 jus
313 2857 487 2914 hodie
497 2855 928 2912 solemnitatem
940 2852 1857 2925 celebramus.Saneseptuaginta

204 2946 650 3021 duoeliguntur,
667 2945 767 3018 qui
781 2944 1027 3018 tptidem
1041 2942 1376 3015 linguarum
1391 2943 1664 3016 gentibus
1680 2943 1855 2996 Evan-

204 3038 427 3113 gelium
451 3034 663 3092 Christi
675 3032 1527 3107 praedicarent.Utsicutprimo
1548 3031 1855 3087 duodecim

1323 220 1701 284 HOMILLE.
1733 252 1811 268 --
1838 216 1887 283 Ι.
1932 218 2036 283 DE
2076 220 2474 287 TEMPORE.

1877 355 1931 424 Α
1961 354 2088 413 Bini
2119 373 2256 431 ergo
2286 358 2357 413 ad
2390 354 2826 432 praedicandum
2859 357 3194 418 mittuntur.
3212 362 3284 419 Ac
3306 363 3353 421 si
3377 363 3602 425 eisdica

3440 229 3602 294 1466

1956 447 2213 515 tur;Vos
2243 447 2340 520 qui
2376 449 2802 520 praedicationis
2823 450 3081 506 officium
3104 453 3420 526 suscipitis,
3437 473 3602 528 opor-

1958 541 2040 592 tet
2086 542 2149 592 ut
2196 542 2252 593 et
2298 554 2553 595 consono
2603 539 2774 595 corde
2814 540 2871 595 in
2904 541 3066 597 vobis
3099 540 3227 597 aliis
3256 542 3599 602 charitatem

1959 626 2465 695 demonstretis,et
2508 645 2764 684 consono
2797 646 2893 685 ore
2922 630 3221 686 veritatem
3254 633 3597 691 testificetis.

1958 715 2163 772 Omnis
2193 717 2351 772 enim
2385 718 2555 789 cujus
2586 733 2685 773 cor
2713 718 2980 774 dissonat
3011 720 3323 777 averitatis
3357 724 3602 793 unitate,

1958 804 2196 860 omnino
2225 805 2503 878 indignus
2534 810 2622 860 est
2652 806 2909 861 officium
2942 808 3370 880 praedicationis
3421 816 3603 870 susci-

1957 910 2112 964 pere.
2136 895 2205 949 Et
2236 911 2350 966 quo
2382 912 2479 950 eos
2512 894 2710 950 misit?
2727 897 2861 952 Ante
2878 899 3079 969 faciem
3099 914 3277 965 suam,
3312 902 3371 956 in
3391 919 3605 961 omnem

1956 984 2231 1038 civitatem
2260 992 2310 1039 et
2337 984 2513 1039 locum
2561 1001 2664 1056 quo
2713 992 2831 1041 erat
2855 988 2969 1058 ipse
3004 996 3280 1044 venturus.
3314 993 3604 1050 Prmmisit

1957 1087 2056 1126 eos
2088 1074 2369 1144 tanquam
2401 1071 2595 1128 locum
2628 1073 2735 1129 sibi
2771 1079 3217 1145 praeparaturos.
3253 1076 3404 1135 Ordo
3445 1082 3601 1139 enim

1957 1158 2135 1230 exigit
2155 1164 2219 1214 ut
2248 1161 2535 1232 praecedat
2571 1178 2679 1216 vox
2728 1162 3178 1233 praedicationis,
3213 1170 3278 1221 ut
3320 1167 3602 1229 Dominus

1957 1249 2153 1304 veniat
2211 1250 2280 1304 ad
2342 1249 2744 1306 habitaculum
2789 1252 3025 1308 mentis.
3077 1253 3241 1312 Unde
3290 1258 3595 1330 propheta,

1962 1360 1991 1387 «
2023 1338 2226 1393 Parate
2265 1339 2415 1394 viam
2451 1339 2719 1407 Domino,
2756 1344 2942 1396 rectas
2976 1341 3143 1397 facite
3185 1345 3425 1402 semitas
3473 1350 3602 1420 ejus

1958 1427 2086 1496 (Isa.
2121 1428 2218 1498 1v).
2243 1450 2270 1477 »
2305 1428 2545 1492 Quando
2576 1428 2753 1496 enim,
2784 1428 2995 1486 fratres
3026 1431 3157 1497 mei,
3190 1434 3355 1490 vobis
3401 1437 3605 1510 praedi-

1959 1531 2182 1581 camus,
2219 1517 2452 1588 quando
2482 1534 2582 1573 vos
2616 1518 2966 1590 corripimus
2998 1524 3055 1575 et
3094 1520 3462 1593 instruimus,
3498 1525 3604 1583 Do-

1959 1603 2119 1659 mino
2148 1604 2301 1660 viam
2334 1606 2404 1660 ad
2432 1606 2609 1662 corda
2636 1611 2827 1662 vestra
2857 1624 3155 1679 paramus.

2030 1693 2226 1749 Tertio
2257 1695 2609 1751 describitur
2638 1696 2923 1752 Dominus
2955 1714 3055 1755 eos
3086 1699 3603 1770 instruxisse,cum

1959 1783 2232 1838 subditur
2264 1801 2276 1840 :
2306 1787 2369 1840 Et
2398 1784 2610 1840 dicebat
2649 1786 2785 1852 illis,
2821 1790 2928 1843 etc.
2965 1788 3114 1844 Sunt
3152 1795 3349 1847 autem
3401 1793 3602 1851 decem

1959 1871 2019 1926 in
2051 1872 2265 1945 quibus
2298 1873 2537 1929 instruit
2564 1891 2682 1930 eos.
2712 1874 2975 1931 Ostendit
3005 1882 3200 1935 autem
3231 1880 3315 1937 eis
3344 1887 3603 1954 quantus

1957 1959 2123 2017 labor
2142 1962 2225 2018 eis
2247 1963 2569 2030 incumbat,
2585 1964 2726 2035 quid
2748 1964 2997 2021 debeant
3012 1967 3207 2039 ipsum
3226 1986 3450 2042 rogare,
3466 1989 3606 2045 quo-

1958 2051 2131 2106 modo
2162 2051 2287 2124 ipse
2318 2052 2393 2108 sit
2424 2052 2609 2108 facilis
2634 2069 2733 2108 eos
2754 2054 2976 2126 audire,
3002 2056 3224 2128 quales,
3243 2075 3419 2130 quam
3440 2077 3607 2134 expe-

1959 2138 2064 2194 diti
2096 2145 2152 2195 et
2183 2157 2360 2213 quam
2394 2142 2585 2198 festini
2616 2143 2729 2215 ipsi
2761 2143 3011 2199 debeant
3041 2162 3188 2214 esse,
3223 2149 3377 2220 quod
3411 2152 3605 2222 potius

1960 2230 2209 2286 debeant
2242 2232 2648 2303 prmdicare,et
2678 2250 2796 2304 qua
2818 2233 3201 2301 utilitatc,ubi
3226 2238 3608 2298 debeantma-

1960 2334 2117 2383 nere,
2149 2322 2205 2373 et
2252 2320 2408 2374 unde
2454 2322 2785 2376 necessaria
2833 2339 3084 2379 sumere.
3122 2325 3296 2382 Porro
3346 2332 3606 2400 quantus

1960 2406 2126 2462 labor
2154 2406 2239 2481 eis
2266 2408 2585 2474 incumbat,
2619 2411 2874 2466 ostendit
2904 2428 3037 2467 cum
3070 2413 3210 2469 dicit
3234 2432 3247 2471 :
3271 2419 3463 2474 Messis
3482 2421 3605 2490 qui-

1959 2496 2081 2552 dem
2108 2499 2303 2563 multa,
2319 2501 2561 2570 operarii
2588 2508 2773 2555 autem
2796 2504 2979 2573 pauci.
3013 2508 3091 2558 Ac
3122 2503 3171 2559 si
3203 2508 3399 2577 aperte
3420 2507 3603 2564 dicat:

1961 2585 2106 2640 Cum
2140 2586 2328 2642 multa
2358 2588 2434 2643 sit
2463 2589 2695 2653 messis,
2730 2594 2787 2645 et
2814 2606 2917 2647 vos
2946 2591 3196 2663 operarii
3237 2593 3366 2650 sitis
3412 2596 3604 2669 pauci,

1963 2690 2078 2730 non
2109 2680 2197 2731 est
2226 2676 2387 2732 vobis
2418 2678 2721 2733 otiandum
2754 2683 2809 2734 et
2836 2680 3265 2751 dormiendum,
3292 2685 3391 2740 sed
3414 2686 3609 2758 potius

1963 2780 2095 2819 cum
2131 2765 2289 2820 omni
2320 2765 2517 2822 labore
2547 2771 2605 2822 et
2635 2766 3032 2825 sollicitudine
3048 2770 3209 2844 operi
3230 2772 3604 2846 instandum;

1963 2858 2030 2908 ut
2058 2853 2307 2910 multam
2342 2873 2593 2911 messem
2627 2873 2726 2913 vos
2758 2858 2930 2929 pauci
2955 2861 3203 2932 operarii
3226 2861 3496 2935 colligere
3517 2880 3609 2920 va-

1962 2941 2329 3010 leatis.Quod
2361 2950 2555 3000 autem
2590 2950 2729 3001 tunc
2752 2946 3034 3004 Dominus
3066 2949 3485 3019 dicebat,nunc
3501 2968 3608 3010 nos

1963 3032 2154 3087 dicere
2176 3050 2513 3105 possumus.
2531 3036 2813 3101 Quoniam
2841 3038 3015 3109 (quod
3037 3038 3162 3094 sine
3183 3040 3401 3111 gemitu
3418 3041 3608 3098 dicere

206 3104 1857 3200 apostoliproduodecimtribubusIsrael,itaseptuaginta
1885 3104 1929 3172 (ἶ
1969 3104 2216 3195 nequeo)
2237 3127 2294 3179 et
2325 3124 2371 3179 si
2404 3127 2546 3179 sunt
2575 3126 2673 3196 qui
2702 3104 2856 3181 bona
2881 3104 3376 3195 audiant,desunt
3407 3130 3606 3203 quidi-

208 3212 479 3287 discipuli
510 3216 748 3287 propter
768 3211 1139 3285 septuaginta
1158 3210 1421 3284 gentium
1438 3210 1669 3282 linguas
1683 3209 1856 3265 desti-

202 3310 491 3360 narentur
518 3302 889 3359 erudiendas.
906 3301 1070 3357 Sicut
1086 3304 1282 3356 autem
1300 3300 1359 3355 in
1377 3298 1655 3372 apostolis
1668 3299 1857 3354 forma

204 3398 299 3451 est
328 3392 755 3466 episcOpornm,
791 3391 874 3445 sic
904 3390 963 3445 in
996 3390 1369 3461 septuaginta
1397 3389 1627 3445 duobus
1670 3389 1856 3444 forma

204 3486 293 3539 est
320 3483 617 3538 minorum
648 3481 1037 3536 sacerdotum.
1074 3480 1359 3543 Secundo,
1390 3478 1740 3534 describitur
1754 3495 1853 3533 eos

203 3571 439 3628 misisse
469 3586 604 3626 cum
636 3569 910 3626 subditur
942 3585 955 3624 :
990 3571 1053 3624 Et
1082 3570 1235 3624 misit
1277 3569 1400 3624 illos
1429 3570 1582 3623 binos
1610 3576 1738 3623 ante
1764 3572 1854 3640 [a-

198 3663 344 3719 ciem
376 3676 537 3715 suam
566 3676 626 3715 ιη
648 3674 863 3715 omnem
889 3660 1165 3713 civitatem
1192 3665 1243 3713 et
1265 3657 1443 3712 locum
1469 3674 1572 3730 quo
1603 3665 1719 3712 erat
1740 3659 1855 3728 ipse

200 3757 480 3807 venturus.
514 3748 675 3814 Ecce,
709 3748 919 3804 fratres
951 3747 1085 3813 mei,
1120 3746 1213 3801 hic
1245 3744 1517 3818 discipuli
1550 3763 1665 3802 non
1697 3763 1731 3801 a
1761 3762 1851 3802 se-

200 3838 488 3912 metipsis,
537 3838 639 3893 sed
689 3853 726 3893 a
770 3836 1018 3893 Domino
1059 3835 1360 3909 eliguntur
1402 3839 1461 3891 et
1511 3835 1847 3890 mittuntur.

197 3952 227 3981 α
257 3928 441 3985 Nemo
470 3926 648 3991 enim,
680 3930 744 3982 ut
770 3925 853 3981 ait
883 3924 1204 3997 apostolus,
1238 3924 1349 3979 sibi
1382 3923 1636 3980 assumit
1674 3924 1852 3980 hono-

198 4033 344 4082 rem,
378 4016 481 4072 sed
530 4016 631 4088 qui
678 4018 917 4072 vocatus
945 4018 1035 4070 est
1063 4018 1130 4069 ut
1161 4018 1352 4069 Aaron
1388 4014 1404 4085 (
1433 4015 1594 4069 Hebr.
1627 4014 1750 4085 v).»
1782 4014 1851 4069 Et

199 4106 338 4163 alibi
370 4122 387 4161 :
420 4127 449 4157 κ
483 4105 803 4172 Quomodo,
828 4103 1040 4176 inquit,
1053 4103 1453 4176 praedicabunt
1482 4101 1593 4157 nisi
1615 4103 1850 4158 mittan-

196 4195 335 4252 tur?
356 4216 384 4245 »
420 4194 687 4267 (Roman)
716 4193 787 4249 Et
813 4193 925 4249 hoc
954 4196 1153 4265 aperte
1180 4195 1269 4247 est
1298 4196 1504 4247 contra
1534 4184 1846 4263 quosdam,

198 4284 299 4359 qui
332 4282 703 4356 impudenter
722 4282 1070 4354 semetipsos
1091 4280 1334 4354 eligunt,
1350 4279 1449 4352 qui
1467 4296 1529 4336 se
1546 4279 1844 4352 ingerunt,

199 4370 736 4448 qniecclesiasticas
757 4370 1089 4444 dignitates,
1101 4369 1191 4426 vel
1216 4369 1505 4442 precibus,
1520 4367 1609 4425 vel
1637 4369 1842 4442 pretio,

1963 3212 2285 3267 cantzEcce
2315 3213 2645 3268 sacerdotes
2677 3213 3137 3272 innumerabiles
3166 3221 3397 3283 sunt,et
3410 3223 3606 3275 tamen

1962 3301 2021 3356 in
2055 3318 2245 3356 messe
2276 3301 2376 3356 Dei
2408 3318 2575 3356 rarus
2612 3303 2897 3375 reperitur
2924 3304 3224 3377 operarius
3244 3305 3609 3379 bonus,quia

1964 3390 2222 3447 officium
2238 3391 2473 3462 quidem
2489 3392 2847 3448 sacerdotale
2862 3392 3106 3449 libenter
3117 3395 3272 3450 susci
3281 3396 3603 3468 pimus,sed

1964 3497 2110 3552 opus
2141 3480 2315 3534 ofﬂcii
2348 3496 2463 3534 non
2495 3480 2831 3553 implemus.
2860 3482 2920 3537 Et
2954 3483 3103 3554 perit
3134 3483 3611 3543 multitudomes-

1962 3570 2119 3625 sium
2154 3575 2390 3641 prepter
2408 3569 2698 3641 pigritiam
2718 3572 3138 3643 operariorum.
3159 3573 3448 3643 Secundo,
3465 3575 3607 3648 quid

1963 3675 2167 3732 rogare
2218 3658 2468 3713 debeant
2516 3660 2771 3715 ostendit
2801 3677 2935 3716 cum
2970 3662 3173 3717 subdit
3205 3679 3218 3717 :
3252 3665 3455 3733 Rogata
3481 3680 3610 3734 ergo

1960 3747 2244 3803 dominum
2272 3749 2557 3815 messis,ut
2583 3750 2764 3805 mittat
2790 3752 3067 3821 operarios
3097 3753 3160 3807 in
3185 3768 3412 3809 messem
3427 3770 3606 3810 suam.

1961 3835 2080 3891 Hoc
2127 3835 2284 3891 enim
2317 3840 2439 3891 tota
2476 3836 2729 3893 Ecclesia
2768 3839 2940 3894 debet
2987 3841 3248 3912 quotidie
3294 3843 3609 3899 Dominum

1961 3941 2183 3997 rogare,
2200 3928 2265 3978 ut
2294 3924 2415 3978 miti
2429 3930 2488 3980 at
2508 3929 2704 3982 tantos
2721 3931 2777 3983 et
2792 3928 2939 3983 tales
2961 3930 3256 4001 operarios
3278 3931 3337 3986 in
3355 3947 3608 3988 messem

1960 4014 2267 4086 suam,qui
2300 4014 2457 4086 digni
2477 4018 2533 4070 et
2551 4015 2716 4087 probi
2749 4016 2868 4071 sint
2898 4034 3027 4073 eam
3060 4020 3356 4076 custodire
3378 4024 3433 4076 et
3453 4019 3610 4077 colli-

1958 4118 2093 4174 gere
2122 4102 2182 4157 in
2214 4101 2422 4157 horrea
2453 4103 2833 4159 beatitudinis
2868 4110 3112 4162 aiternte.
3152 4108 3445 4182 Rogemus
3467 4125 3606 4183 ergo

1959 4191 2297 4258 Dominum,
2331 4208 2437 4247 nos
2468 4197 2749 4263 pastores.
2784 4194 3001 4267 Rogate
3031 4201 3089 4251 et
3116 4214 3217 4252 vos
3268 4214 3372 4271 pro
3417 4198 3605 4269 nobis,

1956 4280 2164 4336 fratres
2184 4281 2316 4347 mei,
2333 4286 2627 4353 quatenus
2645 4286 2700 4337 et
2717 4299 2824 4338 nos
2843 4283 3026 4340 bonos
3052 4286 3350 4357 cperarios
3366 4287 3605 4357 efficiat,

1957 4373 2016 4424 et
2045 4367 2191 4424 alios
2221 4368 2491 4441 suppleat
2536 4370 2608 4425 ad
2664 4369 2943 4427 honorem
2997 4373 3255 4430 nominis
3304 4375 3416 4442 sui,
3449 4380 3506 4432 et
3536 4376 3607 4433 ad

196 4461 288 4519 vel
312 4459 589 4518 violentia
618 4460 871 4533 rapiunt,
905 4460 985 4515 De
1035 4458 1251 4532 quibus
1298 4458 1581 4514 Dominus
1617 4475 1629 4513 :
1666 4474 1693 4509 ξ(
1730 4458 1845 4532 Ipsi
1877 4478 1924 4539 ι)
1958 4457 2267 4513 utilitatem
2316 4458 2497 4514 nostri
2544 4463 2600 4514 et
2648 4459 2843 4516 vestri.
2878 4459 3109 4517 Utilitas
3153 4462 3371 4536 quippe
3410 4470 3610 4522 nostra

198 4553 608 4625 regnaverunt,
634 4549 736 4606 sed
766 4564 883 4605 non
915 4564 984 4604 ex
1012 4564 1124 4604 me.
1153 4548 1449 4619 Principes
1477 4547 1838 4613 exstitetunt,

195 4644 257 4697 et
279 4656 387 4713 ego
418 4638 676 4713 ignoravi
708 4637 853 4707 (Ose.
882 4638 1027 4710 vni).
1065 4660 1086 4688 ιι
1122 4637 1200 4693 Ex
1230 4653 1291 4693 se
1328 4653 1602 4709 namque,
1639 4641 1696 4693 et
1727 4654 1841 4693 non

195 4742 267 4786 ex
309 4727 551 4785 arbitrio
581 4726 804 4783 summi
828 4726 1088 4783 Hectoris
1109 4726 1491 4800 regnant,qui
1516 4725 1694 4781 nullis
1713 4725 1842 4782 fulti

192 4815 535 4882 virtutibus,
568 4832 684 4872 non
715 4814 995 4872 divinitus
1018 4815 1224 4881 vocati,
1247 4815 1348 4872 sed
1377 4831 1486 4870 sua
1524 4814 1847 4887 cupiditate

193 4905 486 4972 succensi,
502 4905 766 4981 regimen
780 4905 1016 4978 rapiunt
1029 4903 1216 4977 magis
1229 4920 1409 4976 quam
1422 4909 1840 4977 assequentur.

192 4996 354 5061 Quos
380 4994 649 5051 intemus
677 4994 862 5052 Judex
894 4993 1157 5066 provehit
1182 4997 1242 5049 et
1270 4993 1479 5060 nescit,
1509 4993 1650 5065 quia
1697 5011 1845 5065 quos

191 5082 589 5156 permittendo
635 5081 864 5151 tolerat,
913 5098 1017 5155 per
1073 5081 1366 5154 judicium
1422 5081 1845 5153 reprobationis

192 5172 446 5248 ignorat.
463 5174 530 5229 Et
555 5174 729 5237 misit,
746 5171 956 5245 inquit,
970 5187 1058 5228 eos
1088 5172 1261 5227 binos.
1291 5170 1415 5226 Non
1449 5170 1647 5226 minus
1665 5187 1843 5242 quam

194 5261 353 5319 inter
377 5261 526 5319 duos
556 5261 766 5319 fratres
805 5261 1059 5316 fraterna
1088 5259 1344 5317 charitas
1382 5262 1575 5329 potest
1603 5258 1843 5314 demon-

196 5350 397 5419 strari,
429 5366 536 5409 nec
556 5351 755 5407 minus
788 5366 967 5424 quam
999 5350 1114 5405 duo
1145 5347 1449 5405 sufficiunt
1478 5347 1549 5403 ad
1578 5346 1843 5403 testimo-

196 5439 367 5498 nium
387 5440 672 5507 veritatis,
687 5440 913 5497 dicente
934 5437 1181 5495 Domino
1200 5437 1381 5510 quia«
1396 5436 1455 5491 in
1477 5452 1575 5493 ore
1591 5437 1844 5492 duorum

193 5527 291 5589 vel
320 5529 504 5588 brium
534 5531 796 5597 testium,
812 5526 1366 5587 statomneverbum
1380 5528 1597 5596 (Matth.
1612 5524 1796 5593 xvm).
1815 5548 1843 5575 ››

1952 4552 2143 4602 vestra
2174 4551 2281 4615 est,
2314 4552 2369 4604 et
2403 4547 2624 4605 utilitas
2652 4555 2846 4605 vestra
2877 4555 3080 4606 nostra
3109 4556 3216 4620 est,
3253 4551 3392 4624 quia
3424 4552 3473 4607 si
3504 4571 3608 4610 vos

1957 4636 2120 4691 bonae
2149 4653 2282 4692 oves
2303 4638 2464 4701 estis,
2484 4654 2589 4695 nos
2612 4640 2979 4696 orationibus
2999 4646 3055 4695 et
3070 4640 3378 4697 benefidiis
3400 4643 3607 4700 vestris

1956 4725 2318 4782 sustentatis.
2342 4731 2628 4783 Damnum
2663 4745 2899 4801 quoque
2922 4734 3191 4785 nostrum
3223 4734 3483 4785 vestrum
3496 4736 3604 4798 est,

1955 4814 2233 4886 quoniam
2261 4814 2311 4869 si
2340 4815 2522 4887 (quod
2552 4816 2708 4872 absit
2728 4818 2770 4886 l)
2799 4819 2872 4873 ab
2904 4819 3095 4875 officio
3122 4818 3255 4874 boni
3281 4819 3530 4892 pastoris
3553 4826 3609 4877 et

1953 4904 2072 4959 vita
2099 4904 2512 4967 exorbitamus,
2548 4922 2648 4961 vos
2681 4906 3004 4964 exorbitare
3036 4908 3307 4965 facimus.
3330 4908 3607 4968 Vestrum

1956 5009 2192 5065 quoque
2240 4993 2524 5049 damnum
2576 5000 2845 5051 nostrum
2877 5000 2968 5051 est
3006 4997 3309 5068 quoniam,
3343 4997 3393 5054 si
3423 4999 3606 5070 (quod

1956 5083 2161 5153 absit!)
2183 5099 2338 5139 unus
2365 5088 2624 5139 vestrum
2649 5084 2968 5157 perit,inde
2992 5084 3166 5140 timor
3184 5090 3242 5141 et
3257 5086 3425 5142 dolor
3439 5088 3611 5145 nobis

1956 5171 2248 5227 accrescit.
2282 5172 2466 5240 Certe,
2490 5180 2729 5244 propter
2760 5178 3001 5245 peccata
3035 5174 3256 5246 populi,
3293 5176 3434 5231 sinit
3454 5176 3612 5235 Deus

1956 5276 2197 5331 regnare
2230 5259 2615 5332 hypocritam,
2634 5267 2698 5318 ut
2721 5264 3041 5334 apparctin
3071 5262 3268 5319 Saulo.
3292 5265 3363 5321 Et
3378 5270 3614 5338 propter

1955 5352 2191 5421 peccata
2223 5349 2555 5420 principum
2588 5350 2672 5405 vel
2693 5350 3264 5418 sacerdotum,venit
3286 5353 3613 5424 persecutio

1956 5454 2133 5510 super
2183 5436 2486 5509 populum,
2523 5441 2677 5511 quod
2727 5447 2977 5511 apparet
3023 5441 3083 5496 in
3126 5440 3262 5496 ﬁliis
3291 5441 3438 5507 Heli,
3472 5444 3529 5494 et
3556 5441 3615 5494 in

1956 5526 2157 5584 David.
2186 5526 2475 5591 Quoniam
2508 5528 2687 5601 igitur
2715 5527 2799 5585 sic
2834 5545 2951 5589 nos
2982 5532 3243 5605 pastores
3273 5534 3333 5587 et
3360 5545 3463 5587 vos
3484 5527 3619 5582 sub-
