4008 6072
440 270 598 340 1467

1708 273 2107 340 BADULPHI
2148 275 2570 341 ARDENTIS.

3681 273 3855 340 1488

440 406 874 483 diti,conjuncti
898 423 1124 474 sumus,
1141 425 1248 466 nos
1265 407 1335 466 ad
1359 407 1605 466 invicem
1628 407 2079 482 diligamus,vos
2107 411 2164 481 Α
2197 415 2417 469 resecat
2448 410 2763 485 superﬂua,
2796 408 2857 466 in
2886 425 2948 468 se
2979 413 3501 484 quantumcunque
3529 414 3730 485 potest
3764 428 3855 469 re-

440 506 661 568 nostra,
695 503 753 555 et
780 516 886 555 nos
915 503 1107 555 vestra
1129 515 1305 554 onera
1334 503 1632 570 portemus
1658 517 1670 567 ;
1698 515 1800 554 vos
1831 499 2012 555 nostri
2027 504 2084 555 et

439 609 547 648 nos
579 589 774 654 vestri,
807 588 867 643 in
898 587 1279 655 orationibus,
1313 587 1708 643 oblationibus
1739 592 1796 643 et
1835 588 2082 644 eleemo-

438 680 599 754 synis
631 695 920 735 memores
944 677 1149 746 simus,
1175 680 1467 749 quatenus
1500 678 1655 732 sicut
1686 676 1863 732 simul
1883 677 1977 733 hic
2005 678 2084 732 vi-

436 770 648 837 vimus,
693 769 777 824 sic
826 766 999 823 simul
1045 766 1102 821 in
1154 766 1270 820 alia
1317 765 1819 837 vitalgloriemur.
1865 767 2078 832 Tertio,

436 859 721 915 Dominus
754 856 1008 913 ostendit
1033 856 1324 927 quomodo
1359 856 1482 927 ipse
1522 856 1596 911 sit
1650 855 1836 911 facilis
1882 856 2083 911 audire

436 966 536 1005 eos
569 947 668 1020 qui
688 946 797 1003 sibi
822 945 1024 1000 donari
1049 946 1231 1000 bonos
1255 948 1515 1016 pastores
1535 949 1759 1017 rogant,
1780 962 1913 999 cum
1942 944 2079 999 sub-

435 1037 522 1093 dit
554 1054 567 1092 :
601 1039 694 1093 Itc.
728 1037 857 1090 Ecce
886 1051 1012 1106 ergo
1039 1036 1194 1089 mitto
1231 1050 1336 1089 vos.
1370 1034 1534 1097 Ilinc,
1555 1034 1761 1088 fratres
1794 1033 1926 1099 mei,
1951 1050 2082 1088 con-

434 1130 549 1183 stat
580 1125 856 1198 quoniam
890 1124 935 1178 si
970 1122 1065 1196 pia
1089 1128 1145 1178 et
1175 1123 1427 1177 instante
1453 1123 1713 1178 oratione
1744 1122 1960 1177 bonum
1984 1139 2081 1194 pa-

435 1219 650 1272 storem
684 1212 1195 1287 postulaverimus,
1213 1211 1412 1283 procul
1434 1212 1612 1267 dubio
1646 1211 1939 1283 repulsam
1964 1228 2077 1266 non

432 1305 745 1378 patiemur.
763 1304 1095 1374 Propterea,
1113 1302 1347 1374 quando
1368 1304 1535 1355 vacat
1556 1301 1725 1355 sedes
1746 1299 2074 1372 pastoralis,

433 1394 711 1449 deberent
742 1391 1074 1446 sacerdotes
1104 1391 1174 1445 ad
1198 1390 1473 1445 ecclesias
1499 1406 1630 1444 cum
1658 1389 1925 1460 plebibus
1947 1406 2079 1444 con-

430 1483 643 1548 venire,
678 1482 825 1536 votis
874 1485 930 1536 et
979 1477 1540 1550 suspiriis,jejuniis
1584 1484 1642 1534 et
1690 1478 2073 1542 orationibus,

432 1572 827 1630 oblationibus
859 1574 915 1626 et
945 1568 1351 1641 eleemosynis,
1388 1586 1421 1624 a
1451 1568 1693 1624 Domine
1723 1568 1939 1623 bonum
1974 1584 2075 1638 pa-

432 1666 650 1718 storem
690 1658 1005 1733 postulare.
1041 1659 1175 1723 Sed,
1208 1659 1364 1713 unde
1413 1657 1727 1713 dolendum
1764 1661 1870 1724 est,
1904 1656 2075 1711 hodie

431 1751 492 1806 in
523 1750 904 1807 electionibus
927 1747 1677 1821 pastorum,unusquisque
1700 1745 2071 1819 requiritnon
2105 1788 2154 1854 B

431 1840 528 1854 κ.
633 1840 647 1854 ς
745 1843 815 1854 .,
1038 1837 1053 1854 ι
1286 1840 1325 1854 .,
1456 1833 1591 1854 ηιν
1706 1852 1752 1854 ,κ
1808 1834 2042 1854 η,,,.,

430 1840 533 1898 Dei
563 1837 1057 1906 voluntatem,sed
1080 1854 1249 1893 suam
1282 1833 1665 1908 temporalem
1696 1834 2075 1890 commodita-

430 1935 549 1987 tem
577 1949 590 1999 ;
627 1946 741 1985 non
771 1928 1003 1983 lucrum
1025 1925 1462 1998 spirituale,sed
1490 1923 1900 1996 temporale,et
1920 1939 2075 1995 spre-

428 2021 507 2078 tis
535 2018 760 2076 idoneis
789 2014 1177 2090 personis,vel
1204 2014 1386 2080 se,vel
1418 2014 1673 2069 amicum
1704 2011 2075 2085 gestitimpu-

430 2111 634 2166 denter
662 2107 942 2180 ingerere.
971 2104 1111 2159 llinc
1141 2104 1328 2158 iratus
1364 2102 1651 2157 Dominus
1670 2100 1955 2173 permittit
1976 2100 2074 2155 ho-

432 2198 522 2255 die
548 2194 878 2271 pontiﬁcari
907 2198 1185 2266 tyrannos
1218 2195 1275 2248 et
1306 2195 1507 2264 poetas
1542 2208 1657 2246 non
1692 2190 2073 2247 instructores

430 2287 533 2344 sed
567 2287 960 2342 destructores
991 2281 1345 2338 animarum.

501 2371 954 2445 Quarto,quales
985 2388 1112 2427 esse
1144 2370 1394 2425 debeant
1423 2371 1524 2442 qui
1548 2371 1619 2425 ad
1638 2368 2070 2441 praedicandum

431 2465 769 2529 mittuntur,
802 2460 1058 2518 ostendit
1087 2476 1221 2514 cum
1256 2459 1455 2515 subdit
1488 2459 1678 2514 :Sicut
1723 2474 1887 2529 agnos
1930 2459 2073 2513 inter

430 2554 706 2627 lupos.Ac
725 2552 771 2607 si
803 2553 999 2622 aperte
1030 2549 1215 2605 dicat:
1245 2549 1303 2605 Si
1337 2548 1604 2621 gaudetis
1628 2549 1698 2603 de
1729 2546 2071 2618 ofﬁcioprte-

430 2641 759 2709 dicationis,
793 2639 1073 2695 attendite
1118 2636 1321 2711 quales
1371 2654 1503 2694 eose
1553 2636 1794 2693 debetis.
1837 2635 2070 2691 Debetis

428 2731 585 2789 enim
608 2728 935 2803 essequasi
967 2727 1101 2800 agni
1126 2727 1279 2783 inter
1309 2726 1502 2798 lupos,
1536 2727 1875 2782 innocentes
1919 2724 2071 2780 inter

427 2817 1021 2891 nocentes,patientes
1052 2816 1205 2871 inter
1230 2820 1652 2888 persecutores,
1682 2813 2069 2870 mansuetiin-

423 2912 514 2967 ter
543 2911 864 2974 smvtentes,
896 2904 1249 2962 beneﬁciarii
1280 2904 1431 2961 inter
1467 2904 1834 2976 injuriantes.
1870 2903 2070 2959 Pastor

422 2999 582 3056 enim
613 2995 1043 3055 ecclesiasticus
1074 2994 1245 3050 debet
1275 3011 1390 3050 non
1416 2994 1653 3061 inferre,
1688 2993 1790 3049 sed
1821 2992 2068 3047 inferen-

422 3093 512 3146 tes
537 3087 802 3155 tolerare,
828 3084 1128 3142 savientes
1158 3101 1267 3140 sua
1295 3083 1744 3140 mansuetudine
1775 3082 2062 3154 mitigare,

2197 503 2448 576 stringat
2463 502 2638 558 etiam
2662 519 2729 558 ea
2747 518 2873 575 qua:
2885 500 3215 557 videnturei
3230 500 3577 558 necessaria.
3597 502 3853 574 Mystice

2193 608 2324 648 vero
2358 591 2603 664 pecunia
2634 591 2693 646 in
2726 607 2893 646 sacco
2924 589 3143 654 clausa,
3160 593 3250 645 est
3277 589 3566 663 sapientia
3588 591 3846 648 occulta.

2195 681 2303 737 Sed
2337 681 2624 753 sapientia
2645 679 3007 743 abscondita,
3023 682 3080 735 et
3100 678 3413 734 thesaurus
3432 678 3845 747 absconditus,

2194 787 2321 843 quae
2351 770 2573 825 utilitas
2604 769 2662 824 in
2696 768 3002 843 utrisque?
3015 767 3359 824 Praedicator
3373 785 3509 842 ergo
3527 770 3843 841 pecuniam

2193 842 2254 913 in
2286 876 2452 914 sacco
2484 859 2634 914 ferre
2664 842 3027 931 prohibetiir,
3061 856 3201 929 quia
3230 856 3331 929 qui
3360 856 3647 912 talentum
3680 859 3843 914 verbi

2191 948 2464 1015 occultat,
2516 948 2879 1020 reprobatur.
2932 946 3229 1018 Scriptum
3279 949 3370 1001 est
3424 946 3581 1001 enim
3616 962 3633 1001 :
3668 970 3699 996 ι(
3733 948 3839 1014 Qui

2190 1037 2498 1093 abscondit
2584 1037 2898 1104 frumenta,
2983 1034 3366 1091 maledicetur
3446 1033 3505 1089 in
3595 1035 3838 1108 populia

2190 1128 2372 1198 (Prov.
2404 1127 2506 1196 x1).
2543 1148 2570 1176 »
2596 1124 2938 1182 Prohibetur
2970 1140 3202 1197 quoque
3233 1125 3380 1179 ferre
3410 1140 3635 1196 peram,
3668 1125 3728 1180 id
3751 1130 3837 1181 est

2189 1232 2341 1271 onus
2371 1214 2741 1271 saecularium
2773 1214 3163 1286 negotiorum,
3185 1229 3256 1268 ne
3285 1212 3335 1268 si
3367 1211 3583 1269 collum
3618 1214 3833 1270 mentis

2189 1305 2237 1376 ej
2249 1322 2317 1360 us
2349 1304 2750 1377 Opprimat,ad
2774 1301 3030 1358 coelestia
3060 1301 3190 1358 aliis
3219 1300 3590 1374 praedicanda
3610 1319 3733 1358 non
3750 1320 3834 1359 as-

2187 1398 2408 1465 surgat.
2458 1393 2601 1448 Hinc
2650 1392 2864 1447 Paulus
2909 1408 2922 1446 :
2978 1414 3005 1441 ‹‹
3057 1391 3260 1458 Nemo,
3314 1390 3523 1463 inquit,
3575 1390 3834 1448 militans

2185 1482 2601 1555 Deo,implicat
2632 1498 2694 1537 se
2726 1480 2973 1554 negotiis
3004 1478 3403 1536 saecularibus.
3439 1479 3509 1552 (ll
3541 1481 3684 1537 Tim.
3717 1484 3828 1547 ιη.»

2186 1573 2532 1630 Prohibetur
2559 1576 2616 1627 et
2644 1571 2792 1626 duas
2824 1570 3072 1636 tunicas,
3095 1570 3154 1624 id
3177 1568 3721 1642 est,duplicitatem
3739 1570 3832 1625 ha-

2185 1664 2339 1719 bere.
2374 1660 2632 1733 Simplex
2660 1660 2813 1715 enim
2848 1676 2976 1715 esse
3014 1658 3187 1715 debet
3234 1658 3335 1730 qui
3383 1657 3826 1731 simplicitatem

2185 1753 2357 1808 debet
2387 1751 2517 1806 aliis
2549 1750 2879 1822 pradicare.
2912 1748 3075 1804 Unde
3103 1747 3319 1803 dicitur
3350 1765 3363 1803 :
3399 1770 3427 1798 «
3453 1746 3549 1802 Va;
3599 1747 3827 1804 homini

2184 1846 2400 1897 terram
2476 1838 2822 1913 ingredienti
2900 1838 3131 1894 duabus
3198 1837 3307 1893 viis
3385 1837 3573 1906 (Eccli.
3645 1841 3732 1906 Il).
3800 1860 3826 1886 ιθ

2183 1929 2529 1986 Prohibetur
2558 1928 2734 1983 etiam
2761 1925 3191 1993 calceamentis,
3214 1926 3270 1981 id
3293 1929 3383 1982 est
3410 1925 3666 1999 pellibus
3682 1944 3832 1983 mor-

2181 2024 2418 2076 tuorum
2448 2016 2791 2073 animalium
2822 2016 2999 2088 pedes
3021 2032 3160 2072 suos
3190 2014 3440 2080 munire,
3456 2014 3512 2069 id
3534 2020 3627 2071 est
3642 2032 3831 2072 exem-

2182 2108 2294 2182 plis
2308 2112 2675 2163 mortuorum
2688 2122 2933 2178 operum
2947 2121 3124 2177 opera
3138 2121 3247 2161 sua
3260 2103 3417 2160 mala
3426 2104 3634 2160 defend
3642 2109 3830 2174 ere,ut

2180 2198 2402 2254 faciunt
2424 2197 2664 2269 quidam
2687 2194 2787 2267 qui
2807 2193 3189 2267 pravitatibus
3207 2193 3456 2250 aliorum
3480 2210 3651 2250 suam
3666 2198 3828 2250 tuen-

2180 2292 2277 2343 tur
2315 2287 2702 2358 pravitatem;
2737 2285 2909 2340 debet
2955 2288 3174 2351 autem,
3199 2283 3375 2354 juxta
3422 2283 3712 2353 Marcum,
3745 2282 3827 2338 uti

2182 2375 2465 2431 sandaliis
2492 2375 2613 2431 sive
2643 2372 2816 2429 soleis
2848 2374 3040 2444 (mare.
3073 2372 3172 2443 vn),
3207 2376 3272 2427 ut
3301 2371 3524 2428 scilicet
3570 2388 3677 2445 pes
3726 2388 3825 2428 ne-

2182 2482 2297 2538 que
2327 2464 2403 2520 sit
2432 2468 2641 2528 tectus,
2676 2478 2859 2534 seque
2891 2462 2963 2517 ad
3016 2465 3234 2517 terram
3282 2461 3500 2526 nudus,
3533 2465 3827 2533 quatenus

2180 2555 2422 2611 aﬂ'ectus
2452 2554 2582 2625 ejus
2611 2552 2866 2609 terrenis
2896 2567 3014 2606 non
3044 2550 3279 2616 haereat,
3295 2550 3397 2606 sed
3429 2549 3626 2605 nudus
3654 2548 3824 2606 cccle—

2180 2644 2292 2700 stia
2314 2641 2616 2715 suscipiat.
2633 2642 2825 2706 Sexto,
2843 2643 3130 2713 quantum
3148 2639 3398 2695 debeant
3412 2638 3484 2693 ad
3505 2638 3826 2711 praedican-

2179 2734 2320 2789 dum
2351 2749 2479 2789 esse
2510 2729 2726 2795 festini,
2761 2728 3015 2786 ostendit
3044 2746 3177 2785 cum
3210 2727 3525 2785 subditzEt
3548 2743 3825 2785 namnam

2171 2839 2274 2897 per
2300 2824 2450 2878 viam
2476 2821 2867 2877 militaveritis.
2903 2817 3131 2875 Similia
3160 2817 3301 2874 dicit
3331 2816 3560 2873 Eliseus
3589 2816 3649 2872 in
3672 2815 3823 2875 libro

2179 2912 2424 2985 Regum,
2458 2909 2698 2965 mittens
2729 2908 3073 2964 festinanter
3101 2905 3255 2962 Giezi
3287 2923 3422 2962 cum
3461 2904 3670 2962 baculo
3710 2923 3820 2963 suo

2177 3002 2245 3057 ad
2280 2999 2467 3055 ﬁlium
2500 2996 2886 3055 Sunamitidis
2914 2995 3397 3052 suscitandum:«
3412 2995 3471 3052 Si
3502 2995 3824 3052 occurrerit

2176 3089 2283 3145 tibi
2315 3085 2865 3159 bomo,inquit,non
2899 3083 3117 3141 salutes
3147 3101 3302 3149 eum,
3317 3088 3375 3141 et
3395 3084 3444 3140 si
3477 3081 3823 3140 salutaverit

421 3177 739 3251 injuriosos
771 3175 896 3232 suis
926 3168 1224 3230 beneﬁciis
1257 3190 1551 3245 superare,
1586 3177 1643 3228 et
1691 3176 2063 3245 peccatorum
2095 3158 2138 3225 C
2176 3184 2234 3235 te
2287 3178 2603 3251 quispiam,
2657 3192 2772 3231 non
2821 3174 3175 3247 respondeas
3225 3174 3278 3229 ei
3326 3174 3416 3245 (IV
3454 3176 3583 3243 Reg.
3633 3174 3736 3245 ιν).
3790 3195 3819 3223 κ

419 3266 733 3324 vulnerain
755 3264 886 3320 aliis
904 3264 1028 3336 ipse
1046 3262 1462 3319 afﬂictionibus
1476 3262 1817 3317 vulneratus
1835 3275 2062 3316 sanare.

422 3358 604 3424 Quem
635 3354 741 3411 etsi
772 3353 1125 3426 quandoque
1153 3351 1313 3407 zelus
1354 3350 1720 3407 rectitudinis
1777 3348 1966 3420 erigit,
2000 3351 2067 3403 ut

420 3450 623 3502 contra
651 3442 917 3500 subditos
949 3441 1164 3507 saeviat,
1183 3441 1343 3495 furor
1372 3440 1497 3512 ipse
1519 3440 1589 3496 de
1621 3455 1818 3495 amore
1849 3439 1931 3502 ﬁt,
1949 3453 2063 3492 non

421 3535 493 3590 de
522 3531 1008 3588 crudelitate.Sed
1043 3528 1211 3584 multi
1245 3529 1418 3584 hodie
1443 3546 1577 3584 cum
1607 3529 1864 3600 regimen
1883 3524 2063 3581 susci-

422 3620 611 3694 piunt,
644 3621 717 3675 ad
747 3618 1089 3674 lacerandos
1119 3617 1386 3672 subditos
1416 3617 1813 3681 inardescunt,
1845 3620 1902 3672 et
1926 3613 2065 3686 quia

421 3706 728 3766 charitaris
739 3706 963 3762 viscera
975 3722 1089 3761 non
1105 3705 1341 3772 habent,
1358 3722 1471 3761 non
1488 3710 1705 3777 patres,
1722 3705 1822 3761 sed
1841 3702 2062 3758 domini

416 3797 598 3855 videri
629 3799 930 3869 appetunt,
964 3798 1021 3849 et
1049 3792 1400 3849 humilitatis
1429 3793 1623 3850 locum
1655 3794 1711 3848 in
1752 3793 2061 3849 elationem

418 3884 836 3942 dominationis
877 3886 1127 3938 mutant.
1161 3884 1316 3948 Quos
1363 3881 1646 3954 propheta
1693 3880 2064 3955 reprehendit

418 3974 618 4031 dicens
653 3991 666 4030 :
701 3997 729 4024 «
761 3975 906 4029 Cum
938 3970 1280 4027 austeritate
1302 3970 1702 4043 imperabatis.
1737 3974 1793 4026 et
1822 3975 1910 4026 est
1959 3987 2059 4042 po-

416 4063 602 4121 tentia
653 4063 862 4135 (Ezech.
914 4065 1122 4128 xxxuv).
1180 4083 1201 4109 ι)
1260 4059 1322 4114 lli
1376 4059 1619 4115 audiant
1687 4060 1842 4132 quod
1910 4064 2062 4114 Deus

419 4150 753 4210 mittitdisci
761 4150 929 4224 pulos
942 4167 1079 4206 suos
1094 4153 1375 4223 tanquam
1389 4166 1571 4223 agnos
1585 4148 1936 4222 interlupos,
1951 4148 2061 4205 hoc

418 4246 509 4299 est
538 4241 610 4298 ad
644 4239 997 4313 passionem,
1031 4255 1146 4295 non
1189 4239 1261 4294 ad
1309 4238 1686 4311 voluptatem,
1719 4239 1790 4294 ad
1842 4239 2061 4312 patien-

415 4330 582 4397 tiam,
615 4345 732 4385 non
762 4328 834 4384 ad
866 4325 1133 4401 gloriam,
1169 4327 1241 4383 ad
1270 4327 1685 4393 humilitatem,
1712 4345 1827 4384 non
1860 4329 1931 4383 ad
1965 4328 2061 4383 do-

417 4418 821 4475 minationem.
857 4416 1092 4487 Quinto,
1128 4433 1303 4489 quam
1337 4416 1587 4489 expediti
1636 4433 1763 4473 esse
1812 4417 2062 4473 debeant

2175 3271 2250 3325 Ac
2282 3268 2330 3323 si
2364 3269 2560 3340 aperte
2582 3265 2773 3320 dicat:
2807 3262 3040 3319 Nullius
3089 3262 3243 3319 obvii
3291 3262 3571 3319 detineris
3619 3262 3819 3319 confa-

2175 3356 2493 3414 bulatione.
2508 3356 2578 3410 Et
2610 3370 2808 3426 quam,
2824 3353 3030 3409 fraires
3053 3351 3186 3419 mei,
3204 3356 3442 3408 caeteras
3461 3368 3640 3407 vanas
3651 3367 3823 3407 occu-

2175 3445 2440 3519 pationes
2465 3444 2638 3500 debet
2665 3441 2869 3508 vitare,
2902 3441 3000 3514 qui
3034 3441 3210 3497 etiam
3241 3441 3582 3514 prohibetur
3618 3438 3679 3496 in
3727 3438 3820 3495 via

2174 3531 2456 3591 salutare!
2481 3531 2741 3605 Mystlce,
2757 3530 2951 3586 omnis
2982 3529 3081 3601 qui
3106 3530 3166 3585 in
3197 3530 3288 3586 via
3318 3529 3537 3586 salutat
3568 3544 3637 3585 ex
3656 3545 3820 3585 occa-

2173 3623 2335 3680 sione
2379 3621 2595 3679 salutat
2645 3618 2893 3687 itineris,
2942 3636 3058 3675 uon
3104 3635 3174 3674 ex
3219 3619 3413 3676 studio
3477 3618 3817 3691 exaptanda

2171 3713 2435 3785 ejusdem
2469 3709 2697 3767 salutis.
2734 3707 3079 3764 Prohibetur
3105 3724 3241 3780 ergo
3271 3706 3618 3780 praedicator
3647 3706 3707 3762 in
3723 3706 3819 3763 via

2173 3800 2450 3863 salutare,
2482 3797 2541 3854 id
2590 3800 2697 3864 est,
2749 3813 2817 3852 ex
2866 3796 3169 3854 occasione
3216 3796 3468 3869 alicujus
3516 3800 3815 3868 tempora-

2169 3889 2241 3946 lis
2267 3888 2609 3945 intentionis
2639 3885 2846 3943 salutis
2877 3886 3118 3943 verbum
3148 3885 3651 3959 praedicare.0uod
3677 3902 3817 3958 pra-

2171 3978 2490 4034 dicandum
2531 3981 2619 4031 est
2663 3992 2730 4030 ex
2778 3973 2903 4031 sola
2949 3974 3050 4030 Dei
3097 3979 3156 4031 et
3202 3974 3451 4047 proximi
3501 3973 3815 4030 charitate.

2171 4067 2452 4139 Septimo,
2484 4063 2625 4137 quid
2675 4064 2991 4136 praedicare
3038 4064 3308 4132 debeant,
3358 4063 3613 4120 ostendit
3677 4079 3816 4119 cum

2170 4155 2370 4212 subdit
2402 4171 2416 4209 :
2449 4154 2513 4209 In
2540 4169 2918 4226 quamcunque
2944 4153 3166 4210 domum
3195 4154 3554 4219 intraveritis,
3567 4153 3817 4224 primum

2168 4244 2331 4300 dicite
2360 4263 2379 4299 :
2399 4244 2521 4299 Paw
2550 4242 2678 4297 huic
2705 4240 2912 4306 domui,
2947 4241 3062 4296 Pax
3093 4240 3312 4313 quippe
3340 4240 3630 4313 praecipue
3676 4239 3815 4295 cha-

2169 4333 2362 4391 ritatis
2392 4349 2508 4389 non
2538 4329 2731 4387 solum
2759 4330 3032 4402 optanda,
3050 4330 3149 4386 sed
3172 4329 3346 4386 etiam
3377 4328 3818 4401 praedicandaet

2169 4421 2462 4479 offerenda
2490 4424 2597 4476 est.
2626 4419 2743 4474 Pax
2768 4417 2985 4491 quippe
3014 4422 3139 4474 tota
3169 4418 3505 4490 evangelica
3539 4416 3817 4489 pradica-

417 4507 691 4575 ostcndit,
726 4524 861 4562 cum
895 4505 1319 4562 subditiNolite
1336 4513 1555 4596 ροτιᾳνςδ
1577 4507 2062 4596 δαρευιωηω-θᾳιιε
2087 4529 2138 4596 D
2168 4510 2346 4567 tionis
2397 4508 2642 4564 materia
2691 4510 2799 4563 est.
2835 4507 3080 4580 Propter
3128 4507 3237 4563 hoc
3282 4507 3440 4562 enim
3473 4505 3635 4562 misit
3664 4507 3815 4562 Deus

411 4614 628 4670 peram,
656 4612 830 4668 neque
859 4596 1240 4651 calceamenta.
1277 4594 1440 4660 Quod
1487 4593 1582 4649 hic
1628 4595 1815 4650 Lucas
1862 4596 2060 4650 minus

416 4686 577 4754 dicit,
593 4685 906 4741 Matthaaus
938 4682 1197 4756 supplet:
1223 4706 1251 4734 ‹‹
1276 4681 1463 4738 Nolite
1496 4684 1791 4755 possidere
1821 4700 2054 4753 aurum,

416 4792 606 4848 neque
636 4778 970 4848 argentum,
990 4789 1178 4845 neque
1210 4771 1519 4845 pecuniam
1551 4772 1611 4826 in
1633 4773 1794 4828 zonis
1826 4773 2054 4842 vestris,

416 4880 604 4937 neque
637 4879 1063 4937 peram,neque
1083 4861 1476 4918 calceamenta
1505 4861 1565 4916 in
1597 4860 1689 4917 via
1714 4863 2059 4934 (Malth.x).»

418 4954 608 5009 Tanta
639 4952 1001 5024 praadicatori
1031 4952 1202 5008 debet
1221 4952 1278 5007 in
1303 4956 1416 5006 Deo
1438 4967 1566 5007 esse
1584 4950 1816 5019 fiducia,
1836 4957 1901 5007 ut
1923 4970 2061 5025 prte-

417 5043 599 5097 sentis
648 5041 778 5095 vitae
826 5046 1121 5113 sumptus,
1173 5040 1281 5097 etsi
1332 5057 1447 5095 non
1497 5040 1813 5112 provideat,
1863 5046 2061 5097 tamen

419 5146 533 5185 non
565 5128 866 5185 defuturos
899 5129 1013 5185 sibi
1043 5130 1366 5186 certissime
1398 5128 1565 5198 sciat,
1597 5146 1688 5197 ne,
1722 5130 1863 5185 dum
1896 5147 2062 5187 mens

417 5218 547 5289 ejus
577 5222 897 5291 occupatur
918 5219 987 5273 ad
1012 5217 1378 5290 temporalia,
1396 5217 1594 5274 minus
1612 5217 1743 5274 aliis
1768 5220 2064 5290 provideat

418 5307 823 5363 eterna.Duas
854 5322 1086 5379 quoque
1117 5306 1347 5363 tunicas
1368 5307 1581 5364 habere
1613 5306 1974 5380 prohibetur,
1992 5326 2064 5365 ne

418 5396 561 5450 dum
594 5394 651 5450 in
684 5393 815 5450 aliis
843 5394 966 5467 ipse
997 5395 1457 5467 superﬂuitatem
1492 5395 1882 5469 reprehendit,
1917 5398 2063 5453 eain

419 5484 547 5556 ipso
580 5482 924 5556 reprehendi
974 5483 1198 5556 possit;
1232 5482 1625 5540 calceamenta
1668 5500 1923 5558 quoque,
1956 5487 2063 5541 etsi

417 5572 688 5633 videntur
717 5572 1064 5641 necessaria,
1098 5572 1149 5629 ei
1184 5571 1589 5645 prohibentur,
1624 5577 1690 5629 ut
1720 5574 1820 5645 qui
1852 5573 1912 5631 in
1933 5574 2064 5633 aliis

2170 4603 2341 4656 Pater
2388 4597 2601 4653 Filium
2649 4613 2828 4653 suum
2879 4595 3262 4653 mediatorem
3312 4594 3375 4651 in
3405 4595 3727 4662 mundum,
3750 4599 3817 4650 ut

2168 4687 2451 4761 sanguine
2482 4702 2588 4742 suo
2612 4685 2910 4742 hominem
2943 4685 3081 4751 Deo,
3114 4689 3171 4740 et
3210 4685 3397 4741 Deum
3447 4683 3692 4751 homini,
3728 4700 3814 4740 re-

2170 4776 2526 4843 conciliaret,
2540 4779 2607 4830 nt
2621 4774 2892 4831 Judeum
2910 4778 2968 4830 et
2982 4774 3259 4847 gentilem
3287 4774 3349 4830 in
3379 4789 3442 4831 se
3473 4772 3817 4846 angularem

2169 4862 2422 4936 lapidem
2452 4863 2579 4933 conj
2589 4865 2851 4934 ungeret,
2868 4865 2931 4917 ut
2958 4866 3227 4918 mutuam
3249 4860 3596 4917 charitatem
3614 4860 3819 4933 praedi-

2170 4955 2346 5010 caret‘
2374 4956 2438 5006 ut
2470 4948 2844 5007 rebellionem
2874 4950 3067 5007 carnis
3098 4956 3155 5007 et
3192 4949 3439 5023 spiritus
3494 4949 3817 5006 sedandam

2169 5057 2298 5098 esse
2350 5040 2797 5096 demonstraret.
2832 5039 3141 5112 Propterea
3187 5039 3377 5112 angeli
3427 5038 3488 5095 in
3519 5038 3819 5095 nativitate

2171 5129 2387 5186 Christi
2420 5145 2621 5201 pacem
2655 5128 3011 5184 annuntiant
3040 5127 3301 5186 dicentes
3327 5145 3390 5184 :«
3418 5126 3618 5183 Gloria
3643 5126 3707 5182 in
3728 5142 3819 5182 ex-

2172 5218 2345 5275 celsis
2377 5218 2514 5288 Deo,
2547 5221 2605 5273 et
2634 5215 2694 5272 in
2726 5220 2879 5273 terra
2909 5234 3021 5290 pax
3050 5216 3394 5274 hominibus
3422 5216 3588 5272 bona
3616 5214 3818 5272 volun-

2170 5307 2336 5364 tatis!
2374 5330 2402 5358 »
2436 5308 2584 5379 (Luc.
2619 5306 2705 5378 ιι.)
2736 5306 2806 5361 Et
2825 5306 2951 5379 ipse
2978 5306 3244 5363 Christus
3293 5311 3607 5379 postquam
3647 5303 3814 5361 emic-

2173 5396 2287 5454 stia
2335 5400 2392 5452 et
2439 5400 2669 5452 terrena
2719 5394 3046 5467 pacificavit
3080 5396 3369 5470 sanguine
3400 5412 3528 5463 suo,
3562 5396 3729 5450 stans
3758 5393 3817 5448 in

2174 5486 2366 5543 medio
2398 5482 2824 5557 discipulorum
2856 5484 2939 5541 ait
2966 5501 2978 5541 :
3014 5508 3044 5536 «
3079 5487 3188 5542 Pax
3214 5485 3406 5544 vobis!
3442 5506 3472 5534 »
3503 5484 3814 5557 (Joan.xx).

2173 5575 2304 5633 Haec
2332 5591 2465 5647 pax,
2498 5574 2703 5631 fratres
2734 5571 2869 5641 mei,
2893 5575 3184 5649 precipue
3211 5575 3487 5648 optanda,
3502 5571 3820 5647 pradican-
