4002 6078
146 241 311 309 μου

1272 238 1650 305 ΗΟΜῙιῙλΕ.
1678 270 1760 291 -—
1783 237 1836 303 Ῑ.
1878 227 1987 302 ΒΕ
2025 235 2427 303 TEMPORE.

3391 236 3419 298 1
3430 230 3551 298 470

150 377 240 447 de,
271 378 332 434 et
358 373 656 434 offerenda
681 376 803 445 est;
853 371 1034 447 hujus
1061 372 1219 432 enim
1259 373 1421 448 pacis
1450 389 1655 430 omnes
1683 389 1791 430 nos
1818 368 1878 439 Α
1905 369 2031 444 prie
2059 370 2417 443 stipendium
2468 367 2795 427 mercedem
2841 373 3027 428 vocat.
3059 370 3229 431 Aliud
3262 375 3352 431 est
3392 375 3547 434 enim

149 464 556 541 pradicatores
600 463 776 538 legati
833 480 1061 522 sumus.
1121 464 1287 523 Unde
1328 464 1583 521 Paulus:
1637 486 1665 515 α
1689 464 1794 520 Pro

148 554 394 624 Christo,
428 554 639 627 inquit,
689 553 976 628 legatione
1015 555 1337 629 fungimur,
1370 558 1651 627 tanquam
1680 553 1795 610 Deo

148 661 248 702 vos
274 643 617 700 exhortante
646 659 751 716 per
769 660 895 700 nos.
919 644 1170 700 Obsecro
1190 661 1311 714 vos,
1336 641 1797 700 reconciliamini

151 734 267 791 Deo
315 732 388 806 (Il
434 733 555 790 Cor.
604 735 686 802 v.)
726 753 756 784 ››
808 732 1016 800 Deum,
1064 733 1272 790 fratres
1319 733 1454 799 mei,
1506 733 1798 805 peccando

153 822 724 891 exacerbaveramus,
759 826 817 877 et
843 826 1039 879 tamen
1068 822 1194 895 ipse
1224 821 1383 895 prior
1410 823 1483 878 ad
1516 839 1623 878 nos
1651 838 1799 877 nun-

152 912 264 969 tios
294 910 456 984 pacis
487 910 688 981 mittit,
721 927 923 985 pacem
953 916 1207 968 vestram
1237 912 1611 985 quairitdans
1629 910 1798 966 nobis

149 999 506 1073 exemplum,
537 1003 605 1056 ut
645 1000 880 1073 quando
928 1000 1143 1074 aliquis
1170 1018 1276 1058 nos
1308 1000 1632 1068 offenderit,
1683 1016 1799 1056 non

151 1093 559 1163 exspectemus
589 1106 744 1159 eum,
778 1091 880 1146 sed
910 1090 1022 1164 ipsi
1052 1108 1187 1147 eum
1217 1090 1393 1163 primi
1422 1094 1714 1164 petamus,
1746 1096 1803 1145 et

151 1195 358 1253 pacem
388 1178 441 1235 ei
470 1179 805 1248 offeramus,
838 1183 1128 1252 quatenus
1158 1180 1230 1236 de
1259 1179 1643 1253 acquisitione
1673 1180 1801 1251 ejus

152 1267 365 1325 anima
397 1267 701 1341 praemium
728 1284 1077 1325 mereamur.

223 1356 830 1425 Octavo,demonstrat
843 1374 961 1430 qua
974 1358 1225 1415 utilitate
1237 1375 1347 1431 pax
1358 1359 1650 1428 offeratur,
1666 1375 1800 1414 cum

149 1444 382 1504 subdit:
406 1447 550 1503 Etsi
578 1448 660 1502 ibi
703 1449 876 1519 fuerit
919 1447 1071 1519 ﬁlius
1115 1451 1288 1520 pacis,
1320 1451 1614 1521 requiescet
1641 1464 1805 1521 super

147 1551 281 1594 eum
306 1551 420 1608 pax
444 1544 641 1592 vestra.
682 1536 785 1593 Sin
811 1544 1018 1603 autem,
1050 1536 1121 1593 ad
1146 1554 1240 1594 vos
1287 1547 1601 1594 revertetur.
1652 1538 1804 1594 Sane

147 1624 277 1683 sive
307 1624 664 1698 pradicatio,
689 1625 809 1683 sive
841 1625 1046 1694 oratio,
1081 1626 1201 1683 sive
1231 1626 1464 1701 aliquod
1497 1628 1803 1700 quodcun-

149 1729 271 1787 que
298 1714 541 1783 bonum,
573 1730 689 1771 non
720 1718 913 1788 potest
939 1732 1068 1772 esse
1096 1715 1585 1773 irremuneratum
1612 1734 1626 1771 :
1660 1734 1803 1789 quo-
1834 1747 1883 1812 B

149 1802 318 1859 niam
350 1807 454 1858 aut
480 1803 721 1876 prodest
744 1807 803 1860 et
829 1803 914 1860 illi
945 1805 1046 1877 qui
1076 1804 1236 1875 facit,
1268 1810 1327 1863 et
1354 1805 1439 1861 illi
1461 1806 1554 1862 cui
1579 1807 1644 1861 fit
1667 1825 1681 1874 ;
1705 1810 1807 1862 aut

149 1890 202 1949 si
226 1890 318 1947 illi
334 1890 427 1948 cui
447 1891 511 1947 fit
530 1908 645 1949 non
664 1893 923 1965 prodest,
946 1892 1030 1949 illi
1052 1894 1152 1967 qui
1184 1894 1322 1951 facit
1340 1912 1455 1952 non
1478 1900 1668 1968 potest
1689 1912 1805 1952 non

149 1980 457 2056 prodesse.
472 1980 636 2038 Unde
656 1985 714 2038 et
727 1980 1065 2039 Psalmista:
1091 2006 1119 2035 «
1137 1985 1208 2040 Et
1221 1985 1424 2052 oratio,
1444 1985 1655 2058 inquit,
1678 2002 1810 2041 mea

149 2070 215 2126 in
235 2069 373 2126 sinu
387 2086 515 2127 meo
526 2074 891 2128 convertatur
901 2074 1071 2140 (Psal.
1084 2073 1295 2147 xxxw).
1312 2095 1341 2123 »
1355 2074 1682 2147 Propterea,
1698 2074 1809 2130 tra-

146 2149 300 2227 tres,
312 2175 616 2232 nunquam
628 2160 827 2218 abono
842 2162 1193 2218 cessandum
1205 2167 1313 2231 est,
1333 2164 1809 2236 quiacuicunque

148 2248 287 2315 fiat,
327 2248 376 2305 si
415 2265 564 2321 opus
606 2251 664 2305 et
701 2248 948 2306 intentio
980 2250 1134 2307 bona
1162 2255 1270 2320 est,
1303 2251 1429 2310 sine
1458 2253 1649 2309 fructu
1681 2270 1809 2309 esse

147 2353 277 2394 non
294 2339 503 2410 potest.
528 2336 712 2404 Nono,
730 2338 830 2394 ubi
850 2339 1101 2395 debeant
1120 2357 1355 2398 manere
1376 2344 1649 2411 ostendit,
1674 2360 1807 2398 cum

144 2427 398 2485 subdit:
432 2429 496 2484 In
522 2427 711 2484 eadem
739 2436 921 2486 autem
968 2429 1123 2486 domo
1157 2440 1387 2497 manete,
1423 2433 1717 2499 subaudit,
1750 2433 1810 2488 in

146 2533 282 2590 qua
312 2532 425 2589 pax
450 2519 645 2572 vestra
676 2520 908 2590 recepta
933 2521 1042 2574 est.
1074 2518 1190 2575 Nec
1211 2524 1319 2587 est,
1350 2522 1498 2576 utin
1522 2522 1813 2593 sequenti-

144 2608 274 2665 bus
303 2605 760 2674 demonstratur,
793 2606 864 2662 de
895 2607 1069 2663 domo
1098 2607 1158 2663 in
1189 2609 1433 2666 domum
1462 2627 1607 2684 vaga
1636 2609 1815 2666 facili-

148 2698 283 2753 tate
314 2693 787 2768 demigrandum.
818 2696 1148 2769 Propterea,
1173 2699 1344 2770 juxta
1361 2698 1543 2755 alium
1574 2716 1816 2773 evange-

150 2784 387 2852 listam,
419 2782 840 2858 precipiuntur
886 2785 1171 2843 intrantes
1199 2786 1491 2844 civitatem
1520 2788 1817 2861 inquirere

154 2873 303 2948 quis
324 2872 384 2929 in
427 2888 497 2929 ea
532 2872 750 2946 dignus
778 2872 856 2930 sit
885 2875 1090 2942 (Matth.
1113 2879 1193 2946 Χ),
1225 2893 1299 2932 ne
1326 2878 1472 2934 forte
1501 2879 1683 2934 coacti
1714 2895 1814 2952 po-

154 2968 296 3021 stea
342 2961 663 3035 hospitium
717 2968 1049 3036 permutare
1105 2964 1377 3040 redargui
1433 2967 1665 3041 possint
1716 2970 1819 3023 aut

150 3052 325 3112 leves
343 3067 493 3118 esse,
515 3054 619 3107 aut
645 3068 763 3108 non
791 3052 936 3109 bene
962 3052 1235 3128 elegisse;
1258 3055 1332 3111 ab
1362 3071 1431 3111 ea
1458 3056 1613 3112 enim
1644 3056 1818 3113 domo

151 3143 219 3200 in
254 3157 379 3214 qua
406 3115 749 3213 pradicator
775 3115 1124 3214 hospitattir,
1153 3115 1327 3199 debet
1356 3145 1649 3217 profectus
1679 3162 1819 3217 prae-
1848 3115 1892 3184 Ο

148 3227 476 3289 dicationis
503 3227 799 3295 inchoare,
830 3232 899 3284 ut
926 3230 1328 3287 testimonium
1359 3233 1577 3290 bonum
1608 3234 1820 3290 habeat

150 3321 235 3378 ab
253 3318 335 3376 iis
356 3317 710 3392 quibuscum
734 3324 1127 3375 conversatur.
1154 3321 1299 3376 Nam
1323 3324 1616 3395 quomodo
1636 3327 1820 3379 extra-

149 3425 309 3467 neos
342 3406 555 3481 poterit
582 3411 934 3475 convertere,
966 3408 1067 3480 qui
1100 3408 1230 3466 illos
1261 3427 1395 3466 cum
1427 3411 1643 3484 quibus
1674 3429 1817 3484 quo-

152 3498 311 3555 tidie
342 3498 741 3561 conversatur,
772 3501 1105 3553 convertere
1135 3499 1375 3571 nequit?
1393 3501 1507 3554 Aut
1526 3501 1819 3572 quomodo

147 3588 232 3645 ab
266 3583 657 3642 exterioribus
684 3583 980 3657 diligetur,
1005 3586 1105 3657 qui
1136 3604 1170 3641 a
1190 3586 1315 3642 suis
1336 3588 1673 3645 domesticis
1704 3607 1817 3645 non

148 3673 437 3744 diligitur
452 3673 482 3728 ’ἔ
509 3672 747 3729 Decimo
766 3689 899 3729 vero
916 3677 975 3730 et
994 3673 1200 3731 ultimo
1223 3675 1368 3741 loco,
1392 3678 1817 3749 praedicatores,

148 3781 323 3840 quos
352 3760 683 3820 necessaria
710 3761 861 3818 ferre
877 3762 1275 3835 prohibuerat,
1310 3766 1463 3821 unde
1494 3783 1563 3821 ea
1589 3783 1823 3823 sumere

152 3856 430 3914 debeant
473 3851 748 3920 ostendit,
798 3868 933 3908 cum
972 3853 1210 3910 subdit:
1242 3854 1467 3912 Edentes
1495 3865 1547 3913 et
1586 3857 1822 3914 bibentes

150 3957 302 4020 quae
331 3940 481 4015 apud
527 3941 652 3998 illos
678 3949 825 3997 sunt.
857 3942 1081 3998 Debent
1124 3944 1281 4000 enim
1313 3946 1720 4018 praedicatores
1748 3948 1822 4005 ab

147 4033 248 4092 eis
288 4029 449 4105 pasci
497 4028 894 4103 corporaliter,
927 4047 1076 4103 quos
1121 4038 1372 4106 pascunt
1418 4036 1817 4108 spiritualitor.

148 4121 343 4180 Unde
388 4118 641 4176 Paulus:
675 4140 705 4169 ‹‹
734 4119 794 4174 Si
824 4119 1009 4189 vobis,
1042 4121 1255 4195 inquit,
1289 4122 1619 4196 spiritualia
1647 4127 1822 4182 semi-

146 4209 467 4276 navimus,
501 4224 783 4282 magnum
807 4211 897 4265 est
925 4209 975 4265 si
994 4213 1187 4267 vestra
1213 4211 1471 4269 carnalia
1490 4217 1826 4272 metamus?

145 4302 207 4372 (1
239 4301 375 4358 Cor.
407 4300 511 4367 ιι.)
541 4319 573 4348 ››
596 4296 843 4363 Edentes,
886 4297 1098 4371 inquit,
1128 4308 1179 4356 et
1226 4301 1467 4359 bibentes
1505 4318 1632 4374 quae
1678 4305 1825 4377 apud

144 4390 299 4451 illas
328 4393 473 4444 sunt.
504 4387 586 4443 Ac
618 4385 669 4443 si
711 4390 909 4460 aperte
937 4387 1127 4444 dicat:
1168 4389 1256 4446 Ab
1288 4389 1404 4447 illis
1434 4391 1650 4464 quibus
1680 4410 1823 4466 prae-

1904 461 2287 533 stipendium,
2320 459 2479 516 aliud
2511 477 2752 517 merces.
2786 462 3151 535 Stipendium
3184 467 3273 520 est
3299 482 3552 539 expensa

1905 567 2032 623 quae
2060 551 2233 606 datur
2251 549 2661 617 militantibus,
2685 568 2787 623 per
2807 568 2985 623 quam
3006 551 3095 608 vel
3118 557 3352 627 propter
3372 573 3550 629 quam

1905 639 2208 695 militatur.
2244 640 2464 695 Merces
2494 655 2626 695 vero
2656 643 2747 695 est
2775 656 2989 696 corona
3018 643 3392 714 sempiterna.
3425 646 3551 703 Non

1906 730 2061 786 enim
2094 734 2332 802 propter
2351 729 2640 801 stipendia
2660 730 3005 801 temporalia
3024 732 3195 788 debet
3215 735 3551 805 praedicare,

1908 821 2011 876 sed
2045 823 2280 892 prOpter
2308 820 2633 874 mercedem
2668 819 3105 891 sempiternam.
3140 823 3248 889 Qui
3277 823 3433 882 enim
3467 825 3553 882 vel

1908 912 2144 982 propter
2172 907 2513 980 temporalia
2560 907 2870 980 stipendia,
2902 909 2991 965 vel
3022 914 3257 983 propter
3283 912 3553 986 gloriam,

1905 997 1993 1055 vel
2020 1001 2252 1071 propter
2271 996 2528 1069 aliquam
2551 995 2725 1052 aliam
2749 1014 2987 1054 causam
3009 1001 3387 1073 temporalem
3412 1020 3556 1076 prae-

1910 1089 2084 1155 dicat,
2118 1088 2189 1143 ab
2220 1092 2434 1142 interna
2470 1086 2735 1142 mercede
2765 1103 2827 1142 se
2859 1088 3063 1159 privat.
3099 1089 3389 1149 Debemus
3419 1109 3556 1167 ergo

1910 1194 2025 1234 non
2057 1174 2451 1248 evangelizare
2480 1178 2547 1229 ut
2572 1176 3013 1246 manducemus,
3039 1179 3139 1235 sed
3172 1181 3366 1253 potius
3396 1200 3558 1239 man-

1909 1267 2123 1323 ducare
2134 1269 2199 1321 ut
2209 1263 2691 1336 evangelizemus.
2718 1265 3122 1338 Evangelizare
3133 1286 3285 1340 vero,
3302 1275 3368 1326 ut
3381 1271 3557 1330 vitam

1909 1360 2185 1413 aeternam
2214 1371 2662 1426 consequamur.
2688 1356 2795 1410 Sed
2825 1356 2987 1428 quid,
3014 1374 3119 1414 nos
3140 1359 3339 1416 miseri
3369 1366 3559 1434 pasto-

1911 1463 2023 1513 res,
2057 1444 2198 1518 quid
2230 1461 2336 1500 nos
2368 1443 2556 1499 dicere
2588 1460 2924 1516 possumus,
2960 1446 3061 1518 qui
3095 1448 3386 1520 stipendia
3406 1451 3560 1524 capi-

1911 1552 2066 1601 mus,
2093 1538 2151 1590 et
2170 1537 2365 1589 tamen
2387 1532 2614 1605 operari
2634 1532 2947 1590 nolumus?
2968 1535 3335 1608 Stipendium
3352 1540 3559 1613 praedi-

1912 1624 2127 1680 catoris
2173 1622 2486 1689 sumimus,
2520 1625 2578 1677 et
2628 1639 2744 1678 non
2776 1624 3181 1695 praedicamus.
3216 1626 3294 1684 Ex
3322 1629 3562 1688 oblatio-

1913 1713 2088 1768 nibus
2117 1711 2379 1768 fidelium
2411 1715 2469 1768 et
2498 1712 2998 1785 redemptionibus
3020 1720 3389 1787 peccatorum
3417 1719 3558 1776 vivi-

1916 1819 2072 1868 mus,
2105 1805 2162 1856 et
2190 1804 2393 1857 contra
2442 1801 2646 1856 eadem
2695 1806 2949 1873 peccata,
2984 1820 3089 1859 nec
3132 1807 3558 1878 praedicatione,

1915 1907 2021 1948 nec
2050 1891 2331 1958 oratione,
2365 1894 2431 1946 ut
2459 1890 2704 1962 dignum
2735 1895 2841 1959 est,
2876 1891 3098 1966 aliquid
3121 1895 3387 1954 facimus.
3421 1898 3562 1955 Pen-

1915 1997 2135 2047 semus,
2167 1980 2394 2045 fratres,
2428 1995 2660 2052 semper
2700 1980 2854 2052 quod
2889 1982 3173 2054 scriptum
3211 1989 3335 2042 est:
3371 2009 3400 2037 «
3431 1988 3564 2045 Pec-

1916 2073 2046 2126 cata
2092 2067 2291 2141 populi
2343 2068 2457 2124 mei
2508 2068 2824 2124 comedunt
2865 2071 3003 2138 (Ose.
3038 2076 3138 2142 IV.)
3171 2097 3198 2123 ››
3229 2077 3371 2131 Cum
3404 2077 3563 2134 enim

1917 2157 2238 2214 oblationes
2268 2174 2373 2230 pro
2404 2157 2658 2229 peccatis
2697 2158 2879 2214 factas
2908 2163 3290 2220 comedimus.
3325 2170 3382 2221 et
3411 2170 3562 2224 tace-

1918 2265 2073 2314 mus,
2105 2244 2194 2302 vel
2227 2246 2371 2301 forte
2400 2247 2579 2318 (quod
2602 2248 2838 2318 gravius
2867 2253 2977 2317 est)
3011 2250 3320 2325 palpamus
3342 2259 3399 2310 et
3419 2257 3567 2314 fove-

1920 2354 2074 2405 mus,
2109 2335 2365 2408 profecto
2397 2339 2632 2407 peccata
2653 2336 2849 2409 populi
2881 2339 3269 2409 comedimus,
3291 2342 3346 2399 id
3380 2348 3471 2401 est
3499 2361 3568 2402 ea

1919 2428 2122 2483 nostra
2150 2424 2419 2500 facimus.
2475 2424 2694 2498 Itaque,
2731 2427 2938 2484 fratres
2969 2430 3104 2500 mei,
3137 2432 3431 2506 pigritiam
3464 2453 3567 2493 no-

1921 2520 2104 2572 stram
2126 2514 2616 2587 expergiscamus,
2631 2518 2689 2570 et
2705 2517 2861 2588 quod
2877 2516 3147 2587 dicimur,
3168 2526 3431 2594 pastores
3441 2542 3569 2582 esse

1922 2606 2286 2662 studeamus.
2321 2601 2700 2658 Sanctitatem
2734 2620 2911 2676 quam
2936 2608 3323 2678 praedicamus
3353 2611 3569 2670 habere

1922 2693 2301 2757 desudamus,
2334 2707 2513 2747 onera
2543 2690 2911 2749 saecularium
2938 2697 3304 2769 negotiorum
3336 2702 3572 2774 abjicia-

1924 2800 2078 2849 mus,
2112 2780 2315 2854 paucis
2345 2780 2603 2836 contenti
2634 2781 2844 2850 simus,
2863 2786 3124 2859 exemplo
3155 2792 3213 2843 et
3232 2790 3404 2846 verbo
3426 2808 3570 2864 pras-

1926 2871 2201 2931 dicationi
2236 2870 2602 2937 insistemus,
2632 2869 2813 2927 lucris
2850 2874 3179 2932 animarum
3213 2877 3575 2937 incessanter

1924 2960 2321 3027 intendamus,
2372 2975 2507 3015 oves
2546 2960 2715 3015 nobis
2764 2963 3111 3020 commissas
3160 2966 3467 3025 nobiscum
3499 2969 3572 3025 ad

1926 3051 2111 3107 Deum
2141 3048 2371 3104 trahere
2392 3052 2752 3120 satagamus,
2776 3055 3068 3122 quatenus
3088 3071 3191 3126 pro
3214 3054 3331 3113 illis
3361 3062 3417 3114 et
3438 3075 3573 3116 cum

1932 3139 2048 3195 illis
2078 3156 2111 3193 a
2157 3155 2390 3194 summo
2438 3139 2672 3193 Pastore
2727 3144 2951 3196 {sternte
2996 3142 3308 3202 viriditatis
3356 3164 3577 3219 pascua

1926 3244 2376 3300 consequamur,
2410 3227 2536 3299 ipso
2556 3225 2839 3299 largiente
2870 3232 2969 3303 qui
2997 3231 3135 3288 vivit
3164 3238 3222 3290 et
3250 3240 3453 3309 regnat
3474 3254 3577 3310 per

1927 3316 2126 3373 omnia
2155 3314 2369 3371 saecula
2399 3313 2770 3371 seculorum.

1929 3407 2047 3463 Vita
2077 3406 2132 3460 S.
2166 3407 2328 3461 Luca?
2352 3405 2698 3473 evangelista:
2722 3422 2822 3477 per
2840 3406 2901 3461 ι).
2926 3408 3194 3465 [siderum
3213 3414 3418 3485 scripta
3439 3414 3573 3489 (15.)

2000 3495 2186 3575 Lucas
2232 3490 2606 3575 evangelista,
2640 3496 2699 3549 et
2739 3495 3074 3575 apostolica:
3104 3502 3466 3575 conscriptor
3485 3504 3573 3560 hi-

1929 3565 2140 3648 storiae,
2175 3563 2408 3619 natione
2438 3569 2636 3648 Syrus,
2666 3563 2799 3648 arte
2821 3568 3103 3648 medicus,
3129 3571 3323 3629 Greco
3337 3563 3575 3648 eloquio

1929 3582 2140 3631 Storue,
2175 3582 2408 3619 nauone
2438 3582 2636 3689 δῖτιξε,
2666 3582 2788 3620 arte
2821 3582 3103 3637 medicus,
3129 3582 3323 3629 Greco
3344 3582 3572 3648 eloquio

1927 3637 2214 3719 eruditus,
2249 3654 2421 3719 quem
2446 3653 2481 3708 p
2507 3651 2706 3717 erique
2730 3638 2971 3719 tradunt
2982 3640 3169 3719 fuisse
3194 3645 3572 3719 proselytum,

1928 3661 2214 3701 θτυυιιυδ,
2249 3661 2421 3762 (unum
2448 3661 2706 3717 plerique
2731 3661 2969 3694 truuunt
2989 3661 3169 3699 misse
3235 3661 3572 3719 roselytum,

1928 3714 1985 3763 et
2015 3707 2237 3763 litteras
2317 3708 2534 3779 abrasas
2566 3725 2882 3779 ignorasse.
2927 3711 3029 3767 Hic
3064 3714 3175 3769 fuit
3194 3661 3366 3772 ἵξῃ]ιί
3397 3719 3573 3775 disci-

1928 3779 2126 3858 putus,
2159 3783 2232 3858 et_
2264 3778 2611 3858 individuus
2648 3781 3132 3858 peregrinationis
3180 3787 3308 3858 ejus
3357 3806 3570 3847 comes.

1928 3850 2153 3928 Quique
2181 3850 2256 3905 ab
2284 3850 2522 3928 ineunte
2564 3850 2816 3928 pueritia
2852 3850 3228 3913 castissimus
3250 3858 3378 3928 fuit,
3412 3864 3469 3917 et
3492 3861 3575 3917 di-

1929 3919 2193 4002 scipulus
2222 3919 2617 4002 apostolorum
2622 3922 2911 4002 effectus.
2931 3927 3270 4001 evangelica:
3298 3919 3572 4002 pradica-

1930 3990 2107 4071 tionis
2137 3990 2284 4071 opus
2309 3990 2582 4049 exercuit.
2616 3992 2772 4049 Obiit
2818 3999 3015 4071 autem
3056 3990 3488 4071 septuagesimo
3518 4008 3578 4061 et

1929 4068 2140 4191 quarto
2169 4064 2295 4146 vitai
2323 4080 2439 4118 suae
2470 4080 2645 4129 anno,
2676 4064 3057 4139 sepultusque
3086 4064 3176 4127 est
3204 4064 3572 4148 in‘Bithynia.

1977 4136 2112 4191 uius
2142 4135 2379 4191 quidem
2412 4151 2566 4191 ossa.
2608 4141 2886 4191 regnante
2916 4143 3270 4191 Constantio-
3301 4146 3572 4191 Cnngtnn.

1977 4136 2112 4207 ujus
2132 4133 2389 4213 quidem
2412 4133 2886 4213 ossa,_regn’ante
2916 4133 3270 4213 Constantio,
3301 4133 3576 4203 Constan-

1932 4205 2234 4280 tinopolim
2258 4210 2399 4262 sunt
2420 4205 2722 4262 translata.

2286 4400 2345 4438 IN
2375 4399 2544 4438 PESTO
2582 4400 2815 4440 OMNIUM
2860 4403 3220 4446 SANCTORUM.

146 4475 408 4544 dicatis,
444 4475 687 4549 potestis
705 4475 868 4548 juste
919 4477 1248 4533 necessaria
1289 4495 1541 4549 sumere,
1574 4482 1674 4538 sed
1706 4481 1822 4539 illis
1856 4490 1900 4554 ι)
2002 4475 2131 4530 Ecce
2183 4489 2279 4543 890
2329 4474 2563 4529 Joannes
2620 4473 2733 4528 υίιίί
2785 4476 3022 4531 alterum
3076 4480 3335 4548 angelum
3387 4499 3578 4540 ascen-

144 4583 303 4642 qua
346 4564 501 4637 apud
545 4579 646 4620 eos
693 4566 835 4620 sunt
879 4564 1105 4622 debetis
1150 4568 1406 4623 contenti
1466 4586 1613 4625 esse.
1663 4571 1824 4637 Quod

143 4656 375 4729 aperte
401 4655 607 4709 contra
632 4650 766 4709 illos
795 4657 886 4710 est
907 4654 1007 4727 qui
1031 4653 1290 4728 hospites
1311 4673 1451 4713 suos
1468 4657 1555 4713 vel
1578 4660 1828 4731 petendo

142 4739 546 4802 deliciosiora
590 4744 854 4814 gravant,
883 4741 973 4799 vel
1020 4744 1315 4816 asperiora
1345 4749 1403 4800 et
1430 4745 1666 4803 duriora
1696 4748 1826 4804 fati-

142 4832 341 4906 gant.
373 4828 537 4886 Sicut
563 4829 721 4886 enim
750 4828 955 4887 vitium
987 4835 1078 4888 est
1105 4833 1359 4905 majores
1388 4834 1619 4892 divitias
1648 4853 1825 4909 quam

142 4916 681 4980 domihabeantur
692 4917 973 4991 ﬂagitare,
998 4918 1078 4975 ita
1097 4923 1156 4977 et
1176 4919 1384 4977 vitium
1404 4924 1829 4997 estasperiores

139 5009 343 5069 cibos
388 5022 567 5080 quam
599 5004 698 5079 qui
729 5006 889 5063 domi
929 5008 1314 5080 reperiantur,
1347 5011 1661 5082 postulare,
1693 5030 1827 5069 cum

138 5110 355 5175 parce
383 5094 669 5168 appositis
716 5095 953 5164 utendo,
1003 5096 1191 5170 possit
1217 5096 1352 5170 quis
1395 5098 1661 5173 religioni
1710 5118 1828 5158 suae

140 5173 537 5238 satisfacere.
586 5177 775 5243 Quare
820 5179 1018 5233 autem
1047 5177 1297 5234 debeant
1340 5178 1511 5235 edere
1549 5183 1607 5236 et
1637 5180 1832 5237 bibere

142 5282 311 5346 qua
340 5264 497 5338 apud
546 5263 678 5322 illos
706 5268 866 5333 sunt,
909 5265 1166 5323 ostendit
1193 5283 1327 5323 cum
1358 5267 1700 5341 subjungit:
1735 5272 1829 5326 Di-

136 5369 324 5430 gnus
349 5361 427 5411 est
454 5356 607 5411 enim
648 5356 933 5428 operarius
960 5355 1200 5413 mercede
1223 5372 1343 5412 sua.
1394 5359 1575 5413 Porro
1612 5356 1829 5430 impro-

230 5530 366 5607 (45)
394 5530 459 5590 ln
486 5531 591 5592 lib.
622 5532 703 5591 De
732 5531 1001 5591 Patribus
1030 5532 1171 5591 Novi
1203 5533 1587 5594 Testamenti.

1932 4562 2146 4619 dentem
2200 4562 2268 4617 ab
2319 4570 2443 4618 ortu
2500 4562 2654 4628 solis,
2708 4562 2991 4620 habentem
3045 4568 3265 4639 signum
3320 4575 3420 4628 De:
3468 4574 3583 4628 vivi

1937 4651 2116 4724 (Apoc.
2176 4654 2300 4720 vn,)
2356 4655 2465 4707 etc.
2530 4652 2655 4707 llaec
2707 4651 2873 4718 visio,
2933 4654 3142 4711 fratres
3208 4659 3341 4726 mei,
3402 4676 3580 4731 quam

1934 4739 2191 4796 Joannes
2237 4739 2592 4812 evangelista
2640 4757 2703 4796 se
2748 4741 2964 4799 vidisse
3014 4747 3281 4813 testatur,
3324 4748 3394 4804 de
3426 4748 3584 4805 Chri-

1936 4832 2027 4885 sto
2076 4826 2436 4902 intelligitur.
2489 4830 2639 4885 Sunt
2684 4835 2880 4887 autem
2911 4831 3089 4904 hujus
3137 4832 3403 4893 lectionis
3443 4855 3584 4911 qua-

1936 4920 2071 4973 tuor
2101 4920 2314 4989 partes.
2368 4917 2559 4973 Primo
2609 4919 2787 4989 enim,
2836 4921 3136 4978 Christum
3186 4941 3288 4997 per
3338 4925 3584 4983 circum-

1937 5004 2291 5062 locutionem
2313 5005 2598 5078 designat.
2622 5009 2910 5077 Secundo,
2934 5014 3216 5083 quantam
3239 5018 3583 5086 potestatem

1937 5094 2151 5150 habeat
2187 5111 2364 5167 super
2418 5095 2780 5153 adversariae
2835 5104 3152 5171 potestates
3202 5103 3582 5162 demonstrat.

1938 5183 2152 5251 Tertio,
2177 5199 2353 5255 quam
2378 5187 2643 5256 potenter
2662 5203 2802 5242 suos
2823 5187 3023 5259 salvet,
3048 5190 3321 5248 declarat.
3349 5194 3586 5264 Quarto,

1939 5269 2305 5345 quantalaus
2326 5272 2462 5327 inde
2487 5278 2787 5346 sequatur,
2812 5279 3168 5334 manifestat.
3198 5279 3389 5338 Primo
3412 5282 3593 5354 igitur

1938 5358 2235 5416 Christum
2267 5377 2370 5432 per
2414 5360 2997 5423 circumlocutionem
3045 5366 3313 5442 designat
3342 5387 3476 5425 cum
3505 5370 3593 5426 di-
