  <div class='ocr_page' id='page_1' title='image "/cluster/home/n/w/nwhite01/storage/ocr_20150623/155/hvd.32044054760137/739.png"; bbox 0 0 4002 6078; ppageno 0'>
   <div class='ocr_carea' id='block_1_1' title="bbox 354 304 616 387">
    <p class='ocr_par' dir='ltr' id='par_1_1' title="bbox 354 304 616 387">
     <span class='ocr_line' id='line_1_1' title="bbox 354 304 616 387; baseline -0.008 -19"><span class='ocrx_word' id='word_1_1' title='bbox 354 338 369 347; x_wconf 64' lang='grc' dir='ltr'><em>ι</em></span> <span class='ocrx_word' id='word_1_2' title='bbox 458 304 616 387; x_wconf 67' lang='lat' dir='ltr'>4m</span> 
     </span>
    </p>
   </div>
   <div class='ocr_carea' id='block_1_2' title="bbox 1739 306 2595 377">
    <p class='ocr_par' dir='ltr' id='par_1_2' title="bbox 1739 306 2595 377">
     <span class='ocr_line' id='line_1_2' title="bbox 1739 306 2595 377; baseline 0.007 -8"><span class='ocrx_word' id='word_1_3' title='bbox 1739 306 2134 373; x_wconf 78' lang='lat' dir='ltr'>ltADULPBI</span> <span class='ocrx_word' id='word_1_4' title='bbox 2174 309 2595 377; x_wconf 79' lang='lat' dir='ltr'>ARDENTIS.</span> 
     </span>
    </p>
   </div>
   <div class='ocr_carea' id='block_1_3' title="bbox 3698 312 3837 381">
    <p class='ocr_par' dir='ltr' id='par_1_3' title="bbox 3698 312 3837 381">
     <span class='ocr_line' id='line_1_3' title="bbox 3698 312 3837 381; baseline 0.022 -3"><span class='ocrx_word' id='word_1_5' title='bbox 3698 312 3837 381; x_wconf 67' lang='grc' dir='ltr'>ιω</span> 
     </span>
    </p>
   </div>
   <div class='ocr_carea' id='block_1_4' title="bbox 462 439 3835 525">
    <p class='ocr_par' dir='ltr' id='par_1_4' title="bbox 462 439 3835 525">
     <span class='ocr_line' id='line_1_4' title="bbox 462 439 3835 525; baseline 0.003 -23"><span class='ocrx_word' id='word_1_6' title='bbox 462 442 578 502; x_wconf 88' lang='lat' dir='ltr'>cit:</span> <span class='ocrx_word' id='word_1_7' title='bbox 610 444 741 501; x_wconf 87' lang='lat' dir='ltr'>Ecce</span> <span class='ocrx_word' id='word_1_8' title='bbox 768 457 863 517; x_wconf 87' lang='lat' dir='ltr'>ego</span> <span class='ocrx_word' id='word_1_9' title='bbox 910 441 1026 500; x_wconf 82' lang='lat' dir='ltr'>vidi</span> <span class='ocrx_word' id='word_1_10' title='bbox 1050 439 1293 501; x_wconf 77' lang='lat' dir='ltr'>alterum</span> <span class='ocrx_word' id='word_1_11' title='bbox 1335 443 1600 518; x_wconf 79' lang='lat' dir='ltr'>angelum</span> <span class='ocrx_word' id='word_1_12' title='bbox 1636 443 2007 502; x_wconf 73' lang='lat' dir='ltr'>ascendentem</span> <span class='ocrx_word' id='word_1_13' title='bbox 2034 446 2102 502; x_wconf 87' lang='lat' dir='ltr'>ab</span> <span class='ocrx_word' id='word_1_14' title='bbox 2129 445 2186 515; x_wconf 67' lang='grc' dir='ltr'><strong>Α</strong></span> <span class='ocrx_word' id='word_1_15' title='bbox 2213 446 2455 519; x_wconf 90' lang='lat' dir='ltr'>quidam</span> <span class='ocrx_word' id='word_1_16' title='bbox 2481 448 2774 507; x_wconf 69' lang='lat' dir='ltr'>daemones</span> <span class='ocrx_word' id='word_1_17' title='bbox 2794 448 3083 525; x_wconf 64' lang='lat' dir='ltr'>pracipue</span> <span class='ocrx_word' id='word_1_18' title='bbox 3104 454 3320 509; x_wconf 86' lang='lat' dir='ltr'>nocent</span> <span class='ocrx_word' id='word_1_19' title='bbox 3335 449 3396 508; x_wconf 90' lang='lat' dir='ltr'>in</span> <span class='ocrx_word' id='word_1_20' title='bbox 3419 454 3596 520; x_wconf 81' lang='lat' dir='ltr'>terra,</span> <span class='ocrx_word' id='word_1_21' title='bbox 3618 451 3835 525; x_wconf 74' lang='lat' dir='ltr'>quidam</span> 
     </span>
    </p>
   </div>
   <div class='ocr_carea' id='block_1_5' title="bbox 460 534 2105 603">
    <p class='ocr_par' dir='ltr' id='par_1_5' title="bbox 460 534 2105 603">
     <span class='ocr_line' id='line_1_5' title="bbox 460 534 2105 603; baseline -0.001 -12"><span class='ocrx_word' id='word_1_22' title='bbox 460 542 585 591; x_wconf 84' lang='lat' dir='ltr'>ortu</span> <span class='ocrx_word' id='word_1_23' title='bbox 612 535 765 599; x_wconf 73' lang='lat' dir='ltr'>solis,</span> <span class='ocrx_word' id='word_1_24' title='bbox 796 534 1080 590; x_wconf 81' lang='lat' dir='ltr'>habentem</span> <span class='ocrx_word' id='word_1_25' title='bbox 1125 536 1308 603; x_wconf 73' lang='lat' dir='ltr'>sigum</span> <span class='ocrx_word' id='word_1_26' title='bbox 1336 535 1435 590; x_wconf 87' lang='lat' dir='ltr'>Dei</span> <span class='ocrx_word' id='word_1_27' title='bbox 1458 536 1587 589; x_wconf 82' lang='lat' dir='ltr'>vivi.</span> <span class='ocrx_word' id='word_1_28' title='bbox 1616 534 1696 590; x_wconf 84' lang='lat' dir='ltr'>Ex</span> <span class='ocrx_word' id='word_1_29' title='bbox 1724 534 1915 590; x_wconf 89' lang='lat' dir='ltr'>tribus</span> <span class='ocrx_word' id='word_1_30' title='bbox 1945 534 2105 590; x_wconf 87' lang='lat' dir='ltr'>Chri-</span> 
     </span>
    </p>
   </div>
   <div class='ocr_carea' id='block_1_6' title="bbox 461 623 2100 690">
    <p class='ocr_par' dir='ltr' id='par_1_6' title="bbox 461 623 2100 690">
     <span class='ocr_line' id='line_1_6' title="bbox 461 623 2100 690; baseline 0 -12"><span class='ocrx_word' id='word_1_31' title='bbox 461 625 619 678; x_wconf 89' lang='lat' dir='ltr'>stum</span> <span class='ocrx_word' id='word_1_32' title='bbox 650 623 1041 690; x_wconf 77' lang='lat' dir='ltr'>commendat,</span> <span class='ocrx_word' id='word_1_33' title='bbox 1075 639 1143 677; x_wconf 78' lang='lat' dir='ltr'>ex</span> <span class='ocrx_word' id='word_1_34' title='bbox 1171 623 1381 690; x_wconf 84' lang='lat' dir='ltr'>ofﬁcio,</span> <span class='ocrx_word' id='word_1_35' title='bbox 1413 640 1483 678; x_wconf 82' lang='lat' dir='ltr'>ex</span> <span class='ocrx_word' id='word_1_36' title='bbox 1511 626 1740 689; x_wconf 89' lang='lat' dir='ltr'>natura,</span> <span class='ocrx_word' id='word_1_37' title='bbox 1773 640 1843 679; x_wconf 85' lang='lat' dir='ltr'>ex</span> <span class='ocrx_word' id='word_1_38' title='bbox 1869 624 2100 678; x_wconf 84' lang='lat' dir='ltr'>virtute.</span> 
     </span>
    </p>
   </div>
   <div class='ocr_carea' id='block_1_7' title="bbox 458 711 2107 785">
    <p class='ocr_par' dir='ltr' id='par_1_7' title="bbox 458 711 2107 785">
     <span class='ocr_line' id='line_1_7' title="bbox 458 711 2107 785; baseline -0.001 -16"><span class='ocrx_word' id='word_1_39' title='bbox 458 712 542 769; x_wconf 81' lang='lat' dir='ltr'><strong>Ex</strong></span> <span class='ocrx_word' id='word_1_40' title='bbox 564 711 775 780; x_wconf 87' lang='lat' dir='ltr'>ofﬁcio,</span> <span class='ocrx_word' id='word_1_41' title='bbox 810 712 869 767; x_wconf 90' lang='lat' dir='ltr'>in</span> <span class='ocrx_word' id='word_1_42' title='bbox 900 728 966 768; x_wconf 91' lang='lat' dir='ltr'>eo</span> <span class='ocrx_word' id='word_1_43' title='bbox 997 712 1148 784; x_wconf 90' lang='lat' dir='ltr'>quod</span> <span class='ocrx_word' id='word_1_44' title='bbox 1180 717 1347 767; x_wconf 83' lang='lat' dir='ltr'>vocat</span> <span class='ocrx_word' id='word_1_45' title='bbox 1366 729 1499 767; x_wconf 89' lang='lat' dir='ltr'>eum</span> <span class='ocrx_word' id='word_1_46' title='bbox 1532 712 1826 784; x_wconf 79' lang='lat' dir='ltr'>angelum.</span> <span class='ocrx_word' id='word_1_47' title='bbox 1860 713 1989 785; x_wconf 85' lang='lat' dir='ltr'>Ipse</span> <span class='ocrx_word' id='word_1_48' title='bbox 2017 718 2107 768; x_wconf 89' lang='lat' dir='ltr'>est</span> 
     </span>
    </p>
   </div>
   <div class='ocr_carea' id='block_1_8' title="bbox 460 799 2103 875">
    <p class='ocr_par' dir='ltr' id='par_1_8' title="bbox 460 799 2103 875">
     <span class='ocr_line' id='line_1_8' title="bbox 460 799 2103 875; baseline 0 -19"><span class='ocrx_word' id='word_1_49' title='bbox 460 800 617 856; x_wconf 88' lang='lat' dir='ltr'>enim</span> <span class='ocrx_word' id='word_1_50' title='bbox 649 799 893 873; x_wconf 82' lang='lat' dir='ltr'>angelus</span> <span class='ocrx_word' id='word_1_51' title='bbox 923 818 1035 856; x_wconf 90' lang='lat' dir='ltr'>non</span> <span class='ocrx_word' id='word_1_52' title='bbox 1071 800 1516 874; x_wconf 83' lang='lat' dir='ltr'>qualiscunque,</span> <span class='ocrx_word' id='word_1_53' title='bbox 1549 803 1649 857; x_wconf 90' lang='lat' dir='ltr'>sed</span> <span class='ocrx_word' id='word_1_54' title='bbox 1682 825 1710 852; x_wconf 87' lang='grc'>‹‹</span> <span class='ocrx_word' id='word_1_55' title='bbox 1738 802 1935 875; x_wconf 83' lang='lat' dir='ltr'>magni</span> <span class='ocrx_word' id='word_1_56' title='bbox 1966 819 2103 857; x_wconf 83' lang='lat' dir='ltr'>con-</span> 
     </span>
    </p>
   </div>
   <div class='ocr_carea' id='block_1_9' title="bbox 458 888 2102 963">
    <p class='ocr_par' dir='ltr' id='par_1_9' title="bbox 458 888 2102 963">
     <span class='ocr_line' id='line_1_9' title="bbox 458 888 2102 963; baseline 0.001 -17"><span class='ocrx_word' id='word_1_57' title='bbox 458 888 575 946; x_wconf 86' lang='lat' dir='ltr'>silii</span> <span class='ocrx_word' id='word_1_58' title='bbox 623 890 866 963; x_wconf 78' lang='lat' dir='ltr'>angelus</span> <span class='ocrx_word' id='word_1_59' title='bbox 911 892 1237 956; x_wconf 83' lang='lat' dir='ltr'>(Isa.1x.)»</span> <span class='ocrx_word' id='word_1_60' title='bbox 1289 891 1391 963; x_wconf 87' lang='lat' dir='ltr'>qui</span> <span class='ocrx_word' id='word_1_61' title='bbox 1440 891 1659 947; x_wconf 89' lang='lat' dir='ltr'>missus</span> <span class='ocrx_word' id='word_1_62' title='bbox 1705 908 1739 946; x_wconf 93' lang='lat' dir='ltr'>a</span> <span class='ocrx_word' id='word_1_63' title='bbox 1795 892 1963 946; x_wconf 80' lang='lat' dir='ltr'>Patre</span> <span class='ocrx_word' id='word_1_64' title='bbox 2008 908 2102 947; x_wconf 79' lang='lat' dir='ltr'>ve-</span> 
     </span>
    </p>
   </div>
   <div class='ocr_carea' id='block_1_10' title="bbox 457 978 2105 1052">
    <p class='ocr_par' dir='ltr' id='par_1_10' title="bbox 457 978 2105 1052">
     <span class='ocr_line' id='line_1_10' title="bbox 457 978 2105 1052; baseline 0.001 -19"><span class='ocrx_word' id='word_1_65' title='bbox 457 978 645 1047; x_wconf 86' lang='lat' dir='ltr'>niens,</span> <span class='ocrx_word' id='word_1_66' title='bbox 697 983 763 1034; x_wconf 92' lang='lat' dir='ltr'>ut</span> <span class='ocrx_word' id='word_1_67' title='bbox 791 979 873 1034; x_wconf 89' lang='lat' dir='ltr'>ait</span> <span class='ocrx_word' id='word_1_68' title='bbox 918 980 1250 1050; x_wconf 81' lang='lat' dir='ltr'>Apostolus,</span> <span class='ocrx_word' id='word_1_69' title='bbox 1302 1004 1328 1029; x_wconf 85' lang='grc'>‹‹</span> <span class='ocrx_word' id='word_1_70' title='bbox 1364 980 1778 1052; x_wconf 81' lang='lat' dir='ltr'>evangelizavit</span> <span class='ocrx_word' id='word_1_71' title='bbox 1816 996 2015 1052; x_wconf 89' lang='lat' dir='ltr'>pacem</span> <span class='ocrx_word' id='word_1_72' title='bbox 2047 983 2105 1036; x_wconf 91' lang='lat' dir='ltr'>et</span> 
     </span>
    </p>
   </div>
   <div class='ocr_carea' id='block_1_11' title="bbox 454 1066 2100 1142">
    <p class='ocr_par' dir='ltr' id='par_1_11' title="bbox 454 1066 2100 1142">
     <span class='ocr_line' id='line_1_11' title="bbox 454 1066 2100 1142; baseline -0.002 -19"><span class='ocrx_word' id='word_1_73' title='bbox 454 1066 573 1124; x_wconf 86' lang='lat' dir='ltr'>illis</span> <span class='ocrx_word' id='word_1_74' title='bbox 606 1068 704 1141; x_wconf 90' lang='lat' dir='ltr'>qui</span> <span class='ocrx_word' id='word_1_75' title='bbox 729 1069 960 1124; x_wconf 75' lang='lat' dir='ltr'>fuerant</span> <span class='ocrx_word' id='word_1_76' title='bbox 980 1068 1169 1141; x_wconf 87' lang='lat' dir='ltr'>longe,</span> <span class='ocrx_word' id='word_1_77' title='bbox 1190 1074 1245 1125; x_wconf 88' lang='lat' dir='ltr'>et</span> <span class='ocrx_word' id='word_1_78' title='bbox 1270 1069 1382 1124; x_wconf 86' lang='lat' dir='ltr'>illis</span> <span class='ocrx_word' id='word_1_79' title='bbox 1404 1071 1504 1141; x_wconf 87' lang='lat' dir='ltr'>qui</span> <span class='ocrx_word' id='word_1_80' title='bbox 1528 1086 1703 1142; x_wconf 90' lang='lat' dir='ltr'>prope</span> <span class='ocrx_word' id='word_1_81' title='bbox 1723 1070 1938 1141; x_wconf 80' lang='lat' dir='ltr'>(Ephes.</span> <span class='ocrx_word' id='word_1_82' title='bbox 1966 1070 2051 1141; x_wconf 85' lang='lat'>11.)</span> <span class='ocrx_word' id='word_1_83' title='bbox 2074 1092 2100 1119; x_wconf 85' lang='grc'>››</span> 
     </span>
    </p>
   </div>
   <div class='ocr_carea' id='block_1_12' title="bbox 453 1158 2103 1226">
    <p class='ocr_par' dir='ltr' id='par_1_12' title="bbox 453 1158 2103 1226">
     <span class='ocr_line' id='line_1_12' title="bbox 453 1158 2103 1226; baseline 0.001 -12"><span class='ocrx_word' id='word_1_84' title='bbox 453 1159 536 1214; x_wconf 83' lang='lat' dir='ltr'><strong>Ex</strong></span> <span class='ocrx_word' id='word_1_85' title='bbox 562 1158 774 1213; x_wconf 81' lang='lat' dir='ltr'>virtute</span> <span class='ocrx_word' id='word_1_86' title='bbox 805 1176 938 1214; x_wconf 90' lang='lat' dir='ltr'>eum</span> <span class='ocrx_word' id='word_1_87' title='bbox 967 1160 1355 1226; x_wconf 83' lang='lat' dir='ltr'>commendat,</span> <span class='ocrx_word' id='word_1_88' title='bbox 1390 1177 1521 1215; x_wconf 87' lang='lat' dir='ltr'>cum</span> <span class='ocrx_word' id='word_1_89' title='bbox 1556 1159 1673 1214; x_wconf 89' lang='lat' dir='ltr'>ait:</span> <span class='ocrx_word' id='word_1_90' title='bbox 1723 1160 2103 1215; x_wconf 76' lang='lat' dir='ltr'>Ascendcntem</span> 
     </span>
    </p>
   </div>
   <div class='ocr_carea' id='block_1_13' title="bbox 452 1246 2097 1321">
    <p class='ocr_par' dir='ltr' id='par_1_13' title="bbox 452 1246 2097 1321">
     <span class='ocr_line' id='line_1_13' title="bbox 452 1246 2097 1321; baseline 0 -18"><span class='ocrx_word' id='word_1_91' title='bbox 452 1246 521 1303; x_wconf 87' lang='lat' dir='ltr'>ab</span> <span class='ocrx_word' id='word_1_92' title='bbox 552 1255 673 1303; x_wconf 88' lang='lat' dir='ltr'>ortu</span> <span class='ocrx_word' id='word_1_93' title='bbox 702 1248 853 1312; x_wconf 77' lang='lat' dir='ltr'>solis,</span> <span class='ocrx_word' id='word_1_94' title='bbox 901 1249 1175 1314; x_wconf 83' lang='lat' dir='ltr'>subaudi,</span> <span class='ocrx_word' id='word_1_95' title='bbox 1205 1248 1418 1304; x_wconf 83' lang='lat' dir='ltr'>virtute</span> <span class='ocrx_word' id='word_1_96' title='bbox 1449 1249 1702 1321; x_wconf 87' lang='lat' dir='ltr'>propria,</span> <span class='ocrx_word' id='word_1_97' title='bbox 1736 1265 1851 1303; x_wconf 90' lang='lat' dir='ltr'>non</span> <span class='ocrx_word' id='word_1_98' title='bbox 1889 1248 2097 1303; x_wconf 88' lang='lat' dir='ltr'>aliena.</span> 
     </span>
    </p>
   </div>
   <div class='ocr_carea' id='block_1_14' title="bbox 452 1335 2103 1410">
    <p class='ocr_par' dir='ltr' id='par_1_14' title="bbox 452 1335 2103 1410">
     <span class='ocr_line' id='line_1_14' title="bbox 452 1335 2103 1410; baseline -0.001 -17"><span class='ocrx_word' id='word_1_99' title='bbox 452 1335 617 1393; x_wconf 86' lang='lat' dir='ltr'>Unde</span> <span class='ocrx_word' id='word_1_100' title='bbox 644 1336 985 1410; x_wconf 81' lang='lat' dir='ltr'>Apostolus:</span> <span class='ocrx_word' id='word_1_101' title='bbox 1010 1360 1035 1385; x_wconf 89' lang='grc'>‹‹</span> <span class='ocrx_word' id='word_1_102' title='bbox 1070 1336 1177 1403; x_wconf 88' lang='lat' dir='ltr'>Qui</span> <span class='ocrx_word' id='word_1_103' title='bbox 1199 1338 1499 1393; x_wconf 80' lang='lat' dir='ltr'>descendit</span> <span class='ocrx_word' id='word_1_104' title='bbox 1524 1337 1649 1410; x_wconf 90' lang='lat' dir='ltr'>ipse</span> <span class='ocrx_word' id='word_1_105' title='bbox 1670 1342 1759 1393; x_wconf 91' lang='lat' dir='ltr'>est</span> <span class='ocrx_word' id='word_1_106' title='bbox 1782 1337 1882 1408; x_wconf 93' lang='lat' dir='ltr'>qui</span> <span class='ocrx_word' id='word_1_107' title='bbox 1902 1353 2103 1392; x_wconf 89' lang='lat' dir='ltr'>ascen-</span> 
     </span>
    </p>
   </div>
   <div class='ocr_carea' id='block_1_15' title="bbox 451 1424 2096 1500">
    <p class='ocr_par' dir='ltr' id='par_1_15' title="bbox 451 1424 2096 1500">
     <span class='ocr_line' id='line_1_15' title="bbox 451 1424 2096 1500; baseline -0.001 -18"><span class='ocrx_word' id='word_1_108' title='bbox 451 1424 539 1482; x_wconf 85' lang='lat' dir='ltr'>dit</span> <span class='ocrx_word' id='word_1_109' title='bbox 567 1443 741 1499; x_wconf 89' lang='lat' dir='ltr'>supra</span> <span class='ocrx_word' id='word_1_110' title='bbox 771 1443 971 1480; x_wconf 77' lang='lat' dir='ltr'>omnes</span> <span class='ocrx_word' id='word_1_111' title='bbox 1007 1427 1196 1491; x_wconf 64' lang='lat' dir='ltr'>mles,</span> <span class='ocrx_word' id='word_1_112' title='bbox 1222 1430 1286 1482; x_wconf 90' lang='lat' dir='ltr'>ut</span> <span class='ocrx_word' id='word_1_113' title='bbox 1304 1427 1649 1499; x_wconf 90' lang='lat' dir='ltr'>adimpleret</span> <span class='ocrx_word' id='word_1_114' title='bbox 1669 1426 1865 1483; x_wconf 85' lang='lat' dir='ltr'>omnia</span> <span class='ocrx_word' id='word_1_115' title='bbox 1887 1427 2096 1500; x_wconf 67' lang='lat' dir='ltr'>(Ep/res.</span> 
     </span>
    </p>
   </div>
   <div class='ocr_carea' id='block_1_16' title="bbox 452 1514 2096 1588">
    <p class='ocr_par' dir='ltr' id='par_1_16' title="bbox 452 1514 2096 1588">
     <span class='ocr_line' id='line_1_16' title="bbox 452 1514 2096 1588; baseline -0.001 -16"><span class='ocrx_word' id='word_1_116' title='bbox 452 1517 571 1585; x_wconf 79' lang='lat' dir='ltr'>1v);</span> <span class='ocrx_word' id='word_1_117' title='bbox 605 1537 634 1565; x_wconf 84' lang='lat'>»</span> <span class='ocrx_word' id='word_1_118' title='bbox 665 1518 721 1571; x_wconf 88' lang='lat' dir='ltr'>et</span> <span class='ocrx_word' id='word_1_119' title='bbox 747 1514 1094 1571; x_wconf 84' lang='lat' dir='ltr'>Psalmista:</span> <span class='ocrx_word' id='word_1_120' title='bbox 1129 1538 1157 1565; x_wconf 87' lang='grc'>‹‹</span> <span class='ocrx_word' id='word_1_121' title='bbox 1193 1515 1447 1582; x_wconf 89' lang='lat' dir='ltr'>Psallite,</span> <span class='ocrx_word' id='word_1_122' title='bbox 1477 1516 1689 1588; x_wconf 89' lang='lat' dir='ltr'>inquit,</span> <span class='ocrx_word' id='word_1_123' title='bbox 1721 1515 1966 1571; x_wconf 90' lang='lat' dir='ltr'>Domino</span> <span class='ocrx_word' id='word_1_124' title='bbox 1998 1516 2096 1587; x_wconf 91' lang='lat' dir='ltr'>qui</span> 
     </span>
    </p>
   </div>
   <div class='ocr_carea' id='block_1_17' title="bbox 452 1605 2094 1679">
    <p class='ocr_par' dir='ltr' id='par_1_17' title="bbox 452 1605 2094 1679">
     <span class='ocr_line' id='line_1_17' title="bbox 452 1605 2094 1679; baseline -0.001 -16"><span class='ocrx_word' id='word_1_125' title='bbox 452 1606 717 1663; x_wconf 77' lang='lat' dir='ltr'>ascendit</span> <span class='ocrx_word' id='word_1_126' title='bbox 765 1622 942 1677; x_wconf 88' lang='lat' dir='ltr'>super</span> <span class='ocrx_word' id='word_1_127' title='bbox 989 1605 1162 1662; x_wconf 76' lang='lat' dir='ltr'>ccelos</span> <span class='ocrx_word' id='word_1_128' title='bbox 1192 1606 1469 1662; x_wconf 75' lang='lat' dir='ltr'>cmlorum</span> <span class='ocrx_word' id='word_1_129' title='bbox 1499 1607 1572 1662; x_wconf 88' lang='lat' dir='ltr'>ad</span> <span class='ocrx_word' id='word_1_130' title='bbox 1602 1608 1889 1663; x_wconf 86' lang='lat' dir='ltr'>orientem</span> <span class='ocrx_word' id='word_1_131' title='bbox 1921 1607 2094 1679; x_wconf 82' lang='lat' dir='ltr'>(Psal.</span> 
     </span>
    </p>
   </div>
   <div class='ocr_carea' id='block_1_18' title="bbox 2213 536 3837 614">
    <p class='ocr_par' dir='ltr' id='par_1_18' title="bbox 2213 536 3837 614">
     <span class='ocr_line' id='line_1_18' title="bbox 2213 536 3837 614; baseline 0.005 -23"><span class='ocrx_word' id='word_1_132' title='bbox 2213 536 2273 592; x_wconf 90' lang='lat' dir='ltr'>in</span> <span class='ocrx_word' id='word_1_133' title='bbox 2306 538 2494 609; x_wconf 85' lang='lat' dir='ltr'>aquis,</span> <span class='ocrx_word' id='word_1_134' title='bbox 2528 539 2769 610; x_wconf 90' lang='lat' dir='ltr'>quidam</span> <span class='ocrx_word' id='word_1_135' title='bbox 2797 539 2859 596; x_wconf 90' lang='lat' dir='ltr'>in</span> <span class='ocrx_word' id='word_1_136' title='bbox 2890 541 3247 609; x_wconf 90' lang='lat' dir='ltr'>nemoribus,</span> <span class='ocrx_word' id='word_1_137' title='bbox 3274 539 3362 598; x_wconf 88' lang='lat' dir='ltr'>vel</span> <span class='ocrx_word' id='word_1_138' title='bbox 3386 557 3489 614; x_wconf 87' lang='lat' dir='ltr'>per</span> <span class='ocrx_word' id='word_1_139' title='bbox 3505 546 3740 609; x_wconf 85' lang='lat' dir='ltr'>terram,</span> <span class='ocrx_word' id='word_1_140' title='bbox 3768 542 3837 599; x_wconf 54' lang='lat' dir='ltr'>in.</span> 
     </span>
    </p>
   </div>
   <div class='ocr_carea' id='block_1_19' title="bbox 2212 625 3838 704">
    <p class='ocr_par' dir='ltr' id='par_1_19' title="bbox 2212 625 3838 704">
     <span class='ocr_line' id='line_1_19' title="bbox 2212 625 3838 704; baseline 0.005 -24"><span class='ocrx_word' id='word_1_141' title='bbox 2212 625 2408 698; x_wconf 84' lang='lat' dir='ltr'>tellige</span> <span class='ocrx_word' id='word_1_142' title='bbox 2437 628 2662 684; x_wconf 89' lang='lat' dir='ltr'>deditos</span> <span class='ocrx_word' id='word_1_143' title='bbox 2692 630 2967 686; x_wconf 87' lang='lat' dir='ltr'>terrenis:</span> <span class='ocrx_word' id='word_1_144' title='bbox 3002 646 3106 703; x_wconf 87' lang='lat' dir='ltr'>per</span> <span class='ocrx_word' id='word_1_145' title='bbox 3130 647 3309 699; x_wconf 87' lang='lat' dir='ltr'>mare,</span> <span class='ocrx_word' id='word_1_146' title='bbox 3342 630 3651 687; x_wconf 78' lang='lat' dir='ltr'>instabiles</span> <span class='ocrx_word' id='word_1_147' title='bbox 3676 636 3729 687; x_wconf 88' lang='lat' dir='ltr'>et</span> <span class='ocrx_word' id='word_1_148' title='bbox 3754 648 3838 704; x_wconf 81' lang='lat' dir='ltr'>per</span> 
     </span>
    </p>
   </div>
   <div class='ocr_carea' id='block_1_20' title="bbox 2213 715 3835 793">
    <p class='ocr_par' dir='ltr' id='par_1_20' title="bbox 2213 715 3835 793">
     <span class='ocr_line' id='line_1_20' title="bbox 2213 715 3835 793; baseline 0.004 -23"><span class='ocrx_word' id='word_1_149' title='bbox 2213 715 2441 773; x_wconf 83' lang='lat' dir='ltr'>diversa</span> <span class='ocrx_word' id='word_1_150' title='bbox 2470 717 2607 772; x_wconf 88' lang='lat' dir='ltr'>vitia</span> <span class='ocrx_word' id='word_1_151' title='bbox 2628 718 2908 789; x_wconf 85' lang='lat' dir='ltr'>ﬂuentes;</span> <span class='ocrx_word' id='word_1_152' title='bbox 2934 736 3037 793; x_wconf 90' lang='lat' dir='ltr'>per</span> <span class='ocrx_word' id='word_1_153' title='bbox 3063 720 3321 787; x_wconf 86' lang='lat' dir='ltr'>arbores,</span> <span class='ocrx_word' id='word_1_154' title='bbox 3344 720 3738 776; x_wconf 84' lang='lat' dir='ltr'>terrenitatem</span> <span class='ocrx_word' id='word_1_155' title='bbox 3756 737 3835 777; x_wconf 69' lang='lat' dir='ltr'>es-</span> 
     </span>
    </p>
   </div>
   <div class='ocr_carea' id='block_1_21' title="bbox 2214 806 3832 882">
    <p class='ocr_par' dir='ltr' id='par_1_21' title="bbox 2214 806 3832 882">
     <span class='ocr_line' id='line_1_21' title="bbox 2214 806 3832 882; baseline 0.004 -23"><span class='ocrx_word' id='word_1_156' title='bbox 2214 806 2482 862; x_wconf 88' lang='lat' dir='ltr'>cedentes</span> <span class='ocrx_word' id='word_1_157' title='bbox 2523 812 2580 863; x_wconf 90' lang='lat' dir='ltr'>et</span> <span class='ocrx_word' id='word_1_158' title='bbox 2626 808 3065 866; x_wconf 86' lang='lat' dir='ltr'>fructiﬁcantes.</span> <span class='ocrx_word' id='word_1_159' title='bbox 3113 809 3490 882; x_wconf 59' lang='lat' dir='ltr'>(licentiusque,</span> <span class='ocrx_word' id='word_1_160' title='bbox 3541 809 3745 882; x_wconf 86' lang='lat' dir='ltr'>inquit,</span> <span class='ocrx_word' id='word_1_161' title='bbox 3771 812 3832 865; x_wconf 69' lang='lat' dir='ltr'>si-</span> 
     </span>
    </p>
   </div>
   <div class='ocr_carea' id='block_1_22' title="bbox 2211 899 3831 971">
    <p class='ocr_par' dir='ltr' id='par_1_22' title="bbox 2211 899 3831 971">
     <span class='ocr_line' id='line_1_22' title="bbox 2211 899 3831 971; baseline 0.002 -22"><span class='ocrx_word' id='word_1_162' title='bbox 2211 911 2438 962; x_wconf 81' lang='lat' dir='ltr'>gnemus</span> <span class='ocrx_word' id='word_1_163' title='bbox 2482 913 2661 953; x_wconf 60' lang='lat' dir='ltr'>savos</span> <span class='ocrx_word' id='word_1_164' title='bbox 2703 899 2803 954; x_wconf 85' lang='lat' dir='ltr'>Dei</span> <span class='ocrx_word' id='word_1_165' title='bbox 2828 901 3005 955; x_wconf 75' lang='lat' dir='ltr'>nostri</span> <span class='ocrx_word' id='word_1_166' title='bbox 3034 901 3095 954; x_wconf 87' lang='lat' dir='ltr'>in</span> <span class='ocrx_word' id='word_1_167' title='bbox 3137 901 3417 971; x_wconf 71' lang='lat' dir='ltr'>frontibus</span> <span class='ocrx_word' id='word_1_168' title='bbox 3452 914 3684 955; x_wconf 73' lang='lat' dir='ltr'>eorum.</span> <span class='ocrx_word' id='word_1_169' title='bbox 3714 900 3831 955; x_wconf 79' lang='lat' dir='ltr'>Hine</span> 
     </span>
    </p>
   </div>
   <div class='ocr_carea' id='block_1_23' title="bbox 2211 983 3831 1062">
    <p class='ocr_par' dir='ltr' id='par_1_23' title="bbox 2211 983 3831 1062">
     <span class='ocr_line' id='line_1_23' title="bbox 2211 983 3831 1062; baseline 0.003 -24"><span class='ocrx_word' id='word_1_170' title='bbox 2211 983 2386 1038; x_wconf 87' lang='lat' dir='ltr'>datur</span> <span class='ocrx_word' id='word_1_171' title='bbox 2406 985 2649 1059; x_wconf 78' lang='lat' dir='ltr'>intelligi</span> <span class='ocrx_word' id='word_1_172' title='bbox 2673 988 2949 1059; x_wconf 89' lang='lat' dir='ltr'>quoniam</span> <span class='ocrx_word' id='word_1_173' title='bbox 2974 994 3211 1062; x_wconf 85' lang='lat' dir='ltr'>propter</span> <span class='ocrx_word' id='word_1_174' title='bbox 3226 987 3465 1057; x_wconf 80' lang='lat' dir='ltr'>electos,</span> <span class='ocrx_word' id='word_1_175' title='bbox 3487 988 3589 1059; x_wconf 89' lang='lat' dir='ltr'>qui</span> <span class='ocrx_word' id='word_1_176' title='bbox 3610 987 3831 1043; x_wconf 80' lang='lat' dir='ltr'>interre-</span> 
     </span>
    </p>
   </div>
   <div class='ocr_carea' id='block_1_24' title="bbox 2211 1073 3831 1149">
    <p class='ocr_par' dir='ltr' id='par_1_24' title="bbox 2211 1073 3831 1149">
     <span class='ocr_line' id='line_1_24' title="bbox 2211 1073 3831 1149; baseline 0.003 -23"><span class='ocrx_word' id='word_1_177' title='bbox 2211 1073 2423 1143; x_wconf 89' lang='lat' dir='ltr'>probos</span> <span class='ocrx_word' id='word_1_178' title='bbox 2442 1073 2499 1129; x_wconf 90' lang='lat' dir='ltr'>in</span> <span class='ocrx_word' id='word_1_179' title='bbox 2523 1075 2633 1131; x_wconf 91' lang='lat' dir='ltr'>hoc</span> <span class='ocrx_word' id='word_1_180' title='bbox 2649 1076 2869 1131; x_wconf 90' lang='lat' dir='ltr'>mundo</span> <span class='ocrx_word' id='word_1_181' title='bbox 2887 1076 3177 1145; x_wconf 87' lang='lat' dir='ltr'>habitant,</span> <span class='ocrx_word' id='word_1_182' title='bbox 3201 1076 3588 1149; x_wconf 89' lang='lat' dir='ltr'>prohibentur</span> <span class='ocrx_word' id='word_1_183' title='bbox 3600 1074 3831 1149; x_wconf 84' lang='lat' dir='ltr'>aliquan-</span> 
     </span>
    </p>
   </div>
   <div class='ocr_carea' id='block_1_25' title="bbox 2210 1160 3830 1237">
    <p class='ocr_par' dir='ltr' id='par_1_25' title="bbox 2210 1160 3830 1237">
     <span class='ocr_line' id='line_1_25' title="bbox 2210 1160 3830 1237; baseline 0.004 -23"><span class='ocrx_word' id='word_1_184' title='bbox 2210 1160 2283 1215; x_wconf 93' lang='lat' dir='ltr'>do</span> <span class='ocrx_word' id='word_1_185' title='bbox 2312 1162 2605 1219; x_wconf 72' lang='lat' dir='ltr'>daemones</span> <span class='ocrx_word' id='word_1_186' title='bbox 2654 1165 3121 1236; x_wconf 87' lang='lat' dir='ltr'>persecutionem</span> <span class='ocrx_word' id='word_1_187' title='bbox 3163 1181 3429 1221; x_wconf 80' lang='lat' dir='ltr'>exercere</span> <span class='ocrx_word' id='word_1_188' title='bbox 3456 1164 3517 1219; x_wconf 89' lang='lat' dir='ltr'>in</span> <span class='ocrx_word' id='word_1_189' title='bbox 3566 1166 3830 1237; x_wconf 74' lang='lat' dir='ltr'>reprobus,</span> 
     </span>
    </p>
   </div>
   <div class='ocr_carea' id='block_1_26' title="bbox 2210 1251 3828 1322">
    <p class='ocr_par' dir='ltr' id='par_1_26' title="bbox 2210 1251 3828 1322">
     <span class='ocr_line' id='line_1_26' title="bbox 2210 1251 3828 1322; baseline 0.003 -19"><span class='ocrx_word' id='word_1_190' title='bbox 2210 1266 2282 1305; x_wconf 90' lang='lat' dir='ltr'>ne</span> <span class='ocrx_word' id='word_1_191' title='bbox 2313 1251 2457 1307; x_wconf 86' lang='lat' dir='ltr'>forte</span> <span class='ocrx_word' id='word_1_192' title='bbox 2490 1254 2852 1310; x_wconf 78' lang='lat' dir='ltr'>eradicantes</span> <span class='ocrx_word' id='word_1_193' title='bbox 2880 1254 3123 1322; x_wconf 84' lang='lat' dir='ltr'>zizania,</span> <span class='ocrx_word' id='word_1_194' title='bbox 3147 1255 3446 1311; x_wconf 80' lang='lat' dir='ltr'>eradicent</span> <span class='ocrx_word' id='word_1_195' title='bbox 3474 1253 3651 1309; x_wconf 88' lang='lat' dir='ltr'>simul</span> <span class='ocrx_word' id='word_1_196' title='bbox 3678 1258 3732 1310; x_wconf 85' lang='lat' dir='ltr'>et</span> <span class='ocrx_word' id='word_1_197' title='bbox 3747 1256 3828 1308; x_wconf 82' lang='lat' dir='ltr'>tri-</span> 
     </span>
    </p>
   </div>
   <div class='ocr_carea' id='block_1_27' title="bbox 2208 1336 3833 1416">
    <p class='ocr_par' dir='ltr' id='par_1_27' title="bbox 2208 1336 3833 1416">
     <span class='ocr_line' id='line_1_27' title="bbox 2208 1336 3833 1416; baseline 0.006 -26"><span class='ocrx_word' id='word_1_198' title='bbox 2208 1336 2391 1394; x_wconf 90' lang='lat' dir='ltr'>ticum</span> <span class='ocrx_word' id='word_1_199' title='bbox 2422 1344 2637 1409; x_wconf 74' lang='lat' dir='ltr'>(Matth.</span> <span class='ocrx_word' id='word_1_200' title='bbox 2672 1343 2818 1414; x_wconf 85' lang='lat' dir='ltr'>xm,)</span> <span class='ocrx_word' id='word_1_201' title='bbox 2868 1360 3173 1416; x_wconf 89' lang='lat' dir='ltr'>usquequo</span> <span class='ocrx_word' id='word_1_202' title='bbox 3216 1342 3382 1399; x_wconf 83' lang='lat' dir='ltr'>electi</span> <span class='ocrx_word' id='word_1_203' title='bbox 3414 1343 3765 1409; x_wconf 71' lang='lat' dir='ltr'>muniantur,</span> <span class='ocrx_word' id='word_1_204' title='bbox 3788 1348 3833 1399; x_wconf 83' lang='lat' dir='ltr'>et</span> 
     </span>
    </p>
   </div>
   <div class='ocr_carea' id='block_1_28' title="bbox 2209 1429 3831 1500">
    <p class='ocr_par' dir='ltr' id='par_1_28' title="bbox 2209 1429 3831 1500">
     <span class='ocr_line' id='line_1_28' title="bbox 2209 1429 3831 1500; baseline 0.005 -19"><span class='ocrx_word' id='word_1_205' title='bbox 2209 1429 2648 1497; x_wconf 88' lang='lat' dir='ltr'>conﬁrmentur,</span> <span class='ocrx_word' id='word_1_206' title='bbox 2674 1430 2761 1487; x_wconf 87' lang='lat' dir='ltr'>vel</span> <span class='ocrx_word' id='word_1_207' title='bbox 2786 1436 2847 1487; x_wconf 93' lang='lat' dir='ltr'>ut</span> <span class='ocrx_word' id='word_1_208' title='bbox 2873 1436 2990 1500; x_wconf 87' lang='lat' dir='ltr'>Lot,</span> <span class='ocrx_word' id='word_1_209' title='bbox 3011 1433 3081 1488; x_wconf 90' lang='lat' dir='ltr'>de</span> <span class='ocrx_word' id='word_1_210' title='bbox 3102 1432 3296 1487; x_wconf 89' lang='lat' dir='ltr'>medio</span> <span class='ocrx_word' id='word_1_211' title='bbox 3318 1430 3619 1488; x_wconf 89' lang='lat' dir='ltr'>tollantur.</span> <span class='ocrx_word' id='word_1_212' title='bbox 3644 1432 3737 1488; x_wconf 84' lang='lat' dir='ltr'>Est</span> <span class='ocrx_word' id='word_1_213' title='bbox 3753 1448 3831 1490; x_wconf 80' lang='lat' dir='ltr'>an.</span> 
     </span>
    </p>
   </div>
   <div class='ocr_carea' id='block_1_29' title="bbox 2206 1517 3833 1593">
    <p class='ocr_par' dir='ltr' id='par_1_29' title="bbox 2206 1517 3833 1593">
     <span class='ocr_line' id='line_1_29' title="bbox 2206 1517 3833 1593; baseline 0.003 -22"><span class='ocrx_word' id='word_1_214' title='bbox 2206 1520 2323 1572; x_wconf 88' lang='lat' dir='ltr'>tem</span> <span class='ocrx_word' id='word_1_215' title='bbox 2358 1517 2479 1573; x_wconf 66' lang='lat' dir='ltr'>haec</span> <span class='ocrx_word' id='word_1_216' title='bbox 2507 1536 2644 1592; x_wconf 88' lang='lat' dir='ltr'>pars</span> <span class='ocrx_word' id='word_1_217' title='bbox 2666 1521 2857 1586; x_wconf 85' lang='lat' dir='ltr'>tertia,</span> <span class='ocrx_word' id='word_1_218' title='bbox 2882 1520 2940 1575; x_wconf 90' lang='lat' dir='ltr'>in</span> <span class='ocrx_word' id='word_1_219' title='bbox 2962 1538 3080 1593; x_wconf 89' lang='lat' dir='ltr'>qua</span> <span class='ocrx_word' id='word_1_220' title='bbox 3102 1520 3432 1577; x_wconf 84' lang='lat' dir='ltr'>ostenditur</span> <span class='ocrx_word' id='word_1_221' title='bbox 3450 1536 3631 1593; x_wconf 90' lang='lat' dir='ltr'>quam</span> <span class='ocrx_word' id='word_1_222' title='bbox 3656 1526 3833 1593; x_wconf 76' lang='lat' dir='ltr'>potem</span> 
     </span>
    </p>
   </div>
   <div class='ocr_carea' id='block_1_30' title="bbox 2207 1605 3827 1666">
    <p class='ocr_par' dir='ltr' id='par_1_30' title="bbox 2207 1605 3827 1666">
     <span class='ocr_line' id='line_1_30' title="bbox 2207 1605 3827 1666; baseline 0.002 -6"><span class='ocrx_word' id='word_1_223' title='bbox 2207 1605 2284 1661; x_wconf 86' lang='lat' dir='ltr'>sit</span> <span class='ocrx_word' id='word_1_224' title='bbox 2313 1606 2579 1664; x_wconf 88' lang='lat' dir='ltr'>Christus</span> <span class='ocrx_word' id='word_1_225' title='bbox 2609 1626 2748 1665; x_wconf 89' lang='lat' dir='ltr'>suos</span> <span class='ocrx_word' id='word_1_226' title='bbox 2777 1610 3073 1666; x_wconf 87' lang='lat' dir='ltr'>custodire</span> <span class='ocrx_word' id='word_1_227' title='bbox 3120 1611 3273 1666; x_wconf 88' lang='lat' dir='ltr'>inter</span> <span class='ocrx_word' id='word_1_228' title='bbox 3307 1609 3496 1666; x_wconf 91' lang='lat' dir='ltr'>malos</span> <span class='ocrx_word' id='word_1_229' title='bbox 3525 1614 3582 1665; x_wconf 89' lang='lat' dir='ltr'>et</span> <span class='ocrx_word' id='word_1_230' title='bbox 3600 1609 3827 1666; x_wconf 70' lang='lat' dir='ltr'>salvere.</span> 
     </span>
    </p>
   </div>
   <div class='ocr_carea' id='block_1_31' title="bbox 451 1696 3831 1771">
    <p class='ocr_par' dir='ltr' id='par_1_31' title="bbox 451 1696 3831 1771">
     <span class='ocr_line' id='line_1_31' title="bbox 451 1696 3831 1771; baseline 0 -19"><span class='ocrx_word' id='word_1_231' title='bbox 451 1698 647 1764; x_wconf 73' lang='lat' dir='ltr'>LXVII.)</span> <span class='ocrx_word' id='word_1_232' title='bbox 676 1717 705 1746; x_wconf 84' lang='grc'>››</span> <span class='ocrx_word' id='word_1_233' title='bbox 738 1696 912 1752; x_wconf 90' lang='lat' dir='ltr'>Porro</span> <span class='ocrx_word' id='word_1_234' title='bbox 961 1696 1228 1752; x_wconf 83' lang='lat' dir='ltr'>Christus</span> <span class='ocrx_word' id='word_1_235' title='bbox 1259 1696 1359 1768; x_wconf 88' lang='lat' dir='ltr'>qui</span> <span class='ocrx_word' id='word_1_236' title='bbox 1386 1712 1449 1752; x_wconf 91' lang='lat' dir='ltr'>se</span> <span class='ocrx_word' id='word_1_237' title='bbox 1490 1696 1842 1764; x_wconf 89' lang='lat' dir='ltr'>humiliavit,</span> <span class='ocrx_word' id='word_1_238' title='bbox 1884 1696 2101 1753; x_wconf 91' lang='lat' dir='ltr'>dicitur</span> <span class='ocrx_word' id='word_1_239' title='bbox 2202 1699 2516 1768; x_wconf 76' lang='lat' dir='ltr'>Signemus,</span> <span class='ocrx_word' id='word_1_240' title='bbox 2552 1698 2760 1771; x_wconf 88' lang='lat' dir='ltr'>inquit,</span> <span class='ocrx_word' id='word_1_241' title='bbox 2786 1699 2844 1755; x_wconf 90' lang='lat' dir='ltr'>id</span> <span class='ocrx_word' id='word_1_242' title='bbox 2874 1704 2964 1756; x_wconf 92' lang='lat' dir='ltr'>est</span> <span class='ocrx_word' id='word_1_243' title='bbox 2991 1698 3758 1766; x_wconf 83' lang='lat' dir='ltr'>discernamus,muniamus</span> <span class='ocrx_word' id='word_1_244' title='bbox 3782 1702 3831 1754; x_wconf 80' lang='lat' dir='ltr'>et</span> 
     </span>
    </p>
   </div>
   <div class='ocr_carea' id='block_1_32' title="bbox 450 1784 3831 1885">
    <p class='ocr_par' dir='ltr' id='par_1_32' title="bbox 450 1784 3831 1885">
     <span class='ocr_line' id='line_1_32' title="bbox 450 1784 3831 1885; baseline 0.001 -44"><span class='ocrx_word' id='word_1_245' title='bbox 450 1785 787 1841; x_wconf 87' lang='lat' dir='ltr'>ascendisse</span> <span class='ocrx_word' id='word_1_246' title='bbox 807 1786 879 1840; x_wconf 90' lang='lat' dir='ltr'>ab</span> <span class='ocrx_word' id='word_1_247' title='bbox 901 1790 1031 1842; x_wconf 91' lang='lat' dir='ltr'>ortu</span> <span class='ocrx_word' id='word_1_248' title='bbox 1053 1785 1213 1841; x_wconf 90' lang='lat' dir='ltr'>solis.</span> <span class='ocrx_word' id='word_1_249' title='bbox 1246 1784 1469 1842; x_wconf 89' lang='lat' dir='ltr'>Dicitur</span> <span class='ocrx_word' id='word_1_250' title='bbox 1487 1789 1684 1842; x_wconf 85' lang='lat' dir='ltr'>autem</span> <span class='ocrx_word' id='word_1_251' title='bbox 1705 1785 1973 1843; x_wconf 89' lang='lat' dir='ltr'>diabolus</span> <span class='ocrx_word' id='word_1_252' title='bbox 1994 1786 2094 1858; x_wconf 89' lang='lat' dir='ltr'>qui</span> <span class='ocrx_word' id='word_1_253' title='bbox 2125 1819 2175 1885; x_wconf 81' lang='grc' dir='ltr'><strong>Β</strong></span> <span class='ocrx_word' id='word_1_254' title='bbox 2206 1786 2643 1854; x_wconf 88' lang='lat' dir='ltr'>conﬁrmemus,</span> <span class='ocrx_word' id='word_1_255' title='bbox 2669 1804 2774 1860; x_wconf 87' lang='lat' dir='ltr'>ego</span> <span class='ocrx_word' id='word_1_256' title='bbox 2802 1788 3068 1855; x_wconf 88' lang='lat' dir='ltr'>interius,</span> <span class='ocrx_word' id='word_1_257' title='bbox 3091 1793 3149 1844; x_wconf 89' lang='lat' dir='ltr'>et</span> <span class='ocrx_word' id='word_1_258' title='bbox 3174 1789 3287 1844; x_wconf 91' lang='lat' dir='ltr'>mei</span> <span class='ocrx_word' id='word_1_259' title='bbox 3311 1787 3564 1844; x_wconf 83' lang='lat' dir='ltr'>ministri</span> <span class='ocrx_word' id='word_1_260' title='bbox 3580 1787 3831 1844; x_wconf 76' lang='lat' dir='ltr'>exterius.</span> 
     </span>
    </p>
   </div>
   <div class='ocr_carea' id='block_1_33' title="bbox 451 1874 3833 1949">
    <p class='ocr_par' dir='ltr' id='par_1_33' title="bbox 451 1874 3833 1949">
     <span class='ocr_line' id='line_1_33' title="bbox 451 1874 3833 1949; baseline 0 -18"><span class='ocrx_word' id='word_1_261' title='bbox 451 1874 789 1947; x_wconf 89' lang='lat' dir='ltr'>superbivit,</span> <span class='ocrx_word' id='word_1_262' title='bbox 822 1874 1155 1932; x_wconf 88' lang='lat' dir='ltr'>ascendisse</span> <span class='ocrx_word' id='word_1_263' title='bbox 1184 1875 1439 1932; x_wconf 87' lang='lat' dir='ltr'>voluisse</span> <span class='ocrx_word' id='word_1_264' title='bbox 1465 1876 1536 1931; x_wconf 91' lang='lat' dir='ltr'>ad</span> <span class='ocrx_word' id='word_1_265' title='bbox 1569 1876 1925 1949; x_wconf 87' lang='lat' dir='ltr'>aquilonem,</span> <span class='ocrx_word' id='word_1_266' title='bbox 1959 1893 2099 1949; x_wconf 87' lang='lat' dir='ltr'>quo-</span> <span class='ocrx_word' id='word_1_267' title='bbox 2125 1874 2173 1885; x_wconf 70' lang='lat'><em>&quot;</em></span> <span class='ocrx_word' id='word_1_268' title='bbox 2207 1876 2325 1949; x_wconf 87' lang='lat' dir='ltr'>Ego</span> <span class='ocrx_word' id='word_1_269' title='bbox 2348 1875 2616 1948; x_wconf 88' lang='lat' dir='ltr'>interius,</span> <span class='ocrx_word' id='word_1_270' title='bbox 2644 1878 2757 1932; x_wconf 89' lang='lat' dir='ltr'>ﬁde</span> <span class='ocrx_word' id='word_1_271' title='bbox 2778 1876 2990 1945; x_wconf 89' lang='lat' dir='ltr'>crucis,</span> <span class='ocrx_word' id='word_1_272' title='bbox 3014 1882 3073 1933; x_wconf 90' lang='lat' dir='ltr'>et</span> <span class='ocrx_word' id='word_1_273' title='bbox 3093 1876 3268 1933; x_wconf 88' lang='lat' dir='ltr'>etiam</span> <span class='ocrx_word' id='word_1_274' title='bbox 3292 1875 3548 1933; x_wconf 84' lang='lat' dir='ltr'>ministri</span> <span class='ocrx_word' id='word_1_275' title='bbox 3568 1875 3683 1932; x_wconf 87' lang='lat' dir='ltr'>mei</span> <span class='ocrx_word' id='word_1_276' title='bbox 3702 1879 3833 1931; x_wconf 77' lang='lat' dir='ltr'>exte-</span> 
     </span>
    </p>
   </div>
   <div class='ocr_carea' id='block_1_34' title="bbox 450 1963 2100 2038">
    <p class='ocr_par' dir='ltr' id='par_1_34' title="bbox 450 1963 2100 2038">
     <span class='ocr_line' id='line_1_34' title="bbox 450 1963 2100 2038; baseline 0.001 -18"><span class='ocrx_word' id='word_1_277' title='bbox 450 1963 609 2020; x_wconf 86' lang='lat' dir='ltr'>niam</span> <span class='ocrx_word' id='word_1_278' title='bbox 642 1965 743 2037; x_wconf 90' lang='lat' dir='ltr'>qui</span> <span class='ocrx_word' id='word_1_279' title='bbox 776 1981 838 2021; x_wconf 88' lang='lat' dir='ltr'>se</span> <span class='ocrx_word' id='word_1_280' title='bbox 866 1963 1202 2036; x_wconf 89' lang='lat' dir='ltr'>humiliant,</span> <span class='ocrx_word' id='word_1_281' title='bbox 1225 1966 1296 2021; x_wconf 91' lang='lat' dir='ltr'>ad</span> <span class='ocrx_word' id='word_1_282' title='bbox 1330 1981 1574 2038; x_wconf 88' lang='lat' dir='ltr'>regnum</span> <span class='ocrx_word' id='word_1_283' title='bbox 1598 1963 1879 2021; x_wconf 88' lang='lat' dir='ltr'>claritatis</span> <span class='ocrx_word' id='word_1_284' title='bbox 1900 1982 2100 2021; x_wconf 89' lang='lat' dir='ltr'>ascen-</span> 
     </span>
    </p>
   </div>
   <div class='ocr_carea' id='block_1_35' title="bbox 452 2053 2097 2126">
    <p class='ocr_par' dir='ltr' id='par_1_35' title="bbox 452 2053 2097 2126">
     <span class='ocr_line' id='line_1_35' title="bbox 452 2053 2097 2126; baseline 0 -16"><span class='ocrx_word' id='word_1_285' title='bbox 452 2053 618 2120; x_wconf 89' lang='lat' dir='ltr'>dunt,</span> <span class='ocrx_word' id='word_1_286' title='bbox 654 2057 712 2108; x_wconf 89' lang='lat' dir='ltr'>et</span> <span class='ocrx_word' id='word_1_287' title='bbox 742 2054 842 2126; x_wconf 83' lang='lat' dir='ltr'>qui</span> <span class='ocrx_word' id='word_1_288' title='bbox 864 2054 1232 2125; x_wconf 81' lang='lat' dir='ltr'>superbiant,</span> <span class='ocrx_word' id='word_1_289' title='bbox 1255 2055 1770 2126; x_wconf 65' lang='lat' dir='ltr'>praecipitanturin</span> <span class='ocrx_word' id='word_1_290' title='bbox 1798 2054 2097 2126; x_wconf 83' lang='lat' dir='ltr'>regionem</span> 
     </span>
    </p>
   </div>
   <div class='ocr_carea' id='block_1_36' title="bbox 449 2141 2094 2216">
    <p class='ocr_par' dir='ltr' id='par_1_36' title="bbox 449 2141 2094 2216">
     <span class='ocr_line' id='line_1_36' title="bbox 449 2141 2094 2216; baseline -0.001 -17"><span class='ocrx_word' id='word_1_291' title='bbox 449 2141 684 2216; x_wconf 84' lang='lat' dir='ltr'>frigoris</span> <span class='ocrx_word' id='word_1_292' title='bbox 708 2147 766 2200; x_wconf 89' lang='lat' dir='ltr'>et</span> <span class='ocrx_word' id='word_1_293' title='bbox 791 2144 1187 2199; x_wconf 88' lang='lat' dir='ltr'>tenebrarum.</span> <span class='ocrx_word' id='word_1_294' title='bbox 1216 2144 1265 2198; x_wconf 85' lang='lat' dir='ltr'><strong>A</strong></span> <span class='ocrx_word' id='word_1_295' title='bbox 1295 2147 1507 2199; x_wconf 91' lang='lat' dir='ltr'>natura</span> <span class='ocrx_word' id='word_1_296' title='bbox 1535 2144 2094 2211; x_wconf 82' lang='lat' dir='ltr'>eum-commendat,</span> 
     </span>
    </p>
   </div>
   <div class='ocr_carea' id='block_1_37' title="bbox 450 2231 2099 2303">
    <p class='ocr_par' dir='ltr' id='par_1_37' title="bbox 450 2231 2099 2303">
     <span class='ocr_line' id='line_1_37' title="bbox 450 2231 2099 2303; baseline -0.001 -15"><span class='ocrx_word' id='word_1_297' title='bbox 450 2248 587 2289; x_wconf 90' lang='lat' dir='ltr'>cum</span> <span class='ocrx_word' id='word_1_298' title='bbox 618 2231 852 2288; x_wconf 88' lang='lat' dir='ltr'>subdit:</span> <span class='ocrx_word' id='word_1_299' title='bbox 886 2232 1181 2289; x_wconf 73' lang='lat' dir='ltr'>[labentem</span> <span class='ocrx_word' id='word_1_300' title='bbox 1215 2234 1435 2303; x_wconf 78' lang='lat' dir='ltr'>signum</span> <span class='ocrx_word' id='word_1_301' title='bbox 1461 2235 1562 2289; x_wconf 89' lang='lat' dir='ltr'>Dei</span> <span class='ocrx_word' id='word_1_302' title='bbox 1592 2235 1719 2299; x_wconf 83' lang='lat' dir='ltr'>vivi,</span> <span class='ocrx_word' id='word_1_303' title='bbox 1752 2233 1811 2288; x_wconf 91' lang='lat' dir='ltr'>id</span> <span class='ocrx_word' id='word_1_304' title='bbox 1841 2239 1931 2289; x_wconf 90' lang='lat' dir='ltr'>est</span> <span class='ocrx_word' id='word_1_305' title='bbox 1960 2231 2099 2288; x_wconf 86' lang='lat' dir='ltr'>divi-</span> 
     </span>
    </p>
   </div>
   <div class='ocr_carea' id='block_1_38' title="bbox 451 2321 2098 2395">
    <p class='ocr_par' dir='ltr' id='par_1_38' title="bbox 451 2321 2098 2395">
     <span class='ocr_line' id='line_1_38' title="bbox 451 2321 2098 2395; baseline 0.001 -18"><span class='ocrx_word' id='word_1_306' title='bbox 451 2338 588 2378; x_wconf 85' lang='lat' dir='ltr'>nam</span> <span class='ocrx_word' id='word_1_307' title='bbox 610 2321 1018 2377; x_wconf 85' lang='lat' dir='ltr'>auctoritatem</span> <span class='ocrx_word' id='word_1_308' title='bbox 1041 2324 1098 2376; x_wconf 88' lang='lat' dir='ltr'>et</span> <span class='ocrx_word' id='word_1_309' title='bbox 1123 2324 1490 2393; x_wconf 88' lang='lat' dir='ltr'>potestatem,</span> <span class='ocrx_word' id='word_1_310' title='bbox 1515 2339 1631 2394; x_wconf 90' lang='lat' dir='ltr'>qua</span> <span class='ocrx_word' id='word_1_311' title='bbox 1653 2322 1819 2394; x_wconf 89' lang='lat' dir='ltr'>quasi</span> <span class='ocrx_word' id='word_1_312' title='bbox 1842 2322 2098 2395; x_wconf 90' lang='lat' dir='ltr'>quodam</span> 
     </span>
    </p>
   </div>
   <div class='ocr_carea' id='block_1_39' title="bbox 450 2410 2097 2484">
    <p class='ocr_par' dir='ltr' id='par_1_39' title="bbox 450 2410 2097 2484">
     <span class='ocr_line' id='line_1_39' title="bbox 450 2410 2097 2484; baseline -0.001 -17"><span class='ocrx_word' id='word_1_313' title='bbox 450 2411 620 2484; x_wconf 88' lang='lat' dir='ltr'>signo</span> <span class='ocrx_word' id='word_1_314' title='bbox 651 2427 713 2466; x_wconf 89' lang='lat' dir='ltr'>se</span> <span class='ocrx_word' id='word_1_315' title='bbox 743 2426 845 2482; x_wconf 90' lang='lat' dir='ltr'>per</span> <span class='ocrx_word' id='word_1_316' title='bbox 872 2410 1072 2466; x_wconf 91' lang='lat' dir='ltr'>omnia</span> <span class='ocrx_word' id='word_1_317' title='bbox 1101 2410 1467 2466; x_wconf 85' lang='lat' dir='ltr'>demonstrat</span> <span class='ocrx_word' id='word_1_318' title='bbox 1504 2416 1617 2468; x_wconf 90' lang='lat' dir='ltr'>Deo</span> <span class='ocrx_word' id='word_1_319' title='bbox 1650 2412 1803 2467; x_wconf 90' lang='lat' dir='ltr'>Patri</span> <span class='ocrx_word' id='word_1_320' title='bbox 1835 2428 2097 2484; x_wconf 66' lang='lat' dir='ltr'>coaequa-</span> 
     </span>
    </p>
   </div>
   <div class='ocr_carea' id='block_1_40' title="bbox 449 2498 2102 2573">
    <p class='ocr_par' dir='ltr' id='par_1_40' title="bbox 449 2498 2102 2573">
     <span class='ocr_line' id='line_1_40' title="bbox 449 2498 2102 2573; baseline -0.001 -18"><span class='ocrx_word' id='word_1_321' title='bbox 449 2498 587 2555; x_wconf 91' lang='lat' dir='ltr'>lem.</span> <span class='ocrx_word' id='word_1_322' title='bbox 610 2498 857 2565; x_wconf 86' lang='lat' dir='ltr'>Quidam</span> <span class='ocrx_word' id='word_1_323' title='bbox 880 2501 1075 2554; x_wconf 88' lang='lat' dir='ltr'>tamen</span> <span class='ocrx_word' id='word_1_324' title='bbox 1097 2498 1546 2572; x_wconf 88' lang='lat' dir='ltr'>hicintelligunt</span> <span class='ocrx_word' id='word_1_325' title='bbox 1569 2516 1673 2572; x_wconf 91' lang='lat' dir='ltr'>per</span> <span class='ocrx_word' id='word_1_326' title='bbox 1690 2499 1948 2573; x_wconf 89' lang='lat' dir='ltr'>signum,</span> <span class='ocrx_word' id='word_1_327' title='bbox 1974 2515 2102 2554; x_wconf 91' lang='lat' dir='ltr'>cru-</span> 
     </span>
    </p>
   </div>
   <div class='ocr_carea' id='block_1_41' title="bbox 450 2588 2096 2662">
    <p class='ocr_par' dir='ltr' id='par_1_41' title="bbox 450 2588 2096 2662">
     <span class='ocr_line' id='line_1_41' title="bbox 450 2588 2096 2662; baseline -0.001 -17"><span class='ocrx_word' id='word_1_328' title='bbox 450 2604 577 2645; x_wconf 86' lang='lat' dir='ltr'>cem</span> <span class='ocrx_word' id='word_1_329' title='bbox 609 2604 725 2662; x_wconf 89' lang='lat' dir='ltr'>qua</span> <span class='ocrx_word' id='word_1_330' title='bbox 755 2588 908 2644; x_wconf 88' lang='lat' dir='ltr'>Deus</span> <span class='ocrx_word' id='word_1_331' title='bbox 939 2605 1079 2645; x_wconf 89' lang='lat' dir='ltr'>suos</span> <span class='ocrx_word' id='word_1_332' title='bbox 1108 2589 1320 2662; x_wconf 88' lang='lat' dir='ltr'>signat.</span> <span class='ocrx_word' id='word_1_333' title='bbox 1346 2589 1623 2661; x_wconf 87' lang='lat' dir='ltr'>Sequitur</span> <span class='ocrx_word' id='word_1_334' title='bbox 1650 2606 1787 2661; x_wconf 91' lang='lat' dir='ltr'>pars</span> <span class='ocrx_word' id='word_1_335' title='bbox 1817 2589 2096 2656; x_wconf 89' lang='lat' dir='ltr'>secunda,</span> 
     </span>
    </p>
   </div>
   <div class='ocr_carea' id='block_1_42' title="bbox 449 2676 2098 2750">
    <p class='ocr_par' dir='ltr' id='par_1_42' title="bbox 449 2676 2098 2750">
     <span class='ocr_line' id='line_1_42' title="bbox 449 2676 2098 2750; baseline 0 -16"><span class='ocrx_word' id='word_1_336' title='bbox 449 2676 510 2734; x_wconf 86' lang='lat' dir='ltr'>in</span> <span class='ocrx_word' id='word_1_337' title='bbox 543 2694 658 2750; x_wconf 88' lang='lat' dir='ltr'>qua</span> <span class='ocrx_word' id='word_1_338' title='bbox 687 2677 1122 2734; x_wconf 86' lang='lat' dir='ltr'>demonstratur</span> <span class='ocrx_word' id='word_1_339' title='bbox 1149 2681 1433 2749; x_wconf 89' lang='lat' dir='ltr'>quantam</span> <span class='ocrx_word' id='word_1_340' title='bbox 1464 2680 1811 2749; x_wconf 89' lang='lat' dir='ltr'>potestatem</span> <span class='ocrx_word' id='word_1_341' title='bbox 1835 2676 2098 2734; x_wconf 88' lang='lat' dir='ltr'>Christus</span> 
     </span>
    </p>
   </div>
   <div class='ocr_carea' id='block_1_43' title="bbox 450 2765 2095 2840">
    <p class='ocr_par' dir='ltr' id='par_1_43' title="bbox 450 2765 2095 2840">
     <span class='ocr_line' id='line_1_43' title="bbox 450 2765 2095 2840; baseline 0.001 -19"><span class='ocrx_word' id='word_1_342' title='bbox 450 2765 663 2822; x_wconf 86' lang='lat' dir='ltr'>habeat</span> <span class='ocrx_word' id='word_1_343' title='bbox 689 2783 868 2840; x_wconf 87' lang='lat' dir='ltr'>super</span> <span class='ocrx_word' id='word_1_344' title='bbox 893 2767 1258 2823; x_wconf 80' lang='lat' dir='ltr'>adversariae</span> <span class='ocrx_word' id='word_1_345' title='bbox 1296 2769 1631 2839; x_wconf 87' lang='lat' dir='ltr'>potestates,</span> <span class='ocrx_word' id='word_1_346' title='bbox 1665 2783 1800 2823; x_wconf 90' lang='lat' dir='ltr'>cum</span> <span class='ocrx_word' id='word_1_347' title='bbox 1847 2766 2095 2822; x_wconf 88' lang='lat' dir='ltr'>dicitur:</span> 
     </span>
    </p>
   </div>
   <div class='ocr_carea' id='block_1_44' title="bbox 448 2855 2100 2929">
    <p class='ocr_par' dir='ltr' id='par_1_44' title="bbox 448 2855 2100 2929">
     <span class='ocr_line' id='line_1_44' title="bbox 448 2855 2100 2929; baseline 0.001 -19"><span class='ocrx_word' id='word_1_348' title='bbox 448 2856 516 2910; x_wconf 84' lang='lat' dir='ltr'>Et</span> <span class='ocrx_word' id='word_1_349' title='bbox 541 2855 871 2911; x_wconf 77' lang='lat' dir='ltr'>exclamavit</span> <span class='ocrx_word' id='word_1_350' title='bbox 897 2871 1026 2913; x_wconf 82' lang='lat' dir='ltr'>voce</span> <span class='ocrx_word' id='word_1_351' title='bbox 1047 2873 1250 2928; x_wconf 85' lang='lat' dir='ltr'>magna</span> <span class='ocrx_word' id='word_1_352' title='bbox 1269 2864 1506 2929; x_wconf 82' lang='lat' dir='ltr'>quatuor</span> <span class='ocrx_word' id='word_1_353' title='bbox 1522 2857 1749 2928; x_wconf 75' lang='lat' dir='ltr'>angelis,</span> <span class='ocrx_word' id='word_1_354' title='bbox 1782 2858 1981 2928; x_wconf 79' lang='lat' dir='ltr'>quibus</span> <span class='ocrx_word' id='word_1_355' title='bbox 1999 2857 2100 2912; x_wconf 84' lang='lat' dir='ltr'>da-</span> 
     </span>
    </p>
   </div>
   <div class='ocr_carea' id='block_1_45' title="bbox 449 2944 2102 3013">
    <p class='ocr_par' dir='ltr' id='par_1_45' title="bbox 449 2944 2102 3013">
     <span class='ocr_line' id='line_1_45' title="bbox 449 2944 2102 3013; baseline 0.001 -14"><span class='ocrx_word' id='word_1_356' title='bbox 449 2949 565 2999; x_wconf 78' lang='lat' dir='ltr'>tum</span> <span class='ocrx_word' id='word_1_357' title='bbox 590 2951 668 2999; x_wconf 78' lang='lat' dir='ltr'>est</span> <span class='ocrx_word' id='word_1_358' title='bbox 694 2960 884 3001; x_wconf 85' lang='lat' dir='ltr'>nocere</span> <span class='ocrx_word' id='word_1_359' title='bbox 912 2951 1078 3002; x_wconf 71' lang='lat' dir='ltr'>terrae</span> <span class='ocrx_word' id='word_1_360' title='bbox 1104 2953 1154 3002; x_wconf 84' lang='lat' dir='ltr'>et</span> <span class='ocrx_word' id='word_1_361' title='bbox 1180 2946 1346 3002; x_wconf 84' lang='lat' dir='ltr'>mari.</span> <span class='ocrx_word' id='word_1_362' title='bbox 1380 2946 1554 3002; x_wconf 90' lang='lat' dir='ltr'>Porro</span> <span class='ocrx_word' id='word_1_363' title='bbox 1584 2944 1837 3001; x_wconf 90' lang='lat' dir='ltr'>clamare</span> <span class='ocrx_word' id='word_1_364' title='bbox 1866 2945 1988 3013; x_wconf 87' lang='lat' dir='ltr'>Dei,</span> <span class='ocrx_word' id='word_1_365' title='bbox 2011 2949 2102 3002; x_wconf 89' lang='lat' dir='ltr'>est</span> 
     </span>
    </p>
   </div>
   <div class='ocr_carea' id='block_1_46' title="bbox 449 3031 2098 3108">
    <p class='ocr_par' dir='ltr' id='par_1_46' title="bbox 449 3031 2098 3108">
     <span class='ocr_line' id='line_1_46' title="bbox 449 3031 2098 3108; baseline -0.001 -19"><span class='ocrx_word' id='word_1_366' title='bbox 449 3031 637 3089; x_wconf 79' lang='lat' dir='ltr'>facere</span> <span class='ocrx_word' id='word_1_367' title='bbox 659 3049 673 3088; x_wconf 90' lang='lat'><strong><em>:</em></strong></span> <span class='ocrx_word' id='word_1_368' title='bbox 707 3049 843 3089; x_wconf 87' lang='lat' dir='ltr'>voce</span> <span class='ocrx_word' id='word_1_369' title='bbox 868 3033 1051 3107; x_wconf 86' lang='lat' dir='ltr'>igitur</span> <span class='ocrx_word' id='word_1_370' title='bbox 1073 3051 1288 3108; x_wconf 89' lang='lat' dir='ltr'>magna</span> <span class='ocrx_word' id='word_1_371' title='bbox 1306 3034 1580 3090; x_wconf 86' lang='lat' dir='ltr'>clamavit</span> <span class='ocrx_word' id='word_1_372' title='bbox 1602 3034 1888 3103; x_wconf 87' lang='lat' dir='ltr'>Christus,</span> <span class='ocrx_word' id='word_1_373' title='bbox 1913 3051 2098 3106; x_wconf 89' lang='lat' dir='ltr'>quan-</span> 
     </span>
    </p>
   </div>
   <div class='ocr_carea' id='block_1_47' title="bbox 449 3121 2094 3196">
    <p class='ocr_par' dir='ltr' id='par_1_47' title="bbox 449 3121 2094 3196">
     <span class='ocr_line' id='line_1_47' title="bbox 449 3121 2094 3196; baseline 0 -18"><span class='ocrx_word' id='word_1_374' title='bbox 449 3121 523 3178; x_wconf 89' lang='lat' dir='ltr'>do</span> <span class='ocrx_word' id='word_1_375' title='bbox 550 3138 764 3196; x_wconf 90' lang='lat' dir='ltr'>magno</span> <span class='ocrx_word' id='word_1_376' title='bbox 793 3126 851 3177; x_wconf 91' lang='lat' dir='ltr'>et</span> <span class='ocrx_word' id='word_1_377' title='bbox 896 3123 1117 3179; x_wconf 88' lang='lat' dir='ltr'>efﬁcaci</span> <span class='ocrx_word' id='word_1_378' title='bbox 1148 3123 1393 3196; x_wconf 87' lang='lat' dir='ltr'>imperio</span> <span class='ocrx_word' id='word_1_379' title='bbox 1441 3124 1735 3180; x_wconf 66' lang='lat' dir='ltr'>daemones</span> <span class='ocrx_word' id='word_1_380' title='bbox 1765 3123 2094 3179; x_wconf 84' lang='lat' dir='ltr'>refrenavit.</span> 
     </span>
    </p>
   </div>
   <div class='ocr_carea' id='block_1_48' title="bbox 2206 1962 3836 2039">
    <p class='ocr_par' dir='ltr' id='par_1_48' title="bbox 2206 1962 3836 2039">
     <span class='ocr_line' id='line_1_48' title="bbox 2206 1962 3836 2039; baseline -0.001 -20"><span class='ocrx_word' id='word_1_381' title='bbox 2206 1964 2350 2031; x_wconf 90' lang='lat' dir='ltr'>rius,</span> <span class='ocrx_word' id='word_1_382' title='bbox 2382 1964 2551 2039; x_wconf 89' lang='lat' dir='ltr'>signo</span> <span class='ocrx_word' id='word_1_383' title='bbox 2582 1966 2809 2034; x_wconf 88' lang='lat' dir='ltr'>crucis;</span> <span class='ocrx_word' id='word_1_384' title='bbox 2859 1982 2965 2039; x_wconf 88' lang='lat' dir='ltr'>ego</span> <span class='ocrx_word' id='word_1_385' title='bbox 2996 1965 3266 2031; x_wconf 89' lang='lat' dir='ltr'>interius,</span> <span class='ocrx_word' id='word_1_386' title='bbox 3310 1963 3437 2021; x_wconf 87' lang='lat' dir='ltr'>oleo</span> <span class='ocrx_word' id='word_1_387' title='bbox 3468 1962 3761 2031; x_wconf 85' lang='lat' dir='ltr'>invisibili,</span> <span class='ocrx_word' id='word_1_388' title='bbox 3788 1968 3836 2019; x_wconf 78' lang='lat' dir='ltr'>et</span> 
     </span>
    </p>
   </div>
   <div class='ocr_carea' id='block_1_49' title="bbox 2207 2050 3835 2123">
    <p class='ocr_par' dir='ltr' id='par_1_49' title="bbox 2207 2050 3835 2123">
     <span class='ocr_line' id='line_1_49' title="bbox 2207 2050 3835 2123; baseline 0 -13"><span class='ocrx_word' id='word_1_389' title='bbox 2207 2054 2323 2110; x_wconf 89' lang='lat' dir='ltr'>mei</span> <span class='ocrx_word' id='word_1_390' title='bbox 2353 2054 2626 2123; x_wconf 83' lang='lat' dir='ltr'>exterius,</span> <span class='ocrx_word' id='word_1_391' title='bbox 2658 2053 2784 2111; x_wconf 91' lang='lat' dir='ltr'>oleo</span> <span class='ocrx_word' id='word_1_392' title='bbox 2812 2054 3050 2110; x_wconf 86' lang='lat' dir='ltr'>visibili.</span> <span class='ocrx_word' id='word_1_393' title='bbox 3084 2053 3225 2110; x_wconf 86' lang='lat' dir='ltr'>Fide</span> <span class='ocrx_word' id='word_1_394' title='bbox 3244 2053 3402 2110; x_wconf 91' lang='lat' dir='ltr'>enim</span> <span class='ocrx_word' id='word_1_395' title='bbox 3428 2053 3623 2110; x_wconf 88' lang='lat' dir='ltr'>crucis</span> <span class='ocrx_word' id='word_1_396' title='bbox 3650 2057 3706 2110; x_wconf 84' lang='lat' dir='ltr'>et</span> <span class='ocrx_word' id='word_1_397' title='bbox 3729 2050 3835 2110; x_wconf 81' lang='lat' dir='ltr'>oleo</span> 
     </span>
    </p>
   </div>
   <div class='ocr_carea' id='block_1_50' title="bbox 2206 2140 3836 2215">
    <p class='ocr_par' dir='ltr' id='par_1_50' title="bbox 2206 2140 3836 2215">
     <span class='ocr_line' id='line_1_50' title="bbox 2206 2140 3836 2215; baseline -0.001 -17"><span class='ocrx_word' id='word_1_398' title='bbox 2206 2143 2404 2215; x_wconf 75' lang='lat' dir='ltr'>gratim</span> <span class='ocrx_word' id='word_1_399' title='bbox 2430 2143 2773 2215; x_wconf 86' lang='lat' dir='ltr'>spiritualis,</span> <span class='ocrx_word' id='word_1_400' title='bbox 2798 2143 3068 2200; x_wconf 88' lang='lat' dir='ltr'>Christus</span> <span class='ocrx_word' id='word_1_401' title='bbox 3088 2142 3337 2199; x_wconf 81' lang='lat' dir='ltr'>interius</span> <span class='ocrx_word' id='word_1_402' title='bbox 3367 2158 3508 2199; x_wconf 85' lang='lat' dir='ltr'>suos</span> <span class='ocrx_word' id='word_1_403' title='bbox 3532 2159 3569 2197; x_wconf 88' lang='lat' dir='ltr'>a</span> <span class='ocrx_word' id='word_1_404' title='bbox 3596 2158 3710 2198; x_wconf 89' lang='lat' dir='ltr'>non</span> <span class='ocrx_word' id='word_1_405' title='bbox 3729 2140 3836 2198; x_wconf 68' lang='lat' dir='ltr'>suis</span> 
     </span>
    </p>
   </div>
   <div class='ocr_carea' id='block_1_51' title="bbox 2207 2230 3836 2305">
    <p class='ocr_par' dir='ltr' id='par_1_51' title="bbox 2207 2230 3836 2305">
     <span class='ocr_line' id='line_1_51' title="bbox 2207 2230 3836 2305; baseline 0 -19"><span class='ocrx_word' id='word_1_406' title='bbox 2207 2231 2510 2297; x_wconf 90' lang='lat' dir='ltr'>discernit,</span> <span class='ocrx_word' id='word_1_407' title='bbox 2537 2235 2741 2289; x_wconf 87' lang='lat' dir='ltr'>contra</span> <span class='ocrx_word' id='word_1_408' title='bbox 2762 2230 3200 2305; x_wconf 88' lang='lat' dir='ltr'>persecutiones</span> <span class='ocrx_word' id='word_1_409' title='bbox 3224 2231 3439 2298; x_wconf 85' lang='lat' dir='ltr'>munit,</span> <span class='ocrx_word' id='word_1_410' title='bbox 3466 2230 3528 2285; x_wconf 89' lang='lat' dir='ltr'>in</span> <span class='ocrx_word' id='word_1_411' title='bbox 3554 2230 3706 2287; x_wconf 84' lang='lat' dir='ltr'>bono</span> <span class='ocrx_word' id='word_1_412' title='bbox 3722 2242 3836 2286; x_wconf 83' lang='lat' dir='ltr'>con-</span> 
     </span>
    </p>
   </div>
   <div class='ocr_carea' id='block_1_52' title="bbox 2208 2317 3838 2387">
    <p class='ocr_par' dir='ltr' id='par_1_52' title="bbox 2208 2317 3838 2387">
     <span class='ocr_line' id='line_1_52' title="bbox 2208 2317 3838 2387; baseline -0.001 -11"><span class='ocrx_word' id='word_1_413' title='bbox 2208 2322 2405 2377; x_wconf 88' lang='lat' dir='ltr'>ﬁrmat</span> <span class='ocrx_word' id='word_1_414' title='bbox 2430 2325 2489 2377; x_wconf 91' lang='lat' dir='ltr'>et</span> <span class='ocrx_word' id='word_1_415' title='bbox 2517 2325 2856 2378; x_wconf 89' lang='lat' dir='ltr'>constantes</span> <span class='ocrx_word' id='word_1_416' title='bbox 2885 2320 3041 2377; x_wconf 85' lang='lat' dir='ltr'>facit.</span> <span class='ocrx_word' id='word_1_417' title='bbox 3071 2319 3322 2377; x_wconf 89' lang='lat' dir='ltr'>Ministri</span> <span class='ocrx_word' id='word_1_418' title='bbox 3344 2317 3479 2376; x_wconf 69' lang='lat' dir='ltr'>vero</span> <span class='ocrx_word' id='word_1_419' title='bbox 3502 2318 3738 2387; x_wconf 82' lang='lat' dir='ltr'>Christi,</span> <span class='ocrx_word' id='word_1_420' title='bbox 3757 2330 3838 2374; x_wconf 72' lang='lat' dir='ltr'>eos</span> 
     </span>
    </p>
   </div>
   <div class='ocr_carea' id='block_1_53' title="bbox 2206 2406 3839 2482">
    <p class='ocr_par' dir='ltr' id='par_1_53' title="bbox 2206 2406 3839 2482">
     <span class='ocr_line' id='line_1_53' title="bbox 2206 2406 3839 2482; baseline -0.002 -17"><span class='ocrx_word' id='word_1_421' title='bbox 2206 2409 2419 2466; x_wconf 88' lang='lat' dir='ltr'>visibili</span> <span class='ocrx_word' id='word_1_422' title='bbox 2453 2426 2624 2466; x_wconf 90' lang='lat' dir='ltr'>cruce</span> <span class='ocrx_word' id='word_1_423' title='bbox 2653 2414 2711 2467; x_wconf 89' lang='lat' dir='ltr'>et</span> <span class='ocrx_word' id='word_1_424' title='bbox 2740 2409 2867 2467; x_wconf 88' lang='lat' dir='ltr'>oleo</span> <span class='ocrx_word' id='word_1_425' title='bbox 2888 2408 3103 2465; x_wconf 88' lang='lat' dir='ltr'>visibili</span> <span class='ocrx_word' id='word_1_426' title='bbox 3134 2409 3388 2465; x_wconf 83' lang='lat' dir='ltr'>exterius</span> <span class='ocrx_word' id='word_1_427' title='bbox 3416 2406 3738 2482; x_wconf 78' lang='lat' dir='ltr'>signantes,</span> <span class='ocrx_word' id='word_1_428' title='bbox 3757 2418 3839 2462; x_wconf 73' lang='lat' dir='ltr'>eos</span> 
     </span>
    </p>
   </div>
   <div class='ocr_carea' id='block_1_54' title="bbox 2208 2495 3837 2567">
    <p class='ocr_par' dir='ltr' id='par_1_54' title="bbox 2208 2495 3837 2567">
     <span class='ocr_line' id='line_1_54' title="bbox 2208 2495 3837 2567; baseline -0.003 -13"><span class='ocrx_word' id='word_1_429' title='bbox 2208 2498 2458 2555; x_wconf 88' lang='lat' dir='ltr'>interius</span> <span class='ocrx_word' id='word_1_430' title='bbox 2476 2498 2750 2567; x_wconf 90' lang='lat' dir='ltr'>discerni,</span> <span class='ocrx_word' id='word_1_431' title='bbox 2772 2496 2988 2554; x_wconf 87' lang='lat' dir='ltr'>muniri</span> <span class='ocrx_word' id='word_1_432' title='bbox 3013 2502 3071 2554; x_wconf 91' lang='lat' dir='ltr'>et</span> <span class='ocrx_word' id='word_1_433' title='bbox 3085 2495 3420 2553; x_wconf 87' lang='lat' dir='ltr'>conﬁrmari</span> <span class='ocrx_word' id='word_1_434' title='bbox 3440 2496 3837 2553; x_wconf 79' lang='lat' dir='ltr'>demonstrant.</span> 
     </span>
    </p>
   </div>
   <div class='ocr_carea' id='block_1_55' title="bbox 2207 2586 3838 2660">
    <p class='ocr_par' dir='ltr' id='par_1_55' title="bbox 2207 2586 3838 2660">
     <span class='ocr_line' id='line_1_55' title="bbox 2207 2586 3838 2660; baseline -0.004 -15"><span class='ocrx_word' id='word_1_435' title='bbox 2207 2591 2271 2645; x_wconf 87' lang='lat' dir='ltr'>In</span> <span class='ocrx_word' id='word_1_436' title='bbox 2296 2590 2589 2660; x_wconf 73' lang='lat' dir='ltr'>frontibus,</span> <span class='ocrx_word' id='word_1_437' title='bbox 2621 2587 2837 2660; x_wconf 89' lang='lat' dir='ltr'>inquit,</span> <span class='ocrx_word' id='word_1_438' title='bbox 2868 2600 3077 2643; x_wconf 87' lang='lat' dir='ltr'>eorum.</span> <span class='ocrx_word' id='word_1_439' title='bbox 3110 2587 3288 2643; x_wconf 88' lang='lat' dir='ltr'>Porro</span> <span class='ocrx_word' id='word_1_440' title='bbox 3324 2601 3473 2658; x_wconf 88' lang='lat' dir='ltr'>puer</span> <span class='ocrx_word' id='word_1_441' title='bbox 3500 2586 3734 2658; x_wconf 84' lang='lat' dir='ltr'>quando</span> <span class='ocrx_word' id='word_1_442' title='bbox 3759 2600 3838 2639; x_wconf 79' lang='lat' dir='ltr'>ca-</span> 
     </span>
    </p>
   </div>
   <div class='ocr_carea' id='block_1_56' title="bbox 2209 2673 3839 2749">
    <p class='ocr_par' dir='ltr' id='par_1_56' title="bbox 2209 2673 3839 2749">
     <span class='ocr_line' id='line_1_56' title="bbox 2209 2673 3839 2749; baseline -0.002 -18"><span class='ocrx_word' id='word_1_443' title='bbox 2209 2676 2549 2744; x_wconf 87' lang='lat' dir='ltr'>techizatur,</span> <span class='ocrx_word' id='word_1_444' title='bbox 2599 2676 2869 2749; x_wconf 88' lang='lat' dir='ltr'>signatur</span> <span class='ocrx_word' id='word_1_445' title='bbox 2910 2675 3039 2731; x_wconf 90' lang='lat' dir='ltr'>oleo</span> <span class='ocrx_word' id='word_1_446' title='bbox 3068 2674 3129 2730; x_wconf 90' lang='lat' dir='ltr'>in</span> <span class='ocrx_word' id='word_1_447' title='bbox 3159 2674 3403 2730; x_wconf 89' lang='lat' dir='ltr'>modum</span> <span class='ocrx_word' id='word_1_448' title='bbox 3450 2673 3648 2729; x_wconf 86' lang='lat' dir='ltr'>crucis</span> <span class='ocrx_word' id='word_1_449' title='bbox 3676 2673 3732 2728; x_wconf 86' lang='lat' dir='ltr'>in</span> <span class='ocrx_word' id='word_1_450' title='bbox 3756 2686 3839 2744; x_wconf 48' lang='lat' dir='ltr'>pe.</span> 
     </span>
    </p>
   </div>
   <div class='ocr_carea' id='block_1_57' title="bbox 2209 2760 3841 2835">
    <p class='ocr_par' dir='ltr' id='par_1_57' title="bbox 2209 2760 3841 2835">
     <span class='ocr_line' id='line_1_57' title="bbox 2209 2760 3841 2835; baseline -0.004 -13"><span class='ocrx_word' id='word_1_451' title='bbox 2209 2769 2386 2834; x_wconf 88' lang='lat' dir='ltr'>ctore,</span> <span class='ocrx_word' id='word_1_452' title='bbox 2419 2770 2486 2822; x_wconf 90' lang='lat' dir='ltr'>ut</span> <span class='ocrx_word' id='word_1_453' title='bbox 2513 2766 2687 2821; x_wconf 90' lang='lat' dir='ltr'>ﬁdem</span> <span class='ocrx_word' id='word_1_454' title='bbox 2736 2763 2951 2821; x_wconf 88' lang='lat' dir='ltr'>Christi</span> <span class='ocrx_word' id='word_1_455' title='bbox 2988 2764 3205 2820; x_wconf 85' lang='lat' dir='ltr'>habeat</span> <span class='ocrx_word' id='word_1_456' title='bbox 3232 2763 3293 2819; x_wconf 90' lang='lat' dir='ltr'>in</span> <span class='ocrx_word' id='word_1_457' title='bbox 3323 2762 3498 2819; x_wconf 84' lang='lat' dir='ltr'>corde</span> <span class='ocrx_word' id='word_1_458' title='bbox 3527 2779 3545 2832; x_wconf 88' lang='lat'><strong>;</strong></span> <span class='ocrx_word' id='word_1_459' title='bbox 3600 2760 3841 2835; x_wconf 75' lang='lat' dir='ltr'>signatur</span> 
     </span>
    </p>
   </div>
   <div class='ocr_carea' id='block_1_58' title="bbox 2208 2846 3842 2926">
    <p class='ocr_par' dir='ltr' id='par_1_58' title="bbox 2208 2846 3842 2926">
     <span class='ocr_line' id='line_1_58' title="bbox 2208 2846 3842 2926; baseline -0.006 -15"><span class='ocrx_word' id='word_1_460' title='bbox 2208 2854 2361 2911; x_wconf 91' lang='lat' dir='ltr'>inter</span> <span class='ocrx_word' id='word_1_461' title='bbox 2406 2853 2698 2926; x_wconf 88' lang='lat' dir='ltr'>scapulas,</span> <span class='ocrx_word' id='word_1_462' title='bbox 2732 2858 2799 2910; x_wconf 90' lang='lat' dir='ltr'>ut</span> <span class='ocrx_word' id='word_1_463' title='bbox 2845 2868 2996 2909; x_wconf 85' lang='lat' dir='ltr'>onus</span> <span class='ocrx_word' id='word_1_464' title='bbox 3043 2851 3230 2909; x_wconf 89' lang='lat' dir='ltr'>solius</span> <span class='ocrx_word' id='word_1_465' title='bbox 3275 2848 3492 2908; x_wconf 78' lang='lat' dir='ltr'>Christi</span> <span class='ocrx_word' id='word_1_466' title='bbox 3528 2853 3749 2923; x_wconf 78' lang='lat' dir='ltr'>portet;</span> <span class='ocrx_word' id='word_1_467' title='bbox 3777 2846 3842 2903; x_wconf 59' lang='lat' dir='ltr'>sic</span> 
     </span>
    </p>
   </div>
   <div class='ocr_carea' id='block_1_59' title="bbox 2209 2936 3842 3019">
    <p class='ocr_par' dir='ltr' id='par_1_59' title="bbox 2209 2936 3842 3019">
     <span class='ocr_line' id='line_1_59' title="bbox 2209 2936 3842 3019; baseline -0.006 -19"><span class='ocrx_word' id='word_1_468' title='bbox 2209 2948 2424 3019; x_wconf 89' lang='lat' dir='ltr'>gnatur</span> <span class='ocrx_word' id='word_1_469' title='bbox 2451 2944 2513 2999; x_wconf 89' lang='lat' dir='ltr'>in</span> <span class='ocrx_word' id='word_1_470' title='bbox 2539 2943 2770 3013; x_wconf 85' lang='lat' dir='ltr'>vertice,</span> <span class='ocrx_word' id='word_1_471' title='bbox 2802 2947 2867 3000; x_wconf 90' lang='lat' dir='ltr'>ut</span> <span class='ocrx_word' id='word_1_472' title='bbox 2888 2942 3200 3008; x_wconf 86' lang='lat' dir='ltr'>rationem,</span> <span class='ocrx_word' id='word_1_473' title='bbox 3223 2956 3351 3013; x_wconf 64' lang='lat' dir='ltr'>quas</span> <span class='ocrx_word' id='word_1_474' title='bbox 3370 2942 3463 2995; x_wconf 85' lang='lat' dir='ltr'>est</span> <span class='ocrx_word' id='word_1_475' title='bbox 3471 2940 3659 3011; x_wconf 71' lang='lat' dir='ltr'>judex</span> <span class='ocrx_word' id='word_1_476' title='bbox 3678 2936 3842 2995; x_wconf 82' lang='lat' dir='ltr'>homi-</span> 
     </span>
    </p>
   </div>
   <div class='ocr_carea' id='block_1_60' title="bbox 2209 3024 3843 3104">
    <p class='ocr_par' dir='ltr' id='par_1_60' title="bbox 2209 3024 3843 3104">
     <span class='ocr_line' id='line_1_60' title="bbox 2209 3024 3843 3104; baseline -0.004 -14"><span class='ocrx_word' id='word_1_477' title='bbox 2209 3033 2321 3103; x_wconf 88' lang='lat' dir='ltr'>nis,</span> <span class='ocrx_word' id='word_1_478' title='bbox 2354 3036 2674 3090; x_wconf 88' lang='lat' dir='ltr'>conservet.</span> <span class='ocrx_word' id='word_1_479' title='bbox 2698 3033 2861 3100; x_wconf 86' lang='lat' dir='ltr'>Quod</span> <span class='ocrx_word' id='word_1_480' title='bbox 2884 3034 3033 3089; x_wconf 85' lang='lat' dir='ltr'>bene</span> <span class='ocrx_word' id='word_1_481' title='bbox 3069 3030 3440 3104; x_wconf 86' lang='lat' dir='ltr'>signiﬁcatur</span> <span class='ocrx_word' id='word_1_482' title='bbox 3458 3043 3565 3101; x_wconf 87' lang='lat' dir='ltr'>per</span> <span class='ocrx_word' id='word_1_483' title='bbox 3583 3028 3691 3085; x_wconf 89' lang='lat' dir='ltr'>hoc</span> <span class='ocrx_word' id='word_1_484' title='bbox 3710 3024 3843 3100; x_wconf 83' lang='lat' dir='ltr'>quod</span> 
     </span>
    </p>
   </div>
   <div class='ocr_carea' id='block_1_61' title="bbox 2209 3116 3845 3194">
    <p class='ocr_par' dir='ltr' id='par_1_61' title="bbox 2209 3116 3845 3194">
     <span class='ocr_line' id='line_1_61' title="bbox 2209 3116 3845 3194; baseline -0.002 -18"><span class='ocrx_word' id='word_1_485' title='bbox 2209 3121 2279 3177; x_wconf 91' lang='lat' dir='ltr'>de</span> <span class='ocrx_word' id='word_1_486' title='bbox 2309 3122 2598 3194; x_wconf 88' lang='lat' dir='ltr'>sanguine</span> <span class='ocrx_word' id='word_1_487' title='bbox 2618 3119 2753 3194; x_wconf 87' lang='lat' dir='ltr'>agni</span> <span class='ocrx_word' id='word_1_488' title='bbox 2776 3120 3092 3178; x_wconf 87' lang='lat' dir='ltr'>liniebatur</span> <span class='ocrx_word' id='word_1_489' title='bbox 3112 3125 3359 3191; x_wconf 88' lang='lat' dir='ltr'>uterque</span> <span class='ocrx_word' id='word_1_490' title='bbox 3376 3116 3568 3191; x_wconf 77' lang='lat' dir='ltr'>postis</span> <span class='ocrx_word' id='word_1_491' title='bbox 3586 3121 3648 3174; x_wconf 74' lang='lat' dir='ltr'>et</span> <span class='ocrx_word' id='word_1_492' title='bbox 3666 3130 3845 3188; x_wconf 77' lang='lat' dir='ltr'>super-</span> 
     </span>
    </p>
   </div>
   <div class='ocr_carea' id='block_1_62' title="bbox 448 3190 3845 3286">
    <p class='ocr_par' dir='ltr' id='par_1_62' title="bbox 448 3190 3845 3286">
     <span class='ocr_line' id='line_1_62' title="bbox 448 3190 3845 3286; baseline -0.002 -19"><span class='ocrx_word' id='word_1_493' title='bbox 448 3190 705 3277; x_wconf 72' lang='lat' dir='ltr'>Quatuor</span> <span class='ocrx_word' id='word_1_494' title='bbox 731 3229 865 3269; x_wconf 84' lang='lat' dir='ltr'>vero</span> <span class='ocrx_word' id='word_1_495' title='bbox 894 3212 1107 3285; x_wconf 85' lang='lat' dir='ltr'>angeli,</span> <span class='ocrx_word' id='word_1_496' title='bbox 1135 3190 1352 3285; x_wconf 80' lang='lat' dir='ltr'>quibus</span> <span class='ocrx_word' id='word_1_497' title='bbox 1383 3212 1673 3286; x_wconf 74' lang='lat' dir='ltr'>prazcipue</span> <span class='ocrx_word' id='word_1_498' title='bbox 1702 3213 1905 3269; x_wconf 87' lang='lat' dir='ltr'>datum</span> <span class='ocrx_word' id='word_1_499' title='bbox 1938 3213 2096 3268; x_wconf 91' lang='lat' dir='ltr'>labo-</span> <span class='ocrx_word' id='word_1_500' title='bbox 2128 3190 2172 3258; x_wconf 70' lang='grc' dir='ltr'>α</span> <span class='ocrx_word' id='word_1_501' title='bbox 2209 3190 2477 3266; x_wconf 70' lang='lat' dir='ltr'>liminare</span> <span class='ocrx_word' id='word_1_502' title='bbox 2525 3190 2760 3280; x_wconf 71' lang='lat' dir='ltr'>domus,</span> <span class='ocrx_word' id='word_1_503' title='bbox 2811 3210 2871 3266; x_wconf 88' lang='lat' dir='ltr'>in</span> <span class='ocrx_word' id='word_1_504' title='bbox 2912 3226 3032 3283; x_wconf 90' lang='lat' dir='ltr'>qua</span> <span class='ocrx_word' id='word_1_505' title='bbox 3073 3190 3275 3282; x_wconf 14' lang='lat' dir='ltr'>agnus,</span> <span class='ocrx_word' id='word_1_506' title='bbox 3308 3190 3745 3264; x_wconf 79' lang='lat' dir='ltr'>comedebatur.</span> <span class='ocrx_word' id='word_1_507' title='bbox 3791 3202 3845 3260; x_wconf 84' lang='lat' dir='ltr'>In</span> 
     </span>
    </p>
   </div>
   <div class='ocr_carea' id='block_1_63' title="bbox 448 3299 2098 3374">
    <p class='ocr_par' dir='ltr' id='par_1_63' title="bbox 448 3299 2098 3374">
     <span class='ocr_line' id='line_1_63' title="bbox 448 3299 2098 3374; baseline 0 -17"><span class='ocrx_word' id='word_1_508' title='bbox 448 3299 716 3357; x_wconf 75' lang='lat' dir='ltr'>tantibus</span> <span class='ocrx_word' id='word_1_509' title='bbox 744 3301 804 3357; x_wconf 92' lang='lat' dir='ltr'>in</span> <span class='ocrx_word' id='word_1_510' title='bbox 826 3304 981 3357; x_wconf 89' lang='lat' dir='ltr'>terra</span> <span class='ocrx_word' id='word_1_511' title='bbox 1008 3305 1067 3359; x_wconf 88' lang='lat' dir='ltr'>et</span> <span class='ocrx_word' id='word_1_512' title='bbox 1088 3301 1235 3357; x_wconf 90' lang='lat' dir='ltr'>mari</span> <span class='ocrx_word' id='word_1_513' title='bbox 1256 3319 1484 3369; x_wconf 90' lang='lat' dir='ltr'>nocere,</span> <span class='ocrx_word' id='word_1_514' title='bbox 1512 3305 1652 3358; x_wconf 87' lang='lat' dir='ltr'>sunt</span> <span class='ocrx_word' id='word_1_515' title='bbox 1672 3300 1915 3374; x_wconf 88' lang='lat' dir='ltr'>spiritus</span> <span class='ocrx_word' id='word_1_516' title='bbox 1929 3301 2098 3357; x_wconf 77' lang='lat' dir='ltr'>luxu-</span> 
     </span>
    </p>
   </div>
   <div class='ocr_carea' id='block_1_64' title="bbox 449 3388 2098 3464">
    <p class='ocr_par' dir='ltr' id='par_1_64' title="bbox 449 3388 2098 3464">
     <span class='ocr_line' id='line_1_64' title="bbox 449 3388 2098 3464; baseline 0.001 -19"><span class='ocrx_word' id='word_1_517' title='bbox 449 3388 568 3456; x_wconf 64' lang='lat' dir='ltr'>riae,</span> <span class='ocrx_word' id='word_1_518' title='bbox 601 3389 846 3462; x_wconf 85' lang='lat' dir='ltr'>spiritus</span> <span class='ocrx_word' id='word_1_519' title='bbox 875 3390 1182 3464; x_wconf 67' lang='lat' dir='ltr'>superbiae,</span> <span class='ocrx_word' id='word_1_520' title='bbox 1230 3391 1472 3463; x_wconf 89' lang='lat' dir='ltr'>spiritus</span> <span class='ocrx_word' id='word_1_521' title='bbox 1503 3390 1945 3463; x_wconf 81' lang='lat' dir='ltr'>gastrimargiae,</span> <span class='ocrx_word' id='word_1_522' title='bbox 1981 3390 2098 3463; x_wconf 90' lang='lat' dir='ltr'>spi-</span> 
     </span>
    </p>
   </div>
   <div class='ocr_carea' id='block_1_65' title="bbox 448 3475 2098 3551">
    <p class='ocr_par' dir='ltr' id='par_1_65' title="bbox 448 3475 2098 3551">
     <span class='ocr_line' id='line_1_65' title="bbox 448 3475 2098 3551; baseline 0.001 -19"><span class='ocrx_word' id='word_1_523' title='bbox 448 3475 597 3532; x_wconf 88' lang='lat' dir='ltr'>ritus</span> <span class='ocrx_word' id='word_1_524' title='bbox 615 3476 884 3533; x_wconf 65' lang='lat' dir='ltr'>avaritize.</span> <span class='ocrx_word' id='word_1_525' title='bbox 905 3477 1067 3534; x_wconf 89' lang='lat' dir='ltr'>Unde</span> <span class='ocrx_word' id='word_1_526' title='bbox 1082 3477 1237 3535; x_wconf 87' lang='lat' dir='ltr'>Joel:</span> <span class='ocrx_word' id='word_1_527' title='bbox 1266 3502 1293 3529; x_wconf 82' lang='lat'><strong>«</strong></span> <span class='ocrx_word' id='word_1_528' title='bbox 1318 3479 1660 3547; x_wconf 84' lang='lat' dir='ltr'>Residuum,</span> <span class='ocrx_word' id='word_1_529' title='bbox 1680 3478 1890 3551; x_wconf 90' lang='lat' dir='ltr'>inquit,</span> <span class='ocrx_word' id='word_1_530' title='bbox 1916 3495 2098 3535; x_wconf 69' lang='lat' dir='ltr'>crucaa</span> 
     </span>
    </p>
   </div>
   <div class='ocr_carea' id='block_1_66' title="bbox 448 3565 2097 3635">
    <p class='ocr_par' dir='ltr' id='par_1_66' title="bbox 448 3565 2097 3635">
     <span class='ocr_line' id='line_1_66' title="bbox 448 3565 2097 3635; baseline 0.002 -13"><span class='ocrx_word' id='word_1_531' title='bbox 448 3565 956 3633; x_wconf 86' lang='lat' dir='ltr'>comeditlocusta,</span> <span class='ocrx_word' id='word_1_532' title='bbox 974 3567 1276 3624; x_wconf 87' lang='lat' dir='ltr'>residuum</span> <span class='ocrx_word' id='word_1_533' title='bbox 1293 3568 1529 3624; x_wconf 68' lang='lat' dir='ltr'>locustae</span> <span class='ocrx_word' id='word_1_534' title='bbox 1542 3569 1797 3624; x_wconf 89' lang='lat' dir='ltr'>comedit</span> <span class='ocrx_word' id='word_1_535' title='bbox 1817 3568 2097 3635; x_wconf 88' lang='lat' dir='ltr'>bruchus,</span> 
     </span>
    </p>
   </div>
   <div class='ocr_carea' id='block_1_67' title="bbox 448 3654 2102 3731">
    <p class='ocr_par' dir='ltr' id='par_1_67' title="bbox 448 3654 2102 3731">
     <span class='ocr_line' id='line_1_67' title="bbox 448 3654 2102 3731; baseline 0.001 -21"><span class='ocrx_word' id='word_1_536' title='bbox 448 3654 749 3710; x_wconf 84' lang='lat' dir='ltr'>residuum</span> <span class='ocrx_word' id='word_1_537' title='bbox 783 3655 989 3711; x_wconf 90' lang='lat' dir='ltr'>bruchi</span> <span class='ocrx_word' id='word_1_538' title='bbox 1012 3657 1266 3712; x_wconf 88' lang='lat' dir='ltr'>comedit</span> <span class='ocrx_word' id='word_1_539' title='bbox 1288 3674 1481 3731; x_wconf 53' lang='lat' dir='ltr'>aerugo</span> <span class='ocrx_word' id='word_1_540' title='bbox 1504 3658 1654 3730; x_wconf 85' lang='lat' dir='ltr'>(Joel.</span> <span class='ocrx_word' id='word_1_541' title='bbox 1688 3662 1752 3725; x_wconf 82' lang='lat'>1.)</span> <span class='ocrx_word' id='word_1_542' title='bbox 1776 3680 1803 3707; x_wconf 88' lang='grc'><strong>››</strong></span> <span class='ocrx_word' id='word_1_543' title='bbox 1826 3658 1977 3714; x_wconf 88' lang='lat' dir='ltr'>Sane</span> <span class='ocrx_word' id='word_1_544' title='bbox 2000 3674 2102 3730; x_wconf 89' lang='lat' dir='ltr'>per</span> 
     </span>
    </p>
   </div>
   <div class='ocr_carea' id='block_1_68' title="bbox 447 3743 2100 3816">
    <p class='ocr_par' dir='ltr' id='par_1_68' title="bbox 447 3743 2100 3816">
     <span class='ocr_line' id='line_1_68' title="bbox 447 3743 2100 3816; baseline 0.002 -17"><span class='ocrx_word' id='word_1_545' title='bbox 447 3758 704 3811; x_wconf 79' lang='lat' dir='ltr'>crucem,</span> <span class='ocrx_word' id='word_1_546' title='bbox 730 3759 857 3816; x_wconf 66' lang='lat' dir='ltr'>qua:</span> <span class='ocrx_word' id='word_1_547' title='bbox 883 3760 952 3801; x_wconf 82' lang='lat' dir='ltr'>ex</span> <span class='ocrx_word' id='word_1_548' title='bbox 971 3743 1228 3802; x_wconf 89' lang='lat' dir='ltr'>oleribus</span> <span class='ocrx_word' id='word_1_549' title='bbox 1244 3747 1509 3803; x_wconf 90' lang='lat' dir='ltr'>nascitur</span> <span class='ocrx_word' id='word_1_550' title='bbox 1527 3751 1584 3803; x_wconf 89' lang='lat' dir='ltr'>et</span> <span class='ocrx_word' id='word_1_551' title='bbox 1607 3746 1780 3813; x_wconf 88' lang='lat' dir='ltr'>foliis,</span> <span class='ocrx_word' id='word_1_552' title='bbox 1807 3750 1864 3802; x_wconf 90' lang='lat' dir='ltr'>et</span> <span class='ocrx_word' id='word_1_553' title='bbox 1884 3763 1952 3802; x_wconf 91' lang='lat' dir='ltr'>ea</span> <span class='ocrx_word' id='word_1_554' title='bbox 1968 3762 2100 3802; x_wconf 90' lang='lat' dir='ltr'>con-</span> 
     </span>
    </p>
   </div>
   <div class='ocr_carea' id='block_1_69' title="bbox 448 3831 2096 3908">
    <p class='ocr_par' dir='ltr' id='par_1_69' title="bbox 448 3831 2096 3908">
     <span class='ocr_line' id='line_1_69' title="bbox 448 3831 2096 3908; baseline 0.001 -20"><span class='ocrx_word' id='word_1_555' title='bbox 448 3831 650 3898; x_wconf 90' lang='lat' dir='ltr'>sumit,</span> <span class='ocrx_word' id='word_1_556' title='bbox 685 3832 1053 3906; x_wconf 88' lang='lat' dir='ltr'>signiﬁcatur</span> <span class='ocrx_word' id='word_1_557' title='bbox 1081 3832 1332 3903; x_wconf 80' lang='lat' dir='ltr'>luxuria,</span> <span class='ocrx_word' id='word_1_558' title='bbox 1363 3852 1490 3908; x_wconf 72' lang='lat' dir='ltr'>quae</span> <span class='ocrx_word' id='word_1_559' title='bbox 1517 3853 1585 3891; x_wconf 84' lang='lat' dir='ltr'>ex</span> <span class='ocrx_word' id='word_1_560' title='bbox 1615 3852 1785 3891; x_wconf 90' lang='lat' dir='ltr'>carne</span> <span class='ocrx_word' id='word_1_561' title='bbox 1816 3834 2096 3905; x_wconf 88' lang='lat' dir='ltr'>nascitur,</span> 
     </span>
    </p>
   </div>
   <div class='ocr_carea' id='block_1_70' title="bbox 448 3922 2097 3996">
    <p class='ocr_par' dir='ltr' id='par_1_70' title="bbox 448 3922 2097 3996">
     <span class='ocr_line' id='line_1_70' title="bbox 448 3922 2097 3996; baseline 0.001 -19"><span class='ocrx_word' id='word_1_562' title='bbox 448 3923 506 3977; x_wconf 90' lang='lat' dir='ltr'>et</span> <span class='ocrx_word' id='word_1_563' title='bbox 534 3936 663 3976; x_wconf 80' lang='lat' dir='ltr'>eam</span> <span class='ocrx_word' id='word_1_564' title='bbox 692 3922 1012 3978; x_wconf 89' lang='lat' dir='ltr'>consumit.</span> <span class='ocrx_word' id='word_1_565' title='bbox 1046 3922 1155 3979; x_wconf 91' lang='lat' dir='ltr'>Per</span> <span class='ocrx_word' id='word_1_566' title='bbox 1172 3922 1461 3979; x_wconf 89' lang='lat' dir='ltr'>locustam</span> <span class='ocrx_word' id='word_1_567' title='bbox 1484 3940 1638 3992; x_wconf 84' lang='lat' dir='ltr'>vero,</span> <span class='ocrx_word' id='word_1_568' title='bbox 1664 3941 1791 3996; x_wconf 83' lang='lat' dir='ltr'>quae</span> <span class='ocrx_word' id='word_1_569' title='bbox 1822 3924 1883 3979; x_wconf 91' lang='lat' dir='ltr'>in</span> <span class='ocrx_word' id='word_1_570' title='bbox 1911 3923 2097 3980; x_wconf 91' lang='lat' dir='ltr'>altum</span> 
     </span>
    </p>
   </div>
   <div class='ocr_carea' id='block_1_71' title="bbox 449 4010 2102 4087">
    <p class='ocr_par' dir='ltr' id='par_1_71' title="bbox 449 4010 2102 4087">
     <span class='ocr_line' id='line_1_71' title="bbox 449 4010 2102 4087; baseline 0 -19"><span class='ocrx_word' id='word_1_571' title='bbox 449 4010 608 4081; x_wconf 86' lang='lat' dir='ltr'>salit,</span> <span class='ocrx_word' id='word_1_572' title='bbox 638 4013 697 4065; x_wconf 89' lang='lat' dir='ltr'>et</span> <span class='ocrx_word' id='word_1_573' title='bbox 724 4011 837 4066; x_wconf 91' lang='lat' dir='ltr'>cito</span> <span class='ocrx_word' id='word_1_574' title='bbox 868 4011 1201 4083; x_wconf 87' lang='lat' dir='ltr'>deponitur,</span> <span class='ocrx_word' id='word_1_575' title='bbox 1249 4012 1616 4086; x_wconf 87' lang='lat' dir='ltr'>signiﬁcatur</span> <span class='ocrx_word' id='word_1_576' title='bbox 1652 4013 1964 4087; x_wconf 85' lang='lat' dir='ltr'>superbia;</span> <span class='ocrx_word' id='word_1_577' title='bbox 1999 4029 2102 4085; x_wconf 89' lang='lat' dir='ltr'>per</span> 
     </span>
    </p>
   </div>
   <div class='ocr_carea' id='block_1_72' title="bbox 449 4098 2101 4175">
    <p class='ocr_par' dir='ltr' id='par_1_72' title="bbox 449 4098 2101 4175">
     <span class='ocr_line' id='line_1_72' title="bbox 449 4098 2101 4175; baseline -0.001 -18"><span class='ocrx_word' id='word_1_578' title='bbox 449 4098 761 4165; x_wconf 84' lang='lat' dir='ltr'>bruchum,</span> <span class='ocrx_word' id='word_1_579' title='bbox 796 4099 897 4171; x_wconf 90' lang='lat' dir='ltr'>qui</span> <span class='ocrx_word' id='word_1_580' title='bbox 922 4104 1012 4156; x_wconf 89' lang='lat' dir='ltr'>est</span> <span class='ocrx_word' id='word_1_581' title='bbox 1041 4101 1193 4157; x_wconf 88' lang='lat' dir='ltr'>fetus</span> <span class='ocrx_word' id='word_1_582' title='bbox 1214 4101 1471 4165; x_wconf 66' lang='lat' dir='ltr'>locustae,</span> <span class='ocrx_word' id='word_1_583' title='bbox 1506 4105 1819 4175; x_wconf 87' lang='lat' dir='ltr'>antequam</span> <span class='ocrx_word' id='word_1_584' title='bbox 1853 4101 1976 4158; x_wconf 88' lang='lat' dir='ltr'>alas</span> <span class='ocrx_word' id='word_1_585' title='bbox 2000 4100 2101 4155; x_wconf 88' lang='lat' dir='ltr'>ha-</span> 
     </span>
    </p>
   </div>
   <div class='ocr_carea' id='block_1_73' title="bbox 450 4186 2101 4263">
    <p class='ocr_par' dir='ltr' id='par_1_73' title="bbox 450 4186 2101 4263">
     <span class='ocr_line' id='line_1_73' title="bbox 450 4186 2101 4263; baseline 0 -19"><span class='ocrx_word' id='word_1_586' title='bbox 450 4188 604 4254; x_wconf 88' lang='lat' dir='ltr'>beat,</span> <span class='ocrx_word' id='word_1_587' title='bbox 640 4186 739 4259; x_wconf 91' lang='lat' dir='ltr'>qui</span> <span class='ocrx_word' id='word_1_588' title='bbox 773 4186 1084 4259; x_wconf 85' lang='lat' dir='ltr'>semperin</span> <span class='ocrx_word' id='word_1_589' title='bbox 1113 4187 1231 4245; x_wconf 90' lang='lat' dir='ltr'>imo</span> <span class='ocrx_word' id='word_1_590' title='bbox 1253 4190 1459 4262; x_wconf 86' lang='lat' dir='ltr'>jacens</span> <span class='ocrx_word' id='word_1_591' title='bbox 1490 4189 1635 4257; x_wconf 92' lang='lat' dir='ltr'>loco,</span> <span class='ocrx_word' id='word_1_592' title='bbox 1667 4190 1909 4250; x_wconf 87' lang='lat' dir='ltr'>herbam</span> <span class='ocrx_word' id='word_1_593' title='bbox 1942 4190 2101 4263; x_wconf 90' lang='lat' dir='ltr'>peni-</span> 
     </span>
    </p>
   </div>
   <div class='ocr_carea' id='block_1_74' title="bbox 449 4275 2099 4353">
    <p class='ocr_par' dir='ltr' id='par_1_74' title="bbox 449 4275 2099 4353">
     <span class='ocr_line' id='line_1_74' title="bbox 449 4275 2099 4353; baseline 0.002 -21"><span class='ocrx_word' id='word_1_594' title='bbox 449 4280 548 4333; x_wconf 90' lang='lat' dir='ltr'>tus</span> <span class='ocrx_word' id='word_1_595' title='bbox 579 4275 855 4343; x_wconf 89' lang='lat' dir='ltr'>corrodit,</span> <span class='ocrx_word' id='word_1_596' title='bbox 888 4280 1124 4333; x_wconf 89' lang='lat' dir='ltr'>notatur</span> <span class='ocrx_word' id='word_1_597' title='bbox 1165 4277 1597 4352; x_wconf 86' lang='lat' dir='ltr'>gastrimargia.</span> <span class='ocrx_word' id='word_1_598' title='bbox 1630 4282 1738 4336; x_wconf 91' lang='lat' dir='ltr'>Per</span> <span class='ocrx_word' id='word_1_599' title='bbox 1766 4279 2099 4353; x_wconf 85' lang='lat' dir='ltr'>rubiginem</span> 
     </span>
    </p>
   </div>
   <div class='ocr_carea' id='block_1_75' title="bbox 448 4365 2096 4440">
    <p class='ocr_par' dir='ltr' id='par_1_75' title="bbox 448 4365 2096 4440">
     <span class='ocr_line' id='line_1_75' title="bbox 448 4365 2096 4440; baseline 0.001 -19"><span class='ocrx_word' id='word_1_600' title='bbox 448 4383 605 4433; x_wconf 85' lang='lat' dir='ltr'>vero,</span> <span class='ocrx_word' id='word_1_601' title='bbox 648 4382 776 4438; x_wconf 72' lang='lat' dir='ltr'>qua:</span> <span class='ocrx_word' id='word_1_602' title='bbox 826 4365 1064 4421; x_wconf 90' lang='lat' dir='ltr'>metalla</span> <span class='ocrx_word' id='word_1_603' title='bbox 1111 4366 1396 4438; x_wconf 88' lang='lat' dir='ltr'>sequitur,</span> <span class='ocrx_word' id='word_1_604' title='bbox 1452 4368 1691 4423; x_wconf 87' lang='lat' dir='ltr'>avaritia</span> <span class='ocrx_word' id='word_1_605' title='bbox 1735 4368 2096 4440; x_wconf 87' lang='lat' dir='ltr'>designatur.</span> 
     </span>
    </p>
   </div>
   <div class='ocr_carea' id='block_1_76' title="bbox 451 4444 2100 4528">
    <p class='ocr_par' dir='ltr' id='par_1_76' title="bbox 451 4444 2100 4528">
     <span class='ocr_line' id='line_1_76' title="bbox 451 4444 2100 4528; baseline -0.001 -15"><span class='ocrx_word' id='word_1_606' title='bbox 451 4454 669 4513; x_wconf 88' lang='lat' dir='ltr'>Multos</span> <span class='ocrx_word' id='word_1_607' title='bbox 694 4455 911 4527; x_wconf 90' lang='lat' dir='ltr'>quippe</span> <span class='ocrx_word' id='word_1_608' title='bbox 942 4455 1238 4512; x_wconf 89' lang='lat' dir='ltr'>consumit</span> <span class='ocrx_word' id='word_1_609' title='bbox 1259 4444 1508 4512; x_wconf 81' lang='lat' dir='ltr'>luxuria.</span> <span class='ocrx_word' id='word_1_610' title='bbox 1542 4457 1611 4512; x_wconf 89' lang='lat' dir='ltr'>Et</span> <span class='ocrx_word' id='word_1_611' title='bbox 1641 4473 1791 4528; x_wconf 90' lang='lat' dir='ltr'>quos</span> <span class='ocrx_word' id='word_1_612' title='bbox 1820 4474 1935 4512; x_wconf 91' lang='lat' dir='ltr'>non</span> <span class='ocrx_word' id='word_1_613' title='bbox 1968 4473 2100 4513; x_wconf 91' lang='lat' dir='ltr'>con-</span> 
     </span>
    </p>
   </div>
   <div class='ocr_carea' id='block_1_77' title="bbox 2209 3292 3843 3357">
    <p class='ocr_par' dir='ltr' id='par_1_77' title="bbox 2209 3292 3843 3357">
     <span class='ocr_line' id='line_1_77' title="bbox 2209 3292 3843 3357; baseline -0.006 0"><span class='ocrx_word' id='word_1_614' title='bbox 2209 3299 2652 3357; x_wconf 88' lang='lat' dir='ltr'>conﬁrmatione</span> <span class='ocrx_word' id='word_1_615' title='bbox 2696 3315 2831 3357; x_wconf 90' lang='lat' dir='ltr'>vero</span> <span class='ocrx_word' id='word_1_616' title='bbox 2863 3300 2931 3355; x_wconf 87' lang='lat' dir='ltr'>ﬁt</span> <span class='ocrx_word' id='word_1_617' title='bbox 2959 3298 3158 3355; x_wconf 89' lang='lat' dir='ltr'>unctio</span> <span class='ocrx_word' id='word_1_618' title='bbox 3204 3296 3267 3352; x_wconf 89' lang='lat' dir='ltr'>in</span> <span class='ocrx_word' id='word_1_619' title='bbox 3300 3295 3546 3353; x_wconf 85' lang='lat' dir='ltr'>modum</span> <span class='ocrx_word' id='word_1_620' title='bbox 3574 3293 3766 3351; x_wconf 88' lang='lat' dir='ltr'>crucis</span> <span class='ocrx_word' id='word_1_621' title='bbox 3792 3292 3843 3347; x_wconf 81' lang='lat' dir='ltr'>in</span> 
     </span>
    </p>
   </div>
   <div class='ocr_carea' id='block_1_78' title="bbox 2209 3379 3844 3461">
    <p class='ocr_par' dir='ltr' id='par_1_78' title="bbox 2209 3379 3844 3461">
     <span class='ocr_line' id='line_1_78' title="bbox 2209 3379 3844 3461; baseline -0.002 -18"><span class='ocrx_word' id='word_1_622' title='bbox 2209 3388 2417 3455; x_wconf 86' lang='lat' dir='ltr'>fronte,</span> <span class='ocrx_word' id='word_1_623' title='bbox 2444 3405 2572 3460; x_wconf 71' lang='lat' dir='ltr'>quae</span> <span class='ocrx_word' id='word_1_624' title='bbox 2594 3396 2684 3444; x_wconf 89' lang='lat' dir='ltr'>est</span> <span class='ocrx_word' id='word_1_625' title='bbox 2703 3388 2871 3445; x_wconf 89' lang='lat' dir='ltr'>sedes</span> <span class='ocrx_word' id='word_1_626' title='bbox 2889 3386 3131 3461; x_wconf 88' lang='lat' dir='ltr'>pudoris</span> <span class='ocrx_word' id='word_1_627' title='bbox 3153 3391 3213 3442; x_wconf 88' lang='lat' dir='ltr'>et</span> <span class='ocrx_word' id='word_1_628' title='bbox 3228 3395 3366 3458; x_wconf 87' lang='lat' dir='ltr'>pars</span> <span class='ocrx_word' id='word_1_629' title='bbox 3390 3383 3659 3456; x_wconf 84' lang='lat' dir='ltr'>corporis</span> <span class='ocrx_word' id='word_1_630' title='bbox 3678 3379 3844 3455; x_wconf 73' lang='lat' dir='ltr'>magis</span> 
     </span>
    </p>
   </div>
   <div class='ocr_carea' id='block_1_79' title="bbox 2209 3469 3846 3545">
    <p class='ocr_par' dir='ltr' id='par_1_79' title="bbox 2209 3469 3846 3545">
     <span class='ocr_line' id='line_1_79' title="bbox 2209 3469 3846 3545; baseline -0.004 -12"><span class='ocrx_word' id='word_1_631' title='bbox 2209 3478 2497 3545; x_wconf 90' lang='lat' dir='ltr'>eminens,</span> <span class='ocrx_word' id='word_1_632' title='bbox 2530 3482 2594 3532; x_wconf 92' lang='lat' dir='ltr'>ut</span> <span class='ocrx_word' id='word_1_633' title='bbox 2626 3477 2798 3533; x_wconf 90' lang='lat' dir='ltr'>ﬁdem</span> <span class='ocrx_word' id='word_1_634' title='bbox 2831 3475 3047 3533; x_wconf 90' lang='lat' dir='ltr'>Christi</span> <span class='ocrx_word' id='word_1_635' title='bbox 3076 3491 3192 3531; x_wconf 90' lang='lat' dir='ltr'>non</span> <span class='ocrx_word' id='word_1_636' title='bbox 3210 3475 3520 3531; x_wconf 81' lang='lat' dir='ltr'>erubescat</span> <span class='ocrx_word' id='word_1_637' title='bbox 3534 3472 3602 3528; x_wconf 90' lang='lat' dir='ltr'>in</span> <span class='ocrx_word' id='word_1_638' title='bbox 3621 3469 3846 3528; x_wconf 66' lang='lat' dir='ltr'>tribula-</span> 
     </span>
    </p>
   </div>
   <div class='ocr_carea' id='block_1_80' title="bbox 2207 3561 3843 3638">
    <p class='ocr_par' dir='ltr' id='par_1_80' title="bbox 2207 3561 3843 3638">
     <span class='ocr_line' id='line_1_80' title="bbox 2207 3561 3843 3638; baseline -0.004 -16"><span class='ocrx_word' id='word_1_639' title='bbox 2207 3566 2388 3633; x_wconf 88' lang='lat' dir='ltr'>tione,</span> <span class='ocrx_word' id='word_1_640' title='bbox 2441 3566 2541 3622; x_wconf 88' lang='lat' dir='ltr'>sed</span> <span class='ocrx_word' id='word_1_641' title='bbox 2592 3567 2789 3638; x_wconf 88' lang='lat' dir='ltr'>potius</span> <span class='ocrx_word' id='word_1_642' title='bbox 2837 3566 3185 3622; x_wconf 88' lang='lat' dir='ltr'>conﬁteatur</span> <span class='ocrx_word' id='word_1_643' title='bbox 3231 3568 3290 3620; x_wconf 87' lang='lat' dir='ltr'>et</span> <span class='ocrx_word' id='word_1_644' title='bbox 3317 3561 3597 3637; x_wconf 62' lang='lat' dir='ltr'>pradicet</span> <span class='ocrx_word' id='word_1_645' title='bbox 3650 3562 3843 3634; x_wconf 75' lang='lat' dir='ltr'>aperte.</span> 
     </span>
    </p>
   </div>
   <div class='ocr_carea' id='block_1_81' title="bbox 2208 3651 3847 3729">
    <p class='ocr_par' dir='ltr' id='par_1_81' title="bbox 2208 3651 3847 3729">
     <span class='ocr_line' id='line_1_81' title="bbox 2208 3651 3847 3729; baseline -0.004 -19"><span class='ocrx_word' id='word_1_646' title='bbox 2208 3656 2373 3721; x_wconf 89' lang='lat' dir='ltr'>Quod</span> <span class='ocrx_word' id='word_1_647' title='bbox 2400 3655 2550 3712; x_wconf 88' lang='lat' dir='ltr'>bene</span> <span class='ocrx_word' id='word_1_648' title='bbox 2569 3656 2960 3729; x_wconf 88' lang='lat' dir='ltr'>signiﬁcatur,</span> <span class='ocrx_word' id='word_1_649' title='bbox 2982 3671 3087 3727; x_wconf 88' lang='lat' dir='ltr'>per</span> <span class='ocrx_word' id='word_1_650' title='bbox 3106 3653 3217 3710; x_wconf 86' lang='lat' dir='ltr'>hoc</span> <span class='ocrx_word' id='word_1_651' title='bbox 3237 3652 3394 3726; x_wconf 92' lang='lat' dir='ltr'>quod</span> <span class='ocrx_word' id='word_1_652' title='bbox 3416 3651 3713 3708; x_wconf 82' lang='lat' dir='ltr'>Dominus</span> <span class='ocrx_word' id='word_1_653' title='bbox 3728 3663 3847 3721; x_wconf 79' lang='lat' dir='ltr'>pne-</span> 
     </span>
    </p>
   </div>
   <div class='ocr_carea' id='block_1_82' title="bbox 2209 3737 3846 3817">
    <p class='ocr_par' dir='ltr' id='par_1_82' title="bbox 2209 3737 3846 3817">
     <span class='ocr_line' id='line_1_82' title="bbox 2209 3737 3846 3817; baseline -0.003 -18"><span class='ocrx_word' id='word_1_654' title='bbox 2209 3743 2362 3816; x_wconf 92' lang='lat' dir='ltr'>cepit</span> <span class='ocrx_word' id='word_1_655' title='bbox 2380 3744 2440 3799; x_wconf 89' lang='lat' dir='ltr'>in</span> <span class='ocrx_word' id='word_1_656' title='bbox 2465 3743 2762 3801; x_wconf 88' lang='lat' dir='ltr'>Ezechiele</span> <span class='ocrx_word' id='word_1_657' title='bbox 2782 3743 3003 3817; x_wconf 91' lang='lat' dir='ltr'>signari</span> <span class='ocrx_word' id='word_1_658' title='bbox 3022 3742 3279 3799; x_wconf 84' lang='lat' dir='ltr'>litteram</span> <span class='ocrx_word' id='word_1_659' title='bbox 3302 3740 3470 3797; x_wconf 89' lang='lat' dir='ltr'>Thau</span> <span class='ocrx_word' id='word_1_660' title='bbox 3486 3740 3557 3796; x_wconf 78' lang='lat' dir='ltr'>in</span> <span class='ocrx_word' id='word_1_661' title='bbox 3574 3737 3846 3796; x_wconf 72' lang='lat' dir='ltr'>frontibus</span> 
     </span>
    </p>
   </div>
   <div class='ocr_carea' id='block_1_83' title="bbox 2207 3829 3843 3907">
    <p class='ocr_par' dir='ltr' id='par_1_83' title="bbox 2207 3829 3843 3907">
     <span class='ocr_line' id='line_1_83' title="bbox 2207 3829 3843 3907; baseline -0.002 -17"><span class='ocrx_word' id='word_1_662' title='bbox 2207 3833 2531 3890; x_wconf 91' lang='lat' dir='ltr'>dolentium</span> <span class='ocrx_word' id='word_1_663' title='bbox 2560 3837 2620 3890; x_wconf 89' lang='lat' dir='ltr'>et</span> <span class='ocrx_word' id='word_1_664' title='bbox 2650 3834 3013 3907; x_wconf 87' lang='lat' dir='ltr'>gementium</span> <span class='ocrx_word' id='word_1_665' title='bbox 3042 3833 3114 3889; x_wconf 84' lang='lat' dir='ltr'>de</span> <span class='ocrx_word' id='word_1_666' title='bbox 3143 3830 3564 3904; x_wconf 80' lang='lat' dir='ltr'>iniquitatibus</span> <span class='ocrx_word' id='word_1_667' title='bbox 3592 3829 3843 3893; x_wconf 75' lang='lat' dir='ltr'>aliorum.</span> 
     </span>
    </p>
   </div>
   <div class='ocr_carea' id='block_1_84' title="bbox 2209 3920 3845 3994">
    <p class='ocr_par' dir='ltr' id='par_1_84' title="bbox 2209 3920 3845 3994">
     <span class='ocr_line' id='line_1_84' title="bbox 2209 3920 3845 3994; baseline -0.004 -15"><span class='ocrx_word' id='word_1_668' title='bbox 2209 3928 2276 3979; x_wconf 88' lang='lat' dir='ltr'>ut</span> <span class='ocrx_word' id='word_1_669' title='bbox 2305 3922 2389 3979; x_wconf 92' lang='lat' dir='ltr'>sic</span> <span class='ocrx_word' id='word_1_670' title='bbox 2439 3922 2908 3979; x_wconf 84' lang='lat' dir='ltr'>discernerentur</span> <span class='ocrx_word' id='word_1_671' title='bbox 2936 3926 2994 3978; x_wconf 89' lang='lat' dir='ltr'>et</span> <span class='ocrx_word' id='word_1_672' title='bbox 3038 3920 3559 3994; x_wconf 75' lang='lat' dir='ltr'>prtemunirentur,</span> <span class='ocrx_word' id='word_1_673' title='bbox 3599 3934 3705 3975; x_wconf 80' lang='lat' dir='ltr'>nec</span> <span class='ocrx_word' id='word_1_674' title='bbox 3730 3926 3845 3973; x_wconf 82' lang='lat' dir='ltr'>eum</span> 
     </span>
    </p>
   </div>
   <div class='ocr_carea' id='block_1_85' title="bbox 2208 4008 3846 4085">
    <p class='ocr_par' dir='ltr' id='par_1_85' title="bbox 2208 4008 3846 4085">
     <span class='ocr_line' id='line_1_85' title="bbox 2208 4008 3846 4085; baseline -0.003 -18"><span class='ocrx_word' id='word_1_675' title='bbox 2208 4011 2613 4085; x_wconf 88' lang='lat' dir='ltr'>peccatoribus</span> <span class='ocrx_word' id='word_1_676' title='bbox 2654 4013 3053 4084; x_wconf 89' lang='lat' dir='ltr'>perderentur.</span> <span class='ocrx_word' id='word_1_677' title='bbox 3085 4014 3152 4067; x_wconf 87' lang='lat' dir='ltr'>Et</span> <span class='ocrx_word' id='word_1_678' title='bbox 3180 4010 3391 4078; x_wconf 76' lang='lat' dir='ltr'>audivi,</span> <span class='ocrx_word' id='word_1_679' title='bbox 3420 4008 3650 4081; x_wconf 83' lang='lat' dir='ltr'>inquit,</span> <span class='ocrx_word' id='word_1_680' title='bbox 3676 4020 3846 4063; x_wconf 65' lang='lat' dir='ltr'>nm</span> 
     </span>
    </p>
   </div>
   <div class='ocr_carea' id='block_1_86' title="bbox 2207 4096 3848 4174">
    <p class='ocr_par' dir='ltr' id='par_1_86' title="bbox 2207 4096 3848 4174">
     <span class='ocr_line' id='line_1_86' title="bbox 2207 4096 3848 4174; baseline -0.004 -17"><span class='ocrx_word' id='word_1_681' title='bbox 2207 4118 2335 4157; x_wconf 83' lang='lat' dir='ltr'>rum</span> <span class='ocrx_word' id='word_1_682' title='bbox 2359 4102 2733 4174; x_wconf 76' lang='lat' dir='ltr'>signatorum,</span> <span class='ocrx_word' id='word_1_683' title='bbox 2772 4109 2991 4157; x_wconf 84' lang='lat' dir='ltr'>centum</span> <span class='ocrx_word' id='word_1_684' title='bbox 3018 4100 3390 4173; x_wconf 72' lang='lat' dir='ltr'>quadraginta</span> <span class='ocrx_word' id='word_1_685' title='bbox 3416 4107 3662 4171; x_wconf 77' lang='lat' dir='ltr'>quatuor</span> <span class='ocrx_word' id='word_1_686' title='bbox 3686 4096 3848 4152; x_wconf 73' lang='lat' dir='ltr'>mittis</span> 
     </span>
    </p>
   </div>
   <div class='ocr_carea' id='block_1_87' title="bbox 2206 4185 3849 4262">
    <p class='ocr_par' dir='ltr' id='par_1_87' title="bbox 2206 4185 3849 4262">
     <span class='ocr_line' id='line_1_87' title="bbox 2206 4185 3849 4262; baseline -0.003 -16"><span class='ocrx_word' id='word_1_687' title='bbox 2206 4192 2417 4260; x_wconf 82' lang='lat' dir='ltr'>signati</span> <span class='ocrx_word' id='word_1_688' title='bbox 2442 4206 2513 4246; x_wconf 72' lang='lat' dir='ltr'>ex</span> <span class='ocrx_word' id='word_1_689' title='bbox 2542 4192 2694 4246; x_wconf 82' lang='lat' dir='ltr'>tribu</span> <span class='ocrx_word' id='word_1_690' title='bbox 2720 4191 2968 4262; x_wconf 83' lang='lat' dir='ltr'>ﬁliorum</span> <span class='ocrx_word' id='word_1_691' title='bbox 2994 4190 3186 4246; x_wconf 68' lang='lat' dir='ltr'>Israel.</span> <span class='ocrx_word' id='word_1_692' title='bbox 3215 4189 3363 4246; x_wconf 84' lang='lat' dir='ltr'>Cum</span> <span class='ocrx_word' id='word_1_693' title='bbox 3403 4189 3583 4260; x_wconf 78' lang='lat' dir='ltr'>juxta</span> <span class='ocrx_word' id='word_1_694' title='bbox 3608 4185 3849 4244; x_wconf 75' lang='lat' dir='ltr'>litteram</span> 
     </span>
    </p>
   </div>
   <div class='ocr_carea' id='block_1_88' title="bbox 2206 4271 3851 4351">
    <p class='ocr_par' dir='ltr' id='par_1_88' title="bbox 2206 4271 3851 4351">
     <span class='ocr_line' id='line_1_88' title="bbox 2206 4271 3851 4351; baseline -0.001 -18"><span class='ocrx_word' id='word_1_695' title='bbox 2206 4279 2474 4334; x_wconf 86' lang='lat' dir='ltr'>videatur</span> <span class='ocrx_word' id='word_1_696' title='bbox 2487 4294 2591 4351; x_wconf 89' lang='lat' dir='ltr'>per</span> <span class='ocrx_word' id='word_1_697' title='bbox 2610 4278 2768 4334; x_wconf 91' lang='lat' dir='ltr'>hunc</span> <span class='ocrx_word' id='word_1_698' title='bbox 2788 4295 3103 4335; x_wconf 89' lang='lat' dir='ltr'>numerum</span> <span class='ocrx_word' id='word_1_699' title='bbox 3125 4277 3338 4335; x_wconf 80' lang='lat' dir='ltr'>electos</span> <span class='ocrx_word' id='word_1_700' title='bbox 3358 4278 3430 4333; x_wconf 87' lang='lat' dir='ltr'>de</span> <span class='ocrx_word' id='word_1_701' title='bbox 3448 4271 3851 4347; x_wconf 47' lang='lat' dir='ltr'>Judaissigli‘</span> 
     </span>
    </p>
   </div>
   <div class='ocr_carea' id='block_1_89' title="bbox 2208 4363 3852 4440">
    <p class='ocr_par' dir='ltr' id='par_1_89' title="bbox 2208 4363 3852 4440">
     <span class='ocr_line' id='line_1_89' title="bbox 2208 4363 3852 4440; baseline -0.002 -18"><span class='ocrx_word' id='word_1_702' title='bbox 2208 4368 2402 4433; x_wconf 83' lang='lat' dir='ltr'>ﬁcere,</span> <span class='ocrx_word' id='word_1_703' title='bbox 2430 4372 2488 4423; x_wconf 87' lang='lat' dir='ltr'>et</span> <span class='ocrx_word' id='word_1_704' title='bbox 2506 4384 2611 4440; x_wconf 93' lang='lat' dir='ltr'>per</span> <span class='ocrx_word' id='word_1_705' title='bbox 2629 4368 2865 4424; x_wconf 90' lang='lat' dir='ltr'>turbam</span> <span class='ocrx_word' id='word_1_706' title='bbox 2889 4366 3403 4435; x_wconf 84' lang='lat' dir='ltr'>innumerabilem,</span> <span class='ocrx_word' id='word_1_707' title='bbox 3426 4382 3613 4439; x_wconf 81' lang='lat' dir='ltr'>quam</span> <span class='ocrx_word' id='word_1_708' title='bbox 3630 4363 3852 4436; x_wconf 74' lang='lat' dir='ltr'>subjun—</span> 
     </span>
    </p>
   </div>
   <div class='ocr_carea' id='block_1_90' title="bbox 2209 4448 3852 4530">
    <p class='ocr_par' dir='ltr' id='par_1_90' title="bbox 2209 4448 3852 4530">
     <span class='ocr_line' id='line_1_90' title="bbox 2209 4448 3852 4530; baseline -0.004 -18"><span class='ocrx_word' id='word_1_709' title='bbox 2209 4457 2313 4530; x_wconf 91' lang='lat' dir='ltr'>git,</span> <span class='ocrx_word' id='word_1_710' title='bbox 2347 4455 2562 4513; x_wconf 88' lang='lat' dir='ltr'>electos</span> <span class='ocrx_word' id='word_1_711' title='bbox 2591 4457 2663 4512; x_wconf 90' lang='lat' dir='ltr'>de</span> <span class='ocrx_word' id='word_1_712' title='bbox 2682 4457 2979 4530; x_wconf 86' lang='lat' dir='ltr'>gentibus.</span> <span class='ocrx_word' id='word_1_713' title='bbox 3012 4457 3123 4514; x_wconf 87' lang='lat' dir='ltr'>Sed</span> <span class='ocrx_word' id='word_1_714' title='bbox 3154 4456 3296 4529; x_wconf 88' lang='lat' dir='ltr'>quia</span> <span class='ocrx_word' id='word_1_715' title='bbox 3324 4472 3507 4528; x_wconf 82' lang='lat' dir='ltr'>super</span> <span class='ocrx_word' id='word_1_716' title='bbox 3524 4455 3640 4511; x_wconf 84' lang='lat' dir='ltr'>hoc</span> <span class='ocrx_word' id='word_1_717' title='bbox 3662 4448 3852 4509; x_wconf 77' lang='lat' dir='ltr'>incerti</span> 
     </span>
    </p>
   </div>
   <div class='ocr_carea' id='block_1_91' title="bbox 451 4537 3849 4629">
    <p class='ocr_par' dir='ltr' id='par_1_91' title="bbox 451 4537 3849 4629">
     <span class='ocr_line' id='line_1_91' title="bbox 451 4537 3849 4629; baseline -0.001 -27"><span class='ocrx_word' id='word_1_718' title='bbox 451 4544 635 4602; x_wconf 90' lang='lat' dir='ltr'>sumit</span> <span class='ocrx_word' id='word_1_719' title='bbox 663 4542 916 4611; x_wconf 81' lang='lat' dir='ltr'>luxuria,</span> <span class='ocrx_word' id='word_1_720' title='bbox 948 4544 1251 4600; x_wconf 77' lang='lat' dir='ltr'>tumefecit</span> <span class='ocrx_word' id='word_1_721' title='bbox 1270 4545 1563 4617; x_wconf 89' lang='lat' dir='ltr'>superbia.</span> <span class='ocrx_word' id='word_1_722' title='bbox 1592 4545 1659 4601; x_wconf 88' lang='lat' dir='ltr'>Et</span> <span class='ocrx_word' id='word_1_723' title='bbox 1683 4562 1832 4618; x_wconf 89' lang='lat' dir='ltr'>quos</span> <span class='ocrx_word' id='word_1_724' title='bbox 1862 4546 1974 4602; x_wconf 87' lang='lat' dir='ltr'>ista</span> <span class='ocrx_word' id='word_1_725' title='bbox 1994 4562 2101 4601; x_wconf 89' lang='lat' dir='ltr'>nos</span> <span class='ocrx_word' id='word_1_726' title='bbox 2132 4565 2178 4629; x_wconf 74' lang='grc' dir='ltr'>Ι)</span> <span class='ocrx_word' id='word_1_727' title='bbox 2210 4561 2440 4612; x_wconf 90' lang='lat' dir='ltr'>sumus,</span> <span class='ocrx_word' id='word_1_728' title='bbox 2472 4550 2530 4601; x_wconf 90' lang='lat' dir='ltr'>et</span> <span class='ocrx_word' id='word_1_729' title='bbox 2556 4546 2676 4602; x_wconf 88' lang='lat' dir='ltr'>tere</span> <span class='ocrx_word' id='word_1_730' title='bbox 2704 4549 2863 4603; x_wconf 89' lang='lat' dir='ltr'>totus</span> <span class='ocrx_word' id='word_1_731' title='bbox 2894 4546 3004 4602; x_wconf 88' lang='lat' dir='ltr'>iste</span> <span class='ocrx_word' id='word_1_732' title='bbox 3034 4545 3183 4602; x_wconf 82' lang='lat' dir='ltr'>liber</span> <span class='ocrx_word' id='word_1_733' title='bbox 3210 4544 3623 4619; x_wconf 68' lang='lat' dir='ltr'>enigmaticus</span> <span class='ocrx_word' id='word_1_734' title='bbox 3652 4546 3763 4609; x_wconf 81' lang='lat' dir='ltr'>est,</span> <span class='ocrx_word' id='word_1_735' title='bbox 3789 4537 3849 4594; x_wconf 73' lang='lat' dir='ltr'>ad</span> 
     </span>
    </p>
   </div>
   <div class='ocr_carea' id='block_1_92' title="bbox 451 4632 2098 4707">
    <p class='ocr_par' dir='ltr' id='par_1_92' title="bbox 451 4632 2098 4707">
     <span class='ocr_line' id='line_1_92' title="bbox 451 4632 2098 4707; baseline -0.002 -14"><span class='ocrx_word' id='word_1_736' title='bbox 451 4636 750 4707; x_wconf 83' lang='lat' dir='ltr'>superant,</span> <span class='ocrx_word' id='word_1_737' title='bbox 781 4636 1020 4706; x_wconf 89' lang='lat' dir='ltr'>superat</span> <span class='ocrx_word' id='word_1_738' title='bbox 1040 4632 1343 4706; x_wconf 89' lang='lat' dir='ltr'>gulositas.</span> <span class='ocrx_word' id='word_1_739' title='bbox 1377 4636 1531 4700; x_wconf 91' lang='lat' dir='ltr'>Quos</span> <span class='ocrx_word' id='word_1_740' title='bbox 1548 4650 1682 4690; x_wconf 92' lang='lat' dir='ltr'>vero</span> <span class='ocrx_word' id='word_1_741' title='bbox 1705 4633 1935 4690; x_wconf 91' lang='lat' dir='ltr'>nullum</span> <span class='ocrx_word' id='word_1_742' title='bbox 1960 4635 2098 4690; x_wconf 84' lang='lat' dir='ltr'>isto-</span> 
     </span>
    </p>
   </div>
   <div class='ocr_carea' id='block_1_93' title="bbox 450 4721 2102 4796">
    <p class='ocr_par' dir='ltr' id='par_1_93' title="bbox 450 4721 2102 4796">
     <span class='ocr_line' id='line_1_93' title="bbox 450 4721 2102 4796; baseline -0.001 -16"><span class='ocrx_word' id='word_1_743' title='bbox 450 4740 585 4780; x_wconf 87' lang='lat' dir='ltr'>rum</span> <span class='ocrx_word' id='word_1_744' title='bbox 616 4722 815 4791; x_wconf 86' lang='lat' dir='ltr'>vineit,</span> <span class='ocrx_word' id='word_1_745' title='bbox 846 4721 1028 4778; x_wconf 85' lang='lat' dir='ltr'>vincit</span> <span class='ocrx_word' id='word_1_746' title='bbox 1056 4723 1318 4779; x_wconf 86' lang='lat' dir='ltr'>avaritia.</span> <span class='ocrx_word' id='word_1_747' title='bbox 1353 4727 1563 4779; x_wconf 91' lang='lat' dir='ltr'>Contra</span> <span class='ocrx_word' id='word_1_748' title='bbox 1591 4723 1713 4779; x_wconf 75' lang='lat' dir='ltr'>haec</span> <span class='ocrx_word' id='word_1_749' title='bbox 1744 4726 1993 4796; x_wconf 89' lang='lat' dir='ltr'>quatuor</span> <span class='ocrx_word' id='word_1_750' title='bbox 2022 4724 2102 4779; x_wconf 87' lang='lat' dir='ltr'>vi-</span> 
     </span>
    </p>
   </div>
   <div class='ocr_carea' id='block_1_94' title="bbox 451 4811 2103 4881">
    <p class='ocr_par' dir='ltr' id='par_1_94' title="bbox 451 4811 2103 4881">
     <span class='ocr_line' id='line_1_94' title="bbox 451 4811 2103 4881; baseline -0.001 -13"><span class='ocrx_word' id='word_1_751' title='bbox 451 4813 535 4869; x_wconf 86' lang='lat' dir='ltr'>tia</span> <span class='ocrx_word' id='word_1_752' title='bbox 564 4829 671 4868; x_wconf 88' lang='lat' dir='ltr'>nos</span> <span class='ocrx_word' id='word_1_753' title='bbox 702 4814 903 4868; x_wconf 88' lang='lat' dir='ltr'>monet</span> <span class='ocrx_word' id='word_1_754' title='bbox 928 4811 1186 4869; x_wconf 87' lang='lat' dir='ltr'>Joannes</span> <span class='ocrx_word' id='word_1_755' title='bbox 1216 4811 1416 4869; x_wconf 88' lang='lat' dir='ltr'>dicens</span> <span class='ocrx_word' id='word_1_756' title='bbox 1445 4830 1458 4868; x_wconf 87' lang='lat'><strong>:</strong></span> <span class='ocrx_word' id='word_1_757' title='bbox 1483 4836 1510 4863; x_wconf 90' lang='grc'><em>‹‹</em></span> <span class='ocrx_word' id='word_1_758' title='bbox 1539 4812 1899 4881; x_wconf 86' lang='lat' dir='ltr'>Charissimi,</span> <span class='ocrx_word' id='word_1_759' title='bbox 1924 4811 2103 4868; x_wconf 88' lang='lat' dir='ltr'>nolite</span> 
     </span>
    </p>
   </div>
   <div class='ocr_carea' id='block_1_95' title="bbox 454 4899 2101 4973">
    <p class='ocr_par' dir='ltr' id='par_1_95' title="bbox 454 4899 2101 4973">
     <span class='ocr_line' id='line_1_95' title="bbox 454 4899 2101 4973; baseline -0.002 -16"><span class='ocrx_word' id='word_1_760' title='bbox 454 4899 695 4972; x_wconf 89' lang='lat' dir='ltr'>diligere</span> <span class='ocrx_word' id='word_1_761' title='bbox 726 4900 1041 4967; x_wconf 90' lang='lat' dir='ltr'>mundum,</span> <span class='ocrx_word' id='word_1_762' title='bbox 1063 4916 1167 4956; x_wconf 90' lang='lat' dir='ltr'>nec</span> <span class='ocrx_word' id='word_1_763' title='bbox 1197 4917 1265 4957; x_wconf 89' lang='lat' dir='ltr'>ea</span> <span class='ocrx_word' id='word_1_764' title='bbox 1294 4918 1420 4973; x_wconf 74' lang='lat' dir='ltr'>qua:</span> <span class='ocrx_word' id='word_1_765' title='bbox 1452 4901 1512 4956; x_wconf 91' lang='lat' dir='ltr'>in</span> <span class='ocrx_word' id='word_1_766' title='bbox 1538 4901 1758 4957; x_wconf 92' lang='lat' dir='ltr'>mundo</span> <span class='ocrx_word' id='word_1_767' title='bbox 1780 4904 1938 4957; x_wconf 90' lang='lat' dir='ltr'>sunt.</span> <span class='ocrx_word' id='word_1_768' title='bbox 1966 4899 2101 4955; x_wconf 87' lang='lat' dir='ltr'>Om-</span> 
     </span>
    </p>
   </div>
   <div class='ocr_carea' id='block_1_96' title="bbox 454 4988 2103 5063">
    <p class='ocr_par' dir='ltr' id='par_1_96' title="bbox 454 4988 2103 5063">
     <span class='ocr_line' id='line_1_96' title="bbox 454 4988 2103 5063; baseline 0 -18"><span class='ocrx_word' id='word_1_769' title='bbox 454 4989 619 5046; x_wconf 89' lang='lat' dir='ltr'>nium</span> <span class='ocrx_word' id='word_1_770' title='bbox 652 4988 936 5062; x_wconf 85' lang='lat' dir='ltr'>quidquid</span> <span class='ocrx_word' id='word_1_771' title='bbox 970 4992 1059 5044; x_wconf 92' lang='lat' dir='ltr'>est</span> <span class='ocrx_word' id='word_1_772' title='bbox 1088 4989 1147 5045; x_wconf 90' lang='lat' dir='ltr'>in</span> <span class='ocrx_word' id='word_1_773' title='bbox 1179 4991 1422 5059; x_wconf 90' lang='lat' dir='ltr'>mundo,</span> <span class='ocrx_word' id='word_1_774' title='bbox 1455 4994 1544 5047; x_wconf 89' lang='lat' dir='ltr'>est</span> <span class='ocrx_word' id='word_1_775' title='bbox 1562 4995 1665 5047; x_wconf 88' lang='lat' dir='ltr'>aut</span> <span class='ocrx_word' id='word_1_776' title='bbox 1689 4989 2103 5063; x_wconf 90' lang='lat' dir='ltr'>concupiscen-</span> 
     </span>
    </p>
   </div>
   <div class='ocr_carea' id='block_1_97' title="bbox 454 5076 2106 5152">
    <p class='ocr_par' dir='ltr' id='par_1_97' title="bbox 454 5076 2106 5152">
     <span class='ocr_line' id='line_1_97' title="bbox 454 5076 2106 5152; baseline 0 -18"><span class='ocrx_word' id='word_1_777' title='bbox 454 5079 537 5134; x_wconf 88' lang='lat' dir='ltr'>tia</span> <span class='ocrx_word' id='word_1_778' title='bbox 564 5076 889 5145; x_wconf 89' lang='lat' dir='ltr'>oculorum,</span> <span class='ocrx_word' id='word_1_779' title='bbox 921 5082 1025 5133; x_wconf 88' lang='lat' dir='ltr'>aut</span> <span class='ocrx_word' id='word_1_780' title='bbox 1048 5080 1521 5152; x_wconf 89' lang='lat' dir='ltr'>concupiscentia</span> <span class='ocrx_word' id='word_1_781' title='bbox 1539 5079 1752 5149; x_wconf 89' lang='lat' dir='ltr'>carnis,</span> <span class='ocrx_word' id='word_1_782' title='bbox 1777 5083 1879 5135; x_wconf 88' lang='lat' dir='ltr'>aut</span> <span class='ocrx_word' id='word_1_783' title='bbox 1906 5095 2106 5151; x_wconf 90' lang='lat' dir='ltr'>super-</span> 
     </span>
    </p>
   </div>
   <div class='ocr_carea' id='block_1_98' title="bbox 455 5166 2103 5241">
    <p class='ocr_par' dir='ltr' id='par_1_98' title="bbox 455 5166 2103 5241">
     <span class='ocr_line' id='line_1_98' title="bbox 455 5166 2103 5241; baseline -0.002 -17"><span class='ocrx_word' id='word_1_784' title='bbox 455 5167 554 5224; x_wconf 88' lang='lat' dir='ltr'>bia</span> <span class='ocrx_word' id='word_1_785' title='bbox 582 5166 709 5220; x_wconf 68' lang='lat' dir='ltr'>vitae</span> <span class='ocrx_word' id='word_1_786' title='bbox 758 5184 885 5239; x_wconf 74' lang='lat' dir='ltr'>qua:</span> <span class='ocrx_word' id='word_1_787' title='bbox 930 5184 1045 5223; x_wconf 89' lang='lat' dir='ltr'>non</span> <span class='ocrx_word' id='word_1_788' title='bbox 1075 5172 1263 5225; x_wconf 77' lang='lat' dir='ltr'>estex</span> <span class='ocrx_word' id='word_1_789' title='bbox 1310 5170 1426 5226; x_wconf 89' lang='lat' dir='ltr'>Deo</span> <span class='ocrx_word' id='word_1_790' title='bbox 1474 5169 1640 5225; x_wconf 90' lang='lat' dir='ltr'>Patre</span> <span class='ocrx_word' id='word_1_791' title='bbox 1691 5170 1737 5241; x_wconf 87' lang='grc' dir='ltr'>(Ι</span> <span class='ocrx_word' id='word_1_792' title='bbox 1757 5173 1922 5226; x_wconf 87' lang='lat' dir='ltr'>Joan.</span> <span class='ocrx_word' id='word_1_793' title='bbox 1952 5170 2041 5236; x_wconf 87' lang='lat' dir='ltr'>II.)</span> <span class='ocrx_word' id='word_1_794' title='bbox 2074 5188 2103 5217; x_wconf 83' lang='lat'>»</span> 
     </span>
    </p>
   </div>
   <div class='ocr_carea' id='block_1_99' title="bbox 455 5255 2102 5331">
    <p class='ocr_par' dir='ltr' id='par_1_99' title="bbox 455 5255 2102 5331">
     <span class='ocr_line' id='line_1_99' title="bbox 455 5255 2102 5331; baseline -0.001 -19"><span class='ocrx_word' id='word_1_795' title='bbox 455 5256 564 5312; x_wconf 93' lang='lat' dir='ltr'>Per</span> <span class='ocrx_word' id='word_1_796' title='bbox 574 5255 1107 5327; x_wconf 81' lang='lat' dir='ltr'>concupiscentiam</span> <span class='ocrx_word' id='word_1_797' title='bbox 1120 5257 1708 5331; x_wconf 89' lang='lat' dir='ltr'>carnis,gulositatem</span> <span class='ocrx_word' id='word_1_798' title='bbox 1722 5262 1778 5313; x_wconf 89' lang='lat' dir='ltr'>et</span> <span class='ocrx_word' id='word_1_799' title='bbox 1789 5255 2102 5325; x_wconf 89' lang='lat' dir='ltr'>luxuriam;</span> 
     </span>
    </p>
   </div>
   <div class='ocr_carea' id='block_1_100' title="bbox 455 5343 2102 5419">
    <p class='ocr_par' dir='ltr' id='par_1_100' title="bbox 455 5343 2102 5419">
     <span class='ocr_line' id='line_1_100' title="bbox 455 5343 2102 5419; baseline 0.001 -19"><span class='ocrx_word' id='word_1_800' title='bbox 455 5361 559 5417; x_wconf 91' lang='lat' dir='ltr'>per</span> <span class='ocrx_word' id='word_1_801' title='bbox 588 5343 1121 5416; x_wconf 88' lang='lat' dir='ltr'>concupiscentiam</span> <span class='ocrx_word' id='word_1_802' title='bbox 1144 5347 1469 5416; x_wconf 85' lang='lat' dir='ltr'>oculorum,</span> <span class='ocrx_word' id='word_1_803' title='bbox 1491 5348 1793 5405; x_wconf 88' lang='lat' dir='ltr'>avaritiam</span> <span class='ocrx_word' id='word_1_804' title='bbox 1815 5346 2102 5419; x_wconf 88' lang='lat' dir='ltr'>designat.</span> 
     </span>
    </p>
   </div>
   <div class='ocr_carea' id='block_1_101' title="bbox 528 5431 2107 5511">
    <p class='ocr_par' dir='ltr' id='par_1_101' title="bbox 528 5431 2107 5511">
     <span class='ocr_line' id='line_1_101' title="bbox 528 5431 2107 5511; baseline 0.001 -24"><span class='ocrx_word' id='word_1_805' title='bbox 528 5431 747 5487; x_wconf 89' lang='lat' dir='ltr'>Horum</span> <span class='ocrx_word' id='word_1_806' title='bbox 780 5433 960 5507; x_wconf 85' lang='lat' dir='ltr'>igitur</span> <span class='ocrx_word' id='word_1_807' title='bbox 985 5439 1239 5507; x_wconf 89' lang='lat' dir='ltr'>quatuor</span> <span class='ocrx_word' id='word_1_808' title='bbox 1287 5437 1559 5493; x_wconf 85' lang='lat' dir='ltr'>vitiorum</span> <span class='ocrx_word' id='word_1_809' title='bbox 1602 5438 1825 5511; x_wconf 87' lang='lat' dir='ltr'>species</span> <span class='ocrx_word' id='word_1_810' title='bbox 1854 5436 2107 5491; x_wconf 86' lang='lat' dir='ltr'>refrenat</span> 
     </span>
    </p>
   </div>
   <div class='ocr_carea' id='block_1_102' title="bbox 456 5519 2103 5596">
    <p class='ocr_par' dir='ltr' id='par_1_102' title="bbox 456 5519 2103 5596">
     <span class='ocr_line' id='line_1_102' title="bbox 456 5519 2103 5596; baseline 0.002 -21"><span class='ocrx_word' id='word_1_811' title='bbox 456 5519 760 5587; x_wconf 90' lang='lat' dir='ltr'>Dominus,</span> <span class='ocrx_word' id='word_1_812' title='bbox 794 5523 864 5578; x_wconf 77' lang='lat' dir='ltr'>&#39;ne</span> <span class='ocrx_word' id='word_1_813' title='bbox 895 5524 1018 5580; x_wconf 89' lang='lat' dir='ltr'>suis</span> <span class='ocrx_word' id='word_1_814' title='bbox 1048 5524 1247 5579; x_wconf 88' lang='lat' dir='ltr'>electis</span> <span class='ocrx_word' id='word_1_815' title='bbox 1286 5525 1500 5596; x_wconf 91' lang='lat' dir='ltr'>obsint,</span> <span class='ocrx_word' id='word_1_816' title='bbox 1536 5526 1772 5584; x_wconf 89' lang='lat' dir='ltr'>dicens:</span> <span class='ocrx_word' id='word_1_817' title='bbox 1807 5526 1983 5582; x_wconf 82' lang='lat' dir='ltr'>Nolite</span> <span class='ocrx_word' id='word_1_818' title='bbox 2007 5541 2103 5579; x_wconf 90' lang='lat' dir='ltr'>no-</span> 
     </span>
    </p>
   </div>
   <div class='ocr_carea' id='block_1_103' title="bbox 457 5613 2104 5688">
    <p class='ocr_par' dir='ltr' id='par_1_103' title="bbox 457 5613 2104 5688">
     <span class='ocr_line' id='line_1_103' title="bbox 457 5613 2104 5688; baseline 0.001 -21"><span class='ocrx_word' id='word_1_819' title='bbox 457 5624 577 5667; x_wconf 79' lang='lat' dir='ltr'>cere</span> <span class='ocrx_word' id='word_1_820' title='bbox 603 5616 768 5669; x_wconf 53' lang='lat' dir='ltr'>terra</span> <span class='ocrx_word' id='word_1_821' title='bbox 810 5621 860 5669; x_wconf 86' lang='lat' dir='ltr'>et</span> <span class='ocrx_word' id='word_1_822' title='bbox 889 5614 1037 5669; x_wconf 86' lang='lat' dir='ltr'>mari</span> <span class='ocrx_word' id='word_1_823' title='bbox 1085 5627 1257 5686; x_wconf 84' lang='lat' dir='ltr'>neque</span> <span class='ocrx_word' id='word_1_824' title='bbox 1311 5615 1619 5673; x_wconf 75' lang='lat' dir='ltr'>arboribus.</span> <span class='ocrx_word' id='word_1_825' title='bbox 1661 5616 1902 5672; x_wconf 91' lang='lat' dir='ltr'>Constat</span> <span class='ocrx_word' id='word_1_826' title='bbox 1948 5613 2104 5688; x_wconf 91' lang='lat' dir='ltr'>quod</span> 
     </span>
    </p>
   </div>
   <div class='ocr_carea' id='block_1_104' title="bbox 2210 4633 3854 4708">
    <p class='ocr_par' dir='ltr' id='par_1_104' title="bbox 2210 4633 3854 4708">
     <span class='ocr_line' id='line_1_104' title="bbox 2210 4633 3854 4708; baseline -0.004 -18"><span class='ocrx_word' id='word_1_827' title='bbox 2210 4634 2524 4707; x_wconf 85' lang='lat' dir='ltr'>mysticum</span> <span class='ocrx_word' id='word_1_828' title='bbox 2556 4634 2899 4704; x_wconf 85' lang='lat' dir='ltr'>referamus,</span> <span class='ocrx_word' id='word_1_829' title='bbox 2932 4638 2998 4691; x_wconf 89' lang='lat' dir='ltr'>ut</span> <span class='ocrx_word' id='word_1_830' title='bbox 3026 4634 3430 4708; x_wconf 76' lang='lat' dir='ltr'>intelligamus</span> <span class='ocrx_word' id='word_1_831' title='bbox 3456 4650 3569 4707; x_wconf 83' lang='lat' dir='ltr'>per</span> <span class='ocrx_word' id='word_1_832' title='bbox 3590 4633 3747 4689; x_wconf 87' lang='lat' dir='ltr'>hunc</span> <span class='ocrx_word' id='word_1_833' title='bbox 3765 4644 3854 4685; x_wconf 84' lang='lat' dir='ltr'>nu-</span> 
     </span>
    </p>
   </div>
   <div class='ocr_carea' id='block_1_105' title="bbox 2210 4716 3849 4797">
    <p class='ocr_par' dir='ltr' id='par_1_105' title="bbox 2210 4716 3849 4797">
     <span class='ocr_line' id='line_1_105' title="bbox 2210 4716 3849 4797; baseline -0.003 -18"><span class='ocrx_word' id='word_1_834' title='bbox 2210 4739 2439 4779; x_wconf 89' lang='lat' dir='ltr'>merum</span> <span class='ocrx_word' id='word_1_835' title='bbox 2470 4739 2586 4780; x_wconf 89' lang='lat' dir='ltr'>non</span> <span class='ocrx_word' id='word_1_836' title='bbox 2617 4728 2784 4797; x_wconf 90' lang='lat' dir='ltr'>quot,</span> <span class='ocrx_word' id='word_1_837' title='bbox 2814 4724 2917 4782; x_wconf 89' lang='lat' dir='ltr'>sed</span> <span class='ocrx_word' id='word_1_838' title='bbox 2966 4723 3174 4797; x_wconf 89' lang='lat' dir='ltr'>quales</span> <span class='ocrx_word' id='word_1_839' title='bbox 3210 4723 3335 4780; x_wconf 63' lang='lat' dir='ltr'>m’nt</span> <span class='ocrx_word' id='word_1_840' title='bbox 3358 4722 3579 4797; x_wconf 69' lang='lat' dir='ltr'>signati</span> <span class='ocrx_word' id='word_1_841' title='bbox 3608 4738 3682 4778; x_wconf 78' lang='lat' dir='ltr'>ex</span> <span class='ocrx_word' id='word_1_842' title='bbox 3708 4716 3849 4776; x_wconf 78' lang='lat' dir='ltr'>omni</span> 
     </span>
    </p>
   </div>
   <div class='ocr_carea' id='block_1_106' title="bbox 2210 4807 3852 4885">
    <p class='ocr_par' dir='ltr' id='par_1_106' title="bbox 2210 4807 3852 4885">
     <span class='ocr_line' id='line_1_106' title="bbox 2210 4807 3852 4885; baseline -0.004 -17"><span class='ocrx_word' id='word_1_843' title='bbox 2210 4812 2369 4869; x_wconf 88' lang='lat' dir='ltr'>tribu</span> <span class='ocrx_word' id='word_1_844' title='bbox 2398 4812 2654 4869; x_wconf 85' lang='lat' dir='ltr'>ﬁliorum</span> <span class='ocrx_word' id='word_1_845' title='bbox 2684 4813 2884 4885; x_wconf 85' lang='lat' dir='ltr'>Israel,</span> <span class='ocrx_word' id='word_1_846' title='bbox 2912 4813 2973 4869; x_wconf 92' lang='lat' dir='ltr'>id</span> <span class='ocrx_word' id='word_1_847' title='bbox 3004 4816 3095 4869; x_wconf 89' lang='lat' dir='ltr'>est</span> <span class='ocrx_word' id='word_1_848' title='bbox 3118 4829 3188 4869; x_wconf 85' lang='lat' dir='ltr'>ex</span> <span class='ocrx_word' id='word_1_849' title='bbox 3210 4812 3489 4869; x_wconf 78' lang='lat' dir='ltr'>omnibus</span> <span class='ocrx_word' id='word_1_850' title='bbox 3502 4807 3852 4885; x_wconf 80' lang='lat' dir='ltr'>gentihnsﬁ-</span> 
     </span>
    </p>
   </div>
   <div class='ocr_carea' id='block_1_107' title="bbox 2212 4896 3852 4974">
    <p class='ocr_par' dir='ltr' id='par_1_107' title="bbox 2212 4896 3852 4974">
     <span class='ocr_line' id='line_1_107' title="bbox 2212 4896 3852 4974; baseline -0.004 -16"><span class='ocrx_word' id='word_1_851' title='bbox 2212 4903 2347 4958; x_wconf 90' lang='lat' dir='ltr'>dem</span> <span class='ocrx_word' id='word_1_852' title='bbox 2377 4902 2558 4958; x_wconf 87' lang='lat' dir='ltr'>Jacob</span> <span class='ocrx_word' id='word_1_853' title='bbox 2586 4901 2977 4960; x_wconf 85' lang='lat' dir='ltr'>imitantibus.</span> <span class='ocrx_word' id='word_1_854' title='bbox 3010 4904 3120 4959; x_wconf 88' lang='lat' dir='ltr'>Per</span> <span class='ocrx_word' id='word_1_855' title='bbox 3146 4906 3386 4959; x_wconf 88' lang='lat' dir='ltr'>centum</span> <span class='ocrx_word' id='word_1_856' title='bbox 3416 4900 3603 4974; x_wconf 81' lang='lat' dir='ltr'>igitur</span> <span class='ocrx_word' id='word_1_857' title='bbox 3623 4896 3852 4973; x_wconf 61' lang='lat' dir='ltr'>quad!!-</span> 
     </span>
    </p>
   </div>
   <div class='ocr_carea' id='block_1_108' title="bbox 2212 4982 3850 5064">
    <p class='ocr_par' dir='ltr' id='par_1_108' title="bbox 2212 4982 3850 5064">
     <span class='ocr_line' id='line_1_108' title="bbox 2212 4982 3850 5064; baseline -0.002 -18"><span class='ocrx_word' id='word_1_858' title='bbox 2212 4991 2377 5064; x_wconf 88' lang='lat' dir='ltr'>ginta</span> <span class='ocrx_word' id='word_1_859' title='bbox 2392 4995 2648 5063; x_wconf 89' lang='lat' dir='ltr'>quatuor</span> <span class='ocrx_word' id='word_1_860' title='bbox 2662 4991 2868 5061; x_wconf 87' lang='lat' dir='ltr'>millia,</span> <span class='ocrx_word' id='word_1_861' title='bbox 2886 5008 3091 5049; x_wconf 88' lang='lat' dir='ltr'>omnes</span> <span class='ocrx_word' id='word_1_862' title='bbox 3106 4990 3274 5049; x_wconf 85' lang='lat' dir='ltr'>electi</span> <span class='ocrx_word' id='word_1_863' title='bbox 3292 4991 3366 5048; x_wconf 89' lang='lat' dir='ltr'>de</span> <span class='ocrx_word' id='word_1_864' title='bbox 3385 4992 3646 5064; x_wconf 81' lang='lat' dir='ltr'>quatuor</span> <span class='ocrx_word' id='word_1_865' title='bbox 3664 4982 3850 5044; x_wconf 80' lang='lat' dir='ltr'>mandi</span> 
     </span>
    </p>
   </div>
   <div class='ocr_carea' id='block_1_109' title="bbox 2212 5069 3852 5154">
    <p class='ocr_par' dir='ltr' id='par_1_109' title="bbox 2212 5069 3852 5154">
     <span class='ocr_line' id='line_1_109' title="bbox 2212 5069 3852 5154; baseline -0.002 -18"><span class='ocrx_word' id='word_1_866' title='bbox 2212 5079 2476 5153; x_wconf 87' lang='lat' dir='ltr'>partibus</span> <span class='ocrx_word' id='word_1_867' title='bbox 2524 5080 2950 5154; x_wconf 86' lang='lat' dir='ltr'>signiﬁcantur.</span> <span class='ocrx_word' id='word_1_868' title='bbox 3002 5081 3112 5137; x_wconf 86' lang='lat' dir='ltr'>Per</span> <span class='ocrx_word' id='word_1_869' title='bbox 3136 5078 3528 5153; x_wconf 75' lang='lat' dir='ltr'>quadraginta</span> <span class='ocrx_word' id='word_1_870' title='bbox 3554 5078 3719 5134; x_wconf 53' lang='lat' dir='ltr'>«im</span> <span class='ocrx_word' id='word_1_871' title='bbox 3748 5069 3852 5131; x_wconf 70' lang='lat' dir='ltr'>and</span> 
     </span>
    </p>
   </div>
   <div class='ocr_carea' id='block_1_110' title="bbox 2213 5161 3850 5244">
    <p class='ocr_par' dir='ltr' id='par_1_110' title="bbox 2213 5161 3850 5244">
     <span class='ocr_line' id='line_1_110' title="bbox 2213 5161 3850 5244; baseline -0.002 -21"><span class='ocrx_word' id='word_1_872' title='bbox 2213 5167 2459 5240; x_wconf 89' lang='lat' dir='ltr'>piuntur</span> <span class='ocrx_word' id='word_1_873' title='bbox 2487 5170 2851 5241; x_wconf 83' lang='lat' dir='ltr'>pcenitentes,</span> <span class='ocrx_word' id='word_1_874' title='bbox 2885 5186 2989 5244; x_wconf 89' lang='lat' dir='ltr'>per</span> <span class='ocrx_word' id='word_1_875' title='bbox 3016 5174 3276 5239; x_wconf 87' lang='lat' dir='ltr'>centum,</span> <span class='ocrx_word' id='word_1_876' title='bbox 3308 5166 3573 5242; x_wconf 80' lang='lat' dir='ltr'>perfecti,</span> <span class='ocrx_word' id='word_1_877' title='bbox 3603 5180 3713 5240; x_wconf 79' lang='lat' dir='ltr'>per</span> <span class='ocrx_word' id='word_1_878' title='bbox 3736 5161 3850 5222; x_wconf 78' lang='lat' dir='ltr'>mii-</span> 
     </span>
    </p>
   </div>
   <div class='ocr_carea' id='block_1_111' title="bbox 2213 5257 3849 5333">
    <p class='ocr_par' dir='ltr' id='par_1_111' title="bbox 2213 5257 3849 5333">
     <span class='ocr_line' id='line_1_111' title="bbox 2213 5257 3849 5333; baseline -0.003 -21"><span class='ocrx_word' id='word_1_879' title='bbox 2213 5257 2311 5326; x_wconf 88' lang='lat' dir='ltr'>lia,</span> <span class='ocrx_word' id='word_1_880' title='bbox 2347 5259 2739 5330; x_wconf 77' lang='lat' dir='ltr'>perfectiores,</span> <span class='ocrx_word' id='word_1_881' title='bbox 2773 5277 2876 5333; x_wconf 88' lang='lat' dir='ltr'>per</span> <span class='ocrx_word' id='word_1_882' title='bbox 2900 5264 3170 5333; x_wconf 86' lang='lat' dir='ltr'>quatuor,</span> <span class='ocrx_word' id='word_1_883' title='bbox 3195 5262 3450 5331; x_wconf 85' lang='lat' dir='ltr'>quatuor</span> <span class='ocrx_word' id='word_1_884' title='bbox 3470 5261 3674 5331; x_wconf 80' lang='lat' dir='ltr'>partes</span> <span class='ocrx_word' id='word_1_885' title='bbox 3696 5266 3849 5311; x_wconf 86' lang='lat' dir='ltr'>mun-</span> 
     </span>
    </p>
   </div>
   <div class='ocr_carea' id='block_1_112' title="bbox 2214 5340 3848 5422">
    <p class='ocr_par' dir='ltr' id='par_1_112' title="bbox 2214 5340 3848 5422">
     <span class='ocr_line' id='line_1_112' title="bbox 2214 5340 3848 5422; baseline -0.003 -19"><span class='ocrx_word' id='word_1_886' title='bbox 2214 5345 2294 5403; x_wconf 91' lang='lat' dir='ltr'>di.</span> <span class='ocrx_word' id='word_1_887' title='bbox 2325 5349 2409 5403; x_wconf 76' lang='lat' dir='ltr'>Ea:</span> <span class='ocrx_word' id='word_1_888' title='bbox 2438 5350 2608 5419; x_wconf 84' lang='lat' dir='ltr'>tribu,</span> <span class='ocrx_word' id='word_1_889' title='bbox 2655 5348 2869 5422; x_wconf 91' lang='lat' dir='ltr'>inquit,</span> <span class='ocrx_word' id='word_1_890' title='bbox 2898 5349 3042 5407; x_wconf 70' lang='lat' dir='ltr'>Iuda</span> <span class='ocrx_word' id='word_1_891' title='bbox 3076 5347 3361 5405; x_wconf 76' lang='lat' dir='ltr'>duodecim</span> <span class='ocrx_word' id='word_1_892' title='bbox 3404 5345 3596 5403; x_wconf 79' lang='lat' dir='ltr'>millia</span> <span class='ocrx_word' id='word_1_893' title='bbox 3638 5340 3848 5414; x_wconf 62' lang='lat' dir='ltr'>augusti.</span> 
     </span>
    </p>
   </div>
   <div class='ocr_carea' id='block_1_113' title="bbox 2215 5432 3851 5511">
    <p class='ocr_par' dir='ltr' id='par_1_113' title="bbox 2215 5432 3851 5511">
     <span class='ocr_line' id='line_1_113' title="bbox 2215 5432 3851 5511; baseline -0.001 -21"><span class='ocrx_word' id='word_1_894' title='bbox 2215 5435 2323 5491; x_wconf 91' lang='lat' dir='ltr'>Per</span> <span class='ocrx_word' id='word_1_895' title='bbox 2348 5435 2586 5505; x_wconf 85' lang='lat' dir='ltr'>Judam,</span> <span class='ocrx_word' id='word_1_896' title='bbox 2634 5438 2732 5511; x_wconf 89' lang='lat' dir='ltr'>qui</span> <span class='ocrx_word' id='word_1_897' title='bbox 2761 5438 3021 5511; x_wconf 74' lang='lat' dir='ltr'>conﬁtens</span> <span class='ocrx_word' id='word_1_898' title='bbox 3057 5437 3489 5510; x_wconf 85' lang='lat' dir='ltr'>interpretatur,</span> <span class='ocrx_word' id='word_1_899' title='bbox 3522 5432 3851 5491; x_wconf 57' lang='lat' dir='ltr'>conﬁtentis!</span> 
     </span>
    </p>
   </div>
   <div class='ocr_carea' id='block_1_114' title="bbox 2215 5523 3849 5597">
    <p class='ocr_par' dir='ltr' id='par_1_114' title="bbox 2215 5523 3849 5597">
     <span class='ocr_line' id='line_1_114' title="bbox 2215 5523 3849 5597; baseline -0.004 -17"><span class='ocrx_word' id='word_1_900' title='bbox 2215 5524 2644 5597; x_wconf 89' lang='lat' dir='ltr'>signiﬁcantur.</span> <span class='ocrx_word' id='word_1_901' title='bbox 2669 5530 2929 5594; x_wconf 89' lang='lat' dir='ltr'>Quorum</span> <span class='ocrx_word' id='word_1_902' title='bbox 2952 5526 3284 5593; x_wconf 90' lang='lat' dir='ltr'>duodecim,</span> <span class='ocrx_word' id='word_1_903' title='bbox 3305 5525 3367 5581; x_wconf 91' lang='lat' dir='ltr'>id</span> <span class='ocrx_word' id='word_1_904' title='bbox 3395 5528 3483 5582; x_wconf 86' lang='lat' dir='ltr'>est</span> <span class='ocrx_word' id='word_1_905' title='bbox 3504 5526 3603 5580; x_wconf 87' lang='lat' dir='ltr'>ter</span> <span class='ocrx_word' id='word_1_906' title='bbox 3621 5523 3849 5597; x_wconf 86' lang='lat' dir='ltr'>quatuor</span> 
     </span>
    </p>
   </div>
   <div class='ocr_carea' id='block_1_115' title="bbox 2215 5610 3847 5690">
    <p class='ocr_par' dir='ltr' id='par_1_115' title="bbox 2215 5610 3847 5690">
     <span class='ocr_line' id='line_1_115' title="bbox 2215 5610 3847 5690; baseline -0.002 -20"><span class='ocrx_word' id='word_1_907' title='bbox 2215 5617 2357 5670; x_wconf 90' lang='lat' dir='ltr'>sunt</span> <span class='ocrx_word' id='word_1_908' title='bbox 2374 5613 2612 5689; x_wconf 87' lang='lat' dir='ltr'>signati,</span> <span class='ocrx_word' id='word_1_909' title='bbox 2637 5617 2697 5674; x_wconf 89' lang='lat' dir='ltr'>id</span> <span class='ocrx_word' id='word_1_910' title='bbox 2716 5620 2807 5674; x_wconf 89' lang='lat' dir='ltr'>est</span> <span class='ocrx_word' id='word_1_911' title='bbox 2819 5632 3025 5675; x_wconf 88' lang='lat' dir='ltr'>omnes</span> <span class='ocrx_word' id='word_1_912' title='bbox 3046 5616 3117 5673; x_wconf 88' lang='lat' dir='ltr'>de</span> <span class='ocrx_word' id='word_1_913' title='bbox 3134 5618 3394 5690; x_wconf 78' lang='lat' dir='ltr'>quatuor</span> <span class='ocrx_word' id='word_1_914' title='bbox 3411 5610 3682 5688; x_wconf 75' lang='lat' dir='ltr'>partibus</span> <span class='ocrx_word' id='word_1_915' title='bbox 3702 5622 3847 5667; x_wconf 79' lang='lat' dir='ltr'>mun-</span> 
     </span>
    </p>
   </div>
  </div>
