4008 6072
148 289 180 349 1
192 289 322 351 477

1289 283 1661 348 HOMILLE.
1696 319 1771 330 —
1808 284 1857 347 Ι.
1903 287 2006 348 DE
2050 283 2453 351 TEMPORE.

3423 292 3576 356 14⁸78

148 420 307 479 dicit
339 437 353 475 :
386 421 541 478 Beati
591 435 862 493 pauperes
909 419 1131 492 spiritu,
1154 420 1416 492 quoniam
1456 419 1703 490 ipsorum
1745 427 1822 475 est
1850 420 1908 489 Α
1937 421 2237 493 possidere
2268 421 2523 489 divitias,
2546 422 2763 478 timens
2791 439 2863 478 ne
2893 423 3041 478 forte
3071 421 3282 479 divitiae
3314 440 3447 479 eum
3481 430 3582 483 aut

146 527 394 582 regnum
423 511 699 566 caelorum.
715 511 848 576 Quae
870 508 1074 581 utique
1096 507 1360 564 doctrina
1381 508 1691 563 mundana:
1723 526 1819 565 sa-

149 598 399 673 pientiae
425 603 515 655 est
546 596 858 654 contraria.
884 598 1142 654 Mundus
1174 598 1330 653 enim
1354 601 1521 670 putat
1537 615 1824 670 pauperes

150 705 295 746 esse
329 687 597 754 miseros,
631 691 688 743 et
739 687 948 744 divites
997 703 1125 743 esse
1167 686 1389 753 beatos,
1416 687 1588 757 juxta
1638 687 1819 742 illud:

156 799 190 830 «
225 780 490 845 Quorum
520 776 625 832 ﬁlii
656 775 809 832 sicut
833 775 1074 832 novella:
1109 774 1498 849 plantationes
1530 775 1590 830 in
1614 777 1825 848 juven-

151 870 291 922 tute
321 883 451 934 sua,
480 864 611 920 ﬁliis
642 882 844 921 eorum
876 863 1237 936 compositae,
1272 863 1713 919 circumornatae
1762 869 1827 919 ut

155 954 496 1013 similitudo
526 953 765 1027 templi;
799 952 1202 1026 promptuaria
1228 968 1431 1007 eorum
1462 952 1651 1025 plena,
1686 969 1822 1008 eru-

156 1044 388 1101 ctantia
408 1060 478 1099 ex
506 1042 615 1098 hoc
634 1041 695 1097 in
727 1041 1036 1108 illud,oves
1058 1056 1261 1096 eorum
1288 1040 1823 1109 fetosae,abundan-

154 1138 256 1190 tes
275 1134 336 1188 in
358 1132 695 1206 egressibus
718 1131 865 1187 suis.
880 1131 1007 1186 Non
1033 1134 1122 1186 est
1153 1130 1326 1186 ruina
1349 1130 1612 1185 maceriae
1637 1144 1824 1201 neque

156 1222 477 1288 transitus,
512 1237 700 1293 neque
730 1220 953 1277 clamor
983 1219 1043 1275 in
1078 1219 1287 1291 plateis
1338 1234 1561 1274 eorum.
1586 1220 1823 1274 Beatum

158 1313 443 1369 dixerunt
472 1309 756 1383 populum
789 1309 885 1365 cui
914 1308 1036 1365 hac
1067 1313 1208 1364 sunt
1240 1308 1418 1380 (Psal.
1452 1308 1695 1379 σιωπή.»
1715 1308 1827 1364 Sed

158 1404 407 1458 econtra
427 1398 713 1455 Dominus
743 1397 1024 1466 sentiens,
1045 1397 1141 1452 hic
1173 1397 1316 1452 dicit
1347 1413 1361 1452 :
1396 1397 1550 1452 Beati
1563 1413 1828 1469 pauperes

159 1491 391 1564 spiritu,
423 1488 484 1544 id
514 1492 605 1544 est
633 1486 953 1544 voluntate.
975 1486 1319 1542 Voluntaria
1339 1486 1497 1542 enim
1515 1490 1829 1559 paupertas

165 1580 243 1652 (si
273 1582 510 1652 propter
540 1577 725 1633 Deum
757 1576 880 1648 ﬁat)
914 1576 1099 1632 virtus
1132 1579 1239 1631 est.
1279 1576 1413 1642 Quae
1445 1592 1480 1630 a
1528 1574 1830 1648 prophetis

166 1667 482 1742 frugalitas
507 1664 797 1739 appellata
826 1669 934 1721 est.
959 1664 1135 1721 Porro
1159 1668 1411 1737 quatuor
1440 1668 1579 1720 sunt
1608 1664 1830 1737 species

166 1754 680 1832 panpertatis.Alii
704 1755 923 1828 quippe
954 1758 1093 1811 sunt
1124 1770 1409 1826 pauperes
1434 1754 1691 1819 rebus,et
1712 1770 1825 1808 non

166 1848 416 1921 spiritu;
439 1844 807 1917 alii,spiritu,
832 1847 889 1900 et
920 1860 1035 1900 non
1068 1844 1274 1911 rebus;
1301 1842 1420 1909 alii,
1445 1846 1502 1898 et
1533 1842 1741 1914 spiritu
1773 1845 1830 1898 et

168 1936 376 1993 rebus:
394 1933 732 2007 alii,spiritu
757 1938 813 1989 et
834 1932 1230 1989 mediocribus
1245 1931 1597 1987 rebus.Sane
1610 1947 1832 2004 pauper

169 2026 351 2083 rebus
380 2028 437 2080 et
466 2040 582 2079 non
615 2023 825 2095 spiritu
846 2021 1102 2094 est,quia
1123 2037 1257 2076 cum
1282 2037 1398 2075 non
1421 2020 1631 2075 habeat
1652 2037 1830 2075 mun-

169 2116 359 2171 danas
379 2112 736 2179 divitias,eas
755 2116 953 2166 tamen
976 2110 1140 2166 ardet
1161 2114 1217 2165 et
1238 2108 1666 2165 desiderat.Sed
1691 2109 1831 2181 quia

171 2220 400 2278 pauper
416 2205 698 2274 est,putat
720 2217 782 2256 se
805 2215 935 2256 esse
959 2198 1240 2256 miserum
1263 2199 1446 2254 etDeo
1465 2215 1725 2253 exosum.
1746 2199 1831 2253 Di-

172 2294 323 2349 vites
344 2308 474 2348 vero
507 2293 674 2364 putat
699 2305 827 2346 esse
858 2289 1207 2344 fortunatos.
1242 2291 1554 2359 Propterea
1583 2288 1829 2359 furatur,

173 2383 351 2456 rapit,
384 2380 618 2453 decipit,
651 2378 952 2449 mentitur,
969 2378 1250 2450 perjurat,
1283 2376 1509 2432 occidit.
1538 2376 1641 2439 Qui
1667 2380 1830 2431 tanto

175 2473 344 2545 pejor
390 2475 447 2526 et
489 2467 881 2525 damnabilior
929 2466 1198 2531 efﬁcitur,
1233 2470 1450 2538 quanto
1500 2465 1571 2520 de
1604 2464 1830 2537 ﬂagello

177 2558 542 2634 paupertatis
572 2575 688 2613 non
720 2555 1181 2613 emendatur.De
1204 2554 1545 2626 hujusmodi
1569 2554 1708 2609 dicit
1725 2555 1832 2611 Do-

180 2649 381 2705 minus
411 2664 513 2721 per
541 2645 885 2719 prophetam
919 2661 932 2699 :
972 2667 992 2693 α
1019 2644 1364 2698 Curavimus
1395 2642 1834 2716 Babylonem,et

181 2754 298 2795 non
330 2742 419 2794 est
448 2739 654 2792 sanata
685 2736 815 2806 (Jer.
847 2734 943 2805 CI).
978 2756 1005 2783 ‹‹
1041 2732 1215 2797 Quasi
1269 2732 1486 2787 diceret
1516 2748 1529 2787 :
1565 2733 1832 2788 Fecimus

182 2828 338 2901 quod
379 2826 450 2882 ad
480 2823 898 2882 correctionem
930 2823 1059 2893 ejus
1089 2820 1277 2893 potuit
1308 2820 1595 2886 sufficere,
1621 2821 1721 2875 sed
1754 2825 1834 2875 ta-

184 2933 319 2973 men
349 2916 477 2988 ipsa
506 2914 787 2987 perdurat
818 2913 877 2967 in
912 2928 1021 2968 sua
1070 2910 1397 2982 iniquitate.
1429 2910 1656 2981 Pauper
1701 2926 1832 2965 vero

183 3005 394 3079 spiritu
424 3008 482 3059 et
510 3020 624 3059 non
658 3002 835 3057 rebus
866 3005 976 3070 est,
1011 3000 1113 3072 qui
1145 3015 1279 3055 cum
1320 2997 1552 3055 divitias
1600 2998 1830 3065 habeat,

185 3111 283 3152 eas
313 3093 653 3162 contemnit,
687 3095 745 3147 et
764 3091 906 3146 dum
938 3094 1028 3145 est
1058 3090 1209 3144 inter
1239 3104 1398 3159 opes,
1433 3087 1611 3142 sentit
1642 3104 1702 3143 se
1746 3087 1833 3142 di-

185 3187 737 3256 spensatorem,non
761 3180 1089 3236 dominum.
1108 3175 1469 3249 Pauperibus
1490 3180 1579 3231 est
1612 3175 1832 3249 largus,
1865 3156 1906 3223 (ἶ

185 3272 299 3329 sibi
322 3288 455 3327 vero
488 3286 724 3342 parcus.
760 3268 897 3324 Illas
926 3283 1061 3322 vero
1094 3266 1282 3322 credit
1309 3264 1465 3320 solas
1515 3281 1643 3320 esse
1693 3265 1838 3320 divi-

190 3361 304 3419 tias
332 3377 460 3434 qum
482 3358 789 3415 dominum
812 3373 986 3412 suum
1019 3372 1134 3411 non
1169 3354 1610 3426 relinquunt,ut
1639 3354 1837 3419 fidem,

185 3467 349 3524 spem
380 3454 439 3506 et
467 3445 836 3510 charitatem,
864 3450 922 3500 et
951 3449 1189 3500 caeteras
1218 3444 1463 3499 virtutes
1490 3460 1615 3515 qua:
1648 3442 1837 3498 homi-

182 3557 319 3596 nem
350 3536 721 3595 sanctificant
749 3531 926 3589 simul
958 3536 1014 3589 et
1045 3530 1703 3595 beatiﬁcant.Quitanto
1721 3548 1841 3586 ma-

171 3628 272 3698 jor
301 3630 391 3682 est
420 3628 477 3680 et
504 3621 848 3689 mirabilior,
881 3625 1100 3693 quanto
1131 3619 1454 3691 majoribus
1484 3619 1695 3691 opibus
1722 3620 1838 3675 cir-

180 3710 706 3772 cumdatus.Vitiis
731 3728 933 3767 earum
964 3727 1080 3765 non
1110 3712 1483 3773 tenetur,non
1509 3712 1836 3775 enervatur,

182 3821 296 3860 non
330 3802 586 3867 inflatur,
605 3817 720 3856 non
752 3798 1293 3870 sollicitatur.0pes
1315 3798 1389 3865 ei,
1417 3796 1525 3875 etsi
1557 3797 1835 3866 arrident,

183 3910 298 3950 non
314 3895 510 3947 tamen
532 3889 794 3944 irrident.
813 3888 971 3944 Talis
994 3904 1216 3960 pauper
1236 3891 1362 3941 erat
1381 3885 1839 3954 Abraham,talis

182 3984 304 4037 erat
316 3996 536 4053 pauper
548 3977 856 4050 David,qui
870 3977 1098 4050 positus
1111 3977 1265 4031 inter
1277 3975 1509 4031 divitias
1531 3973 1839 4030 smculares

183 4070 348 4126 dicit:
367 4069 517 4142 «Ego
536 4084 668 4123 sum
692 4083 916 4139 pauper
937 4071 995 4123 et
1018 4064 1227 4121 dolens
1242 4065 1667 4137 (Psal.vain).»
1684 4063 1840 4118 Talis

192 4175 411 4232 pauper
434 4160 558 4212 erat
576 4156 822 4226 Job,qui
853 4154 995 4209 dicit
1024 4171 1085 4210 se
1116 4155 1187 4209 de
1221 4152 1442 4208 divitiis
1472 4151 1596 4207 suis
1624 4152 1842 4223 gaudia

194 4265 307 4303 non
341 4245 619 4301 habuisse
652 4243 787 4315 (Job.
814 4244 991 4314 XXXI).
1025 4244 1127 4297 Est
1155 4245 1351 4296 autem
1382 4239 1503 4295 haec
1535 4240 1841 4312 pauperies

183 4334 420 4393 fortium
450 4333 729 4399 virorum,
764 4330 867 4403 qui
896 4330 956 4385 in
988 4328 1322 4386 divitiarum
1358 4328 1600 4384 mollitie
1627 4332 1843 4384 norunt

186 4425 409 4481 fortiter
440 4422 737 4479 continere
768 4437 849 4477 se.
884 4421 1099 4491 Paupel
1139 4435 1274 4474 vero
1301 4422 1359 4473 et
1389 4416 1605 4490 spiritu
1655 4422 1711 4472 et
1754 4434 1839 4473 re-

1932 509 2355 578 eﬂ'eminarent,
2389 515 2490 566 aut
2538 511 2830 578 inflarent,
2864 515 2966 566 aut
3018 511 3195 565 nimis
3241 511 3578 583 sollicitum,

1933 603 2035 654 aut
2064 616 2335 656 securum
2368 616 2501 655 eum
2553 600 2825 656 facerent.
2859 601 3168 672 Propterea
3215 601 3585 658 mediocriter

1932 688 2055 744 vult
2079 688 2409 745 necessaria
2429 689 2936 760 possidere,orans
2961 688 3275 744 Dominum
3314 705 3447 745 cum
3480 691 3583 746 Sa-

1933 775 2166 833 lomone
2196 793 2208 831 :
2246 800 2272 827 «
2290 776 2552 842 Domine,
2572 776 2805 832 divitias
2830 782 2889 832 et
2916 783 3288 849 paupertates
3322 795 3390 833 ne
3415 779 3587 835 dede-

1932 867 2012 921 ris
2045 866 2317 933 mihi,sed
2349 870 2579 921 tantum
2614 866 2787 921 victui
2840 883 2968 921 meo
3011 866 3201 921 tribue
3241 867 3544 924 nenessari

1935 956 2119 1028 (Prov.
2152 955 2343 1024 xxx).»
2376 956 2477 1011 Est
2502 959 2697 1012 autem
2729 955 2850 1011 haec
2880 958 3194 1027 paupertas
3218 954 3584 1026 imperfecto-

1934 1062 2087 1111 rum,
2122 1046 2219 1117 qui
2268 1062 2383 1100 non
2433 1044 2654 1100 habent
2700 1048 2933 1099 tantum
2979 1043 3230 1110 virtutis,
3264 1048 3327 1097 ut
3355 1044 3588 1115 possint

1935 1133 2126 1189 dicere
2155 1151 2288 1189 cum
2319 1133 2496 1189 Paulo
2530 1150 2542 1189 2
2578 1156 2607 1184 ‹‹
2632 1132 2761 1189 Scio
2793 1136 2848 1188 et
2869 1132 3168 1187 abundare
3192 1136 3250 1188 et
3277 1133 3584 1205 penuriam

1934 1221 2055 1296 pati
2087 1224 2253 1295 (Phil.
2287 1223 2384 1293 1v).
2421 1245 2448 1272 ››
2480 1223 2587 1286 Qui
2619 1222 2775 1277 enim
2827 1238 2931 1276 nec
2977 1220 3222 1276 solvitur
3267 1222 3584 1293 prosperis,

1935 1328 2041 1368 nec
2073 1311 2362 1383 frangitur
2390 1310 2668 1379 adversis,
2702 1309 2811 1366 scit
2839 1310 3138 1365 abundare
3178 1313 3235 1365 et
3281 1309 3587 1382 penuriam

1936 1400 2078 1473 pati.
2109 1400 2225 1455 Vos
2254 1399 2450 1471 itaque
2482 1399 2710 1465 fratres,
2745 1398 2795 1455 si
2826 1416 2941 1453 non
2981 1398 3225 1470 potestis
3268 1398 3467 1455 omnia
3498 1416 3589 1455 re-

1935 1489 2218 1561 linquere,
2250 1505 2356 1544 nec
2386 1488 2632 1560 potestis
2663 1488 2815 1544 inter
2843 1486 3076 1543 divitias
3108 1487 3474 1543 continenter
3500 1488 3588 1543 vi-

1936 1595 2085 1645 vere,
2138 1577 2343 1633 saltem
2406 1578 2739 1633 neccssaria
2794 1575 2920 1632 sola
2976 1576 3241 1641 retinete,
3293 1577 3591 1649 superflua

1939 1671 2190 1740 erogate,
2210 1670 2268 1722 et
2297 1670 2480 1721 estote
2512 1683 2798 1738 pauperes
2829 1670 2884 1721 et
2915 1664 3171 1722 humiles
3200 1669 3414 1722 mente.
3440 1666 3592 1725 Solis

1858 1793 1906 1858 B
1937 1756 2094 1812 enim
2126 1755 2629 1827 contemptoribus
2661 1760 3026 1811 terrenarum
3080 1754 3414 1811 divitiarum
3458 1773 3593 1828 pro-

1939 1846 2258 1901 mittuntur
2312 1843 2524 1899 divitiae
2583 1845 2746 1916 regni
2798 1842 3095 1899 caelorum.
3132 1844 3259 1900 Non
3310 1848 3400 1900 est
3433 1845 3590 1901 enim

1938 1934 2261 1991 cwlestium
2292 1932 2628 1989 divitiarum
2660 1938 2906 2000 amator,
2923 1936 3307 1989 terrenarum.
3325 1934 3595 1990 Secunda

1934 2025 2123 2079 virtus
2153 2026 2242 2079 est
2275 2021 2567 2091 mititudo,
2593 2022 2714 2078 sive
2745 2023 3156 2078 mansuetudo.
3186 2023 3273 2078 Ad
3304 2022 3453 2079 hanc
3486 2040 3593 2078 nos

1938 2113 2142 2168 invitat
2174 2111 2456 2167 Dominus
2487 2129 2620 2167 cum
2654 2111 2854 2167 subdit
2888 2129 2900 2166 :
2937 2112 3092 2167 Beati
3129 2113 3307 2181 mites,
3332 2114 3594 2184 quoniam

1939 2204 2046 2275 ipsi
2069 2201 2423 2273 possidebunt
2453 2209 2677 2256 terram.
2712 2201 2814 2256 Est
2857 2204 3053 2257 autem
3106 2200 3378 2256 mititudo
3408 2200 3594 2256 virtus

1940 2291 2175 2355 mentis,
2199 2290 2319 2355 iraa,
2353 2290 2588 2355 furoris,
2621 2289 3024 2362 impatientius,
3060 2293 3119 2345 et
3148 2289 3328 2345 totius
3374 2289 3593 2362 asperi-

1940 2379 2079 2435 tatis
2108 2378 2449 2450 mitigatrix.
2483 2380 2586 2433 Est
2615 2380 2830 2434 etenim
2864 2379 2963 2433 iraa
2993 2379 3305 2446 contraria,
3341 2382 3398 2434 et
3442 2378 3597 2435 sicut

1938 2468 2259 2524 iracundus
2289 2466 2560 2523 homines
2592 2484 2625 2523 a
2655 2485 2716 2523 se
2747 2467 3095 2540 repellit,ita
3126 2467 3289 2524 mitis
3315 2485 3413 2525 eos
3436 2469 3507 2524 ad
3533 2484 3595 2525 se

1939 2558 2198 2613 attrahit.
2227 2556 2574 2612 Mititudinis
2605 2556 2839 2617 termini
2872 2561 3012 2613 sunt
3041 2558 3327 2629 asperitas
3356 2562 3413 2612 et
3452 2556 3598 2613 mol-

1938 2646 2111 2702 lities.
2146 2647 2309 2701 Tunc
2339 2644 2516 2712 enim,
2553 2644 2761 2700 fratres
2791 2644 2925 2714 mei,
2960 2646 3207 2702 virtutes
3233 2645 3594 2702 mititudinis

1940 2740 2093 2790 recte
2110 2738 2399 2800 tenemus,
2418 2750 2551 2787 cum
2584 2749 2688 2788 nec
2717 2750 2818 2805 per
2841 2735 3218 2807 asperitatem
3242 2734 3328 2789 uti
3352 2735 3594 2808 quidam

1941 2824 2181 2890 faciunt,
2200 2827 2431 2879 nostros
2460 2822 2755 2895 fugamus,
2791 2838 2896 2878 nec
2927 2810 3032 2895 per
3061 2822 3386 2890 mollitiem,
3408 2828 3473 2879 ut
3495 2824 3598 2880 He-

1940 2913 2001 2978 li,
2034 2930 2132 2968 eos
2163 2911 2620 2983 corrumpimus.
2653 2914 2795 2965 Cum
2830 2912 2986 2967 enim
3030 2911 3187 2985 rigor
3231 2916 3287 2968 et
3320 2911 3595 2968 mititudo

1938 3003 2183 3056 virtutes
2240 2998 2599 3054 collaterales
2647 2998 2783 3066 sint,
2816 3004 3064 3072 utraque
3113 3017 3216 3072 pro
3259 3017 3458 3066 eausa,
3492 3017 3596 3073 pro

1940 3093 2225 3160 tempore,
2258 3104 2361 3158 pro
2391 3103 2639 3158 persona
2668 3091 2757 3142 est
2786 3089 3125 3143 exercenda.
3159 3088 3374 3143 Contra
3399 3092 3600 3144 contu-

1946 3194 2139 3233 maces
2162 3176 2378 3247 quippe
2410 3176 2694 3231 debemus
2725 3192 2853 3231 esse
2884 3176 3078 3249 rigidi,
3107 3193 3245 3248 erga
3285 3193 3421 3232 vcro
3453 3177 3595 3233 sim-

1945 3265 2125 3338 plices
2155 3269 2213 3320 et
2242 3264 2417 3320 rudes
2449 3264 2730 3320 debemus
2762 3281 2890 3320 esse
2922 3265 3112 3320 mites.
3147 3265 3256 3321 Sed
3292 3270 3348 3320 et
3379 3266 3436 3321 in
3471 3283 3598 3322 om-

1945 3354 2121 3411 nibus
2153 3354 2324 3409 debet
2354 3370 2583 3424 semper
2612 3353 2880 3408 comitari
2912 3353 3067 3426 rigor
3098 3352 3516 3422 mititudinem,
3543 3356 3601 3411 et

1946 3442 2217 3498 mititudo
2250 3441 2521 3514 rigorem,
2546 3446 2610 3496 ut
2642 3440 2909 3497 videlicet
2929 3446 2984 3497 et
3003 3459 3233 3515 semper
3252 3443 3597 3512 habeamus,

1946 3535 2001 3588 et
2027 3530 2422 3586 mititudinem
2447 3528 2696 3601 rigidam
2720 3533 2777 3585 et
2798 3530 3049 3603 rigorem
3069 3530 3598 3604 mitem.Alioquin,

1946 3624 2047 3676 aut
2092 3621 2250 3691 rigor
2304 3617 2675 3674 incrudescet
2731 3624 2834 3674 aut
2891 3618 3163 3675 mititudo
3241 3619 3599 3676 emollescet.

1945 3710 2174 3773 Quanta
2195 3725 2328 3763 vero
2359 3706 2543 3763 virtus
2574 3708 2651 3764 sit
2682 3708 2981 3775 mititudo,
3017 3710 3274 3765 ostendit
3294 3709 3601 3778 Dominus,

1946 3815 2079 3855 cum
2103 3814 2163 3853 se
2196 3796 2336 3852 dicit
2356 3812 2482 3853 esse
2508 3796 2858 3869 magistrum
2884 3796 3061 3853 illius.
3087 3821 3113 3847 ‹‹
3135 3797 3600 3870 Discite,inquit,

1947 3907 1981 3944 a
2012 3905 2103 3943 me
2136 3887 2273 3959 quia
2302 3886 2463 3940 mitis
2496 3904 2628 3942 sum
2659 3892 2716 3942 et
2743 3886 2988 3943 humilis
3020 3889 3192 3944 corde
3225 3888 3432 3961 (Matth.
3461 3888 3602 3960 x1).»

1947 3979 2026 4033 De
2056 3976 2165 4032 hac
2194 3976 2403 4031 virtute
2434 3976 2661 4048 Moyses
2694 3977 3142 4031 commendatur
3171 3994 3304 4032 cum
3338 3978 3553 4032 dicitur
3586 3994 3599 4032 :

1947 4090 1974 4117 ‹‹
2003 4068 2141 4122 Erat
2168 4069 2364 4121 autem
2398 4065 2625 4137 Moyses
2678 4064 3034 4120 mitissimus
3082 4064 3346 4121 omnium
3406 4064 3603 4121 homi-

1945 4173 2089 4210 num
2124 4154 2304 4225 (Num.
2337 4156 2460 4223 xu).
2497 4175 2525 4202 »
2558 4154 2636 4208 De
2668 4153 2776 4207 hac
2828 4154 3275 4209 commendatur
3322 4158 3378 4209 et
3422 4153 3602 4209 David

1947 4261 2081 4299 cum
2110 4243 2324 4297 dicitur
2359 4258 2371 4295 :
2407 4265 2433 4291 ‹‹
2471 4242 2781 4310 Memento,
2808 4242 3072 4310 Domine,
3106 4242 3306 4311 David,
3327 4247 3382 4298 et
3410 4242 3603 4299 omnis

1948 4329 2424 4387 mansuetudinis
2455 4331 2583 4400 ejus
2615 4330 2784 4401 (Psal.
2811 4332 3024 4401 cxxm).
3056 4353 3085 4382 »
3111 4331 3418 4387 Discamus
3443 4348 3600 4403 ergo,

1948 4421 2156 4476 fratres
2188 4419 2324 4485 mei,
2360 4435 2489 4474 esse
2522 4418 2693 4473 mites
2726 4421 2782 4472 et
2810 4420 3125 4485 mansueti,
3159 4420 3438 4491 quoniam
3491 4417 3602 4475 soli

186 4515 295 4571 bus
324 4516 434 4580 est,
452 4511 552 4584 qui
583 4527 699 4566 non
736 4509 928 4566 solum
960 4507 1369 4573 mandata,sed
1393 4506 1571 4563 etiam
1599 4506 1844 4563 consilia
1874 4526 1918 4590 D
1948 4508 2095 4565 tales
2122 4507 2505 4581 possidebunt
2536 4512 2770 4562 terram.
2804 4507 2982 4562 Porro
3014 4523 3269 4579 congrue
3309 4506 3603 4579 possessio

186 4606 441 4669 secutus,
458 4600 657 4656 vendit
675 4598 874 4655 omnia
903 4615 1031 4670 quae
1063 4597 1239 4652 habet
1260 4600 1316 4652 et
1347 4597 1445 4651 dat
1461 4596 1837 4669 pauperibus,

185 4696 241 4749 et
270 4691 465 4747 nudus
496 4689 725 4744 nudum
759 4686 1055 4743 Christum
1097 4686 1379 4757 sequitur.
1413 4684 1572 4741 Talis
1620 4702 1842 4757 pauper

187 4781 295 4837 fuit
339 4778 497 4835 Elias
554 4776 858 4850 propheta,
886 4775 1023 4831 talis
1071 4775 1329 4831 Joannes
1380 4773 1661 4845 Baptista,
1693 4773 1840 4830 tales

186 4884 474 4942 pauperes
504 4867 743 4923 fuerunt
789 4863 1036 4937 apostoli
1085 4868 1142 4918 et
1189 4862 1463 4918 eremitae.
1497 4863 1599 4917 Est
1645 4866 1839 4918 autem

187 4958 306 5013 haec
339 4960 655 5030 paupertas
704 4957 936 5010 tantum
987 4952 1376 5024 perfectorum
1418 4951 1699 5017 virorum,
1742 4951 1841 5024 qui

190 5051 332 5103 sunt
361 5046 421 5101 in
454 5045 567 5101 fide
596 5044 796 5113 fortes,
830 5043 888 5098 in
919 5041 1038 5098 vita
1069 5040 1532 5109 continentes,in
1555 5041 1717 5096 duris
1748 5057 1843 5113 pa-

191 5136 421 5192 tientes.
456 5134 563 5198 Qui
594 5130 921 5189 certissime
970 5132 1189 5187 norunt
1237 5127 1400 5183 nulla
1447 5128 1558 5184 sibi
1607 5130 1837 5195 debere,

189 5224 303 5280 Deo
335 5222 448 5279 sibi
471 5220 804 5278 necessaria
832 5220 1193 5293 providente.
1214 5219 1442 5289 Pauper
1470 5234 1601 5273 vero
1633 5217 1839 5290 spiritu

189 5317 246 5369 et
292 5328 352 5368 re
398 5310 772 5370 mediocriter
819 5312 930 5377 est,
961 5308 1061 5382 qui
1115 5326 1249 5364 cum
1300 5306 1533 5362 divitias
1562 5311 1842 5379 tanquam

189 5417 366 5457 vanas
396 5404 759 5467 contemnat,
792 5402 993 5455 tamen
1024 5413 1139 5453 non
1169 5396 1295 5453 vult
1324 5412 1426 5453 eas
1471 5396 1709 5451 omnino
1753 5413 1841 5451 re-

189 5488 469 5562 linquere,
500 5487 718 5545 timens
762 5502 837 5543 ne
890 5486 1037 5543 forte
1095 5502 1273 5561 egens
1333 5485 1519 5552 fieret,
1570 5485 1840 5554 mendax,

188 5594 298 5658 fur,
329 5581 527 5656 raptor
557 5580 736 5654 atque
765 5574 1025 5637 dolosus.
1059 5575 1286 5636 Rursus
1314 5590 1421 5634 nec
1440 5572 1567 5633 vult
1594 5590 1840 5651 magnas

1950 4602 2114 4655 terra:
2138 4596 2379 4652 mitibus
2408 4594 2794 4667 promittitur,
2814 4595 3092 4666 quoniam
3112 4594 3217 4651 soli
3240 4595 3324 4650 illi
3349 4595 3448 4668 qui
3466 4599 3607 4651 sunt

1949 4688 2120 4743 mites
2152 4685 2434 4751 moribus,
2460 4690 2524 4739 ut
2556 4685 2782 4756 Moyses
2813 4689 2870 4740 et
2890 4685 3090 4753 David,
3119 4690 3367 4756 possunt
3411 4685 3602 4757 possi-

1948 4777 2083 4831 dere
2110 4774 2198 4829 vel
2232 4778 2445 4829 terram
2475 4774 2795 4828 viventium
2830 4773 2914 4829 vel
2948 4777 3162 4829 terram
3210 4777 3600 4831 mortuorum.

1949 4862 2210 4919 Immites
2242 4877 2498 4934 uamque
2532 4878 2639 4915 nec
2669 4878 2730 4916 se
2764 4879 2867 4918 nec
2917 4861 3063 4917 alios
3114 4866 3361 4934 possunt
3409 4863 3603 4935 possi-

1949 4952 2107 5007 dere.

2019 5040 2212 5096 Tertia
2258 5040 2441 5096 virtus
2486 5045 2577 5096 est
2623 5038 2863 5095 tristitia
2912 5039 3030 5095 sive
3064 5038 3278 5096 luctus.
3313 5041 3399 5096 Ad
3452 5040 3603 5099 hanc

1950 5146 2056 5184 nos
2088 5129 2295 5184 invitat
2325 5129 2774 5196 Dominus,cum
2800 5128 3001 5184 subdit
3036 5147 3048 5184 :
3082 5131 3243 5186 Beati
3273 5132 3369 5202 qui
3397 5131 3600 5203 lugent,

1951 5220 2209 5291 quoniam
2261 5220 2366 5290 ipsi
2418 5219 2868 5274 consolabuntur.
2920 5217 3147 5283 Risum,
3197 5218 3405 5275 fratres
3464 5219 3601 5288 mei,

1951 5306 2113 5362 nulla
2142 5307 2443 5379 Scriptura
2471 5306 2863 5373 commendat,
2897 5308 2999 5362 sed
3051 5307 3248 5379 potius
3292 5308 3602 5381 vituperat,

1951 5394 2226 5451 Salomon
2257 5395 2413 5450 enim
2446 5394 2588 5450 dicit
2618 5412 2630 5450 :
2670 5394 2925 5451 «Risum
2957 5395 3230 5468 deputavi
3263 5400 3606 5463 errorem,et

1952 5485 2165 5559 gaudio
2197 5485 2313 5540 dixi
2340 5502 2352 5540 :
2378 5484 2523 5548 Quid
2549 5484 2766 5540 frustra
2795 5485 3123 5558 deciperis?
3155 5486 3349 5558 (Eccie.
3375 5485 3460 5558 ιι.)
3483 5505 3510 5537 υ
3548 5489 3607 5542 et

1952 5574 2090 5633 alibi
2125 5592 2138 5633 :
2175 5574 2402 5634 «Risus
2428 5573 2625 5636 dolore
2656 5573 3019 5648 miscebitur,
3035 5579 3093 5634 et
3116 5578 3374 5635 extrema
3400 5573 3605 5653 gaudii
